3974 6478
274 451 376 524 με

1300 452 1647 518 mm.
1687 453 1758 512 [il
1791 454 2112 516 tim.
2150 452 2223 506 -ὲ,
2255 455 2486 519 [.18.].

3425 462 3537 517 ἔθ’

273 584 490 645 Abram,
537 592 629 650 ego
654 583 914 650 protector
930 582 1048 630 tuus
1074 591 1212 641 sum,
1238 583 1287 629 et
1310 589 1506 629 merces
1540 581 1635 626 tua
1659 586 1851 641 magna
1874 572 1930 637 Α
1956 574 2105 640 tntis,
2128 573 2232 630 nisi
2263 574 2406 646 quod
2434 570 2679 628 carnales
2705 579 2763 627 et
2794 571 2853 626 in
2878 562 3077 642 populo
3093 570 3285 635 veteri,
3312 579 3365 626 et
3385 587 3529 627 nunc

274 673 454 730 nimis.
516 667 762 741 Dixitque
799 666 991 723 Abram
1020 681 1040 721 :
1063 665 1284 720 Domine
1318 663 1510 731 Deus;
1541 660 1667 735 quid
1695 658 1861 718 dabis.

271 765 405 821 mihi
428 763 455 818 Ρ
476 761 591 834 Ego
617 761 803 816 eadem
838 758 1028 830 absque
1052 756 1251 822 liberis,
1281 765 1329 811 et
1368 754 1511 825 ﬁlius
1541 760 1848 825 procurato-

270 860 349 915 ris
374 859 563 912 dmum
611 870 760 919 mea,
800 854 899 908 iste
926 850 1218 906 Damascus
1260 848 1485 903 Eliezer.
1534 845 1855 914 Addiditque

270 951 468 1005 Abram
492 965 510 1004 :
540 944 676 1003 libi
701 955 871 1001 autem
905 960 1007 999 non
1052 943 1245 999 dedisti
1273 958 1445 996 semen
1465 981 1480 1007 ,
1523 947 1573 994 et
1599 955 1715 997 ecce
1736 953 1849 991 ver-

269 1040 494 1097 naculus
514 1056 662 1095 meus
698 1038 864 1094 [iteres
892 1054 1039 1092 meus
1060 1036 1174 1101 erit,
1204 1046 1260 1090 et
1303 1034 1528 1104 reliqua.
1578 1029 1847 1103 (Hieron.)

268 1134 425 1205 Quod
448 1141 627 1189 autem
654 1132 800 1200 dicit,
834 1133 938 1187 hoc
962 1140 1043 1187 est
1076 1151 1089 1185 :
1120 1129 1233 1200 Ego
1267 1129 1386 1184 sine
1409 1127 1595 1183 liberis
1623 1123 1845 1189 moriar,

265 1239 322 1285 et
348 1229 488 1284 ﬁlius
503 1226 869 1298 procuratoris
895 1225 999 1280 mei
1022 1224 1108 1279 vel
1135 1222 1321 1286 villici,
1349 1220 1439 1291 qui
1471 1220 1720 1274 universa
1745 1217 1851 1271 dis»

264 1328 487 1392 pensat,
543 1328 596 1373 et
629 1318 902 1374 distribuit
944 1317 1146 1372 cibaria
1200 1313 1455 1378 familia,
1516 1317 1849 1379 vocatnrque

265 1414 560 1469 Damascus
583 1410 813 1476 Eliezer,
847 1408 936 1464 hic
955 1424 1108 1464 meus
1133 1408 1308 1463 bzeres
1334 1406 1456 1461 erit.
1510 1404 1683 1459 Porro
1708 1402 1851 1458 Elie-

264 1520 360 1559 zer
384 1503 772 1572 interpretatur
819 1499 955 1553 Deus
994 1515 1138 1553 meus
1179 1496 1411 1567 adjutor.
1453 1492 1537 1549 Ab
1570 1494 1675 1549 hoc
1698 1492 1849 1547 aiunt

264 1598 585 1653 Damascum
611 1602 666 1651 et
687 1594 958 1651 conditam
992 1601 1045 1649 et
1072 1600 1455 1662 nuncupatam.

336 1689 629 1762 Statimque
654 1706 826 1745 sermo
848 1687 1058 1743 Domini
1087 1687 1255 1757 factus
1277 1694 1351 1739 est
1379 1683 1449 1737 ad
1477 1698 1613 1747 eum,
1637 1679 1849 1734 dicens:

266 1780 388 1840 Non
412 1786 508 1839 erit
539 1785 622 1838 hic
646 1784 812 1839 hazres
842 1794 982 1848 tuus,
1021 1781 1113 1837 sed
1134 1781 1225 1852 qui
1249 1776 1542 1850 egredietur
1591 1774 1655 1829 de
1697 1782 1847 1827 utero

261 1880 372 1940 tuo,
397 1875 564 1945 ipsum
587 1874 797 1928 habebis
819 1873 1098 1927 lia'redem.
1130 1870 1429 1942 Eduxitque
1452 1885 1571 1922 eum
1605 1866 1765 1937 foras,
1795 1870 1845 1918 et

1949 669 2090 724 inter
2137 683 2195 723 se
2227 666 2577 723 dividuntur?
2628 664 2800 720 Porro
2845 679 2971 719 aves
3012 664 3215 718 idcirco
3252 676 3358 718 non
3391 665 3529 719 divi-

1947 760 2182 826 duntur,
2236 759 2359 830 quia
2406 756 2714 829 spirituales
2755 755 3018 811 individui
3069 763 3233 819 sunt:
3289 756 3525 812 sebisma
3638 824 3641 827 Ἴ

1945 865 2054 907 non
2090 850 2351 922 cogitant,
2383 865 2483 905 nec
2505 849 2837 905 seducuntur
2858 847 2928 902 ab
2959 847 3265 915 hatreticls;
3299 847 3393 902 sed
3417 863 3527 917 pax

1946 951 2029 998 est
2053 957 2265 1013 semper
2294 942 2351 996 in
2376 942 2529 1013 ipsis,
2578 942 2692 996 sive
2716 956 2748 995 a
2781 940 2955 995 turbis
2997 946 3252 994 moveant
3276 953 3414 1003 sese,
3462 946 3525 994 ut

1946 1045 2156 1103 turtur,
2186 1036 2301 1092 sive
2329 1036 2474 1116 inter
2506 1033 2627 1089 illas
2647 1040 3041 1095 conversentur
3084 1033 3227 1087 sicut
3251 1031 3520 1093 columba,

1945 1142 2173 1203 utraque
2193 1138 2373 1187 tamen
2396 1129 2511 1185 avis
2536 1137 2618 1185 est
2638 1128 2846 1184 habens
2872 1126 3269 1197 simplicitatem
3295 1132 3349 1179 et
3376 1124 3531 1178 inno-

1946 1223 2201 1280 centiam.
2253 1221 2515 1278 Volucres
2555 1228 2734 1274 autem
2774 1217 3164 1274 descendentes
3207 1230 3367 1285 supra
3399 1229 3525 1269 coro

1946 1330 2078 1387 pora
2111 1328 2231 1384 qua:
2256 1312 2423 1368 divisa
2444 1318 2621 1374 erant,
2649 1309 2874 1378 spiritus
2920 1307 3186 1363 immundi
3212 1303 3525 1375 signiﬁcan-

1948 1416 2054 1473 tur,
2084 1414 2297 1478 pastum
2323 1402 2609 1474 quemdam
2642 1414 2800 1455 suum
2840 1399 2909 1453 de
2928 1397 3225 1452 carnalium
3260 1393 3527 1450 divisione

1948 1465 2268 1571 quaerentes.
2304 1465 2455 1562 Quod
2482 1500 2659 1547 autem
2698 1490 2805 1546 illis
2832 1489 3120 1545 eonsidens
3145 1486 3377 1548 Abram,
3406 1483 3527 1541 ahi-
3605 1465 3613 1473 ’

1948 1592 2105 1665 gebat
2124 1605 2239 1656 eas,
2272 1585 2611 1658 signiﬁcabat
2663 1578 2865 1638 multos
2893 1578 3138 1635 carnales
3182 1576 3380 1633 metite
3403 1587 3528 1631 san-

1948 1664 2159 1740 ctorum
2188 1683 2243 1737 in
2270 1681 2376 1736 ﬁne
2392 1676 2676 1745 'mundiab
2712 1672 2977 1746 angustiis
3009 1671 3353 1733 liberandos;
3382 1664 3526 1736 quod

1950 1789 2129 1835 autem
2157 1778 2301 1835 circa
2326 1774 2455 1830 solis
2485 1785 2738 1829 occasum
2760 1782 2929 1839 pavor
2956 1764 3115 1820 irruit
3138 1765 3192 1820 in
3225 1763 3450 1827 Abram,
3473 1765 3530 1814 et

1949 1870 2144 1926 horror
2163 1882 2392 1938 magnus
2441 1871 2495 1920 et
2537 1861 2862 1917 tenebrosus
2907 1855 3176 1929 signiﬁcat
3198 1855 3343 1911 circa
3369 1853 3527 1922 hujus

259 1969 336 2022 ait
364 1968 442 2021 illi
468 1982 485 2021 :
518 1966 732 2038 Suspice
755 1957 961 2037 tantum,
997 1976 1047 2021 et
1090 1980 1306 2020 numera
1342 1932 1527 2017 stellas
1547 2003 1561 2025 ,
1590 1932 1636 2015 si
1670 1970 1836 2037 potes.
1870 1932 1921 1994 Β
1946 1962 2127 2020 δίρρυιί
2156 1932 2316 2016 tinem
2366 1971 2617 2028 magnam
2640 1950 3103 2025 perturbationem
3132 1946 3201 2003 ab
3246 1945 3529 2003 Antichri-i

261 2059 333 2117 Et
372 2061 503 2116 dixit
541 2061 627 2117 ei:
667 2060 756 2117 Sic
798 2061 896 2115 erit
943 2075 1115 2114 semen
1153 2068 1320 2112 tuum.
1366 2053 1600 2110 Credidit
1647 2052 1841 2108 Abram

258 2146 504 2216 Domino,
550 2162 597 2207 et
646 2160 939 2223 reputatum
982 2160 1058 2205 est
1110 2150 1157 2204 ei
1206 2147 1276 2203 ad
1300 2147 1584 2219 justitiam.
1637 2142 1838 2213 Duplex

258 2234 432 2316 ﬁgura
489 2246 740 2317 promissi
785 2246 1004 2301 seminis
1051 2242 1164 2313 ejus
1193 2285 1207 2310 ,
1260 2241 1314 2297 id
1362 2248 1480 2305 est,
1531 2240 1586 2294 in
1653 2237 1841 2293 simili-

258 2338 497 2405 tudinem
528 2352 708 2395 arena:
757 2339 962 2404 maris,
1006 2336 1091 2391 vel
1145 2336 1196 2391 in
1245 2332 1650 2390 similitudinem
1709 2329 1839 2386 stel-

253 2428 429 2515 larum
488 2430 633 2485 eteli.
706 2418 954 2485 Educens
1012 2440 1140 2498 ergo
1194 2427 1335 2482 Deus
1401 2422 1600 2479 Abram
1669 2419 1837 2486 foras,

255 2526 491 2586 ostendit
539 2527 614 2583 illi
671 2527 854 2583 stellas
881 2524 1003 2581 ccell
1035 2520 1220 2580 dicens
1251 2540 1263 2575 :
1293 2517 1386 2575 Sic
1427 2516 1625 2573 faciam
1655 2530 1840 2571 semen

255 2633 427 2689 tuum,
455 2623 509 2677 id
529 2629 634 2690 est,
665 2621 1027 2681 Christianam
1058 2624 1292 2691 gentem,
1325 2614 1476 2684 cujus
1516 2620 1572 2667 tu
1607 2608 1839 2683 paterin

257 2713 363 2770 ﬁde
394 2712 664 2791 subsistis,
696 2711 776 2768 Sic
823 2708 1021 2766 faciam
1067 2704 1483 2764 resurrectionis
1511 2703 1715 2759 lumine
1753 2714 1841 2756 co-

255 2823 496 2864 ruscare.
526 2805 733 2865 Deinde
768 2804 1155 2863 demonstravit
1194 2800 1271 2857 illi
1309 2811 1528 2855 arenam
1570 2795 1757 2860 maris,
1787 2801 1844 2849 et

255 2898 391 2955 dixit
419 2917 432 2953 :
472 2897 565 2956 Sic
592 2897 696 2971 erit
721 2896 775 2969 in
808 2895 1151 2965 multitudine
1176 2908 1359 2949 semen
1388 2900 1569 2956 tuum,
1604 2888 1706 2943 hoc
1734 2893 1838 2951 est,

254 2992 362 3048 erit
392 2991 606 3069 quidem
640 2990 856 3069 copiosa
907 3003 1039 3063 gens
1068 2984 1400 3051 indecorum,
1434 2978 1528 3038 sed
1553 2978 1752 3036 sterilis
1784 2984 1845 3033 et

257 3082 546 3167 infecunda
600 3083 735 3141 sicut
773 3096 936 3139 arena
986 3081 1174 3153 maris.
1232 3076 1363 3133 Post
1401 3075 1519 3132 lucc
1553 3088 1675 3131 cum
1716 3085 1843 3142 pro-

254 3161 495 3247 mitteret
527 3175 577 3234 ei
604 3176 862 3233 Dominus
886 3175 1028 3245 quod
1056 3178 1201 3229 esset
1241 3182 1528 3243 possessor
1548 3161 1843 3235 repromis-

254 3262 426 3341 sionis
481 3271 713 3341 futurus,
756 3267 968 3342 signum
999 3266 1156 3342 petit,
1189 3281 1288 3336 per
1316 3261 1459 3333 quod
1501 3261 1837 3332 agnosceret,

255 3356 364 3439 non
396 3364 547 3439 quasi
572 3362 825 3437 dubitans
870 3378 939 3417 an
970 3361 1145 3427 ﬁeret,
1182 3358 1275 3414 sed
1303 3353 1572 3429 quomodo
1599 3351 1840 3407 futurum

194 3473 402 3557 Iesset
442 3458 753 3547 exquirens.
805 3454 905 3514 Cui
950 3452 1214 3511 Dominus
1242 3451 1386 3507 hanc
1430 3443 1838 3515 similitudinem

254 3554 559 3641 proposuit.

330 3635 495 3709 Sume
521 3686 537 3715 ,
574 3638 784 3729 inquit,
813 3640 942 3709 mihi
988 3655 1196 3709 vaccam
1242 3635 1519 3707 triennem,
1556 3640 1606 3689 et
1632 3650 1846 3715 capram

252 3746 498 3807 trimam,
536 3749 584 3799 et
616 3738 832 3803 arietem
858 3749 1114 3801 annorum
1146 3732 1324 3801 trium,
1358 3737 1610 3784 turturem
1641 3744 1849 3803 quoque

252 3846 305 3892 et
350 3832 661 3893 columbam.
692 3827 899 3899 Tollens
926 3826 1086 3898 igitur
1113 3823 1307 3879 Abram
1347 3821 1587 3878 universa
1628 3819 1739 3874 Iure
1765 3819 1848 3873 di-

256 3929 380 3991 uisit
405 3943 467 3981 ea
491 3942 582 3997 per
608 3924 856 3989 medium,
884 3931 932 3989 et
957 3929 1205 3993 utrasque
1232 3927 1406 3989 partes
1454 3924 1633 3970 contra
1682 3931 1736 3968 se
1761 3911 1846 3968 al-

259 4023 520 4099 trinsecus
553 4018 753 4097 posuit,
802 4033 920 4085 ares
946 4023 1121 4071 autem
1167 4028 1270 4068 non
1320 4008 1515 4065 divisit.
1551 4004 1849 4061 Descende-

262 4096 488 4186 runtque
533 4096 764 4171 uolucres
806 4126 959 4182 super
982 4107 1259 4171 cadavera,
1299 4112 1347 4158 et
1373 4100 1609 4172 abigebat
1636 4116 1723 4153 eas
1745 4096 1852 4153 Ab-

262 4228 400 4275 ram.
441 4205 673 4278 Cumque
713 4204 1035 4273 deeubuisset
1057 4198 1160 4267 sol,
1194 4213 1355 4278 pavor
1379 4194 1533 4259 irruit
1563 4208 1718 4264 super
1742 4188 1849 4245 Ab-

264 4320 405 4371 ram,
427 4308 475 4359 et
492 4274 688 4365 borrpr
712 4311 932 4366 magnus
954 4301 1003 4349 et
1024 4274 1324 4363 tenebrosus
1342 4288 1497 4342 irruit
1520 4301 1677 4355 super
1698 4299 1851 4353 eum;

263 4393 609 4465 apparuitque
635 4387 869 4451 clibanus
917 4385 1127 4457 fumans
1161 4389 1209 4437 et
1256 4379 1461 4450 lampas
1500 4376 1636 4447 ignis
1679 4383 1854 4431 trans-

265 4492 380 4548 iens
406 4490 541 4549 inter
588 4484 763 4549 media
789 4481 881 4539 illa
898 4498 1017 4553 quin
1052 4479 1223 4539 divisa
1243 4485 1415 4545 erant,
1463 4476 1759 4544 dictumque
1779 4480 1855 4531 est

267 4583 315 4645 ei
348 4601 367 4638 :
400 4576 765 4650 Cognoscendo
815 4575 951 4635 scias
990 4571 1116 4653 quia
1158 4567 1492 4641 peregrinum
1534 4565 1630 4633 erit
1680 4576 1855 4631 semen

270 4684 421 4731 tuum
466 4673 523 4731 in
548 4681 688 4737 terra
734 4684 838 4727 non
865 4682 986 4729 sua,
1021 4672 1071 4721 et
1110 4660 1293 4733 serviet
1337 4669 1385 4714 et
1428 4656 1702 4728 aﬂligetur,
1744 4663 1851 4711 etc.
1880 4660 1933 4721 Β
1959 4656 2112 4737 tom?

272 4765 524 4825 Statutus
545 4770 631 4829 est
652 4762 833 4832 itaque
858 4755 1048 4819 modus
1069 4750 1321 4825 promissi
1344 4746 1566 4804 seminis
1596 4742 1849 4813 Abrahae,

268 4864 328 4913 et
361 4857 462 4917 ista
487 4863 571 4913 est
600 4853 793 4923 ﬁgura,
818 4848 922 4905 Per
948 4845 1234 4914 juvencam
1264 4840 1408 4896 enim
1437 4834 1737 4907 signiﬁcata
1770 4841 1854 4890 est

270 4947 429 5018 plebs
479 4944 652 5015 posita
684 4941 783 5009 sub
813 4938 941 5015 iugo
992 4936 1162 5007 legis;
1222 4946 1319 5009 per
1352 4943 1571 4999 capram
1595 4968 1609 4995 ,
1662 4924 1851 4979 eadem

272 5014 427 5115 plebs
465 5014 743 5106 peccatrix
786 5031 986 5095 futura.
1040 5027 1146 5093 Per
1176 5024 1421 5093 arietem,
1470 5018 1658 5075 eadem
1700 5014 1851 5091 plebs

273 5109 413 5191 bene
433 5134 600 5197 etiam
630 5135 938 5201 regnatura.
986 5120 1255 5189 Animalia
1302 5133 1431 5177 vero
1466 5115 1587 5170 ideo
1619 5112 1720 5167 tria
1774 5109 1853 5164 di-

272 5234 494 5287 cuntur.
520 5221 647 5293 quia
668 5200 765 5289 per
787 5214 1045 5285 articulos
1071 5220 1372 5289 temporum
1401 5204 1468 5261 ab
1493 5200 1664 5259 Adam
1688 5215 1861 5293 usque

274 5317 414 5381 Hoc.
440 5321 498 5377 θι
527 5290 653 5375 inde
681 5323 853 5380 Itaque
874 5306 943 5371 ad
975 5304 1193 5365 Abram,
1241 5307 1296 5367 et
1328 5298 1451 5357 inde
1474 5309 1646 5365 usque
1669 5293 1736 5347 ad
1761 5290 1865 5346 Da-

274 5411 391 5475 vid,
447 5415 706 5476 tanquam
760 5400 975 5468 tertiam
1019 5402 1233 5463 aetatem
1285 5404 1478 5464 gerens
1509 5387 1597 5442 ille
1640 5383 1866 5456 populus

275 5500 535 5571 adolevit.
567 5496 671 5561 Per
698 5502 965 5559 turturem
990 5496 1043 5543 et
1064 5486 1393 5549 columbam,
1433 5476 1869 5571 spirituales_l)0-

276 5591 391 5663 puli
420 5565 631 5660 ﬁgurati
654 5594 799 5650 sunt,
833 5578 1090 5647 individui
1120 5575 1212 5637 (iiii
1238 5567 1632 5655 promissionis,
1661 5574 1725 5663 oi
1751 5565 1862 5621 hae-

279 5655 443 5751 l'6des
461 5655 628 5751 regni
660 5675 826 5743 futuri
854 5692 869 5727 :
901 5684 1132 5745 quorum
1177 5674 1307 5734 aetas
1341 5658 1600 5731 temporis
1625 5655 1745 5711 ideo
1776 5658 1860 5751 ta-

277 5744 459 5839 cetur,
487 5744 614 5844 quia
636 5780 839 5835 aeterna
869 5744 1213 5837 meditantes,
1259 5750 1577 5826 transgressi
1611 5753 1738 5844 sunt
1770 5744 1863 5844 de-

277 5833 484 5927 sideria
507 5833 839 5935 lenunculi,
876 5855 983 5923 Sed
1010 5852 1141 5928 quid
1164 5833 1269 5927 ea,
1317 5846 1460 5929 quod
1491 5837 1742 5935 animalia
1774 5833 1863 5935 illa

283 5961 391 6027 tria
416 5924 753 6023 dividuntur,
778 5924 1045 6011 adversus
1061 5958 1120 6005 se
1142 5924 1372 6003 invicem
1406 5933 1652 6019 partibus
1672 5924 1868 5989 consti-

1941 2064 2025 2112 sto
2052 2056 2105 2109 in
2130 2051 2333 2108 sanctis
2355 2049 2610 2111 futuram,
2638 2047 2703 2101 de
2724 2059 2828 2115 qua
2846 2041 3103 2107 Dominus
3125 2038 3259 2095 dicit
3284 2038 3338 2093 in
3353 2037 3527 2095 Evan-

1940 2146 2109 2227 gelio:
2141 2141 2258 2200 Erit
2278 2144 2415 2198 enim
2441 2126 2564 2196 tunc
2588 2137 2855 2193 tribulatio
2877 2150 3090 2204 magna,
3111 2130 3283 2203 qualis
3297 2147 3401 2185 non
3424 2129 3525 2199 fuit

1940 2224 2005 2295 ab
2036 2239 2184 2293 initio
2220 2235 2433 2309 (Matth.
2462 2230 2633 2304 xxw).
2678 2229 2831 2298 Quod
2873 2242 3004 2297 ergo
3038 2224 3368 2296 adiungitur,
3402 2237 3527 2278 cum

1940 2332 2282 2389 occubuisset
2308 2329 2407 2394 sol,
2445 2326 2587 2381 facta
2620 2333 2701 2380 est
2723 2322 2895 2391 caligo
2926 2318 3234 2383 tenebrosa,
3262 2326 3322 2373 et
3362 2330 3527 2387 appa-

1939 2424 2051 2482 ruit
2076 2424 2323 2479 clibanus
2349 2421 2584 2483 fumans,
2613 2424 2669 2472 et
2687 2415 2895 2484 lampas
2917 2411 3058 2483 ignis
3090 2410 3362 2471 transiens
3380 2408 3527 2463 inter

1940 2516 2116 2573 media
2154 2514 2243 2570 illa
2288 2527 2410 2584 quas
2438 2510 2608 2566 divisa
2643 2513 2817 2568 erant,
2877 2502 3149 2575 signiﬁcat
3184 2507 3309 2571 post
3356 2500 3519 2555 ﬁnem

1941 2609 2158 2674 saeculi,
2202 2606 2440 2661 futurum
2479 2603 2621 2657 diem
2669 2597 2881 2671 judicii,
2933 2595 3153 2667 quando
3197 2608 3298 2666 per
3342 2593 3522 2664 ignem

1940 2700 2370 2773 segregabuntur
2441 2701 2753 2751 sanctorum
2816 2688 2996 2761 populi
3063 2694 3119 2741 et
3188 2685 3519 2756 iniquorum.

1940 2784 2510 2867 (Gregiﬂ'ropologice
2531 2794 2736 2848 autem,
2750 2795 2890 2853 saepe
2914 2777 3077 2841 corda
3100 2775 3372 2845 iustorum
3395 2775 3526 2830 sub-

1939 2895 2074 2944 ortm
2121 2882 2476 2955 cogitationes
2520 2888 2858 2934 terrenarum
2918 2887 3101 2928 rerum
3155 2867 3523 2925 delectationi-

1939 2977 2042 3033 bus
2090 2979 2356 3046 tangunt;
2401 2972 2494 3027 sed
2524 2984 2648 3024 cum
2685 2967 2846 3022 citius
2874 2978 3038 3019 manu
3086 2966 3285 3025 eam
3318 2959 3525 3031 discre-

1942 3067 2103 3124 tionis
2132 3065 2439 3136 abiguntnr,
2470 3059 2665 3116 festiue
2689 3057 2870 3127 agitur
2907 3068 2978 3108 ne
3006 3051 3188 3107 cordis
3218 3048 3413 3104 faciem
3439 3061 3531 3103 ea-

1940 3160 2048 3231 ligo
2082 3155 2399 3214 tentationis
2447 3152 2688 3223 operiat,
2735 3160 2860 3219 quae
2901 3148 3045 3202 banc
3086 3142 3203 3212 jam
3239 3154 3304 3196 es
3340 3139 3527 3195 illicita

1948 3228 2301 3311 delectatione
2327 3248 2597 3319 tangebat.
2644 3242 2781 3298 Nam
2831 3238 3058 3310 saepe‘in
3106 3233 3223 3305 ipso
3265 3228 3529 3295 orationis

1947 3353 2146 3403 nostra:
2183 3340 2480 3403 sacriﬁcio;
2535 3337 2858 3406 importunae
2909 3325 3345 3400 secogltationes
3372 3323 3526 3392 inge-

1947 3445 2094 3505 runt,
2125 3450 2245 3508 quas
2274 3435 2380 3489 hoc
2405 3444 2595 3501 rapere
2614 3427 2701 3483 vel
2726 3422 3003 3480 maculare
3027 3419 3268 3481 valeant,
3299 3414 3442 3485 quod
3472 3412 3529 3467 in

1945 3530 2101 3588 nobis
2124 3506 2234 3583 Deo
2262 3525 2540 3597 placentes
2570 3516 2935 3575 lmmclamns.
2981 3509 3092 3569 Sed
3128 3521 3233 3565 nos
3251 3506 3322 3561 ad
3344 3518 3528 3597 exem-

1946 3620 2094 3698 plum
2118 3595 2369 3683 Abralite,
2397 3617 2526 3672 dum
2564 3613 2619 3668 in
2644 3623 2739 3665 ara
2766 3604 2952 3664 cordis
2994 3599 3369 3698 bolomustuin
3416 3595 3529 3650 Deo

1946 3688 2243 3779 oderimus,
2269 3712 2337 3765 ab
2364 3703 2658 3764 immundis
2673 3701 2781 3756 hoc
2804 3694 3117 3757 volucribus
3136 3688 3527 3779 custodiamus,

1946 3824 2016 3865 ne
2042 3777 2262 3875 maligni
2289 3801 2514 3873 spiritus
2533 3804 2591 3852 et
2610 3805 2882 3866 perversae
2907 3783 3266 3875 cogitationes
3285 3777 3527 3850 rapiant,

1948 3900 2091 3972 quod
2139 3873 2293 3953 mens
2343 3900 2528 3949 nostra
2577 3883 2776 3942 offerre
2821 3895 2880 3938 se
2922 3879 3034 3933 Deo
3071 3873 3280 3929 utiliter
3307 3875 3525 3972 sperat.

1952 3960 2136 4068 (.Isid.)
2179 3986 2332 4056 Quod
2384 3998 2516 4039 vero
2561 3980 2766 4036 dictum
2789 3981 2875 4033 est
2915 3972 2982 4034 ad
3019 3969 3242 4068 Abram,
3298 3960 3528 4021 Scienda

1949 4056 2079 4139 λείη
2102 4056 2225 4154 quia
2258 4075 2587 4149 peregrinum
2637 4071 2734 4125 erit
2765 4080 2939 4122 semen
2976 4070 3123 4115 nam
3168 4056 3226 4111 in
3251 4064 3390 4109 terra
3422 4066 3528 4107 non

1950 4194 2070 4243 sua,
2114 4144 2269 4229 'etia'
2294 4144 2591 4226 seruitutem
2640 4160 2875 4231 redigent
2921 4169 3027 4219 eos,
3070 4158 3120 4205 et
3174 4144 3410 4217 afﬂigant
3442 4156 3529 4199 eat

1951 4238 2345 4344 quadringentis
2380 4258 2692 4325 annis,'boc
2730 4254 2796 4308 de
2819 4246 3018 4322 populo
3051 4240 3219 4344 istael
3263 4238 3391 4309 quia
3413 4241 3531 4291 erat

1954 4336 2007 4431 in
2030 4336 2263 4435 Egypto
2289 4356 2609 4417 serviturus,
2633 4344 2979 4420 apertissime
2997 4336 3384 4411 prophetatum
3405 4336 3489 4383 est
3513 4346 3527 4381 :

1952 4421 2062 4520 non
2093 4421 2237 4526 quod
2270 4452 2370 4507 sub
2398 4443 2671 4518 Egyptiis
2696 4432 3107 4526 quadringentis
3148 4421 3530 4526 antiit-seruie-

1956 4513 2088 4616 rint,
2112 4513 2234 4602 used
2280 4539 2423 4613 quod
2465 4513 2567 4593 iste
2607 4540 2864 4587 numerus
2906 4525 2961 4579 in
3009 4519 3196 4577 eadem
3243 4513 3533 4569 alictione

1958 4734 2063 4787 ista
2095 4727 2326 4783 Abrahae
2360 4719 2771 4793 promittuntur.

1964 4826 1967 4833 '
2032 4820 2107 4876 Tu
2135 4829 2307 4873 autem
2335 4787 2432 4869 ibis
2462 4811 2530 4865 ad
2554 4816 2727 4880 patres
2760 4810 2878 4857 tuos
2920 4798 2977 4852 in
3016 4810 3143 4867 pare
3166 4833 3179 4859 ,
3208 4787 3443 4860 sepultus
3478 4787 3532 4839 in

1958 4919 2215 4977 senectute
2244 4909 2397 4962 bona.
2431 4898 2776 4958 Generatione
2799 4901 2975 4949 autem
3005 4894 3193 4962 quarta
3218 4887 3537 4977 revertentur

2130 4993 2398 5071 (Πὶενοη.)
2433 4991 2542 5048 Cur
2569 4990 2711 5044 Deus
2739 4983 2975 5054 loquitur
3002 4980 3070 5071 ad
3095 4976 3296 5030 Abram
3320 4966 3534 5071 ,_quod

1958 5060 2151 5169 quarta
2194 5060 2449 5163 progenie
2476 5082 2570 5139 lilii
2598 5078 2765 5135 Israel
2805 5081 2984 5132 essent
3016 5070 3083 5124 de
3319 5060 3535 5151 Egypti

1957 5156 2228 5244 reversuri
2263 5222 2278 5246 ,
2301 5156 2315 5158 ί
2333 5186 2388 5234 et
2433 5183 2617 5247 postea
2647 5171 2854 5241 Moyses
2878 5163 3067 5228 scribit
3095 5178 3109 5213 ς
3143 5156 3347 5247 Qung
3364 5161 3535 5247 autent

1958 5242 2201 5350 progenie
2235 5242 2273 5337 ,⁷
2298 5268 2397 5339 ﬁlii
2434 5242 2617 5320 iIsrael
2644 5259 2988 5316 ascenderunt
3014 5253 3080 5305 de
3106 5259 3247 5307 terra
3274 5243 3492 5314 zEgypti
3515 5242 3539 5296 7

1963 5336 2157 5442 lErod.
2189 5336 2307 5434 ιιι.)“
2338 5358 2493 5427 Quod
2543 5356 2733 5423 utique
2784 5348 2887 5404 nisi
2934 5348 3275 5415 experiatur,
3326 5336 3540 5395 videtur

1965 5438 2083 5516 esse
2131 5452 2481 5512 contrarium.
2526 5444 2740 5518 Egressi
2775 5447 2901 5495 sunt
2928 5449 3059 5507 ergo
3093 5438 3287 5504 quarta
3316 5441 3539 5498 genera-

1967 5515 2110 5606 tione
2151 5546 2244 5600 ﬁlii
2284 5541 2446 5598 lsrael
2478 5540 2544 5594 de
2570 5515 2717 5591 terra
2746 5529 2984 5601 Egypti.
3026 5524 3243 5594 Replica
3291 5515 3541 5591 genesim

1967 5644 2106 5713 giam
2134 5638 2262 5693 Levi
2293 5655 2304 5689 :
2335 5633 2461 5689 Levi
2495 5628 2679 5701 genuit
2709 5624 2917 5687 llaatb;
2963 5618 3135 5674 Kaatb
3414 5608 3540 5705 Am—

1966 5700 2117 5799 ;am;
2146 5729 2367 5785 Amram
2407 5700 2591 5795 genuit
2619 5719 2830 5781 Aaron;
2862 5713 3041 5768 Aaron
3070 5706 3258 5781 genuit
3281 5700 3539 5759 Eleasar;

1968 5827 2196 5884 Eleazar
2222 5819 2406 5894 genuit
2422 5816 2672 5871 Phinees.
2705 5808 2880 5867 Kaath
2911 5813 3093 5860 autem
3262 5801 3421 5864 patre
3446 5802 3545 5851 suo

1968 5916 2097 5979 Levi
2131 5888 2407 5989 ingressus
2440 5914 2524 5965 est
2550 5902 2845 5977 Emptum
2872 5938 2888 5971 ,
2915 5906 3108 5953 renus
3156 5888 3387 5957 Eleus!
3420 5890 3546 5945 auat
