3974 6464
452 417 570 488 5η

1129 429 1188 486 B.
1228 430 1481 488 manu
1522 425 1741 489 unum
1777 417 2110 488 numeri
2141 429 2448 490 uocum:
2489 434 2776 494 ornem!
2809 435 2989 492 PARS
3019 434 3058 493 ι.

3616 445 3726 499 544

455 539 609 620 patre
637 533 736 604 suo
762 534 942 602 Aaron
970 557 1219 616 egressus
1243 555 1330 601 est
1375 543 1443 600 ab
1467 545 1738 617 'IEgypto.
1777 546 1822 599 A
1849 543 2026 598 Kaath
2052 539 2106 607 Α
2129 545 2384 616 deinceps
2411 565 2425 602 :
2453 547 2588 602 Ecce
2641 551 2714 603 ait
2761 547 3039 618 concepisti
3073 556 3122 601 et
3163 550 3339 619 paries
3369 550 3544 620 ﬁlium
3577 569 3598 606 :
3632 577 3701 612 ro

455 655 626 708 usque
677 633 1004 694 ad’Eleazar
1041 645 1424 706 computantur
1471 638 1845 712 generationes
1900 651 2032 707 qua-

457 741 600 794 tuor,
631 730 756 785 licet
783 729 1000 800 quidam
1027 727 1198 783 velint
1233 728 1302 782 ab
1329 727 1552 782 Amram
1579 728 1842 796 incipere,
1873 735 1928 781 et
1964 726 2034 782 ad

455 822 720 885 Phinees‘,
755 828 818 875 ut
847 835 947 876 nos
973 819 1028 874 in
1060 820 1283 874 Eleazar
1309 817 1535 874 fecimus
1564 860 1579 883 ,
1613 818 1921 888 pervenire.
1973 817 2046 873 Si'

455 930 582 969 vero
615 913 850 969 volueris
905 912 1108 982 dispari
1158 924 1384 966 numero
1433 911 1717 965 ostendere
1765 909 2034 980 quomodo

453 1005 748 1062 secundum
778 1005 1023 1060 Exodum
1051 1003 1239 1074 quinta
1268 1003 1615 1075 generatione
1657 1002 1862 1073 egressi
1907 1009 2038 1058 sunt

455 1093 549 1149 ﬁlii
583 1094 749 1150 Israel
789 1093 857 1149 de
908 1101 1053 1148 terra
1106 1092 1323 1164 JEgypti
1345 1133 1359 1158 ,
1396 1091 1570 1146 tribus
1607 1090 1702 1145 tibi
1729 1090 1878 1147 Judze
1902 1092 2035 1148 ordo

453 1197 785 1243 numeretur.
847 1182 985 1241 Juda
1031 1186 1215 1256 genuit
1287 1183 1532 1250 Phares,
1594 1183 1801 1238 Phares
1853 1184 2036 1254 genuit

451 1279 654 1345 Esron;
684 1277 856 1333 Esron
881 1277 1063 1348 genuit
1086 1277 1283 1343 Aram;
1313 1274 1478 1328 Aram
1503 1273 2030 1346 genuitAminadab;

450 1371 752 1426 Aminadab
777 1368 1262 1441 genuit,Naasson;
1297 1367 1537 1422 Naasson
1569 1369 1752 1438 genuit
1787 1366 2032 1421 Salmon.

451 1466 656 1520 Phares
681 1480 803 1520 cum
832 1471 986 1532 patre
1007 1477 1102 1517 suo
1131 1459 1266 1516 Juda
1299 1460 1574 1531 ingressus
1600 1467 1684 1514 est
1718 1458 2032 1530 Egyptum.

451 1557 695 1612 Naasson
719 1556 966 1625 princeps
992 1554 1166 1609 tribus
1201 1552 1334 1608 Iuda
1366 1553 1419 1608 in
1450 1553 1664 1608 deserto
1689 1551 2033 1618 describitur,

451 1649 604 1718 cujus
635 1648 776 1703 ﬁlius
805 1647 1024 1704 Salmon
1067 1657 1266 1701 terram
1295 1644 1726 1716 repromissionis
1759 1643 2029 1698 introivit.

450 1744 712 1814 Computa
739 1760 770 1798 a
803 1743 1010 1799 Phares
1061 1758 1231 1812 usque
1277 1742 1345 1796 ad
1387 1739 1651 1806 Naasson,
1699 1749 1753 1794 ct
1791 1738 2035 1795 invenies

449 1836 824 1906 generationes
852 1834 1090 1904 quinque
1119 1876 1133 1901 ,
1165 1834 1377 1888 tametsi
1408 1832 1672 1898 nonnulli,
1701 1841 1762 1887 ut
1806 1833 1861 1887 in
1888 1831 2034 1886 tribu

2131 637 2372 709 cabisque
2417 656 2604 694 nomen
2641 641 2756 711 ejus
2784 637 2980 694 Ismael
3003 679 3017 705 ,
3053 657 3113 695 eo
3147 641 3291 712 quod
3334 645 3568 700 audierit
3603 647 3720 702 Do—

2130 729 2303 784 minus
2330 730 2656 802 afflictionem
2679 741 2844 785 tuam.
2871 729 2973 785 Hic
2997 733 3096 786 erit
3124 731 3269 802 ferus
3298 733 3455 790 homo
3483 752 3506 792 :
3527 754 3722 797 manus

2131 823 2246 892 ejus
2283 832 2465 877 contra
2505 840 2701 889 omnes,
2738 832 2784 880 et
2818 840 3006 879 manus
3042 826 3278 880 omnium
3331 837 3520 884 contra
3551 849 3678 887 eum
3703 875 3719 900 ,

2131 921 2177 967 et
2207 929 2235 966 e
2256 914 2463 984 regione
2498 916 2859 970 universorum
2891 916 3117 986 fratrum
3144 934 3364 972 suorum
3391 921 3522 990 ﬁget
3547 922 3721 978 taber-

2134 1003 2342 1058 nacula.
2369 1001 2487 1059 Alia
2515 1006 2678 1061 editio
2706 1007 2782 1062 ita
2803 1008 2966 1063 habet
2987 1026 3000 1063 :
3019 1006 3123 1063 Hic
3142 1010 3241 1063 erit
3266 1011 3500 1066 rusticus
3524 1015 3684 1067 homo
3701 1033 3720 1069 :

2132 1109 2318 1150 manus
2347 1095 2460 1165 ejus
2505 1114 2661 1168 super
2699 1115 2900 1166 omnes,
2949 1108 2997 1154 et
3045 1117 3232 1156 manus
3277 1106 3516 1158 omnium
3563 1123 3724 1176 super

2133 1200 2268 1250 eum,
2297 1195 2346 1240 et
2383 1198 2565 1243 contra
2595 1189 2782 1258 faciem
2813 1191 3043 1246 omnium
3079 1193 3305 1262 fratrum
3357 1212 3580 1249 suorum
3629 1199 3723 1251 ha-

2135 1277 2336 1332 bitabit.
2392 1279 2498 1336 Pro
2549 1282 2752 1337 rustico
2810 1283 2866 1337 in
2924 1283 3150 1340 Hebrum
3205 1287 3473 1357 scriptum
3504 1289 3721 1356 habet,

2132 1370 2301 1439 phere
2333 1380 2486 1438 trra,
2539 1373 2679 1442 quod
2731 1375 3118 1444 interpretatur
3162 1394 3376 1447 onager.
3428 1377 3725 1448 Signiﬁcat

2135 1469 2315 1515 autem
2369 1477 2553 1518 semen
2581 1461 2698 1530 ejus
2725 1464 3091 1520 habitaturum
3121 1466 3176 1521 in
3203 1481 3387 1522 eremo
3416 1509 3431 1534 ,
3485 1469 3543 1522 id
3594 1479 3681 1523 est
3707 1511 3722 1535 ,

2137 1549 2436 1606 Saracenos
2462 1567 2628 1622 vagos
2652 1553 2985 1624 incertisque
3012 1555 3260 1623 sedibus,
3293 1558 3387 1627 qui
3437 1559 3726 1614 universas

2135 1651 2344 1714 gentes,
2371 1645 2568 1714 quibus
2593 1647 2863 1702 desertum
2889 1664 2952 1703 ex
2977 1647 3410 1720 Iaterejungitur
3436 1649 3727 1704 incursan-

2133 1742 2253 1802 tes,
2292 1736 2678 1808 impugnantur
2727 1739 2794 1794 ab
2835 1741 3104 1795 omnibus.
3141 1740 3364 1812 Mystice
3414 1750 3606 1795 autem
3648 1742 3728 1796 ha:

2103 1897 2105 1900 ι
2135 1825 2253 1880 duae
2273 1828 2525 1884 mulieres
2546 1829 2699 1885 Sarai
2728 1831 2977 1886 videlicet
3004 1840 3061 1888 et
3083 1833 3244 1903 Agar,
3265 1833 3370 1886 duo
3399 1840 3728 1888 testamenta

449 1925 577 1980 Levi
624 1927 960 1982 ostendimus
987 1967 1002 1991 ,
1053 1927 1106 1980 in
1134 1925 1306 1982 Esron
1349 1925 1561 1981 initium
1592 1925 1839 1991 faciant,
1883 1933 1938 1980 et
1966 1924 2035 1980 ad
2061 1915 2109 1976 B
2133 1919 2286 1987 juxta
2317 1917 2560 1988 Apostoli
2593 1921 3096 1990 interpretationem
3151 1922 3485 1994 signiﬁcant,
3519 1925 3626 1979 hoc
3651 1931 3726 1979 est

450 2018 668 2072 Salmon
699 2032 868 2088 usque
893 2019 1233 2086 perveniant.

521 2107 589 2161 In
627 2108 711 2162 die
742 2107 832 2161 illo
859 2109 1046 2178 oepigit
1071 2108 1326 2162 Dominus
1357 2107 1524 2176 fwd'us
1555 2125 1673 2162 cum
1706 2107 1901 2162 Abram
1946 2107 2034 2161 di-

451 2217 569 2254 cens
649 2200 846 2256 Semina
875 2209 965 2256 tuo
991 2201 1126 2256 dabo
1155 2213 1350 2256 terram
1379 2203 1513 2256 hanc
1556 2220 1587 2256 a
1625 2201 2034 2272 fluvio‘zEgypti

450 2310 612 2364 usque
663 2293 732 2347 ad
779 2296 974 2364 [lumen
1025 2312 1273 2366 magnum
1322 2295 1648 2366 Euphraten.
1679 2295 1796 2350 Non
1832 2311 1961 2367 ergo
2002 2311 2034 2351 a

449 2381 670 2439 ﬂumine
717 2400 914 2457 magno
943 2384 1183 2457 Egypti,
1215 2386 1317 2440 hoc
1341 2393 1426 2440 est
1450 2384 1571 2440 Nilo
1594 2427 1608 2450 ,
1649 2386 1742 2440 sed
1783 2386 1850 2440 ab
1902 2400 2033 2441 arvo

451 2475 639 2528 dividit
670 2474 806 2530 inter
831 2475 1122 2546 Egyptum
1150 2486 1206 2531 et
1227 2475 1594 2544 Palaestinam,
1619 2475 1711 2532 ubi
1733 2483 1816 2532 est
1843 2474 2035 2532 civitas

451 2561 841 2618 Rhinocorura.

1019 2655 1244 2716 CAPUT
1283 2658 1464 2714 XVIII.

453 2747 530 2802 De
552 2750 916 2820 conjunctione
939 2751 1084 2826 Agar
1108 2753 1316 2826 ancillte
1340 2753 1500 2809 Sarai
1520 2753 1589 2808 ad
1611 2752 1807 2810 Abram
1835 2762 1886 2811 et
1906 2753 2033 2826 fuga

1056 2824 1220 2893 ipsius
1249 2824 1410 2895 Agar.

521 2930 672 3003 (CAP.
718 2930 858 3005 XVI.)
885 2931 1059 3004 Igitur
1081 2932 1240 2989 Sarai
1267 2951 1402 2989 uxor
1429 2935 1626 2992 Abram
1652 2954 1755 2992 non
1783 2946 2033 3009 genuerat

448 3025 547 3078 sibi
590 3024 778 3080 liberos
805 3043 823 3080 :
855 3026 945 3080 sed
974 3026 1166 3082 habens
1191 3026 1441 3082 ancillam
1482 3028 1790 3100 Egyptians
1826 3032 2032 3085 nomine

453 3116 630 3186 Agar,
660 3115 793 3170 dixit
820 3115 1013 3170 marito
1043 3134 1136 3171 suo
1169 3133 1186 3173 :
1217 3117 1353 3173 Ecce
1381 3119 1633 3174 conclusit
1664 3138 1745 3175 me
1774 3121 2030 3176 Dominus

449 3223 512 3260 ne
541 3223 800 3277 parerem,
856 3207 1126 3278 ingredere
1169 3209 1238 3262 ad
1285 3208 1534 3264 ancillam
1567 3227 1757 3277 meam,
1803 3213 1849 3266 si
1895 3212 2030 3281 forte

447 3298 629 3352 saltem
657 3316 721 3353 ex
748 3299 841 3352 illa
867 3301 1149 3370 suscipiam
1174 3300 1333 3370 ﬁlios.
1367 3299 1588 3375 (Albim)
1622 3302 1902 3370 Quomodo
1931 3305 2027 3359 de-
2055 3283 2100 3348 (ἶ

450 3391 685 3446 fenditur
705 3391 908 3448 Abram
930 3393 1182 3449 adulterii
1209 3407 1337 3449 reus
1363 3410 1469 3450 non
1493 3410 1635 3461 esse,
1659 3397 1783 3450 dum
1816 3396 2030 3454 vivente

449 3480 688 3551 legitima
717 3498 909 3549 uxore,
927 3482 1246 3552 coniunctus
1267 3493 1352 3540 est
1385 3486 1594 3541 ancilla:
1618 3501 1747 3552 suae,
1780 3487 1882 3542 nisi
1905 3488 2032 3558 quia

448 3575 675 3629 necdum
705 3575 1040 3647 promulgata
1068 3585 1154 3632 est
1179 3577 1341 3634 unius
1372 3581 1558 3636 uxoris
1582 3581 1888 3653 evangelica
1919 3581 2027 3639 lex.

449 3665 694 3722 Habebat
745 3683 959 3738 quoque
1009 3671 1421 3738 promissionem
1455 3687 1488 3727 a
1516 3673 1744 3728 Domino
1778 3673 2033 3746 multipli-

447 3756 551 3811 cati
574 3758 796 3813 seminis
819 3758 923 3825 sui,
955 3760 1051 3815 sed
1078 3761 1308 3818 necdum
1347 3762 1555 3818 sciebat
1588 3779 1653 3818 ex
1685 3779 1792 3834 qua
1820 3780 1987 3821 uxore
2009 3806 2025 3832 ,

446 3849 568 3916 quia
597 3857 785 3918 postea
813 3848 1016 3905 dictum
1054 3859 1139 3907 est
1190 3853 1241 3907 ei
1297 3854 1362 3908 de
1409 3851 1568 3908 Sarai
1609 3856 1811 3911 habere
1836 3854 2026 3910 ﬁlium.

446 3935 582 3993 Nam
611 3949 895 4009 propterea
921 3942 1000 3997 sic
1025 3943 1356 4014 propagandi
1405 3945 1630 4000 seminis
1657 3946 1905 4002 voluntas
1937 3946 2027 4017 pia

446 4027 568 4093 fuit,
597 4031 722 4098 quia
749 4031 1140 4087 concumbendi
1175 4032 1422 4088 voluntas
1449 4033 1734 4090 libidinosa
1769 4051 1872 4090 non
1905 4035 2025 4090 fuit.

448 4118 626 4172 Etiam
657 4129 713 4174 et
741 4118 896 4174 Sarai
924 4120 1131 4191 prolem
1161 4137 1324 4191 quam
1372 4123 1438 4178 de
1477 4140 1534 4179 se
1568 4126 1772 4182 habere
1799 4142 1904 4181 non
1930 4142 2027 4195 po-

448 4209 568 4274 tuit,
601 4209 666 4264 de
707 4210 900 4265 ancilla
935 4212 1136 4266 habere
1163 4213 1352 4268 voluit.
1390 4212 1774 4271 Consentiebat
1799 4226 2028 4286 uterque

447 4299 504 4354 in
530 4299 696 4366 facto,
720 4301 843 4370 quia
877 4310 1105 4373 uterque
1133 4303 1289 4360 Sarai
1323 4307 1562 4362 sterilem
1600 4320 1720 4363 esse
1749 4309 1972 4365 sciebat.

521 4390 624 4458 Qui
663 4393 924 4463 ingressus
955 4403 1030 4448 est
1066 4395 1135 4448 ad
1172 4412 1306 4451 eam.
1336 4396 1402 4450 At
1427 4397 1521 4452 illa
1552 4401 1843 4470 concepisse
1870 4417 1924 4454 se
1953 4401 2029 4454 vi-

448 4483 574 4537 dens
599 4523 614 4548 ,
661 4483 892 4553 despexit
932 4485 1200 4541 dominam
1263 4503 1435 4542 suam.
1481 4489 1727 4560 Dixitque
1764 4488 1926 4546 Sarai
1958 4491 2028 4545 ad

445 4574 894 4647 Abram:1nique
937 4578 1050 4648 agis
1093 4587 1275 4632 contra
1313 4595 1413 4634 me.
1452 4579 1566 4651 Ego
1609 4580 1730 4635 dedi
1777 4581 2025 4636 ancillam

2135 2011 2281 2080 Agar
2305 2010 2476 2081 legem
2499 2022 2756 2077 veterem,
2789 2029 2907 2082 quae
2938 2015 2991 2068 in
3023 2013 3302 2086 Synagoga
3347 2017 3620 2087 populum
3641 2016 3729 2071 Ju-

2136 2100 2349 2156 daicu’m
2376 2104 2622 2159 servituti
2653 2106 2946 2161 obnoxium
2974 2109 3266 2163 nutriebat.
3304 2110 3463 2164 Sarai
3514 2125 3728 2180 quoque

2134 2195 2503 2266 evangelicam
2539 2198 2810 2269 gratiam,
2859 2215 2978 2268 qua:
3035 2201 3290 2270 p0pulum
3346 2200 3728 2258 Christianum

2136 2288 2190 2343 in
2225 2289 2530 2344 libertatem
2580 2290 2704 2346 ﬁdei
2735 2293 3033 2361 generavit.
3072 2291 3412 2362 Multiplicati
3444 2303 3581 2348 sunt
3605 2309 3728 2366 ergo

2134 2375 2304 2433 ιιιόωί
2341 2379 2550 2434 ancillae
2577 2379 2705 2448 ﬁlii,
2733 2389 2788 2436 et
2818 2397 2926 2437 non
2955 2383 3382 2438 numerabantur
3429 2400 3552 2455 pra:
3598 2384 3730 2440 mul-

2136 2473 2365 2528 titudine
2395 2492 2408 2527 :
2433 2473 2501 2529 de
2531 2475 2728 2544 quibus
2753 2489 2916 2544 supra
2945 2475 3206 2546 scriptum
3231 2485 3345 2544 est,
3374 2478 3528 2547 quod
3559 2478 3728 2533 instar

2136 2581 2314 2622 arena:
2343 2568 2510 2623 maris
2537 2567 2980 2638 multiplicentur.

2207 2658 2310 2713 Hic
2337 2669 2412 2713 est
2445 2659 2590 2729 ferus
2619 2661 2775 2714 homo
2800 2700 2817 2726 ,
2845 2668 2893 2713 et
2921 2676 3114 2716 manus
3142 2661 3257 2731 ejus
3278 2671 3469 2715 contra
3503 2678 3685 2716 omnes
3712 2705 3726 2726 ,

2134 2766 2424 2822 manusque
2453 2751 2684 2805 omnium
2723 2759 2906 2805 contra
2943 2768 3083 2817 eum,
3122 2761 3171 2805 et
3201 2768 3230 2805 e
3258 2753 3472 2823 regione
3520 2754 3727 2805 uniter-

2133 2857 2312 2896 sorum
2339 2842 2566 2911 fratrum
2615 2858 2832 2896 suorum
2877 2843 2998 2914 ﬁget
3033 2843 3416 2909 tabernacula;
3449 2846 3585 2914 quia
3617 2846 3726 2914 ipse

2131 2934 2360 3006 populus
2389 2933 2671 2990 ferocitate
2697 2950 2793 2990 sua
2824 2934 3048 2990 aemulus
3077 2943 3161 2990 est
3186 2943 3242 2990 et
3267 2937 3588 2991 contrarius
3614 2951 3710 2991 om-

2133 3027 2292 3082 nibus
2319 3026 2495 3092 bonis,
2535 3026 2772 3080 maxime
2801 3041 2926 3081 cum
2974 3025 3338 3081 Christianam
3365 3026 3594 3097 plebem
3621 3038 3722 3082 toto

2133 3118 2262 3175 orbe
2302 3117 2502 3172 invidia
2550 3117 2861 3172 stimulante
2898 3119 3246 3188 persequitur
3269 3158 3283 3183 ,
3313 3126 3369 3172 et
3395 3117 3565 3189 longe
3594 3118 3718 3174 late-

2135 3225 2240 3280 que
2291 3210 2565 3281 dispersus
2619 3209 3068 3279 circumvagando
3138 3219 3301 3281 atque
3350 3211 3685 3281 negotiando
3707 3249 3724 3276 ,

2132 3302 2354 3358 incertis
2388 3302 2608 3358 sedibus
2633 3317 2847 3373 semper
2867 3303 3133 3368 existens,
3157 3302 3411 3357 omnibus
3437 3304 3600 3358 oneri
3624 3313 3722 3357 est.

2133 3397 2262 3468 Legi
2294 3405 2475 3452 tamen
2517 3397 2571 3451 in
2617 3398 2850 3466 quodam
2880 3404 3110 3450 tractatu
3139 3438 3154 3461 ,
3185 3410 3284 3465 per
3311 3395 3475 3451 Sarai
3498 3411 3721 3452 uxorem

2132 3486 2334 3542 Abram
2358 3527 2373 3553 ,
2409 3486 2708 3543 Ecclesiam
2756 3487 3089 3558 primitivam
3136 3487 3593 3556 interpretatam;
3633 3503 3712 3541 an-

2133 3575 2314 3632 cillam
2335 3583 2514 3632 autem
2559 3575 2870 3649 Egyptiam
2893 3575 3193 3631 Ecclesiam
3214 3588 3281 3631 ex
3303 3575 3581 3648 gentibus,
3607 3592 3720 3646 quas

2130 3677 2418 3741 postquam
2441 3668 2754 3739 conceperit
2781 3668 3006 3723 verbum
3034 3667 3193 3734 ﬁdei,
3221 3667 3535 3737 despexerit
3565 3668 3696 3722 steri

2130 3759 2338 3815 litatem
2366 3758 2663 3832 Synagogae
2686 3777 2702 3826 ;
2729 3761 2872 3830 quod
2910 3769 3091 3815 autem
3118 3759 3340 3830 angelus
3363 3759 3716 3814 admonuerat

2131 3854 2278 3925 Agar
2319 3852 2498 3907 redire
2539 3853 2604 3907 ad
2651 3851 2925 3908 dominam
2965 3867 3118 3907 suam
3150 3851 3324 3913 Sarai,
3357 3859 3415 3906 et
3445 3851 3715 3905 humiliari

2132 3945 2231 4000 sub
2257 3944 2508 3999 manibus
2533 3943 2702 4013 ipsius
2727 3983 2743 4009 ,
2770 3943 3076 4012 signiﬁcare
3097 3984 3111 4007 ,
3139 3942 3496 4012 apostolicam
3521 3942 3708 3996 doctri-

2132 4052 2258 4091 nam
2300 4036 2646 4092 admonuisse
2689 4044 2877 4108 gentes
2904 4046 2973 4090 ne
3005 4033 3348 4105 superbirent
3386 4041 3582 4089 contra
3629 4032 3717 4087 Ju-

2132 4127 2340 4182 daicam
2373 4127 2606 4196 plebem.
2640 4126 2795 4182 Unde
2827 4127 2958 4182 dicit
2987 4124 3313 4194 Apostolus:
3350 4123 3484 4176 Noli
3526 4123 3717 4193 gloria-

2132 4217 2179 4270 ri
2217 4218 2464 4271 adversus
2499 4233 2694 4270 ramos.
2721 4216 2875 4283 Quod
2899 4217 2943 4271 si
2969 4226 3025 4269 tu
3055 4215 3323 4286 gloriaris,
3353 4230 3461 4268 non
3489 4215 3715 4268 radicem

2130 4318 2310 4379 portas
2337 4351 2352 4375 ,
2401 4311 2492 4365 sed
2529 4311 2684 4365 radix
2713 4320 2762 4364 te
2803 4310 2982 4381 (Rom.
3013 4311 3124 4382 x1);
3156 4319 3212 4366 et
3239 4311 3371 4366 item
3400 4327 3415 4364 :
3447 4310 3510 4366 Si
3537 4311 3678 4365 Deus
3697 4352 3711 4373 ,

2131 4403 2343 4473 inquit,
2376 4404 2706 4458 naturalibus
2732 4406 2893 4459 ramis
2920 4421 3024 4459 non
3052 4406 3299 4475 pepercit,
3342 4423 3406 4460 ne
3455 4405 3595 4475 forte
3626 4423 3713 4458 nec

2130 4493 2222 4548 tibi
2248 4503 2423 4564 parcet
2474 4494 2688 4567 (Ibid.).
2716 4495 2819 4562 Qui
2868 4495 3014 4551 ferus
3071 4497 3235 4550 homo
3291 4497 3566 4551 indirecte
3610 4497 3713 4552 dici

2130 4587 2323 4657 possit,
2355 4587 2497 4655 quod
2533 4596 2720 4641 contra
2745 4588 3018 4642 daemones
3042 4595 3097 4642 et
3115 4587 3400 4642 haereticos
3426 4597 3636 4658 pugnet
3662 4593 3712 4639 ct

445 4683 611 4721 meam
652 4668 707 4721 in
743 4668 917 4722 sinum
958 4679 1104 4722 tuum
1137 4684 1156 4722 :
1194 4687 1310 4741 qua:
1331 4671 1510 4727 videns
1547 4673 1685 4744 quod
1714 4674 2022 4744 conceperit,
2051 4665 2102 4724 D
2128 4679 2275 4733 vitiis
2295 4679 2531 4733 resistat.
2563 4676 2671 4733 Sed
2691 4679 2804 4734 haec
2830 4678 3050 4733 lectoris
3065 4677 3271 4748 judicio
3295 4676 3678 4746 relinquimus.

442 4758 707 4828 despectui
748 4775 830 4813 me
855 4757 1006 4814 habet
1032 4776 1049 4815 :
1067 4761 1268 4831 judicet
1298 4762 1554 4818 Dominus
1601 4764 1737 4819 inter
1766 4782 1846 4819 me
1873 4775 1921 4820 et
1950 4775 2017 4819 te.

443 4846 541 4902 Cui
575 4849 888 4920 respondens
917 4850 1111 4904 Abram
1139 4866 1157 4903 :
1188 4852 1322 4906 Ecce
1347 4853 1419 4907 ait
1449 4853 1643 4909 ancilla
1665 4865 1756 4910 tua
1781 4858 1835 4910 in
1861 4873 2018 4911 manu

441 4951 532 4996 tua
565 4951 641 4996 est
665 4981 680 5008 ,
708 4948 854 4995 utere
875 4957 937 4995 ea
960 4951 1015 4995 ut
1044 4940 1184 4996 libet.
1234 4943 1500 5015 Affligente
1525 4945 1686 5015 igitur
1712 4963 1826 5000 eam
1859 4945 2020 5003 Sarai

441 5037 622 5108 fugam
665 5036 802 5091 iniit.
852 5033 1084 5108 Cumque
1118 5037 1393 5092 invenisset
1419 5054 1536 5093 eam
1563 5040 1777 5110 angelus
1808 5039 2020 5097 Domini

436 5135 589 5206 juxta
616 5137 810 5206 fontem
833 5152 983 5206 aquae
1014 5135 1070 5190 in
1099 5136 1411 5202 solitudine,
1453 5139 1542 5208 qui
1569 5147 1643 5192 est
1665 5138 1718 5192 in
1743 5140 1824 5192 via
1855 5140 2022 5193 Assur

440 5228 496 5281 in
523 5227 747 5294 deserto,
787 5228 921 5282 dixit
962 5228 1031 5281 ad
1079 5245 1194 5282 eam
1229 5242 1248 5281 :
1278 5230 1422 5299 Agar
1441 5229 1635 5282 ancilla
1665 5230 1848 5296 Sarai,
1880 5232 2018 5286 unde

440 5315 583 5368 venis
627 5325 675 5369 et
715 5333 816 5387 quo
869 5317 1063 5371 uadis?
1095 5317 1500 5389 Consequentcr
1545 5316 1798 5389 [Egyptia
1839 5320 1892 5374 in
1934 5321 2016 5376 via

442 5408 613 5464 Assur
642 5447 656 5471 ,
689 5422 809 5476 qua:
842 5421 942 5478 per
993 5424 1236 5464 eremum
1283 5409 1430 5464 ducit
1477 5411 1544 5464 ad
1584 5408 1898 5480 Egyptum,
1938 5412 2016 5467 ire

443 5499 735 5568 Egyptum
768 5497 1083 5566 festinabat,
1125 5499 1216 5556 ubi
1269 5518 1389 5556 eam
1427 5502 1649 5574 angelus
1677 5503 1889 5558 Domini
1936 5503 2016 5559 in-

440 5591 605 5647 venit.
645 5589 895 5660 Dixitque
937 5592 985 5646 ci
1033 5593 1255 5663 angelus
1284 5593 1535 5648 Domini:

513 5677 785 5732 Revertere
803 5681 872 5733 ad
893 5669 1158 5734 dominam
1174 5692 1338 5748 tuam,
1363 5693 1410 5737 et
1438 5685 1715 5737 huuuuare
1740 5683 1832 5738 sub
1854 5701 2013 5740 manu

435 5771 621 5844 ipsius.
654 5769 723 5825 Et
749 5784 965 5826 rursum
990 5788 1005 5826 :
1029 5771 1410 5846 Multiplicans,
1433 5775 1627 5846 inquit,
1659 5775 2012 5846 multiplicabo

2207 4767 2417 4824 Vocavit
2444 4781 2616 4825 autem
2645 4771 2788 4841 Agar
2813 4787 2999 4824 nomen
3020 4769 3254 4832 Domini,
3285 4770 3376 4839 qui
3403 4769 3713 4839 loquebatur

2126 4865 2195 4916 ad
2217 4879 2351 4926 eam,
2387 4861 2466 4916 Tu
2495 4862 2658 4929 Deus,
2695 4865 2784 4934 qui
2816 4863 2991 4917 uidisti
3026 4878 3126 4916 me.
3175 4860 3322 4914 Dixit
3362 4861 3502 4914 enim
3532 4874 3552 4910 :
3581 4857 3710 4910 Pro-

2128 4953 2260 5023 fecto
2299 4954 2383 5006 hic
2429 4954 2532 5007 ridi
2562 4955 2852 5023 posteriora
2888 4952 3112 5006 videntis
3145 4968 3246 5005 me.
3278 4951 3445 5006 Recte
3466 4966 3602 5022 ergo
3626 4951 3706 5005 dio

2125 5056 2269 5102 ctum
2297 5054 2382 5102 est
2427 5045 2570 5115 quod
2601 5060 2798 5100 nomen
2842 5045 3056 5099 Domini
3085 5041 3384 5107 vocaverit,
3414 5041 3495 5096 Tu
3524 5042 3664 5096 Deus
3689 5082 3704 5104 ,

2122 5139 2212 5209 qui
2239 5137 2414 5191 vidisti
2443 5152 2546 5201 me,
2576 5137 2701 5204 quia
2739 5135 2975 5206 gratuito
3014 5148 3236 5188 munere
3266 5131 3507 5187 consulit
3548 5132 3706 5185 mise-

2123 5228 2217 5293 ris,
2247 5236 2303 5282 et
2330 5227 2640 5282 consolatur
2675 5225 2906 5280 humiles
2933 5225 2987 5278 in
3021 5221 3366 5278 tribulatione
3403 5237 3527 5277 sua.
3569 5221 3703 5276 Hinc

2121 5319 2410 5376 Psalmista
2434 5319 2508 5374 ait
2536 5337 2547 5372 :
2581 5317 2676 5379 Tu,
2702 5316 2944 5381 Domine,
2970 5314 3196 5369 laborem
3217 5313 3380 5379 vides,
3395 5323 3445 5367 et
3467 5314 3700 5368 dolorem

2124 5401 2443 5467 consideras.
2504 5409 2618 5462 Tibi
2654 5408 2793 5463 enim
2831 5405 3106 5461 derelictus
3151 5415 3224 5460 est
3255 5419 3472 5474 pauper,
3501 5403 3699 5474 pupille

2122 5512 2177 5555 tu
2205 5503 2306 5556 eris
2329 5502 2545 5571 adjutor
2572 5497 2744 5569 (Psal.
2774 5497 2874 5568 ιι).
2894 5497 2960 5552 Et
2984 5497 3132 5562 illud,
3155 5496 3297 5566 quod
3324 5495 3696 5565 subsequitur,

2126 5589 2369 5661 Profecto
2399 5591 2482 5644 hic
2508 5590 2611 5644 vidi
2635 5590 2926 5659 posteriora
2973 5588 3192 5642 videntis
3238 5602 3350 5652 me,
3404 5587 3695 5642 benecon—

2120 5685 2265 5755 gruit
2284 5685 2358 5739 illi
2382 5683 2600 5739 dictioni
2621 5697 2740 5752 qua:
2753 5682 3014 5737 Dominus
3034 5681 3100 5735 ad
3113 5680 3330 5750 Moysen
3357 5679 3572 5734 locutus
3592 5688 3690 5742 est,

2120 5791 2240 5831 cum
2272 5773 2610 5843 maiestatem
2651 5786 2805 5827 suam
2831 5771 2933 5826 sibi
2967 5771 3177 5826 ostendi
3219 5779 3506 5839 rogaverat
3531 5789 3545 5824 :
3573 5769 3693 5823 Non

437 5881 614 5920 semen
637 5871 810 5931 tuum,
839 5871 888 5919 et
911 5879 1015 5920 non
1040 5865 1396 5921 numerabitur
1414 5884 1524 5937 prw
1552 5865 1900 5924 multitudine.
1932 5869 2010 5926 Ac
2115 5866 2329 5937 poteris,
2376 5863 2572 5933 inquit,
2606 5863 2779 5917 videre
2815 5861 3000 5932 faciem
3030 5875 3200 5915 meam
3241 5869 3290 5914 et
3333 5860 3523 5915 uicem.
3571 5857 3691 5912 Non
