3974 6478
280 427 390 484 545

280 633 469 688 minus
497 647 511 684 :
543 629 681 683 Ecce
707 627 852 683 locus
873 645 1024 700 penes
1045 646 1125 683 me
1145 641 1241 694 est,
1270 631 1432 684 stabis
1459 647 1619 700 supra
1638 640 1859 701 petram;

279 725 464 780 statim
504 734 562 778 ut
593 723 810 776 transiet
835 722 1084 792 majestas
1112 739 1249 789 mea,
1285 740 1480 794 ponam
1504 733 1552 778 te
1575 724 1630 779 in
1650 722 1862 795 specula

279 826 446 889 petra:
465 856 481 881 ,
511 823 559 868 et
587 826 757 885 tegam
788 830 950 868 manu
974 830 1090 869 mea
1115 831 1272 885 super
1309 824 1358 870 te
1379 815 1549 873 donec
1575 827 1858 884 transeam,

281 918 332 962 et
363 907 608 977 auferam
632 923 848 960 manum
885 921 1074 969 meam,
1114 915 1164 959 et
1191 916 1314 962 tunc
1352 906 1545 962 videbis
1573 907 1861 978 posteriora

280 1015 423 1052 mea.
475 996 620 1052 Nam
668 997 830 1066 facies
869 1013 984 1051 mea
1023 1014 1127 1050 non
1155 998 1422 1068 apparebit
1449 999 1561 1053 tibi.
1595 998 1710 1053 Non
1734 1013 1864 1070 ergo

282 1090 559 1148 immerito
596 1105 756 1146 nemo
785 1098 962 1161 potest
988 1088 1198 1155 faciem,
1233 1091 1289 1146 id
1317 1101 1420 1157 est,
1469 1092 1639 1162 ipsam
1691 1091 1862 1145 mani-

283 1181 633 1237 testationem
665 1180 942 1249 sapientia;
980 1179 1075 1235 Dei
1110 1181 1294 1236 videre
1319 1189 1374 1236 et
1394 1181 1595 1236 vivere.
1638 1181 1754 1252 Ipsa
1779 1187 1863 1237 est

285 1272 436 1326 enim
479 1271 691 1341 species
737 1271 824 1324 cui
860 1271 1285 1340 contemplandas
1322 1272 1560 1341 suspirat
1576 1271 1752 1325 omnis
1769 1270 1862 1340 qui

282 1363 506 1417 allectat
533 1361 759 1432 diligere
783 1359 954 1415 Deum
976 1376 1042 1416 ex
1073 1369 1186 1416 toto
1206 1361 1391 1427 corde,
1423 1370 1478 1417 et
1500 1377 1567 1417 ex
1599 1369 1710 1417 tota
1739 1361 1857 1416 ani-

279 1469 393 1519 ma,
426 1461 482 1507 et
507 1468 574 1508 ex
621 1460 734 1508 tota
770 1460 950 1507 mente
973 1493 990 1519 ,
1041 1451 1109 1506 ad
1146 1467 1308 1522 quam
1351 1454 1814 1524 contemplandam
1840 1495 1857 1522 ,

279 1547 446 1602 etiam
489 1545 796 1615 proximum
821 1586 836 1612 ,
865 1555 1128 1614 quantum
1162 1553 1376 1616 potest,
1407 1563 1505 1617 per
1534 1548 1705 1618 ipsam
1731 1549 1862 1605 dile-

279 1639 520 1694 ctionem
559 1655 666 1705 qua
718 1654 845 1694 eum
899 1639 1076 1711 diligit
1127 1639 1268 1695 sicut
1317 1642 1551 1712 seipsum
1607 1645 1856 1700 :ediﬁcat.

278 1728 588 1785 Posteriora
641 1744 772 1784 vero
809 1728 1020 1784 Domini
1062 1729 1492 1788 incarnationem
1522 1733 1659 1804 ejus,
1698 1751 1860 1805 quam

280 1815 346 1872 in‘
377 1819 484 1873 ﬁne
531 1827 836 1889 temporum
877 1820 1104 1891 sumpsit
1146 1837 1214 1877 ex
1263 1823 1514 1895 Virgine,
1575 1842 1861 1897 possumus

1322 426 1717 488 .COMMENL
1746 427 1818 492 ιΝ
1847 427 2178 502 ΘΕῌΕΒΙΜ,
2200 432 2546 498 κωκυ.
2581 465 2586 470 -
2615 483 2622 496 ,
2677 491 2680 494 ,
2757 457 2776 492 -.
2845 465 2872 498 _".

281 542 424 598 enim
461 537 653 594 videbit
692 537 847 592 homo
891 536 1076 606 faciem
1102 553 1271 593 meam
1296 547 1344 593 et
1375 540 1520 594 vivet.
1560 539 1626 594 Et
1650 539 1728 596 ait
1754 541 1859 596 Do-
1883 543 1938 620 Α
1958 556 2056 612 per
2079 543 2146 596 Ite
2167 553 2210 604 rt
2232 543 2450 612 quidem
2473 541 2746 614 scribere,
2772 541 2866 606 sed
2891 555 2990 616 per
3016 559 3048 608 a
3079 541 3280 620 legere.
3301 543 3468 614 ‘Sicut
3504 561 3539 604 e

3429 439 3546 511 5&6

1960 634 2234 688 contrario
2259 651 2293 688 a
2318 633 2551 690 litteram
2585 649 2726 704 saepe
2761 650 2858 707 per
2873 645 2921 698 ,τι
2945 635 3313 708 pronuntiant.
3527 691 3530 696 _

1984 753 1990 766 ι
2025 723 2278 797 Daboque
2319 726 2412 780 tibi
2447 735 2496 782 et
2532 727 2716 784 semini
2745 737 2834 781 tuo
2872 736 3065 782 terram
3104 727 3546 802 peregrinationis.

1959 823 2084 880 tute,
2115 831 2319 872 omnem
2365 825 2562 874 terram
2591 815 2848 881 Chanaan
2882 816 2942 870 in
2984 801 3361 887 possessionem
3385 801 3544 894 teter-'1

1961 923 2084 964 nam
2106 948 2125 976 ,
2149 917 2204 964 et
2229 909 2452 979 reliqua.
2483 909 2666 983 (Aug.)
2696 911 2938 980 Qumstio.
2963 919 3047 968 est
3085 911 3354 981 quomodo
3383 911 3538 988 dixe-I

1961 996 2034 1062 rit
2069 1005 2328 1054 aeternam
2353 1038 2370 1065 ,
2401 1015 2530 1056 cum.
2561 999 2819 1058 lsraelitis
2867 999 3232 1071 temporaliter
3262 1000 3386 1060 data
3412 1000 3488 1064 sit
3518 1038 3534 1065 ,

1958 1095 2141 1146 utrum
2163 1089 2459 1146 secundum
2482 1090 2584 1146 hoc
2601 1091 2852 1146 saeculum
2877 1091 3020 1148 dicta
3045 1091 3116 1146 sit
3135 1100 3354 1155 aeterna,
3383 1098 3444 1144 ut
3468 1089 3536 1146 ab

1959 1192 2024 1234 eo
2049 1179 2191 1249 quod
2219 1187 2305 1235 est
2331 1182 2458 1238 iam
2495 1179 2683 1236 Griece
2708 1221 2724 1247 ,
2754 1182 2898 1250 quod
2923 1181 3173 1236 steculum
3221 1180 3488 1251 signiﬁcat
3504 1218 3532 1246 _,

1960 1269 2163 1326 dictum
2185 1268 2258 1325 sit
2277 1272 2486 1334 ἀιωνιον,
2515 1278 2770 1342 tanquam
2802 1273 2850 1329 si
2878 1272 3072 1328 Latine
3101 1274 3206 1336 dici
3233 1273 3411 1344 possit
3429 1259 3544 1350 8ωῇ

1958 1358 2137 1416 culare
2150 1379 2171 1427 ;
2199 1375 2269 1416 an
2295 1377 2360 1416 ex
2382 1362 2489 1417 hoc
2512 1361 2715 1432 aliquid
2739 1363 3034 1418 secundum
3055 1363 3388 1434 spiritualem
3411 1379 3534 1434 pro:

1957 1453 2268 1509 missionem
2302 1453 2390 1509 hic
2414 1454 2712 1526 intelligere
2731 1469 3005 1528 cogamur,
3041 1464 3100 1510 ut
3140 1464 3396 1510 aeternam
3417 1455 3536 1510 ideo

1959 1543 2162 1599 dictum
2200 1544 2290 1611 sit,
2319 1544 2444 1613 quia
2484 1545 2613 1600 hinc
2635 1553 2899 1600 aeternum
2939 1544 3141 1614 aliquid
3178 1544 3532 1616 signiﬁcatur.

2031 1635 2112 1690 Tu
2139 1652 2259 1706 ergo
2275 1637 2533 1691 custodies
2558 1646 2765 1706 pactum
2791 1652 2963 1690 meum
2993 1645 3040 1690 et
3062 1652 3233 1690 semen
3261 1644 3407 1688 tuum
3420 1644 3536 1705 post

1960 1735 2008 1782 te
2036 1728 2092 1782 in
2119 1727 2536 1797 generationibus
2563 1727 2691 1782 suis.
2723 1726 2838 1780 Hoc
2859 1737 2932 1781 est
2951 1737 3162 1797 pactum
3183 1743 3374 1789 meum,
3399 1713 3549 1796 quod.

1961 1819 2292 1874 observabitis
2330 1820 2468 1872 inter
2492 1835 2578 1874 vos
2604 1828 2652 1872 et
2675 1835 2850 1873 semen
2889 1828 3036 1873 tuum
3057 1829 3170 1889 post
3200 1829 3268 1872 te.
3300 1816 3538 1872 Circum-

283 1909 614 1981 iutelligere,
646 1927 810 1981 quam
836 1928 979 1968 nunc
999 1925 1097 1982 per
1121 1913 1282 1969 ﬁdem
1327 1923 1382 1970 et
1425 1916 1764 1974 dilectionem
1802 1921 1858 1975 in
1883 1905 1932 1980 Β
1959 1915 2161 1970 cidetur
2200 1930 2266 1970 ea:
2303 1915 2444 1968 vobis
2486 1929 2637 1968 omne
2683 1911 3054 1977 masculinum,
3077 1920 3126 1966 et
3158 1907 3537 1964 circumcidetis

277 2005 539 2074 praesenti
579 2006 930 2062 desiderando
953 2007 1404 2077 contemplamur,
1455 2007 1730 2065 in'futura
1762 2026 1860 2066 au-

283 2101 398 2150 tem
427 2094 539 2150 vita
569 2096 1017 2166 contemplatione
1042 2098 1388 2167 perfruemur
1409 2108 1632 2156 aeterna.

355 2181 643 2255 Propterea
674 2187 948 2258 appellavit
985 2199 1200 2258 puteum
1224 2190 1375 2244 illum
1410 2202 1622 2261 puteum
1647 2196 1858 2251 viventis

277 2286 330 2334 et
367 2278 582 2334 videntis
612 2297 713 2334 me.
746 2278 927 2351 Usque
949 2283 1110 2337 hodie
1130 2291 1324 2354 puteus
1353 2284 1498 2355 Agar
1521 2287 1858 2343 demonstra-

279 2376 371 2423 tur
405 2369 460 2423 in
503 2370 718 2426 deserto
764 2370 998 2438 Arabiae,
1035 2374 1178 2429 inter
1215 2375 1389 2431 Cades
1429 2385 1487 2433 et
1521 2377 1719 2434 Barad.
1755 2379 1860 2452 Ty—

276 2459 398 2532 pice
445 2469 625 2516 autem
667 2470 862 2532 puteus
907 2464 1009 2518 iste
1063 2464 1235 2535 legem
1270 2475 1507 2522 veterem
1553 2484 1617 2523 ac
1662 2485 1858 2526 novam

279 2551 570 2621 signiﬁcat,
603 2567 769 2622 quam
797 2552 1058 2610 Conditor
1078 2565 1286 2623 noster,
1313 2558 1406 2626 qui
1433 2567 1517 2613 est
1541 2559 1651 2614 vita
1674 2560 1860 2615 viven-

276 2643 416 2698 tium
442 2651 498 2700 et
525 2659 651 2714 spes
684 2644 1054 2713 morientium,
1105 2648 1300 2703 intuitu
1336 2650 1439 2718 pia:
1484 2652 1852 2708 miserationis

275 2736 598 2793 mortalibus
625 2727 803 2802 dedit}
818 2745 879 2792 ut
915 2753 1015 2810 per
1063 2739 1208 2795 illam
1233 2741 1409 2796 edocti
1437 2751 1600 2814 atque
1645 2759 1676 2798 a
1711 2745 1858 2800 vitiis

275 2830 552 2896 correcti,
596 2830 713 2902 ejus
735 2831 945 2886 visione
969 2832 1025 2887 in
1051 2831 1205 2889 caalis
1245 2842 1508 2905 perpetua
1559 2835 1708 2907 digni
1738 2851 1859 2893 esse

277 2926 613 2974 mereantur.

349 3009 661 3084 Peperitque
686 3015 832 3085 Agar
860 3015 1015 3071 Abrae
1039 3019 1230 3087 filium,
1287 3019 1377 3090 qui
1426 2999 1624 3076 vocavit
1670 3039 1858 3078 nomen

273 3103 391 3173 ejus
405 3101 633 3160 Ismael.
665 3104 750 3161 Ad
788 3121 987 3162 nomen
1024 3107 1239 3175 allusit;
1280 3109 1469 3166 lsmael
1500 3112 1647 3168 enim
1689 3113 1858 3168 inter-

274 3203 524 3266 pretatur
547 3197 752 3251 auditio
780 3197 898 3264 Dei,
947 3198 1090 3254 sicut
1129 3201 1350 3273 angelus
1391 3204 1672 3279 supra.ad
1712 3205 1858 3276 Agar

1959 2021 2171 2060 carnem
2205 2007 2447 2076 prwputii
2490 2005 2669 2071 vestri,
2702 2015 2759 2059 ut
2806 2007 2874 2060 'sit
2912 2007 3116 2077 signum
3165 2003 3373 2074 fwderis
3401 2003 3540 2057 inter

1958 2116 2040 2154 me
2071 2107 2118 2152 et
2142 2115 2252 2152 vos.
2276 2097 2466 2168 Infans
2497 2107 2610 2152 octo
2635 2098 2839 2152 d‘ierum
2861 2094 3262 2150 circumcidetur
3285 2095 3339 2147 in
3369 2091 3534 2146 vobis.

1963 2189 2129 2244 Omne
2157 2188 2504 2243 masculinum
2541 2191 2597 2243 in
2624 2187 3042 2260 generationibus
3069 2187 3271 2251 vestris,
3297 2193 3404 2240 tam
3430 2201 3540 2239 ver-

1960 2279 2181 2334 naculus
2205 2294 2362 2350 quam
2386 2278 2674 2349 emptitius,
2707 2276 3110 2332 circumcidetur
3130 2316 3146 2342 ,
3175 2284 3223 2331 et
3246 2277 3538 2346 quicunque

1959 2361 2063 2426 non
2097 2370 2295 2440 fuerint
2341 2371 2404 2424 de
2439 2371 2600 2440 stirpe
2628 2379 2796 2424 vestra
2817 2410 2834 2436 ,
2885 2374 3084 2440 eritque
3109 2377 3320 2438 pactum
3365 2382 3538 2420 meum

1958 2461 2014 2515 in
2036 2477 2193 2514 carne
2212 2469 2383 2514 vestra
2404 2460 2459 2513 in
2481 2459 2650 2531 foedus
2675 2460 3062 2530 sempiternum.
3095 2456 3366 2511 Masculus
3386 2456 3538 2524 cujus

1957 2546 2201 2624 prwputii
2240 2569 2364 2607 caro
2409 2554 2719 2608 circumcisa
2748 2569 2851 2607 non
2877 2552 3056 2621 fuerit,
3077 2549 3332 2604 delebitur
3359 2549 3536 2602 anima

1957 2642 2052 2697 illa
2082 2643 2148 2696 de
2181 2643 2372 2714 populo
2410 2661 2527 2709 suo,
2557 2646 2685 2715 quia
2715 2653 2923 2714 pactum
2948 2658 3120 2696 meum
3151 2640 3361 2694 irritant
3392 2639 3535 2708 fecit.

1957 2731 2077 2788 Jam
2103 2743 2230 2789 tunc
2249 2723 2472 2806 prOpter
2496 2734 2984 2806 peregrinationem
3009 2730 3270 2795 futuram,
3295 2744 3363 2783 ne
3388 2743 3538 2784 com-

1958 2827 2281 2882 misceretur
2309 2842 2494 2882 semen
2539 2825 2656 2896 ejus
2698 2827 2841 2880 inter
2873 2832 3100 2896 gentes,
3148 2822 3350 2893 pepigit
3395 2822 3538 2875 Deus

1957 2930 2177 2996 pactum
2208 2937 2332 2977 cum
2372 2920 2648 2975 Abraham
2676 2960 2690 2985 ,
2723 2927 2780 2973 et
2812 2917 2974 2971 datur
3011 2914 3063 2968 ei
3110 2911 3452 2968 circumcisio
3482 2910 3538 2964 in

1958 3013 2171 3084 signum
2225 3012 2310 3067 his
2353 3011 2583 3066 verbis:
2630 3007 3043 3064 Circumcidetur
3092 3020 3158 3059 ea:
3203 3003 3344 3057 vobis
3388 3017 3538 3055 omne

1957 3104 2326 3159 masculinum.
2372 3102 2562 3174 Infans
2610 3110 2724 3155 octo
2779 3101 2982 3155 dierum
3035 3095 3440 3151 circumsidetur
3482 3095 3538 3147 in

1959 3195 2119 3262 vobis,
2169 3205 2279 3250 tam
2305 3194 2614 3251 vernaculus
2641 3208 2798 3264 quam
2822 3189 3086 3261 emptitius
3113 3186 3534 3241 circumcidetur.

275 3286 452 3342 (ῘίΧίιε
489 3286 705 3344 Vocabis
731 3307 918 3344 nomen
944 3290 1059 3360 ejus
1081 3266 1281 3347 Ismael
1299 3335 1314 3362 ,
1359 3311 1420 3350 eo
1451 3266 1590 3366 quod
1626 3266 1856 3353 ααάὶξνίι
1884 3266 1932 3348 Ct
1962 3287 2234 3344 Masculus
2269 3297 2442 3341 autem
2472 3287 2625 3356 cujus
2665 3283 2908 3355 praeputii
2949 3297 3073 3336 caro
3096 3278 3406 3334 circumcisa
3433 3294 3538 3332 non

272 3375 532 3434 Dominus
557 3380 887 3452 afflictionem
916 3396 1106 3435 meam.

860 3520 1090 3578 CAPUT
1126 3521 1269 3579 XIX.

280 3635 672 3707 Testamentum
699 3652 798 3707 Dei
833 3655 1038 3730 factum»
1060 3657 1129 3710 ad
1157 3658 1387 3730 Abram;
1413 3667 1461 3713 et
1485 3660 1623 3730 quod
1674 3660 1858 3717 Domi-

350 3738 618 3808 nuseum.
645 3733 847 3808 patrem
903 3727 1131 3806 gentium
1172 3727 1409 3808 futurum
1453 3727 1754 3799 pollicetur,
1808 3741 1858 3787 et

275 3783 304 3810 "
350 3806 539 3844 nomen
573 3793 620 3845 ei
645 3783 927 3847 'Abraharn
958 3783 1222 3866 imposuit.

333 3927 501 3999 .(CAP.
539 3929 698 3997 xvn.)
751 3930 1039 4004 Postquam
1081 3951 1197 3990 vero
1247 3938 1532 4008 nonaginta
1580 3947 1630 3993 et
1678 3955 1856 3995 novem

269 4037 534 4076 annorum
563 4039 674 4078 esse
697 4033 938 4096 coeperat,
969 4026 1211 4096 apparuit
1242 4027 1290 4082 ei
1317 4027 1596 4096 Dominus,
1624 4029 1858 4100 dixitque

269 4113 342 4168 ad
373 4130 490 4168 eum
514 4127 534 4166 :
555 4115 669 4186 Ego
689 4116 832 4171 Deus
861 4116 1186 4188 omnipotens
1211 4135 1236 4176 :
1278 4117 1492 4174 ambula
1523 4135 1699 4174 coram
1731 4137 1811 4174 me
1839 4161 1856 4187 ,

269 4213 320 4262 et
361 4214 467 4258 esto
502 4206 803 4278 perfectus;
847 4226 1140 4281 ponamque
1179 4209 1346 4279 foedus
1396 4226 1567 4264 meum
1615 4211 1751 4266 inter
1777 4228 1859 4268 me

270 4303 320 4346 et
367 4303 438 4360 te,
490 4305 540 4348 et
581 4296 937 4368 multiplicabo
995 4307 1044 4352 te
1090 4299 1409 4354 vehementer
1450 4299 1626 4354 nimis.
1660 4299 1857 4354 Cecidit

271 4386 469 4440 Abram
490 4403 685 4456 pronus
707 4389 762 4442 in
787 4390 998 4460 faciem.
1021 4389 1269 4461 Dixitque
1290 4392 1337 4448 ei
1356 4390 1498 4446 Deus
1531 4406 1549 4444 :
1577 4389 1693 4462 Ego
1717 4407 1856 4458 sum,

272 4488 321 4550 et
352 4494 542 4546 ponam
565 4490 776 4550 pactum
807 4499 978 4537 meum
1008 4493 1177 4538 tecum
1196 4525 1211 4551 ,
1256 4486 1461 4555 erisque
1487 4495 1636 4555 pater
1663 4483 1858 4540 multa-

273 4584 393 4638 rum
411 4572 674 4640 gentium;
690 4589 780 4627 nec
798 4573 939 4628 ultra
963 4575 1235 4629 vocabitur
1256 4592 1442 4630 nomen
1467 4585 1612 4629 tuum
1635 4574 1850 4643 Abram,

1957 3381 2158 3452 fuerit,
2196 3378 2458 3433 delabitur
2479 3377 2656 3438 anima
2703 3374 2846 3428 illius
2888 3372 2952 3440 de
2991 3369 3183 3444 populo
3234 3385 3368 3434 suo,
3414 3367 3538 3435 quia

1954 3484 2167 3546 pactum
2210 3489 2382 3526 meum
2411 3471 2620 3525 irritum
2651 3467 2792 3537 fecit.
2828 3464 2934 3521 Sed
2962 3465 3092 3536 quid
3130 3463 3274 3518 aliud
3308 3461 3538 3517 circum-

1957 3563 2091 3618 cisio
2117 3562 2426 3634 signiﬁcat,
2457 3560 2561 3614 nisi
2599 3566 2912 3614 renovatam
2957 3563 3210 3610 naturam
3245 3568 3342 3623 per
3363 3549 3538 3621 bapti-

1955 3669 2133 3709 smum
2172 3661 2293 3724 post
2341 3651 2719 3722 spoliationem
2759 3645 2958 3702 veteris
3002 3642 3363 3699 hominis?et
3416 3638 3538 3710 quis

1956 3735 2041 3802 est
2062 3753 2286 3802 octavus
2312 3744 2428 3798 dies
2457 3742 2563 3797 nisi
2604 3740 2870 3805 Christus,
2903 3736 2995 3808 qui
3023 3732 3362 3790 hebdomada
3389 3744 3538 3786 com-

1953 3833 2134 3913 pleta,
2174 3839 2277 3893 hoc
2318 3845 2400 3892 est
2445 3820 2569 3907 post
2631 3832 2913 3889 sabbatum
2942 3871 2957 3896 ,
2994 3819 3345 3884 resurrexit?
3381 3823 3536 3892 Quod

1955 3915 2084 3988 vero
2110 3946 2218 3986 non
2247 3917 2420 3986 solum
2456 3928 2616 3992 ﬁlios,
2647 3925 2740 3982 sed
2766 3933 2821 3979 et
2847 3937 3054 3989 servos,
3084 3928 3138 3977 et
3166 3917 3487 3975 vernaculos
3513 3955 3529 3984 ,

1957 4033 2012 4086 et
2045 4023 2340 4095 emptitios,
2370 4017 2681 4076 circumcidi
2709 4015 2971 4087 praecipit,
3003 4014 3071 4068 ad
3094 4026 3282 4068 omnes
3301 4008 3531 4081 gratiam

1959 4103 2345 4186 redemptionis
2394 4113 2662 4184 pertinere
2692 4118 2940 4164 testatur.
2980 4103 3060 4162 Ibi
3105 4111 3387 4176 parentum
3418 4117 3536 4156 mu-

1956 4217 2141 4282 tantur
2183 4216 2238 4262 et
2291 4206 2509 4262 nomina
2543 4245 2560 4272 ,
2591 4211 2651 4259 ut
2698 4204 2877 4260 omnia
2928 4209 3184 4258 resonent
3217 4197 3532 4254 novitatem.

1956 4279 2092 4358 Nam
2130 4301 2334 4356 Abram
2361 4341 2376 4367 ,
2423 4297 2566 4370 quod
2595 4307 2754 4367 antea
2781 4297 3101 4360 vocabatur,
3151 4295 3538 4363 interpretatur

1954 4402 2106 4464 pater
2150 4390 2406 4458 excelsus,
2456 4389 2734 4446 Abraham
2763 4397 2911 4458 pater
2938 4387 3244 4442 multarum.
3278 4383 3395 4452 Quo
3440 4398 3537 4437 no-

1957 4483 2101 4553 mine
2137 4480 2603 4554 przenuntiabatur
2637 4479 2781 4549 quod
2814 4477 2993 4532 multas
3023 4485 3213 4548 gentes
3250 4472 3373 4529 ﬁdei
3423 4471 3537 4541 ejus

1957 4574 2187 4644 vestigia
2231 4578 2611 4643 sequerentur.
2640 4568 2800 4648 illud
2845 4576 3024 4622 autem
3074 4566 3203 4638 quid
3240 4565 3341 4629 sit,
3393 4565 3534 4634 quod

270 4661 366 4715 sed
407 4663 750 4733 appellabaris
793 4664 1061 4719 Abraham
1087 4705 1104 4732 ,
1163 4668 1287 4736 quia
1331 4676 1532 4736 patrem
1567 4665 1849 4720 multarum
1883 4654 1932 4726 δῖ
1959 4666 2162 4722 dictum
2200 4671 2284 4719 est
2314 4681 2327 4716 :
2361 4660 2654 4725 Masculus,
2683 4657 2773 4728 qui
2805 4673 2910 4711 non
2936 4654 3328 4710 circumciditur
3353 4663 3535 4706 octava

271 4753 506 4822 gentium
547 4755 792 4810 constitui
823 4764 890 4808 te.
927 4754 1232 4812 Notandum
1273 4756 1414 4826 quod
1461 4756 1769 4826 ubicunque
1795 4757 1850 4810 in

271 4842 467 4899 Επαιοο
510 4855 1174 4902 sermonetestamentum
1203 4848 1447 4918 elegimus
1471 4887 1488 4915 ,
1531 4848 1605 4918 ibi
1645 4849 1698 4902 iu
1745 4848 1852 4903 He-

271 4934 463 4992 braico
483 4950 733 4994 sermone
762 4937 834 4992 sit
869 4937 1036 5008 foedus
1069 4939 1184 4996 sive
1205 4950 1444 5010 pactum,
1481 4940 1536 4995 id
1555 4947 1659 5005 est,
1687 4939 1850 4994 beritlt

270 5033 440 5084 nm.
482 5025 680 5083 Dicunt
719 5039 902 5084 autem
955 5028 1166 5100 Hebraei
1211 5031 1354 5101 quod
1390 5047 1458 5087 ex
1504 5031 1721 5087 nomine
1761 5045 1859 5100 suo

274 5115 440 5182 Deus,
463 5118 608 5187 quod
632 5120 775 5189 apud
802 5119 922 5175 illos
946 5125 1400 5199 τετραγράμματον
1429 5131 1534 5190 est,
1557 5123 1627 5177 he
1653 5133 1693 5183 Π
1717 5121 1860 5177 litte-

272 5222 396 5264 ram
420 5206 582 5264 Abrae
623 5218 680 5264 et
723 5209 1186 5282 Sarajaddiderit.
1218 5212 1510 5269 Dicebatur
1548 5215 1693 5269 enim
1742 5213 1858 5284 pri-

273 5315 424 5354 mum
448 5299 650 5356 Abram
679 5312 865 5368 nm,
895 5305 1036 5374 quod
1061 5305 1454 5375 interpretatur
1493 5314 1642 5376 pater
1687 5302 1856 5359 excel-

270 5407 407 5457 sus;
435 5399 491 5446 et
516 5400 705 5462 postea
730 5403 954 5450 vocatus
997 5405 1083 5452 est
1127 5395 1402 5452 Abraham
1441 5406 1645 5457 armis
1667 5435 1683 5462 ,
1709 5395 1855 5466 quod

274 5483 605 5539 transfertur
651 5494 800 5555 pater
841 5486 1146 5540 multarum.
1196 5486 1333 5540 Nam
1366 5486 1512 5556 quod
1559 5485 1806 5556 sequitur
1834 5526 1853 5554 ,

273 5581 534 5652 gentium,
574 5596 684 5638 non
722 5575 952 5637 habetur
985 5583 1039 5637 in
1073 5582 1291 5638 nomine
1316 5623 1331 5649 ,
1372 5582 1467 5637 sed
1512 5580 1851 5636 subauditur.

276 5671 394 5728 Nec
434 5673 737 5729 mirandum
779 5687 945 5743 quare
992 5689 1116 5730 cum
1159 5675 1299 5744 apud
1338 5673 1580 5742 Gmcos,
1605 5681 1661 5729 et
1693 5687 1792 5728 nos
1820 5685 1853 5727 a

276 5766 461 5822 littera
490 5765 736 5822 videatur
759 5764 937 5820 addita
962 5805 978 5830 ,
1010 5780 1107 5820 nos
1134 5766 1197 5820 Ite
1221 5777 1259 5824 rt
1290 5765 1526 5822 litteram
1569 5763 1852 5821 Hebraaam

275 5853 523 5914 additam
561 5853 876 5916 dixerimus.
923 5854 1125 5912 ldioma
1149 5856 1294 5913 enim
1333 5857 1528 5928 linguae
1555 5854 1699 5912 illius
1741 5862 1849 5923 est,

1957 4758 2064 4821 die,
2089 4755 2276 4825 peribit
2303 4753 2481 4808 anima
2513 4750 2607 4804 illa
2633 4750 2696 4820 de
2715 4746 2926 4820 populo,
2953 4748 3078 4818 quia
3107 4754 3317 4818 pactum
3363 4759 3535 4797 meum

1957 4851 2167 4916 irritum
2214 4846 2331 4917 fecit
2358 4848 2381 4900 ?
2406 4845 2514 4906 Cur
2562 4853 2743 4899 autem
2771 4850 2959 4914 pereat
2993 4841 3173 4898 anima
3219 4836 3429 4912 parvuli
3457 4835 3538 4890 in-

1957 4939 2301 5014 circumcisi,
2330 4938 2456 4992 dum
2482 4937 2596 5006 ipsa
2622 4942 2840 5006 pactum
2869 4934 2966 4991 Dei
2995 4933 3206 4988 irritum
3245 4946 3352 4985 non
3386 4928 3534 4996 fecit,

1960 5031 2059 5100 sed
2106 5031 2196 5102 qui
2237 5045 2358 5086 eum
2406 5027 2793 5094 circumcidere
2848 5025 3243 5100 neglexerunt,
3303 5020 3410 5075 nisi
3477 5023 3538 5086 ut

1960 5105 2290 5195 signiﬁcaret
2317 5119 2709 5192 quod-parvuli
2739 5134 2846 5173 non
2889 5117 3183 5173 secundum
3229 5128 3382 5194 opus,
3439 5107 3533 5168 sed

1961 5197 2258 5270 secundum
2299 5211 2568 5282 originem,
2592 5211 2644 5264 in
2683 5209 2858 5284 primo
2907 5207 3123 5263 homine
3173 5211 3393 5278 pactum
3437 5197 3535 5255 Dei

1962 5293 2361 5376 dissipaverint,
2378 5303 2432 5358 in
2453 5318 2560 5373 quo
2586 5291 2774 5357 Omnes
2799 5297 3202 5372 peccaverunt?
3225 5294 3534 5349 Nascuntur

1959 5383 2108 5460 enim
2153 5411 2343 5452 omnes
2391 5409 2499 5450 non
2549 5393 2784 5465 proprie,
2805 5377 2911 5446 sed
2938 5387 3294 5461 originaliter,
3346 5400 3535 5464 pecca-

1958 5497 2107 5544 tores
2137 5501 2153 5541 :
2181 5501 2339 5556 quem
2368 5484 2471 5539 nisi
2503 5481 2841 5552 regeneratio
2867 5480 3079 5546 liberet,
3116 5476 3316 5550 peribit
3351 5489 3530 5530 anima

1958 5580 2078 5651 ejus
2100 5580 2166 5633 de
2190 5575 2386 5648 pOpulo
2418 5591 2548 5641 suo,
2582 5571 2708 5652 quia
2737 5581 2956 5644 pactum
2985 5562 3082 5626 Dei
3117 5571 3330 5625 irritum
3363 5565 3490 5622 fecit
3512 5603 3528 5632 ,

1958 5670 2176 5742 quando
2205 5670 2260 5724 in
2299 5668 2469 5723 Adam
2522 5665 2857 5737 originaliter
2901 5665 3064 5720 etiam
3103 5665 3220 5736 ipse
3265 5659 3527 5742 peccavit.

1956 5741 2164 5836 Idcirco
2191 5759 2424 5816 Abrahae
2468 5755 2810 5813 circumcisio
2847 5755 3222 5815 commendata
3260 5741 3532 5820 est-'pr'm-

1957 5870 2084 5926 eeps
2108 5893 2124 5923 ,
2152 5861 2212 5909 ut
2237 5851 2336 5909 sub
2363 5848 2481 5921 lege
2507 5855 2651 5920 esset
2687 5847 2828 5906 sicut
2852 5856 2908 5905 et
2932 5847 3104 5904 Adam
3129 5886 3146 5910 .
3187 5858 3254 5900 ne
3286 5841 3354 5899 de
3382 5840 3528 5905 ligno
