3974 6484
329 468 438 532 549

1353 446 1703 528 conum.
1740 469 1809 525 lN
1846 457 2165 526 omnesut.
2203 498 2276 511 —
2310 467 2440 525 LIB.
2477 462 2543 525 ιι.

3476 460 3602 528 550'

327 600 429 663 que
452 597 568 655 quia
602 581 874 650 manifeste
911 581 968 635 in
1004 595 1160 635 carne
1197 589 1272 636 est
1311 581 1661 656 circumcisio,
1700 581 1790 636 sed
1814 582 1905 652 qui
1930 586 2096 646 Asos
2137 587 2192 635 et
2232 579 2447 634 illicitos
2486 576 2688 650 passim
2731 560 2931 649 pendet
2967 577 3285 649 amplexus,
3323 580 3485 653 atque
3526 583 3581 635 in

326 672 386 728 in
414 669 617 727 occulto
641 667 864 723 Iudaeus
893 676 1005 735 est,
1025 669 1418 723 circumcisione
1442 668 1613 723 cordis
1642 667 1695 722 in
1719 668 1904 738 spiritu

328 784 436 822 non
461 766 637 820 littera
664 764 682 835 (
708 762 864 820 Rom.
894 780 933 819 ιι
953 762 996 837 ).
1025 763 1141 820 Νοη
1172 765 1271 820 tibi
1301 766 1515 838 dignius
1538 765 1751 822 videtur
1779 766 1903 821 talis

327 858 681 918 circumcisio
714 857 943 913 dicenda
972 856 1026 912 in
1054 858 1256 914 sanctis
1282 865 1337 913 et
1366 858 1555 914 amicis
1580 858 1710 925 Dei,
1740 873 1903 928 quam

326 948 512 1005 carnis
549 946 937 1001 obtruncatio?
976 945 1078 1001 Sed
1118 947 1383 1002 sermonis
1424 947 1636 1003 novitas
1675 947 1904 1003 fortasse

329 1055 442 1095 non
483 1038 658 1094 solum
694 1036 935 1102 Judmos,
968 1022 1061 1092 sed
1090 1037 1255 1092 etiam
1288 1037 1499 1109 aliquos
1540 1022 1768 1092 fratrum
1807 1055 1904 1095 no-

328 1143 569 1188 strorum
595 1128 883 1185 deterreat.
913 1116 1270 1201 Impossibilia
1297 1129 1441 1185 enim
1468 1114 1679 1185 videtur
1702 1130 1903 1186 Paulus

326 1236 681 1294 praesumere,
703 1221 797 1291 qui
822 1220 1285 1277 circumcisionem
1308 1221 1486 1277 cordis
1509 1221 1732 1277 inducit.
1765 1221 1906 1290 Quo-

328 1300 489 1370 modo
511 1298 655 1369 enim
678 1300 795 1369 fieri
817 1313 1053 1383 potuerit
1076 1324 1138 1367 ut
1160 1313 1575 1369 circumcidatur
1600 1314 1903 1369 membrum

324 1390 472 1477 quod
504 1394 734 1461 internis
764 1404 1061 1460 visceribus
1086 1403 1390 1472 obtectum,
1422 1405 1587 1460 etiam
1614 1420 1647 1459 a
1674 1417 1901 1477 conspe-

325 1500 508 1555 ctibns
546 1486 679 1569 ipsis
716 1480 993 1552 hominum
1034 1482 1205 1551 latet?
1235 1493 1343 1551 Vos
1373 1504 1552 1575 autem
1574 1537 1590 1563 ,
1618 1513 1652 1553 o
1676 1497 1905 1571 populus

326 1592 452 1658 Dei,
486 1584 541 1646 et
572 1590 800 1662 populus
831 1576 886 1644 in
915 1589 1322 1660 acquisitionem
1363 1590 1600 1658 electus,
1631 1590 1700 1645 ad
1740 1606 1903 1647 enar-

325 1672 528 1738 randas
554 1683 786 1756 virmtes
812 1666 1060 1751 Domini,
1092 1683 1345 1754 suscipite
1373 1669 1590 1756 dignam
1617 1683 1902 1739 circumci—

322 1773 533 1829 sionem
575 1764 725 1828 verbi
767 1762 863 1828 Dei
893 1775 947 1827 in
978 1772 1197 1830 auribus
1227 1773 1453 1839 veStris,
1488 1781 1543 1829 et
1572 1758 1628 1829 i'n
1670 1773 1826 1829 labiis
1851 1780 1906 1829 et

323 1883 379 1921 ιιι
404 1862 599 1932 corde,
630 1870 687 1920 et
714 1862 767 1920 in
797 1866 1059 1953 praeputio
1087 1867 1267 1922 carnis
1296 1868 1521 1933 vestrae,
1554 1873 1609 1921 et
1638 1865 1694 1920 in
1723 1860 1901 1920 omni-

2006 687 2221 729 omnem
2249 671 2489 726 libidinis
2516 671 2782 742 gurgitem
2808 669 2981 725 fertur
3005 671 3252 737 infrenis,
3282 672 3384 727 iste
3416 673 3579 727 incir-

2005 763 2274 818 cumcisus
2303 770 2385 817 est
2414 762 2677 832 praaputio
2705 761 2888 817 carnis
2924 777 3056 817 sum.
3099 760 3299 818 Verum
3339 758 3580 818 Ecclesia

2003 850 2205 907 Christi
2250 852 2423 924 gratia
2461 846 2596 920 ejus'
2620 852 2712 922 qui
2750 866 2849 922 pro
2876 867 2937 907 se
2964 852 3258 908 crucifixus
3294 862 3377 908 est
3418 854 3577 908 robo-

2003 951 2157 1010 rata,
2184 959 2292 999 non
2332 943 2504 999 solum
2544 942 2613 999 ab
2655 944 2858 1000 illicitis
2899 943 3253 1015 nefandisque
3278 944 3576 1013 cubilibus,

2002 1047 2194 1089 verum
2223 1033 2387 1089 etiam
2415 1050 2445 1087 a
2473 1035 2743 1090 concessis
2771 1045 2826 1090 et
2854 1036 3019 1091 licitis
3049 1045 3346 1108 temperat,
3373 1045 3429 1092 et
3460 1046 3577 1091 tau-

2004 1139 2164 1194 quam
2205 1123 2358 1195 virgo
2399 1138 2597 1195 Sponsa
2635 1122 2869 1192 Christi,
2917 1126 3083 1182 castis
3121 1134 3175 1182 et
3223 1125 3433 1196 pudicis
3469 1126 3579 1179 vir-

2004 1220 2221 1289 ginibus
2271 1219 2463 1287 ﬂoret,
2509 1220 2565 1275 in
2611 1221 2807 1291 quibus
2851 1236 2979 1277 vera
3019 1222 3360 1277 circumcisio
3399 1221 3579 1276 carnis

2003 1311 2251 1383 praeputii
2275 1311 2417 1366 facta
2442 1321 2556 1380 est,
2577 1322 2634 1368 et
2657 1328 2783 1368 vere
2801 1322 3186 1370 testamentum
3212 1313 3308 1369 Dei
3334 1322 3391 1368 et
3414 1321 3581 1369 testa-

2004 1412 2245 1481 mentum
2268 1411 2530 1461 aaternum
2554 1406 2610 1461 in
2631 1420 2819 1461 eorum
2843 1422 3008 1462 carne
3031 1418 3295 1464 servatur.
3320 1406 3582 1476 Superest

2007 1495 2289 1566 designare
2317 1497 2481 1551 etiam
2508 1497 2980 1554 circumcisionem
3008 1497 3207 1553 cordis.
3253 1496 3311 1553 Si
3353 1498 3473 1568 quis
3501 1503 3585 1552 est

2007 1587 2099 1658 qui
2122 1587 2369 1643 obscenis
2393 1588 2679 1644 desideriis
2698 1596 2753 1644 et
2777 1588 2936 1645 {mdis
2962 1587 3343 1659 cupiditatibus
3365 1595 3581 1653 aestuat,

2006 1688 2063 1736 ct
2080 1721 2096 1746 ,
2122 1686 2179 1736 ut
2206 1679 2445 1736 breviter
2472 1680 2649 1736 dicam
2667 1718 2683 1746 ,
2713 1678 2803 1752 qui
2830 1679 3139 1737 moechatur
3160 1679 3360 1745 corde},
3384 1676 3474 1732 hic
3500 1671 3582 1731 in-

2008 1772 2363 1828 circumcisus
2392 1780 2475 1829 est
2501 1774 2682 1829 corde.
2730 1772 2836 1828 Sed
2860 1780 2918 1827 et
2945 1758 3037 1840 qui
3078 1770 3363 1825 haereticos
3393 1783 3583 1824 sensus

2006 1862 2192 1919 mente
2242 1864 2473 1932 retinet,
2527 1871 2582 1919 et
2630 1863 2971 1934 blasphemas
3017 1860 3345 1917 assertiones
3396 1865 3582 1914 contra

323 1969 426 2015 bus
468 1958 689 2021 omnino
729 1942 987 2015 membris
1026 1945 1244 2016 vestris.
1287 1957 1633 2014 Circumcisae
1668 1972 1903 2028 namque
1930 1934 1978 2010 Β
2005 1953 2288 2008 scientiam
2319 1952 2522 2009 Christi
2564 1953 2801 2025 disponit
2839 1953 2895 2008 in
2937 1954 3132 2021 corde,
3164 1952 3255 2008 hic
3293 1950 3585 2008 incircum-

325 2049 440 2104 sint
484 2064 644 2105 aures
671 2057 862 2105 vestra:
894 2051 1188 2105 secundum
1220 2050 1443 2106 verbum
1474 2050 1602 2117 Dei,
1630 2058 1691 2105 ut
1716 2064 1906 2104 vocem

324 2157 432 2196 non
466 2141 726 2212 recipiant
748 2141 1135 2207 obtrectantis,
1160 2148 1221 2196 ut
1247 2140 1495 2196 maledici
1525 2148 1581 2196 et
1606 2139 1904 2211 blasphemi

327 2222 489 2287 verba
529 2249 635 2288 non
664 2222 917 2299 audiant,
949 2233 1034 2288 vel
1076 2231 1227 2288 falsis
1255 2233 1726 2288 criminationibus
1755 2246 1907 2287 men-

323 2334 435 2380 tem
466 2340 573 2380 non
602 2314 948 2397 patefaciant.
994 2316 1314 2396 Oppilentur
1340 2336 1397 2405 et
1425 2326 1625 2405 clausae
1664 2325 1803 2393 sint,
1838 2340 1907 2405 ne

320 2410 585 2484 iudicium
626 2406 902 2487 sanguinis
946 2415 1203 2484 audiant,
1234 2426 1328 2471 aut
1367 2400 1653 2487 impudicis
1680 2400 1907 2471 canticis

317 2515 380 2563 et
418 2493 775 2562 theatralibus
821 2498 969 2563 sonis
996 2516 1235 2578 pateant.
1269 2490 1413 2562 Nihil
1442 2509 1735 2564 obscenum
1763 2504 1903 2561 reci-

314 2592 511 2668 plant;
546 2586 641 2653 sed
674 2584 742 2652 ab
768 2586 917 2653 omni
958 2614 1121 2654 scena
1151 2599 1511 2669 corruptionis
1542 2612 1746 2653 aversae
1775 2596 1900 2652 sint.

318 2680 449 2741 Haec
479 2684 564 2742 est
592 2686 934 2743 circumcisio
954 2704 1069 2759 aqua
1090 2674 1329 2744 Ecclesia
1355 2687 1558 2743 Christi
1589 2702 1749 2742 aures
1772 2701 1901 2741 suo-

317 2792 445 2831 rum
484 2778 827 2833 circumcidit
851 2772 1134 2833 infantum.
1165 2778 1316 2843 lstaa,
1351 2766 1545 2844 credo,
1576 2785 1701 2833 sunt
1744 2791 1905 2831 aures

318 2883 460 2938 quas
486 2869 541 2923 in
567 2866 905 2925 auditoribus
931 2858 1042 2924 suis
1065 2860 1324 2925 Dominus
1348 2870 1659 2940 requirebat
1685 2858 1899 2924 dicens:

322 2958 432 3026 Qui
471 2952 623 3015 habet
670 2978 823 3016 aures
861 2950 1146 3028 audiendi,
1192 2963 1377 3017 audiat
1408 2961 1578 3034 (Luc.
1612 2959 1769 3033 vm).
1801 2958 1905 3015 Ne-

319 3067 415 3107 mo
454 3053 597 3106 ehim
642 3061 820 3122 potest
848 3044 1244 3108 iucircumcisis
1273 3053 1494 3108 auribus
1533 3059 1588 3106 et
1614 3049 1905 3106 immundis

318 3142 526 3196 munda
569 3141 731 3197 verba
771 3142 1051 3215 sapientia:
1090 3153 1145 3198 et
1183 3144 1430 3200 veritatis
1470 3143 1676 3219 audire.
1708 3141 1904 3196 Venia-

318 3248 447 3288 mus
465 3274 481 3299 ,
509 3233 553 3290 si
581 3233 772 3301 vultis,
799 3240 853 3290 et
880 3232 944 3290 ad
976 3232 1244 3290 labiorum
1272 3234 1757 3290 circumcisionem.
1789 3222 1902 3303 Ego

315 3329 454 3391 puto
483 3321 624 3392 quod
655 3323 1066 3381 incircumcisus
1095 3326 1168 3380 sit
1192 3316 1366 3389 labiis,
1399 3320 1489 3393 qui
1521 3323 1755 3378 nondum
1785 3337 1905 3379 ces-
1933 3294 1978 3372 ε

316 3414 465 3469 sarit
487 3432 518 3470 a
541 3414 895 3486 stultiloquio,
921 3433 950 3472 a
976 3419 1325 3484 scurrilitate,
1349 3421 1439 3490 qui
1468 3413 1624 3475 bouis
1649 3415 1869 3490 derogat
1886 3456 1901 3485 ,

319 3502 419 3573 qui
446 3505 770 3560 eriminatur
796 3508 1072 3577 proximos
1090 3548 1105 3574 ,
1137 3510 1228 3577 qui
1256 3498 1383 3565 lites
1413 3510 1668 3579 instigat,
1695 3512 1785 3579 qui
1815 3527 1907 3566 ca-

318 3590 559 3652 lumnias
596 3602 811 3664 movet,
855 3599 946 3668 qui
989 3596 1188 3654 fratres
1218 3599 1360 3655 inter
1387 3614 1445 3656 se
1471 3588 1607 3655 falsa
1638 3592 1904 3671 loquendo

323 3686 656 3751 committit,
687 3688 783 3758 qui
820 3694 961 3763 vana
1001 3694 1053 3742 et
1097 3688 1311 3759 inepta,
1342 3691 1619 3746 saecularia
1646 3701 1700 3746 et
1728 3694 1902 3763 impu-

321 3776 483 3841 dica,
530 3772 707 3847 turpia
747 3784 802 3832 et
835 3762 1122 3849 iniuriosa,
1165 3782 1446 3849 proterva,
1476 3762 1820 3853 blasphema,
1852 3793 1906 3839 et

320 3864 525 3921 cmtera
550 3876 670 3936 quae
693 3869 911 3941 indigna
937 3877 1062 3925 sunt
1084 3868 1394 3927 Christiano
1415 3915 1429 3939 ,
1456 3874 1811 3944 proloquitur.
1846 3875 1905 3931 Si

319 3960 449 4030 quis
476 3970 608 4015 vero
634 3960 819 4018 abhis
849 3963 1105 4019 Omnibus
1131 3964 1375 4020 continet
1412 3981 1474 4021 os
1512 3982 1702 4033 suum,
1733 3976 1787 4023 et
1826 3968 1907 4022 di-

318 4051 508 4121 sponit
548 4056 826 4109 sermones
866 4060 993 4111 suos
1032 4055 1085 4109 in
1119 4053 1356 4124 judicio,
1387 4059 1774 4114 verbositatem
1814 4076 1904 4116 re-

321 4142 546 4214 primit,
598 4143 838 4215 lin'gtiam
880 4150 1177 4216 temperat,
1219 4138 1382 4201 verba
1428 4149 1765 4217 moderatur,
1805 4136 1907 4207 iste

323 4236 526 4291 merito
553 4236 907 4293 circumcisus
932 4234 1091 4294 labiis
1122 4236 1337 4294 dicitur.
1373 4232 1478 4295 Sed
1508 4237 1563 4296 et
1589 4243 1680 4311 qui
1712 4242 1907 4311 iniqui-

324 4337 493 4385 tatem
520 4326 574 4384 in
601 4320 871 4386 excelsam
898 4328 1208 4401 loquuntur,
1231 4336 1286 4387 et
1313 4334 1607 4388 extendunt
1630 4334 1684 4388 in
1710 4333 1907 4389 coelum

322 4419 564 4492 linguam
606 4430 759 4477 suam
805 4422 948 4478 sicut
992 4424 1234 4479 bmretici
1266 4424 1505 4492 faciunt,
1540 4425 1906 4482 incircumcisi

324 4517 385 4565 et
410 4511 671 4568 immundi
697 4512 856 4568 labiis
885 4515 1095 4569 dicendi
1129 4520 1272 4570 sunt.
1305 4515 1668 4573 Circumcisus
1694 4533 1824 4573 vero
1851 4526 1907 4574 et

323 4598 578 4667 mundus,
611 4601 705 4672 qui
733 4610 947 4673 semper
972 4606 1197 4659 verbum
1227 4596 1323 4660 Dei
1356 4606 1608 4676 loquitur,
1636 4615 1689 4662 et
1717 4623 1903 4663 sanam

326 4690 633 4746 doctrinam
661 4694 990 4765 evangelicis
1021 4701 1077 4750 et
1107 4692 1421 4765 apostolicis
1451 4696 1711 4751 munitam
1740 4715 1900 4769 regu-

322 4781 396 4837 lis
421 4778 646 4852 profert.
691 4774 805 4841 iioc
844 4798 972 4857 ergo
1004 4787 1163 4842 modo
1190 4794 1246 4841 et
1273 4788 1612 4843 circumcisio
1637 4788 1907 4845 labiorum

325 4874 491 4930 datur
520 4876 573 4931 iit
604 4875 846 4933 Ecclesia
878 4878 994 4934 Dei.
1027 4878 1181 4933 Nunc
1208 4894 1338 4934 vero
1377 4874 1671 4934 secundum
1698 4880 1907 4950 pollici-

328 4969 594 5024 tationem
632 4981 875 5026 nostram
898 5012 913 5038 ,
946 4972 1180 5041 qualiter
1207 4974 1374 5028 etiam
1407 4973 1588 5027 carnis
1616 4973 1905 5028 circumci-

326 5060 416 5116 sio
445 5063 646 5134 suscipi
673 5062 898 5132 debeat,
928 5065 1221 5121 videamus.
1255 5064 1551 5120 Memhrum
1582 5062 1684 5120 hoc
1714 5065 1767 5119 in
1799 5079 1906 5134 quo

328 5154 655 5223 praeputidm
695 5154 908 5211 vldetur
945 5170 1097 5223 esse,
1125 5154 1317 5211 ofﬁciis
1357 5150 1695 5210 naturalibus
1735 5156 1909 5212 coitus

330 5252 389 5300 et
415 5246 780 5316 generationis
811 5244 1088 5301 deservire
1108 5286 1125 5312 ,
1157 5248 1318 5300 nemo
1344 5253 1429 5300 est
1455 5245 1546 5314 qui
1586 5244 1813 5301 dubitet.
1849 5242 1907 5301 Si

328 5333 457 5404 quis
494 5333 663 5405 igitur
701 5340 829 5406 erga
866 5334 1238 5404 hujuscemodi
1278 5340 1456 5390 motus
1496 5351 1603 5390 non
1642 5336 1908 5405 importu-

329 5441 439 5481 nus
466 5427 667 5483 existat
686 5469 701 5494 ,
735 5442 837 5483 nec
868 5426 1100 5484 Statulos
1131 5426 1339 5499 legibus
1369 5428 1629 5482 terminos
1655 5436 1907 5499 superet,

331 5526 439 5573 nec
466 5518 629 5574 aliam
670 5519 927 5575 feminam
967 5528 1129 5590 qnam
1169 5521 1449 5592 conjugcm
1493 5516 1787 5589 legitimam
1816 5522 1914 5575 no-

332 5610 511 5675 verit,
555 5616 612 5664 et
651 5624 753 5666 nec
787 5620 1000 5681 quoqde
1039 5611 1155 5680 ipsa
1180 5611 1286 5667 nisi
1314 5611 1646 5683 posteritatis
1675 5617 1911 5665 tantum-

337 5697 502 5754 modo
549 5708 711 5758 cahsa
764 5703 928 5757 eertis
974 5708 1030 5756 et
1077 5694 1335 5774 legitimis
1376 5703 1709 5774 temporibus
1752 5711 1911 5773 agat,

338 5788 445 5844 iste
483 5790 834 5848 circumcisus
870 5792 1133 5863 praeputio
1157 5792 1340 5848 carnis
1362 5809 1472 5849 suae
1514 5786 1771 5849 dicendus
1809 5780 1912 5847 est.

2011 2043 2156 2098 cisus
2184 2050 2267 2098 est
2297 2043 2478 2098 corde.
2521 2041 2624 2108 Qui
2655 2059 2786 2098 vero
2810 2059 3000 2114 puram
3028 2043 3191 2098 fidem
3218 2043 3275 2097 in
3305 2041 3586 2097 conscien-

2012 2135 2099 2189 tiae
2128 2134 2436 2217 sinceritate
2463 2136 2730 2201 custodit,
2775 2136 2880 2191 iste
2907 2136 3260 2215 circumcisus
3286 2144 3371 2191 est
3396 2133 3580 2200 corde,

2011 2224 2076 2305 de
2104 2239 2212 2295 quo
2239 2225 2343 2305 dici
2373 2233 2580 2305 potest:
2607 2225 2756 2280 Beati
2781 2227 2974 2280 mundo
3003 2226 3178 2293 corde,
3202 2227 3453 2298 quoniam
3479 2227 3581 2295 ipsi

2008 2302 2177 2369 Deum
2206 2302 2446 2369 videbunt
2477 2302 2714 2388 (Matth.
2742 2315 2837 2388 v).
2871 2316 2984 2388 Ego
3024 2331 3155 2372 vero
3194 2317 3366 2372 audeo
3405 2332 3472 2372 ex
3512 2315 3586 2371 si-

1969 2404 2156 2475 'mili,
2201 2408 2363 2463 etiam
2402 2408 2520 2463 haec
2558 2408 2893 2479 propheticis
2930 2408 3153 2463 vocibus
3191 2409 3419 2475 addere,
3459 2407 3585 2477 quia

2007 2498 2150 2554 sicut
2175 2506 2387 2569 oportet
2417 2497 2638 2553 auribus
2663 2506 2721 2555 et
2748 2498 2908 2554 labiis
2933 2507 2989 2554 et
3016 2497 3208 2564 corde,
3240 2498 3420 2554 carnis
3449 2513 3585 2568 prae-

2006 2590 2159 2660 putio
2188 2591 2483 2645 secundum
2509 2605 2574 2644 ea
2602 2605 2722 2659 quae
2761 2605 2924 2660 supra
2963 2590 3197 2645 diximus
3237 2590 3583 2657 circumcidi,

2008 2679 2083 2735 ita
2128 2677 2376 2736 fortassis
2424 2688 2480 2735 et
2527 2695 2718 2736 manus
2767 2688 2967 2736 nostra;
3012 2682 3257 2752 indigent
3302 2682 3586 2736 circumci-

2008 2772 2186 2840 sione,
2228 2782 2281 2828 et
2318 2773 2514 2845 pedes,
2558 2780 2612 2828 et
2648 2772 2834 2839 visus,
2865 2781 2919 2827 et
2958 2773 3252 2840 odoratus,
3293 2782 3349 2828 et
3387 2781 3581 2828 tactus.

2010 2864 2083 2923 Ut
2142 2852 2287 2921 enim
2342 2864 2617 2935 perfectus
2677 2866 2749 2920 sit
2816 2865 2978 2920 homo
3026 2865 3123 2919 Dei
3181 2866 3236 2921 in
3303 2864 3580 2931 omnibus,

2009 2970 2203 3017 cuncta
2230 2962 2663 3017 circumcidenda
2689 2966 2814 3015 sunt
2838 2958 3078 3014 membra
3105 2977 3117 3012 :
3141 2972 3343 3013 manus
3364 2958 3586 3026 quidem

2008 3068 2039 3105 a
2070 3051 2297 3121 rapinis,
2327 3066 2358 3105 a
2389 3050 2571 3116 furtis,
2599 3064 2664 3105 ac
2686 3048 2942 3115 caedibus,
2972 3058 3027 3103 et
3055 3048 3125 3103 ad
3152 3048 3267 3104 sola
3291 3060 3456 3117 opera
3483 3045 3579 3101 Dei

2006 3140 2325 3214 pandendae.
2349 3142 2779 3198 Circumcidendi
2802 3149 2929 3197 sunt
2947 3141 3132 3219 pedes,
3156 3155 3226 3196 ne
3245 3140 3457 3195 veloces
3477 3141 3587 3194 sint

2010 3237 2081 3291 ad
2110 3235 2493 3292 effundendum
2522 3236 2875 3307 sanguinem,
2904 3241 2961 3288 et
2988 3249 3057 3290 ne
3088 3234 3290 3288 intrent
3317 3232 3373 3287 in
3398 3232 3582 3287 conci—

2011 3329 2141 3383 lium
2167 3327 2574 3398 malignantium
2591 3366 2607 3393 ,
2632 3327 2730 3382 sed
2756 3335 2815 3382 ut
2844 3334 3049 3381 tantum
3074 3340 3174 3395 pro
3201 3324 3468 3381 mandatis
3488 3323 3585 3379 Dei

2009 3421 2364 3482 circumeant.
2406 3418 2838 3479 Circumcidatur
2873 3427 2930 3473 et
2960 3416 3182 3484 oculus;
3213 3430 3284 3473 ne
3322 3417 3582 3487 concupi-

2008 3524 2126 3572 scat
2162 3516 2398 3571 alienum
2423 3555 2438 3583 ,
2470 3532 2538 3572 ne
2567 3516 2749 3571 videat
2776 3513 2844 3569 ad
2872 3511 3359 3583 concupiscendam
3389 3509 3583 3564 mulie-

2009 3624 2146 3666 rem.
2177 3608 2346 3679 Cujus
2372 3610 2516 3665 enim
2555 3609 2701 3664 circa
2741 3607 3068 3662 feminarum
3110 3605 3311 3660 formas
3351 3602 3585 3657 lascivus

2006 3709 2062 3758 et
2087 3701 2338 3756 curiosus
2364 3702 2587 3755 oberrat
2614 3706 2865 3770 aspectus
2883 3736 2899 3763 ,
2930 3698 3032 3752 iste
3061 3694 3474 3750 incircumcisus
3502 3698 3586 3746 est

2006 3792 2195 3847 oculis.
2227 3790 2334 3847 Sed
2362 3799 2417 3848 et
2444 3791 2489 3847 si
2519 3792 2640 3861 quis
2677 3798 2796 3857 est,
2837 3789 2931 3859 qui
2972 3789 3087 3843 sive
3114 3786 3436 3851 manducet,
3467 3785 3585 3839 sive

2005 3883 2189 3950 bibat,
2237 3883 2377 3938 sicut
2418 3881 2710 3951 Apostolus
2753 3880 3041 3951 prascepit,
3094 3878 3163 3933 ad
3210 3872 3439 3947 gloriam
3484 3875 3583 3929 Dei

1998 3974 2298 4029 manducet
2325 3982 2381 4029 et
2405 3974 2557 4029 bibat
2588 3972 2662 4044 (Ι
2692 3971 2816 4028 Cor.
2845 3988 2878 4027 ι
2898 3971 2956 4042 ),
2990 3972 3092 4026 iste
3119 3970 3475 4025 circumcisus
3503 3976 3587 4024 est

2007 4073 2187 4136 gustu.
2216 4064 2383 4135 Cujus
2411 4066 2554 4121 Deus
2584 4073 2773 4120 venter
2812 4071 2924 4130 est,
2966 4071 3024 4119 et
3058 4056 3414 4118 suavitatibus
3450 4062 3586 4131 gulae

2010 4156 2277 4224 deservit,
2319 4157 2480 4228 hujus
2520 4155 2957 4211 incircumcisum
2984 4154 3213 4210 dixerim
3250 4162 3484 4225 gustum.
3526 4152 3587 4209 Si

2007 4248 2131 4318 quis
2174 4248 2376 4303 Christi
2426 4249 2648 4304 odorem
2690 4247 2894 4303 bonum
2935 4247 3110 4316 capit,
3147 4254 3203 4301 et
3239 4242 3294 4299 in
3335 4246 3588 4315 cperibns

2011 4338 2398 4394 misericordia:
2422 4340 2645 4395 odorem
2673 4338 2958 4395 suavitatis
2999 4337 3258 4406 requirit,
3293 4336 3454 4404 hujus
3484 4337 3588 4392 cir-

2008 4428 2248 4484 cumcisa
2273 4437 2359 4483 est
2384 4430 2648 4484 odoratio.
2680 4428 2783 4494 Qui
2809 4442 2941 4481 vero
2967 4427 3159 4495 primis
3186 4425 3477 4496 unguentis
3500 4425 3583 4479 (le-

2007 4517 2210 4574 libutus
2256 4519 2487 4585 incedit,
2530 4518 2634 4574 iste
2678 4517 3092 4572 incircumcisus
3135 4516 3361 4568 odoratu
3404 4514 3587 4568 dicen-

1928 4648 1982 4720 D
2009 4610 2111 4666 dus
2149 4617 2251 4665 est.
2300 4610 2411 4665 Sed
2447 4616 2504 4665 et
2540 4608 2752 4720 singula
2782 4622 3014 4720 quasque
3054 4605 3419 4720 membrorum
3455 4606 3587 4720 si

2010 4703 2202 4759 olltciis
2241 4703 2621 4756 mandatorum
2650 4700 2747 4755 Dei
2776 4696 3116 4763 deserviant,
3160 4696 3480 4751 circumcisa
3512 4697 3591 4749 di-

2011 4796 2183 4852 cenda
2217 4802 2360 4851 sunt.
2396 4792 2455 4848 Si
2484 4807 2614 4847 vero
2643 4792 2780 4845 ultra
2815 4783 3163 4861 praiscriptas
3192 4788 3295 4843 sibi
3326 4788 3588 4842 divinitus

2009 4884 2350 4941 luxuriantur
2377 4884 2554 4955 leges,
2588 4880 2963 4936 incircumcisa
2994 4876 3291 4948 reputando
3322 4872 3467 4933 sunt.

2589 4988 2815 5047 CAPUT
2854 4988 2997 5045 XXI.

2012 5087 2112 5145 Ubi
2138 5096 2240 5143 tres
2263 5087 2359 5142 viri
2385 5083 2980 5157 apparueruntAbralmz
3001 5084 3057 5137 in
3080 5076 3310 5157 convalle
3330 5065 3585 5142 Humbre,

2325 5150 2523 5211 sedenti
2569 5159 2621 5211 in
2651 5156 2781 5209 ostio
2811 5150 3135 5207 tabernaculi
3165 5151 3268 5204 sui.

2082 5245 2253 5318 (Car.
2284 5261 2435 5299 xvm.
2462 5245 2480 5315 )
2520 5246 2776 5316 Apparuit
2816 5251 2988 5294 autem
3018 5240 3065 5293 ei
3095 5236 3348 5292 Dominus
3376 5236 3433 5289 in
3460 5248 3586 5288 con-

2011 5336 2144 5392 ualle
2173 5335 2442 5400 Mambre,
2473 5333 2671 5388 sedenti
2696 5333 2750 5384 in
2777 5331 2907 5385 ostio
2936 5326 3257 5382 tabernaculi
3284 5325 3367 5379 sui
3396 5325 3451 5378 in
3478 5324 3589 5394 ipso

2011 5427 2214 5497 fervore
2253 5425 2377 5479 diei.
2424 5424 2656 5497 Cumque
2695 5423 2941 5478 elevusset
2980 5419 3189 5486 oculos,
3232 5426 3590 5489 apparuerunt

2011 5521 2060 5574 ei
2088 5527 2190 5573 tres
2224 5518 2321 5572 viri
2346 5527 2540 5571 stantes
2573 5531 2729 5587 prope
2755 5518 2893 5568 eum.
2925 5514 3069 5579 Quos
3095 5509 3213 5567 cunt
3235 5512 3475 5576 uidisset,
3505 5520 3593 5563 cu-

2012 5589 2176 5665 currit
2205 5610 2261 5663 in
2289 5622 2562 5662 occursum
2590 5620 2770 5659 eorum
2800 5606 2863 5658 de
2888 5604 3020 5659 ostio
3047 5602 3372 5658 tabernaculi
3398 5600 3481 5657 sui
3498 5638 3513 5664 ,
3539 5605 3590 5652 et

2010 5701 2248 5755 adoravit
2272 5698 2329 5754 in
2347 5707 2486 5753 terra
2514 5705 2562 5751 et
2582 5696 2747 5749 dixit:
2767 5693 3065 5761 Domine,“
3084 5693 3257 5749 inueni
3282 5691 3508 5762 gratiam
3534 5681 3591 5740 ill

2012 5791 2178 5847 oculis
2204 5792 2329 5856 tuis,
2375 5808 2437 5844 ne
2471 5798 2709 5842 transeas
2749 5801 2953 5840 seruum
2999 5794 3147 5837 tuum
3167 5799 3188 5848 ;
3229 5780 3321 5835 sed
3363 5777 3586 5846 aferunt

338 5880 448 5948 Qui
474 5892 605 5941 Vero
635 5884 690 5941 in
712 5894 931 5943 omnem
960 5884 1239 5943 lasciviam
1265 5886 1508 5957 proruit,
1538 5892 1591 5943 ct
1614 5896 1714 5957 per
1740 5872 1917 5943 diver-
2010 5881 2306 5955 pauxillum
2336 5896 2509 5951 aqutc,
2540 5887 2587 5932 et
2614 5876 2853 5933 laventur
2882 5874 3034 5947 pedes
3068 5872 3251 5939 vestri;
3293 5878 3342 5927 et
3383 5864 3585 5929 ramic-
