3974 6502
396 415 497 474 551

1077 405 1138 461 Β.
1179 398 1436 460 RABANI
1467 395 1690 456 MAURI
1724 392 2045 482 ARCUIEP.
2083 387 2396 449 MOGUNT.
2433 386 2718 446 OPERUM
2753 384 2934 443 PARS
2967 384 3011 440 Ι.

3559 378 3675 436 552

397 492 523 586 scite
551 523 647 582 sub
677 521 896 588 arbore,
937 527 1045 576 etc.
1089 518 1266 592 (Isid.
1296 514 1399 588 v.)
1437 513 1744 570 Notandum
1785 513 1982 581 quippe
2008 510 2061 572 Α
2085 520 2253 580 guore
2302 505 2589 575 nequitias,
2643 502 2761 558 sine
2809 500 3023 592 fervore
3070 509 3346 592 perversae
3397 493 3677 592 doctrinae

405 619 552 692 quod
591 617 865 672 Abraham
908 611 1175 682 triplicem
1217 609 1418 665 habeat
1444 605 1671 677 ﬁguram
1703 604 1759 658 in
1791 609 1986 658 semet-

405 712 545 782 ipso.
593 706 833 760 Primum
878 701 1212 768 Salvatoris,
1259 697 1509 770 quando,
1552 694 1742 750 relicta
1791 706 1986 762 cogna-

408 803 554 858 tione
581 815 710 864 sua,
741 796 891 852 venit
918 795 972 850 in
1004 795 1149 867 hunc
1187 792 1470 848 mundum.
1512 788 1754 843 Alteram
1779 784 1986 856 patris,

406 888 620 961 quando
674 884 973 941 immolavit
1022 882 1193 938 ﬁlium
1239 882 1482 936 unicum.
1535 877 1777 932 Tertiam
1822 887 1987 940 vero,

407 980 551 1048 quod
578 977 682 1032 hoc
707 976 828 1031 loco
856 982 970 1041 est,
1001 973 1232 1042 ﬁguram
1261 970 1496 1044 gestavit
1521 977 1862 1030 sanctorum,
1898 965 1992 1035 qui

410 1073 702 1126 adventum
740 1068 945 1126 Christi
987 1084 1113 1124 cum
1156 1066 1355 1140 gaudio
1383 1070 1760 1133 susceperunt.
1791 1058 1995 1114 Taber-

409 1161 666 1216 naculum
721 1167 904 1214 autem
957 1157 1086 1214 illud
1139 1157 1373 1212 Abrahae
1401 1196 1417 1222 ,
1471 1155 1641 1223 ipsam
1691 1147 1994 1205 Jerusalem

409 1251 630 1316 habuit,
664 1249 756 1306 ubi
783 1264 884 1320 pro
910 1256 1153 1319 tempore
1181 1247 1460 1318 propheta
1486 1252 1542 1299 et
1569 1241 1799 1312 apostoli
1840 1239 1998 1295 habi-

412 1351 686 1398 taverunt.
732 1340 889 1397 Unde
924 1347 980 1396 et
1020 1339 1282 1394 Dominus
1320 1337 1559 1408 primum
1601 1335 1894 1390 adveniens
1917 1372 1933 1398 ,
1963 1347 1996 1386 a

412 1437 760 1494 credentibus
787 1442 1064 1505 acceptus,
1093 1435 1162 1489 ab
1189 1431 1484 1488 incredulis
1513 1431 1569 1485 in
1599 1430 1744 1502 ligno
1771 1443 1998 1500 suspen-

413 1541 507 1582 sus
539 1533 640 1581 est.
673 1524 732 1578 in
764 1524 939 1580 tribus
979 1532 1160 1580 autem
1203 1521 1337 1577 viris
1379 1521 1472 1592 qui
1511 1527 1778 1576 venerunt
1818 1518 1887 1573 ad
1930 1516 1995 1572 il-

411 1616 525 1671 lum
549 1657 565 1683 ,
608 1615 822 1671 Domini
861 1615 990 1672 Jesu
1029 1614 1233 1671 Christi
1270 1613 1653 1684 pronuntiatur
1694 1611 1957 1666 adventus
1980 1649 1995 1677 ,

412 1724 537 1764 cum
579 1724 688 1778 quo
726 1710 831 1764 duo
873 1707 1049 1780 angeli
1093 1707 1522 1774 comitabantur,
1573 1721 1707 1776 quos
1752 1705 2000 1776 plerique

414 1799 634 1870 Moysen
664 1806 719 1854 et
748 1799 920 1854 Eliam
949 1799 1241 1870 accipiunt.
1284 1797 1465 1855 Unum
1505 1797 1700 1868 priscae
1728 1795 2000 1866 legislato-

2088 606 2334 669 oporteat
2361 609 2483 652 esse
2510 594 2844 652 credentium
2873 591 3152 646 unitatem.
3183 587 3544 644 Subcineritii
3576 603 3678 641 au-

2085 698 2192 744 tem
2233 688 2384 752 ideo,
2432 694 2495 741 ut
2535 700 2634 756 per
2670 681 3046 755 paenitentiam
3088 680 3496 751 praeteritorum
3545 678 3677 733 deli-

2087 789 2331 847 ctorum,
2363 777 2599 850 Spiritus
2624 776 2797 834 sancti
2825 788 3024 846 vapore
3065 772 3308 838 decocti,
3349 770 3508 827 velut
3548 784 3679 825 esca

2087 873 2225 928 bene
2252 870 2453 944 placita
2476 869 2623 938 Deo,
2663 866 3024 938 acceptabiles
3066 865 3389 922 eﬂiciantur.
3437 861 3560 918 Sub
3585 878 3678 916 ar-

2089 965 2220 1021 bore
2261 973 2443 1020 autem
2484 980 2578 1020 eos
2623 963 2861 1029 sedisse,
2903 961 3172 1032 passionis
3213 957 3520 1016 Dominicar
3561 968 3680 1012 erat

2092 1057 2304 1128 signum
2325 1097 2341 1124 ,
2381 1057 2535 1127 cujus
2578 1055 2680 1126 ipsi
2717 1061 2844 1110 sunt
2867 1052 3272 1124 praedicatores.
3303 1048 3465 1116 Quod
3492 1054 3681 1101 autem

2091 1148 2363 1219 promittit
2390 1147 2533 1204 Deus
2564 1145 2712 1202 Sara:
2738 1144 2908 1202 sterili
2937 1143 3109 1198 ﬁlium
3139 1143 3353 1206 dicens,
3391 1135 3557 1193 Circa
3589 1139 3684 1190 hoc

2099 1250 2298 1310 tempus
2339 1240 2576 1306 ueniam,
2620 1253 2728 1292 non
2768 1238 2834 1294 de
2862 1237 3193 1307 temporibus
3233 1233 3549 1305 signiﬁcat,
3593 1233 3684 1285 sed

2095 1332 2162 1388 de
2191 1330 2450 1402 qualitate
2482 1331 2744 1386 adventus
2773 1329 2896 1396 sui,
2926 1329 3142 1399 quando
3168 1342 3265 1398 per
3293 1325 3472 1380 ﬁlium
3501 1339 3688 1395 repro-

2097 1424 2327 1479 missum
2369 1421 2544 1478 ﬁdelis
2581 1430 2701 1477 erat
2739 1422 2969 1494 populus
3012 1421 3336 1476 nasciturus.
3379 1419 3495 1474 Ista
3541 1418 3687 1472 enim

2100 1516 2235 1572 Sara
2278 1515 2513 1583 sterilis,
2560 1515 2650 1572 cui
2699 1530 2796 1586 per
2844 1517 3162 1586 prophetam
3204 1514 3474 1570 Dominus
3515 1513 3685 1568 dicit:

2099 1608 2337 1675 Laetare,
2379 1608 2600 1675 sterilis,
2639 1625 2756 1680 qua:
2792 1625 2895 1663 non
2934 1609 3113 1678 paris,
3139 1624 3350 1678 erumpe
3383 1616 3436 1660 et
3480 1603 3689 1667 dum,

2099 1717 2217 1772 qua:
2245 1717 2348 1756 non
2374 1703 2622 1774 parturis,
2657 1703 2906 1773 quoniam
2931 1700 3105 1772 plures
3145 1700 3246 1770 ﬁlii
3287 1699 3514 1754 deserta:
3533 1737 3552 1763 ,
3584 1714 3693 1750 ma-

2101 1795 2180 1865 gis
2205 1810 2362 1865 quam
2387 1796 2501 1865 ejus
2527 1812 2643 1866 qua:
2670 1795 2820 1850 habet
2851 1795 3017 1849 virum
3041 1793 3186 1866 (lea.
3213 1795 3372 1864 XLV).
3406 1792 3580 1847 Risus
3606 1807 3697 1846 au-

412 1906 528 1946 rem
549 1931 563 1956 ,
607 1889 699 1960 qui
731 1891 828 1960 per
868 1890 1114 1945 eamdem
1153 1889 1326 1960 legem
1365 1889 1658 1944 adventum
1701 1887 1999 1942 indicavit:
2031 1889 2079 1949 B
2107 1892 2214 1940 tem
2244 1885 2392 1940 Sane
2416 1885 2699 1956 pr0phetia
2726 1896 2852 1941 est:
2884 1883 3040 1954 cujus
3062 1884 3204 1939 risus
3227 1883 3505 1955 duplicem
3535 1883 3696 1937 habet

415 1983 579 2038 alium
605 1984 697 2053 qui
725 1981 780 2037 in
807 1982 914 2038 ﬁne
938 1982 1126 2038 mundi
1149 1990 1411 2038 venturus
1438 1992 1551 2046 cst,
1583 1981 2000 2036 denuntiaturus

417 2085 473 2131 et
501 2075 798 2131 secundum
829 2075 1119 2131 adventum
1149 2075 1383 2141 Christi,
1415 2081 1579 2146 atque
1607 2072 1722 2143 ejus
1752 2071 1998 2144 Evange-

415 2170 546 2226 lium
590 2171 790 2226 Judaeis
834 2170 1248 2240 praedicaturus.
1294 2170 1448 2225 Unde
1484 2177 1539 2224 et
1567 2168 1623 2222 in
1652 2175 1840 2223 monte
1872 2168 2001 2222 dum

413 2257 680 2316 Dominus
709 2260 904 2316 fuisset
935 2259 1391 2331 transﬁguratus,
1430 2257 1489 2313 hi
1527 2258 1667 2322 duo,
1710 2256 1922 2327 Moyses
1950 2261 2007 2310 et

417 2347 564 2404 Elias
605 2366 729 2405 cum
759 2365 825 2405 eo
855 2349 923 2404 ab
952 2349 1211 2420 apostolis
1239 2349 1342 2404 visi
1373 2355 1520 2404 sunt.
1563 2346 1842 2403 Abraham
1873 2361 2011 2406 vero.

420 2446 531 2494 tres
560 2439 782 2506 videns,
811 2457 979 2496 unum
1009 2441 1291 2506 adoravit,
1320 2440 1613 2496 Dominum
1655 2439 1862 2495 scilicet
1889 2438 2007 2492 Sal-

419 2538 669 2584 vatorem
697 2531 1018 2596 ostendens,
1052 2531 1204 2601 cujus
1228 2530 1342 2600 jam
1373 2530 1636 2585 adventus
1663 2538 1748 2585 est
1773 2537 2005 2600 praesto-

421 2621 580 2678 latus.
625 2621 783 2676 Juxta
822 2624 966 2694 quod
994 2623 1159 2678 etiam
1188 2623 1450 2678 Dominus
1482 2623 1538 2677 in
1566 2621 1859 2694 Evangelio
1889 2622 2003 2676 ait:

421 2711 689 2765 Abraham
712 2713 950 2783 quwsivit
976 2713 1148 2767 uidere
1176 2714 1315 2768 diem
1340 2731 1512 2768 meum
1533 2755 1547 2780 ,
1577 2714 1702 2768 vidit
1729 2722 1776 2766 et
1799 2713 2007 2784 gavisus

420 2811 496 2855 est
523 2800 705 2873 (Joan.
729 2801 872 2876 vni).
907 2802 1060 2859 Tunc
1085 2804 1229 2858 enim
1258 2803 1425 2858 futuri
1453 2804 1664 2873 aspexit
1688 2803 2009 2874 mysterium

421 2892 766 2946 sacramenti.
798 2891 950 2948 Unde
976 2902 1032 2949 et
1053 2895 1220 2964 pedes
1244 2909 1435 2951 eorum
1465 2895 1624 2958 lavit,
1655 2903 1716 2949 ut
1746 2895 1799 2949 in
1832 2903 2011 2949 extre-

422 2996 512 3037 mo
561 2981 766 3037 lavacri
811 2983 1249 3053 puriﬁcationem
1298 2985 1694 3041 demonstraret
1736 2983 2009 3048 futuram,

420 3070 584 3140 pedes
621 3085 855 3140 namque
893 3072 1190 3127 novissima
1232 3072 1561 3145 signiﬁcant.
1607 3072 1667 3128 Si
1711 3073 1929 3143 quidem
1958 3083 2014 3128 et

423 3159 730 3215 convivium
779 3171 1083 3234 praeparat,
1135 3163 1366 3218 vitulum
1417 3163 1626 3218 scilicet
1680 3164 2007 3234 saginatum.

2102 1976 2592 2048 signiﬁcationem:
2627 1976 2744 2032 sive
2785 1976 2930 2047 quod
2975 1976 3117 2031 risus
3158 1982 3302 2030 esset
3347 1973 3576 2028 futurus
3619 1971 3698 2024 in-

2101 2068 2336 2124 credulis
2376 2067 2655 2134 Christus,
2702 2067 2817 2123 sive
2857 2067 3000 2136 quod
3039 2081 3227 2121 omnes
3269 2065 3531 2120 inimicos
3574 2078 3696 2119 suos

2103 2161 2158 2216 in
2184 2159 2392 2230 judicio
2422 2176 2520 2216 suo
2545 2168 2691 2216 esset
2718 2160 2947 2215 risurus.
2982 2158 3135 2214 Unde
3161 2167 3218 2213 et
3244 2158 3360 2226 ipse
3397 2157 3500 2226 qui
3540 2164 3696 2210 natus

2104 2262 2188 2309 est
2223 2254 2288 2308 de
2334 2253 2470 2308 Sara
2509 2253 2654 2308 risus
2695 2266 2892 2307 nomen
2935 2251 3162 2320 accepit.
3214 2249 3368 2305 Isaac
3427 2249 3586 2304 enim
3635 2264 3696 2302 ex

2106 2345 2333 2403 Hebraea
2373 2346 2554 2417 lingua
2596 2347 2651 2400 in
2692 2345 2942 2400 Latinum
2989 2358 3297 2399 sermonem
3345 2341 3492 2395 risus
3535 2340 3699 2394 inter-

2110 2447 2377 2510 pretatur.
2412 2435 2614 2509 (Creg.)
2644 2435 2884 2506 Denique
2924 2433 3220 2490 secundum
3256 2430 3528 2486 moralem
3555 2426 3702 2483 intel-

2109 2531 2309 2586 lectum
2333 2570 2348 2596 ,
2384 2528 2716 2598 pensandum
2759 2534 2866 2592 est,
2910 2532 3112 2596 quanta
3151 2523 3485 2580 discretione
3525 2519 3700 2591 magni

2113 2621 2505 2676 moderaminis
2549 2619 2730 2674 carnis
2773 2633 2905 2672 cura
2956 2616 3278 2671 refrenanda
3329 2622 3450 2680 est,
3497 2622 3558 2667 ut
3591 2628 3701 2667 ser-

2108 2713 2218 2768 viat
2279 2721 2335 2768 et
2394 2712 2615 2766 minime
2669 2710 3070 2782 praecipitetur,
3128 2724 3200 2764 ne
3255 2708 3415 2777 quasi
3489 2705 3701 2762 domina

2111 2804 2326 2868 vincat,
2373 2803 2468 2859 sed
2507 2804 2730 2858 subacta
2774 2803 3033 2869 dominio,
3082 2800 3239 2872 quasi
3285 2799 3493 2854 ancilla
3537 2798 3706 2853 famn-

2110 2894 2270 2963 letur,
2302 2905 2361 2949 ut
2382 2894 2536 2964 jussa
2566 2895 2708 2950 adsit
2734 2935 2750 2960 ,
2782 2903 2948 2964 atque
2992 2909 3022 2948 a
3064 2903 3199 2949 nutu
3239 2893 3422 2949 cordis
3453 2892 3669 2962 repulsa
3689 2931 3702 2954 ,

2117 2987 2352 3052 desiliat,
2382 2995 2443 3040 ut
2472 2987 2564 3041 vix
2593 3003 2623 3040 a
2656 2995 2809 3057 tergo
2833 2995 3036 3040 sanctae
3064 2984 3394 3056 cognitionis
3425 2990 3703 3054 appareat,

2113 3087 2169 3134 et
2215 3093 2493 3148 nunquam
2543 3087 2734 3134 contra
2781 3078 2977 3134 faciem
3027 3085 3207 3132 rectae
3237 3077 3594 3148 cogitationis
3618 3077 3707 3130 ob-

2115 3172 2292 3226 sistat.
2328 3172 2501 3238 -Quod
2528 3172 2667 3226 bene
2696 3170 2853 3226 nobis
2893 3170 3122 3226 historia
3151 3185 3321 3226 sacra:
3352 3169 3610 3224 lectionis
3636 3168 3710 3222 in.

422 3248 530 3305 Iste
579 3259 761 3305 autem
809 3252 1013 3309 vitulus
1061 3261 1214 3310 tener
1260 3254 1541 3326 saginatus
1591 3253 1803 3309 Domini
1846 3255 2017 3310 nostri
2045 3259 2090 3322 C
2122 3264 2329 3330 nuitur,
2358 3279 2481 3319 cum
2511 3263 2787 3319 Abraham
2817 3263 2993 3319 tribus
3024 3262 3233 3334 angelis
3263 3264 3577 3319 occurrisse
3605 3277 3712 3316 me—

427 3336 557 3395 Jesu
589 3339 795 3396 Christi
825 3350 911 3399 est
937 3359 1154 3414 corpus.
1189 3344 1292 3400 Hic
1321 3353 1376 3400 et
1403 3345 1604 3400 vitulus
1636 3345 1851 3400 Domini
1876 3387 1891 3413 ,
1921 3347 2015 3417 qui

424 3438 650 3502 propter
693 3432 921 3488 salutem
967 3435 1304 3490 credentium
1336 3435 1404 3489 ad
1434 3437 1684 3492 arborem
1715 3436 1894 3492 crucis
1935 3444 2021 3492 est

429 3521 758 3578 immolatus.
801 3523 904 3578 Hic
943 3532 1026 3580 est
1063 3524 1267 3580 vitulus
1307 3525 1572 3581 Dominici
1616 3527 1891 3595 corporis,
1925 3527 2018 3596 qui

431 3611 488 3666 in
531 3613 826 3685 Evangelio
860 3631 960 3685 pro
1002 3626 1291 3688 peccatore
1337 3619 1603 3674 occiditur
1642 3618 1771 3674 ﬁlio.
1818 3619 1925 3675 Sed
1965 3629 2022 3676 et

429 3702 688 3773 butyrum
746 3713 802 3760 et
851 3705 937 3762 lac
989 3723 1112 3763 cum
1167 3725 1332 3766 carne
1379 3711 1535 3765 vituli
1590 3711 1854 3782 apposuit.
1909 3712 2020 3769 Lac

431 3795 630 3865 quippe
672 3799 868 3868 priscae
906 3798 1042 3871 legis
1070 3801 1325 3859 habuisse
1354 3802 1581 3874 ﬁguram
1608 3803 1896 3874 Apostolus
1924 3822 2020 3859 no-

432 3893 547 3941 ster
589 3891 877 3945 annuntiat
922 3892 1150 3947 dicens:
1199 3893 1306 3947 Lac
1345 3894 1487 3948 vobis
1530 3905 1710 3964 potum
1752 3895 1873 3949 dedi
1915 3913 2021 3950 non

433 3991 606 4031 escam
629 3997 647 4044 ;
671 3982 902 4035 nondum
921 3983 1060 4037 enim
1086 3986 1355 4055 poteratis,
1381 4002 1471 4039 nec
1495 3985 1670 4040 adhuc
1695 3986 1903 4056 quidem
1927 4005 2020 4057 po-

435 4067 576 4121 testis
603 4067 653 4134 (Ι
703 4067 828 4124 Cor.
876 4068 980 4141 ιη).
1033 4071 1353 4126 Tradiderat
1398 4073 1678 4128 enim'illis
1709 4073 1844 4145 legis
1870 4091 2020 4130 man-

435 4157 621 4212 datum
647 4160 803 4227 quasi
830 4159 914 4215 lac
943 4161 1010 4215 de
1039 4161 1297 4216 uberibus
1325 4163 1554 4217 duarum
1584 4164 1889 4220 tabularum
1919 4183 2013 4221 cx-

434 4260 686 4315 pressum
707 4287 722 4312 ,
757 4246 862 4301 hoc
889 4257 974 4302 est
1001 4256 1385 4305 testamentum
1416 4251 1562 4307 ﬁdei.
1595 4252 1843 4309 Nondum
1873 4256 2018 4311 enim

436 4341 729 4405 poterant,
759 4347 982 4408 propter
1012 4339 1297 4396 infantiam
1327 4357 1520 4399 sensus
1548 4345 1660 4412 sui,
1694 4347 2021 4416 evangelicae

437 4425 698 4482 doctrinae
729 4427 958 4482 solidam
1001 4445 1065 4484 ac
1094 4430 1376 4488 robustam
1407 4450 1588 4490 escam
1619 4437 1885 4508 accipere.
1917 4437 2022 4492 Bu-

439 4525 620 4588 tyrum
664 4526 846 4575 autem
885 4521 1221 4578 uberrimum
1248 4534 1306 4580 et
1330 4527 1743 4599 pinguissimum
1771 4529 2018 4599 Evange-

433 4607 630 4664 liorum
657 4619 742 4667 est
764 4612 1165 4680 testimonium,
1197 4619 1341 4686 quod
1371 4619 1535 4674 veluti
1566 4620 1742 4677 oleum
1773 4622 2020 4680 ﬁdelibus
2047 4608 2098 4668 Ῑ)

434 4697 490 4752 in
531 4697 742 4770 signum
772 4701 951 4756 datur.
1003 4701 1110 4758 Sed
1134 4705 1360 4774 proinde
1386 4708 1615 4763 vitulum
1647 4727 1769 4766 cum
1801 4711 1938 4767 lacte
1968 4721 2023 4768 et

433 4791 689 4862 butyrum
717 4792 995 4849 Abraham
1033 4797 1302 4853 edendum
1331 4803 1613 4871 apposuit,
1646 4805 1772 4874 quia
1805 4819 1873 4860 ne
1899 4821 2020 4861 cor-

433 4896 536 4951 pus
563 4882 815 4949 Domini,
845 4886 988 4954 quod
1016 4895 1103 4941 est
1129 4889 1330 4946 vitulus
1351 4932 1365 4957 ,
1400 4893 1518 4947 sine
1547 4894 1689 4949 lacte
1721 4895 1854 4968 legis
1872 4937 1887 4961 ,
1919 4913 2020 4953 nec

436 4968 521 5026 lac
560 4970 696 5041 legis
736 4972 853 5027 sine
894 4975 1128 5045 butyro,
1161 4978 1264 5032 hoc
1291 4987 1374 5034 est
1404 4981 1520 5037 sine
1547 4982 1824 5054 Evangelii
1865 4985 2019 5040 testi-

436 5060 619 5114 monio
644 5075 766 5117 esse
794 5070 996 5132 potest.
1034 5063 1164 5120 Tria
1195 5074 1374 5123 autem
1403 5078 1517 5126 sata
1536 5112 1550 5136 ,
1585 5072 1726 5128 unde
1757 5072 1892 5128 Sara
1921 5090 2020 5144 pa-

437 5164 535 5204 nes
572 5152 952 5208 subcineritios
994 5153 1154 5221 fecit,
1199 5158 1365 5213 trium
1407 5161 1641 5217 ﬁliorum
1682 5163 1795 5218 Noe
1833 5164 2024 5234 imagi-

440 5253 564 5292 nem
592 5240 1001 5311 indicaverunt,
1027 5261 1092 5300 ex
1120 5248 1317 5316 quibus
1345 5265 1503 5306 omne
1530 5268 1699 5323 genus
1726 5253 2020 5309 humanum

442 5335 628 5381 natum
651 5339 766 5397 est,
789 5333 883 5403 qui
912 5333 1109 5390 divina:
1129 5336 1383 5392 Trinitati
1405 5340 1686 5395 credentes
1707 5355 1806 5410 per
1825 5356 2020 5412 aquam

441 5415 816 5490 baptismatis,
845 5439 942 5494 per
972 5427 1258 5483 ecclesiam
1279 5469 1294 5494 ,
1323 5427 1476 5498 cujus
1506 5432 1681 5502 imago
1710 5430 1842 5488 Sara
1873 5443 2020 5503 erat,
2115 5455 2120 5459 '

442 5513 832 5583 conspergendi
862 5527 1046 5572 essent
1067 5527 1123 5574 et
1154 5520 1208 5575 in
1239 5535 1347 5575 uno
1375 5536 1516 5590 pane
1545 5521 1748 5579 Christi
1778 5528 2024 5596 corporis

443 5601 741 5672 redigendi.
783 5603 910 5664 Haec
948 5619 1075 5666 sunt
1117 5611 1207 5666 illa
1250 5613 1354 5667 tria
1395 5622 1515 5669 sata
1557 5630 1676 5685 quae
1725 5617 1919 5673 mulier
1964 5621 2020 5675 in

443 5687 735 5759 Evangelia
779 5701 1126 5767 cognoscitur
1179 5703 1556 5761 fermentasse.
1603 5704 1793 5776 Azymi
1843 5716 2024 5766 autem

443 5793 650 5852 panes,
679 5797 746 5842 eo
771 5789 917 5856 quod
945 5790 1062 5844 sine
1090 5789 1356 5851 fermento
1385 5793 1636 5861 malitiae,
1669 5804 1725 5852 et
1763 5797 1884 5855 sine
1912 5798 2026 5856 lan-

2121 3367 2384 3413 moratur.
2441 3358 2562 3428 Ipse
2619 3358 2819 3428 quippe
2885 3356 3230 3412 venientibus
3294 3365 3451 3412 extra
3512 3359 3712 3412 ostium

2119 3451 2378 3516 occurrit,
2405 3449 2544 3505 Sara
2571 3465 2701 3506 vero
2723 3458 2849 3519 post
2870 3448 3070 3504 ostium
3113 3449 3380 3505 subsistit.
3409 3450 3556 3517 Quid
3586 3466 3714 3522 ergo

2120 3543 2276 3598 nobis
2309 3559 2408 3613 per
2454 3544 2600 3599 hunc
2648 3559 2937 3600 occursum
2983 3543 3218 3598 Abrahae
3267 3542 3522 3597 inanitur
3551 3583 3568 3609 ,
3611 3544 3714 3598 nisi

2119 3635 2247 3704 quia
2291 3634 2544 3691 videlicet
2582 3643 2645 3690 ut
2677 3634 2762 3688 vir
2791 3649 2855 3690 ac
2879 3634 3132 3690 dominus
3171 3634 3365 3689 domus
3393 3634 3712 3705 spiritualis,

2120 3735 2306 3780 noster
2335 3725 2544 3781 scilicet
2573 3725 2913 3790 intellectus,
2945 3723 3106 3780 debet.
3154 3723 3211 3779 in
3241 3725 3554 3796 cognitione
3600 3724 3717 3777 Tri-

2119 3815 2307 3871 nitatis
2322 3817 2560 3871 claustra
2589 3817 2771 3871 carnis
2801 3817 3070 3872 excedere
3096 3825 3153 3871 et
3179 3815 3336 3885 quasi
3362 3816 3714 3870 habitationis

2120 3905 2319 3961 inﬁma:
2358 3904 2581 3974 januam
2635 3906 2821 3971 exire;
2878 3922 3010 3961 cura
3058 3914 3238 3961 autem
3287 3906 3474 3961 carnis
3530 3915 3592 3959 ut
3639 3904 3712 3958 fe-

2120 3998 2269 4051 mina
2323 3997 2472 4053 foras
2526 4013 2635 4053 non
2689 4007 2992 4067 appareat,
3052 4006 3108 4053 et
3162 3998 3348 4054 videre
3390 3997 3714 4067 jactantiam

2120 4091 2425 4156 erubescat,
2463 4097 2524 4144 ut
2547 4089 2702 4159 quasi
2727 4097 2853 4158 post
2886 4097 3098 4160 tergum
3123 4089 3225 4143 viri
3260 4087 3362 4143 sub
3387 4088 3718 4143 discretione

2119 4184 2341 4253 spiritus
2385 4182 2514 4238 solis
2533 4183 2876 4257 _necessariis
2920 4183 3126 4237 intenta
3155 4222 3172 4248 ,
3201 4197 3552 4253 nequaquam
3583 4186 3718 4236 sciat

2121 4275 2422 4345 procaciter
2452 4276 2667 4347 detegi,
2722 4275 2815 4332 sed
2857 4277 3160 4332 verecunde
3202 4276 3566 4332 moderetur?
3613 4275 3720 4330 No-

2123 4365 2347 4419 tandum
2383 4374 2561 4420 autem
2593 4368 2734 4436 quod
2778 4367 3065 4437 aliquando
3105 4369 3434 4439 imaginibus
3483 4376 3538 4422 et
3595 4378 3720 4422 ante

2123 4470 2416 4524 corporeos
2444 4457 2628 4513 oculos
2664 4458 2732 4513 ad
2759 4467 2968 4529 tempus
2995 4475 3062 4514 ex
3089 4476 3216 4514 aere
3256 4463 3553 4530 assumptis
3579 4502 3594 4523 ,
3624 4476 3719 4530 per

2124 4548 2340 4618 angelos
2393 4548 2633 4619 loquitur
2687 4550 2830 4607 Deus
2861 4592 2876 4617 ,
2935 4552 3074 4607 sicut
3115 4567 3262 4607 nunc
3300 4551 3583 4607 Abraham
3613 4568 3718 4606 non

2124 4637 2299 4692 solum
2333 4647 2445 4694 tres
2478 4641 2624 4695 viros
2652 4640 2837 4696 videre
2869 4643 3061 4711 potuit,
3085 4643 3178 4697 sed
3211 4643 3377 4698 etiam
3405 4641 3719 4696 habitacqu

2123 4737 2339 4784 terreno
2367 4731 2642 4801 suscipere
2665 4772 2681 4798 ,
2713 4732 2809 4787 sed
2835 4741 2891 4787 et
2916 4749 3102 4789 eorum
3133 4733 3320 4789 usibus
3350 4734 3515 4790 etiam
3567 4736 3720 4790 cibos

2121 4822 2400 4879 adhibere.
2431 4824 2546 4878 Nisi
2575 4825 2719 4879 enim
2747 4826 2921 4896 angeli
2949 4867 2965 4892 ,
2995 4841 3117 4881 cum
3149 4828 3398 4898 quaedam
3439 4827 3603 4882 nobis
3640 4828 3719 4881 in-

2123 4921 2275 4969 terna
2318 4915 2666 4981 nuntiantur,
2711 4917 2777 4971 ad
2819 4925 3032 4987 tempus
3061 4935 3125 4974 ex
3156 4934 3284 4993 aere
3323 4934 3523 4990 corpus
3567 4935 3718 4974 assuv

2125 5014 2377 5071 merent,
2404 5006 2763 5062 exterioribus
2801 5007 3046 5077 profecto
3076 5011 3276 5066 nostris
3303 5011 3584 5066 obtutibus
3613 5024 3716 5062 non

2128 5106 2467 5164 apparerent,
2498 5112 2597 5153 nec
2623 5099 2773 5154 cibos
2809 5115 2934 5155 cum
2958 5099 3232 5157 Abraham
3263 5111 3582 5165 sumerent,
3614 5099 3716 5154 nisi

2127 5193 2350 5254 propter
2401 5203 2500 5242 nos
2544 5188 2774 5244 solidum
2825 5189 3027 5260 aliquid
3071 5207 3140 5247 ex
3182 5192 3393 5248 caelesti
3447 5192 3717 5246 elemento

2130 5283 2426 5345 gestarent.
2471 5277 2583 5334 Nec
2622 5280 2818 5334 mirum
2857 5285 3000 5351 quod
3041 5281 3150 5338 illic
3199 5284 3303 5353 ipsi
3347 5283 3440 5354 qui
3479 5283 3716 5354 suscepti

2129 5374 2278 5431 sunt,
2327 5367 2486 5422 modo
2519 5369 2729 5440 angeli,
2775 5371 2936 5427 modo
2979 5372 3240 5431 Dominus
3287 5384 3711 5447 nuncupantur,

2129 5459 2257 5528 quia
2288 5460 2601 5532 angelorum
2624 5463 2888 5519 vocabulo
2915 5467 3292 5535 exprimuntur
3313 5507 3330 5533 ,
3355 5467 3450 5538 qui
3475 5467 3715 5522 exterius

2131 5552 2542 5621 ministrabant,
2573 5563 2629 5611 et
2652 5555 3006 5626 appellatione
3034 5557 3246 5614 Domini
3272 5560 3598 5622 ostenditur,
3621 5555 3711 5626 qui

2131 5645 2212 5698 eis
2237 5643 2466 5700 interius
2509 5656 2771 5715 praeerat,
2802 5655 2862 5702 ut
2892 5657 2947 5702 et
2979 5664 3076 5718 per
3113 5648 3218 5703 hoc
3243 5646 3582 5718 praesidentis
3611 5647 3711 5699 imo

2127 5735 2358 5806 perium,
2392 5745 2447 5791 et
2473 5751 2570 5808 per
2603 5738 2736 5794 illud
2779 5740 3102 5796 claresceret
3143 5739 3376 5798 ofﬁcium
3401 5741 3711 5797 ministram

2129 5827 2222 5883 tis.
2253 5827 2435 5901 (Aug.)
2465 5829 2642 5897 Quaeri
2671 5840 2852 5890 autem
2877 5842 3060 5906 potest
3082 5836 3375 5894 secundum
3402 5835 3705 5899 historiam.
