3974 6440
485 372 597 436 ωδ
1112 366 1193 449 ιΒ.
1231 365 1486 422 RABANI
1523 361 1746 423 MAURI
1784 357 2100 419 ARCHIEP.
2133 355 2444 415 MOGUNT.
2484 356 2771 421 OPEBUM
2806 356 2988 414 PARS
3022 357 3063 413 Ι.
3636 362 3758 421 ω

476 487 737 552 δούοιιὼ
752 484 893 547 ὀὶΙῆ
919 483 1084 549 Deus,
1108 495 1217 537 non
1243 479 1556 551 se'perdere
1569 474 1753 535 locum
1772 476 1826 533 si
1851 473 2061 531 inveni-
2085 475 2141 537 Α
2163 487 2195 526 a
2216 471 2433 529 asininis
2461 488 2624 545 usque
2648 473 2719 531 ad
2743 473 3062 539 manuum,
3098 478 3178 528 sta
3208 482 3270 531 ut
3295 481 3489 532 ostrum
3514 482 3758 536 tua-nn

483 590 678 643 rentur
697 579 808 638 illic
830 575 919 634 vel
942 577 1133 633 decem
1158 573 1312 645 justi,
1334 571 1557 643 speciali
1585 572 1817 641 quadam
1833 568 2062 627 'senten—
2162 578 2267 620 non
2307 572 2532 635 possent.
2568 564 2811 635 ﬂentque
2841 564 2989 622 vim
3008 563 3129 623 ίιιοε
3150 564 3246 635 qui
3268 575 3426 623 mm
3450 568 3521 624 ,δ
3548 571 3755 628 osa.-

480 674 560 731 tia
584 674 653 731 de
676 670 768 729 illa
792 667 1034 734 civitate,
1072 680 1143 721 an
1172 664 1244 721 de
1277 664 1529 721 omnibus
1558 662 1967 735 intelligendum
1986 661 2065 721 sit
2162 655 2375 723 domus,
2394 663 2780 727 percusserunt
2799 656 3256 715 caaoitateﬁrteci
3275 658 3481 715 habent
3494 663 3756 737 ἀιραάει,

479 762 824 839 generaliter,
858 772 1090 832 parcere
1131 758 1303 816 Deum
1345 757 1466 813 loco
1508 757 1566 812 in
1614 768 1936 826 quocunque
1974 752 2063 811 vel

480 857 668 915 decem
700 853 839 925 justi
875 851 1101 915 fuerint.
1143 849 1204 907 in
1236 864 1343 921 qua
1378 847 1676 921 quaestione
1700 862 1806 907 non
1832 854 1917 903 est
1940 846 2063 917 qui.

476 937 2063 1011 demuecesseuthocdeomnilocoaccipereoenpel-

476 1039 685 1105 lamur;
730 1043 1107 1094 verumtamen
1141 1034 1211 1090 de
1245 1031 1497 1093 Sodomis
1532 1030 1707 1104 ponit
1730 1038 1786 1086 et
1821 1030 1901 1086 sic
1926 1028 2058 1095 dici,

477 1132 603 1203 quia
628 1129 839 1193 sciebat
866 1129 1019 1185 Dens’
1037 1127 1113 1184 ibi
1136 1139 1245 1182 non
1267 1139 1390 1183 esse
1408 1122 1497 1185 vel
1514 1122 1726 1188 decem,
1757 1129 1814 1179 et
1834 1119 1955 1179 ideo
1982 1120 2063 1177 sic

477 1221 904 1294 respondebatur
942 1218 1178 1277 Abrahae
1214 1222 1277 1271 ut
1312 1212 1711 1285 signiﬁcaretur
1742 1227 1845 1269 nec
1880 1218 1961 1268 tot
1984 1209 2061 1268 ibi

476 1329 637 1387 posse
662 1311 890 1369 inveniri
913 1309 984 1365 ad
1007 1304 1476 1380 exaggerationem
1500 1302 1801 1374 iniquitatis
1825 1300 2056 1363 illormn.

474 1406 596 1469 Non
621 1406 767 1462 enim
792 1414 1017 1459 necesse
1044 1408 1161 1457 erat
1180 1400 1292 1455 Deo
1318 1405 1426 1452 tam
1450 1393 1731 1452 sceleratis
1752 1392 2062 1455 hominibus

476 1510 723 1567 parcere,
765 1506 835 1548 ne
878 1507 1001 1548 cum
1047 1490 1154 1546 illis
1197 1487 1446 1560 perderet
1483 1484 1680 1557 iustos,
1720 1499 1843 1541 cum
1876 1489 2062 1554 posset

471 1587 634 1657 justis
669 1586 795 1641 inde
817 1583 1079 1648 liberatis,
1123 1580 1351 1638 reddere
1381 1578 1563 1651 impiis
1587 1578 1750 1650 digna
1774 1575 2056 1647 supplicia.

478 1675 608 1733 Tale
642 1674 844 1745 aliquid
875 1671 1015 1745 apud
1055 1669 1347 1728 Jeremiam
1385 1677 1499 1735 est,
1542 1668 1636 1724 ubi
1665 1668 1742 1725 ait
1774 1679 1794 1723 :
1834 1665 2061 1725 Circuite

475 1766 586 1825 vias
615 1762 932 1830 Jerusalem,
960 1772 1009 1817 et
1036 1761 1217 1829 videte,
1241 1768 1291 1814 et
1316 1761 1534 1832 quwrite
1554 1759 1614 1814 in
1637 1756 1823 1829 plateis
1842 1757 1983 1828 ejus,
2001 1763 2060 1821 et

2160 752 2306 824 quod
2345 752 2520 823 magis
2557 752 2847 823 signiﬁcat,
2885 751 2933 809 si
2954 750 3065 809 dici
3098 760 3307 825 posset,
3335 754 3609 810 euidentia
3634 771 3757 827 qua

2161 845 2328 911 faciat
2349 861 2459 903 non
2485 845 2662 903 videri
2685 859 2796 903 non
2819 845 3018 911 omnia,
3053 846 3148 903 sed
3168 846 3318 918 quod
3342 862 3456 903 non
3480 862 3629 919 qius
3646 857 3753 905 ω.

2159 938 2300 994 Nan
2320 938 2520 997 merito
2542 946 2725 995 movet
2748 938 3018 1009 quomodo
3038 938 3600 1009 potneruntdetleere
3618 956 3756 1012 (μοι

2162 1031 3227 1097 rendoostinm,sitalimantctecitate
3250 1033 3522 1103 percussi,
3550 1043 3757 1091 utam-

2158 1123 2749 1187 ninonihilviderent.
2786 1122 3759 1186 Hoccnimmodoauscalatnitate

2158 1216 2365 1273 turbati
2380 1216 2831 1299 titerhisostium
2857 1230 2966 1277 non
2988 1216 3353 1287 requirerent.
3378 1218 3500 1275 Hoc
3521 1220 3759 1299 ἆορωεᾳ

2160 1317 2218 1365 et
2241 1308 2319 1364 illi
2338 1310 2586 1381 φωωωί
2608 1316 2770 1375 munt,
2798 1309 2891 1379 qui
2918 1310 3237 1381 (parebant
3266 1310 3559 1369 Eﬁstuum.
3608 1313 3757 1372 lianc

2160 1397 2313 1455 etilli
2333 1399 2668 1464 habuerunt,
2699 1398 2793 1469 qui
2810 1398 3099 1457 Dominum
3117 1408 3245 1470 post
3260 1404 3755 1473 mediam,

2118 1523 2141 1545 ι
2161 1504 2299 1548 οιιωο
2314 1490 2407 1549 illo
2428 1491 2766 1549 ambulantes
2790 1490 2847 1547 in
2875 1491 2984 1559 vis,
3006 1506 3117 1548 non
3143 1503 3539 1564 mgriovenmt,
3564 1512 3759 1568 quan-

2162 1582 2375 1640 visnan
2402 1582 2474 1640 sit
2501 1582 3364 1655 ibihaererbumposisummed
3394 1602 3497 1645 res
3530 1588 3761 1658 ιβιδ·-

2158 1676 2449 1749 telligatur.
2493 1676 2717 1750 Mystice
2750 1686 2949 1744 autem,
2995 1678 3125 1750 quid
3162 1680 3425 1749 estquod
3457 1680 3633 1738 malis
3672 1685 3759 1736 ad-

2159 1768 3041 1833 versantibnsintrsdomumLot
3076 1771 3444 1828 reducituret
3488 1775 3759 1840 munitm;

475 1858 765 1929 cognoscite
789 1856 835 1911 si
864 1853 1132 1913 invenietis
1165 1852 1428 1908 hominem
1457 1850 1737 1921 facientem
1767 1850 2058 1922 justitiam,
2087 1843 2139 1911 Β
2163 1859 2432 1932 nisiun
2457 1860 2638 1935 justus
2663 1860 2895 1932 quisque
2918 1862 3046 1919 dum
3066 1875 3356 1933 prauorum
3381 1863 3624 1921 insidias
3648 1881 3760 1921 sus.

473 1956 524 2009 et
551 1954 867 2019 (lacerantem
903 1944 1091 2014 ﬁdem,
1132 1950 1181 1998 et
1218 1941 1474 2013 propitius
1502 1956 1591 1996 ero
1622 1940 1855 2011 peccatis
1882 1954 2063 1999 eorum

476 2037 611 2121 (λεν.
642 2036 719 2111 v),
748 2035 803 2093 id
823 2044 927 2102 est,
957 2033 1196 2091 invenite
1216 2031 1304 2089 vel
1327 2045 1515 2098 unum,
1548 2037 1604 2086 et
1632 2022 2060 2103 parcu’caateris,

2162 1952 2318 2021 tinet,
2350 1955 2424 2013 ad
2457 1962 2699 2013 montem
2724 1954 3092 2012 revertiturct
3108 1956 3526 2029 imperterritus
3544 1962 3760 2014 manu”

2162 2043 2458 2104 Sodomitas
2498 2053 2678 2104 autem
2704 2048 2809 2115 viri
2845 2048 2902 2115 in
2934 2051 3101 2117 domo
3125 2049 3230 2115 Lot
3266 2051 3473 2107 ostium
3518 2051 3759 2108 invenite

476 2135 544 2195 ad
603 2131 1058 2205 exaggerandum,
1110 2139 1171 2197 et
1219 2128 1699 2195 demonstrandum
1769 2130 1914 2202 quod
1960 2144 2065 2191 nec
2160 2145 2454 2211 nequeunt.
2492 2139 3008 2210 quis-eormptores
3051 2143 3314 2197 mentium
3361 2152 3561 2199 contra
3601 2144 3759 2199 vitam

474 2240 614 2283 unus
642 2223 716 2281 ibi
740 2229 927 2296 posset
942 2221 1194 2281 inveniri.

544 2316 682 2371 Abiit
715 2314 973 2373 Dominus
1002 2322 1284 2391 postquam
1334 2314 1551 2370 cessavit
1592 2311 1737 2384 loqui
1774 2312 1849 2371 ad
1890 2312 2061 2369 Abra-

474 2408 629 2471 ham;
660 2413 707 2459 et
747 2404 837 2460 ille
861 2421 1097 2459 reversus
1127 2412 1202 2458 est
1230 2404 1288 2459 in
1328 2403 1501 2458 locum
1533 2419 1707 2459 suum.
1732 2402 1888 2475 (Car.
1921 2402 2060 2475 ml.)

2150 2229 2290 2301 iusti
2304 2231 2521 2291 stultum
2542 2233 2907 2292 soansstionis
2928 2233 3141 2291 aditum
3165 2235 3613 2307 deprehendunt.
3637 2236 3760 2292 Per-

2156 2321 2308 2379 cussi
2337 2322 2763 2393 eacitatequasi
2807 2323 3024 2379 domuis
3056 2324 3430 2392 circumeunt,
3480 2326 3581 2396 qui
3626 2326 3758 2380 invi-

2154 2412 2351 2475 dentes
2380 2412 2529 2478 tanta
2566 2413 2820 2484 dictaque
2839 2422 3282 2486 φυωωηωτ.
3318 2415 3441 2472 Sed
3476 2418 3615 2488 quia
3650 2417 3764 2487 q'us

481 2496 847 2567 Veneruntque
885 2494 991 2549 duo
1047 2493 1218 2565 angeli
1265 2493 1550 2549 Sodomam
1588 2509 1812 2565 vespere,
1859 2493 2064 2551 sedente
2162 2504 2229 2561 de
2248 2504 2360 2561 vita
2375 2504 2511 2575 justi
2532 2505 2692 2567 fortis
2711 2506 2952 2578 undique
2970 2512 3037 2563 a’e
3065 2507 3352 2569 laudantis
3380 2509 3539 2567 actio
3552 2510 3757 2575 abviat,

471 2587 569 2643 Lot
608 2588 665 2653 in
698 2586 904 2661 foribus
934 2586 1176 2641 civitatis.
1220 2584 1329 2657 Qui
1367 2601 1486 2640 cum
1524 2584 1734 2647 vidisset
1779 2600 1889 2651 eos,
1935 2600 2061 2639 sur-

472 2680 606 2734 rexit
635 2688 683 2734 et
708 2680 802 2734 ivit
827 2678 1029 2734 obviam
1051 2677 1123 2733 eis
1137 2694 1159 2746 ;
1188 2678 1526 2749 adorauitque
1548 2694 1749 2748 pronus
1782 2678 1839 2733 in
1865 2688 2061 2735 terram

470 2774 646 2828 dicens
676 2786 697 2827 :
730 2771 975 2854 Obscura,
1008 2771 1253 2836 Domine,
1288 2769 1545 2831 declinata
1577 2772 1631 2835 in
1660 2770 1874 2829 domum
1910 2770 2061 2843 pueri

469 2868 643 2934 vestri,
668 2876 716 2924 et
740 2874 943 2923 manete
982 2865 1085 2931 ibi,
1120 2872 1224 2922 etc.
1254 2863 1408 2937 Quod
1428 2864 1673 2925 occurrit
1700 2863 1803 2925 Lot
1822 2863 2056 2936 angelis,

469 2967 524 3025 et
549 2958 797 3021 adoravit
839 2958 896 3015 in
936 2955 1148 3023 faciem,
1177 2956 1392 3014 videtur
1430 2946 1763 3017 intellexisse
1788 2957 1936 3026 quod
1963 2971 2058 3012 an-

470 3049 576 3122 geli
605 3058 805 3127 essent:
842 3048 949 3106 Sed
976 3064 1164 3106 rursus
1191 3064 1315 3105 cum
1343 3063 1440 3111 eos
1474 3050 1544 3111 ad
1586 3049 1937 3109 refectionem
1972 3044 2059 3109 ὼρ-

468 3141 605 3197 vitat
640 3142 904 3217 corporis,
937 3128 1057 3214 quae
1089 3142 1408 3201 mortalibus
1437 3141 1745 3198 necessaria
1772 3150 1886 3209 est,
1909 3141 2058 3201 vide-

2160 2603 2407 2661 errantes
2426 2595 2569 2661 nihil
2595 2596 2743 2661 aliud
2756 2612 2933 2671 quam
2950 2598 3221 2669 parietem
3240 2599 3502 2672 palpant.

2731 2727 2961 2787 CAPUT
2997 2728 3184 2786 ΧΧιΠ.

2161 2867 2240 2924 De
2263 2867 2587 2933 abscessiane
2610 2865 2712 2937 Lat
2749 2884 2785 2923 a
2814 2866 3091 2937 Sodomis,
3129 2875 3179 2923 et
3202 2868 3496 2933 concubitu
3536 2869 3760 2925 dum

2637 2936 2874 3011 ﬁliarum
2902 2939 3018 3010 ejus
3043 2955 3161 2999 cum
3188 2955 3269 2999 eo.

2228 3047 2487 3123 Egressus
2504 3048 2685 3123 itaque
2708 3048 2808 3109 Lat
2828 3047 3038 3113 loctuus
3065 3048 3235 3109 estad
3260 3065 3485 3121 generos
3505 3065 3658 3115 suos,
3674 3051 3761 3120 qui

2159 3141 2421 3212 accepturi
2449 3149 2599 3197 erant
2627 3139 2771 3211 ﬁlias
2800 3141 2924 3212 ejus
2954 3150 3008 3205 et
3041 3141 3178 3209 dixit
3213 3157 3233 3197 :
3270 3140 3515 3214 Surgite,
3555 3144 3761 3215 egredi?-

468 3240 559 3290 tur
582 3202 805 3311 putasse
826 3202 973 3306 quod
997 3234 1245 3293 homines
1263 3242 1463 3299 essent.
1495 3233 1639 3312 Ergo
1662 3202 1887 3306 quaestio
1902 3233 2059 3295 sinti-
2078 3205 2130 3281 θ
2334 3232 2399 3287 de
2446 3231 2560 3293 loco
2770 3202 2900 3305 quia
2947 3202 3137 3297 delebit
3158 3202 3163 3209 η
3181 3202 3444 3301 Dominus

463 3323 590 3382 liter
622 3325 867 3394 solvitur,
897 3333 958 3381 ut
981 3326 1156 3384 soluta
1184 3333 1269 3383 est
1297 3326 1353 3391 in
1382 3325 1558 3387 tribus
1585 3324 1679 3401 qui
1700 3332 1969 3389 venerunt
1988 3326 2058 3387 ad

467 3415 767 3486 Abraham,
794 3426 854 3473 ut
881 3418 1150 3489 aliquibus
1175 3417 1343 3490 signis
1373 3424 1658 3493 appareret
1679 3432 1775 3475 eos
1800 3418 2056 3485 divinitus

466 3511 688 3579 missos,
719 3512 811 3584 qui
832 3519 1011 3569 tamen
1043 3512 1290 3569 homines
1315 3511 1685 3567 crederentur.
1717 3511 1853 3567 Nam
1875 3514 1980 3579 hoc
2003 3518 2059 3567 et

471 3601 529 3657 in
556 3584 797 3677 Epistula
822 3617 942 3674 quae
965 3609 1050 3657 est
1084 3603 1151 3657 ad
1172 3600 1450 3670 Hebraeos,
1476 3616 1599 3656 cum
1628 3600 1695 3657 de
1720 3600 2057 3673 hospitalita-

471 3692 542 3749 tis
560 3693 703 3749 bono
723 3690 1003 3769 Scriptura
1022 3692 1356 3763 loqueretur,
1380 3691 1486 3746 ait:
1505 3690 1610 3746 Per
1627 3691 1763 3746 hanc
1784 3692 1923 3747 enim
1942 3693 2058 3764 qui-

468 3785 593 3840 dam
618 3785 923 3853 nescientes,
944 3784 1167 3857 hospitio
1189 3792 1491 3857 receperunt
1512 3782 1722 3856 angelos
1744 3782 1930 3857 (Hebr.
1953 3784 2053 3858 ιι).

539 3874 704 3934 Prius
731 3887 906 3933 autem
934 3893 1092 3950 quam
1119 3877 1255 3931 irent
1285 3875 1537 3950 cubitum,
1569 3876 1667 3931 viri
1692 3876 1917 3932 civitatis
1942 3876 2053 3932 val-

466 3968 705 4025 laverant
737 3968 949 4022 domum
986 3985 1020 4023 a
1052 3984 1213 4038 puero
1240 3982 1403 4037 usque
1426 3967 1496 4022 ad
1525 3982 1720 4035 senem,
1762 3968 1933 4023 omnis
1957 3984 2054 4039 po-

465 4058 622 4132 pulus
652 4058 842 4125 simul;
880 4065 1291 4129 vocaveruntque
1332 4056 1428 4111 Lot
1463 4064 1512 4111 et
1550 4057 1794 4112 dixerunt
1824 4059 1871 4113 ei
1907 4073 1926 4112 :
1958 4041 2055 4110 Ubi

464 4148 721 4203 sunt-viri
752 4149 841 4218 qui
878 4147 1099 4219 ingressi
1146 4156 1267 4201 sunt
1306 4147 1376 4200 ad
1422 4154 1472 4202 te
1512 4148 1701 4203 nocte?
1741 4147 1893 4203 Educ
1938 4146 2054 4207 illos

466 4240 588 4305 huc,
612 4246 670 4293 ut
691 4253 1062 4310 cognoscamus
1082 4253 1189 4292 eos.
1215 4235 1472 4308 Egressus
1495 4238 1565 4292 ad
1582 4254 1669 4293 eos
1694 4236 1792 4293 Lat
1810 4246 1927 4309 post
1948 4247 2054 4293 ter-

467 4346 591 4403 gum
621 4329 896 4385 occludens
920 4328 1109 4383 ostium
1128 4329 1242 4384 ait:
1268 4326 1465 4409 Nolite,
1489 4345 1685 4400 quwso,
1716 4328 1905 4399 fratres
1928 4329 2053 4407 mei,

468 4418 627 4476 nolite
655 4419 854 4475 malum
884 4420 982 4474 hoc
1011 4419 1184 4490 facere
1208 4435 1226 4474 :
1256 4420 1420 4475 habeo
1456 4419 1590 4474 duas
1611 4418 1774 4490 ﬁlias,
1800 4436 1917 4493 qua:
1945 4437 2058 4475 nec-

467 4512 594 4568 dum
619 4521 961 4584 cognoverunt
985 4513 1171 4578 virum,
1197 4519 1302 4568 etc.
1323 4511 1591 4580 Quoniam
1614 4513 1943 4586 prostituere
1966 4530 2056 4571 vo-

463 4603 612 4663 lebat
633 4604 737 4660 Lot
769 4603 908 4661 filias
932 4620 1058 4661 suas
1085 4605 1187 4663 hac
1210 4606 1670 4678 compensatione,
1715 4616 1776 4663 ut
1811 4607 1916 4663 viri
1957 4607 2056 4664 ho-

462 4695 633 4768 spites
668 4694 785 4764 ejus
816 4696 953 4750 nihil
987 4710 1020 4751 a
1050 4694 1343 4754 Sodomitis
1370 4698 1478 4754 tale
1508 4707 1841 4771 paterentur,
1871 4710 2052 4771 utrum

467 4786 800 4843 admittenda
824 4786 894 4841 sit
921 4788 1289 4860 compensatio
1315 4787 1663 4862 ﬂagitiorum,
1690 4791 1776 4848 vel
1803 4808 2056 4864 quorum-

416 4933 440 4980 ἐ
465 4890 573 4951 que
610 4885 983 4950 peccatorum,
1022 4886 1084 4933 ut
1118 4893 1219 4934 nos
1256 4878 1521 4938 faciamus
1561 4881 1764 4955 aliquid
1802 4882 1951 4950 mali,
1983 4898 2053 4940 ne

412 4967 440 5041 ξ
468 4968 609 5025 alius
635 4968 854 5043 gravius
887 4967 1051 5025 faciat
1077 4968 1308 5037 malum,
1346 4985 1415 5026 an
1450 4973 1630 5043 potius
1654 4974 2051 5045 perturbationi

346 5100 355 5107 ρ
464 5059 600 5129 Lot,
642 5076 753 5118 non
780 5059 1006 5118 consilio
1046 5060 1393 5119 tribuendum
1428 5063 1527 5130 sit,
1555 5064 1682 5134 quia
1706 5066 1811 5121 hoc
1833 5065 2048 5137 dixerit,

464 5153 664 5211 merito
689 5153 971 5225 quaeritur.
997 5153 1067 5209 Et
1096 5154 1357 5211 nimirum
1380 5155 1838 5226 periculosissime
1860 5155 2053 5213 admit-

467 5246 604 5303 titur
639 5247 759 5304 haec
794 5248 1186 5320 compensatio.
1216 5247 1276 5305 Si
1311 5255 1493 5304 autem
1518 5250 1916 5319 perturbationi
1953 5252 2052 5307 hu-

467 5351 645 5395 manae
670 5336 947 5408 tribuitur,
972 5347 1030 5396 et
1056 5340 1228 5397 menti
1246 5348 1406 5397 tanto
1429 5340 1572 5396 malo
1595 5350 1876 5413 permotae,
1904 5344 2051 5402 nullo

468 5430 632 5488 modo
656 5429 915 5489 imitanda
941 5439 1045 5489 est.

550 5518 667 5577 Vim
699 5538 903 5597 quoque
925 5523 1187 5596 faciebant
1212 5522 1312 5579 Lot
1341 5524 1798 5582 vehementissime.
1827 5525 2052 5601 Jamque

468 5630 625 5685 prope
652 5624 799 5686 erat,
823 5624 886 5672 ut
910 5616 1209 5689 frangerent
1246 5616 1405 5687 fores,
1432 5627 1480 5673 et
1507 5634 1624 5673 ecce
1655 5621 1906 5675 miserunt
1934 5637 2051 5675 ma-

473 5719 598 5759 num
631 5706 753 5772 viri,
787 5715 839 5761 et
870 5706 1275 5763 introduxerunt
1309 5710 1379 5764 ad
1411 5727 1466 5766 se
1500 5709 1617 5776 Lat,
1657 5711 2052 5785 clauseruntque

474 5797 700 5866 ostium,
728 5803 781 5853 et
806 5810 894 5852 eos
925 5795 1019 5868 qui
1041 5808 1189 5852 erant
1230 5798 1359 5868 foris
1402 5811 1767 5873 percusserunt
1799 5804 2050 5879 cwcitate,

2154 3322 2317 3385 lianc.
2348 3321 2418 3379 Et
2451 3324 2590 3381 visus
2616 3331 2694 3389 est
2722 3324 2801 3385 eis
2837 3326 2989 3396 quasi
3013 3324 3200 3382 ludens
3239 3325 3406 3397 loqui.
3436 3326 3514 3382 Et
3555 3327 3759 3389 locutus

2160 3424 2256 3485 est,
2295 3416 2494 3489 inquit,
2530 3416 2601 3471 ad
2626 3433 2841 3488 generos
2865 3435 2990 3475 suos
3019 3421 3109 3492 qui
3135 3420 3402 3492 accepturi
3433 3431 3597 3477 erm
3618 3420 3760 3490 ﬂius

2159 3508 2293 3581 ejus.
2327 3508 2465 3577 Quia
2488 3518 2675 3582 postea
2692 3510 2959 3577 duae'ﬁlia
2978 3510 3088 3569 Lot
3111 3512 3349 3582 virgines
3371 3511 3549 3573 ἐώθεε
3574 3514 3759 3573 die-

2160 3607 2272 3669 tur,
2311 3601 2380 3658 de
2419 3601 2616 3673 quibus
2658 3601 2773 3675 ipse
2804 3600 3013 3663 dudum
3040 3601 3109 3659 ad
3140 3600 3453 3663 Sodomaeos
3484 3605 3709 3663 dixerat
3738 3621 3755 3659 :

2157 3690 2297 3749 Ecce
2318 3693 2440 3750 dum
2472 3693 2601 3764 ﬁlia:
2634 3710 2767 3751 meae
2786 3710 2910 3769 guat
2944 3710 3052 3751 non
3076 3704 3437 3768 cognouerunt
3480 3697 3679 3764 visu,
3702 3706 3759 3755 et

2152 3798 2305 3849 nunc
2331 3783 2610 3857 Scriptura
2639 3792 3031 3851 commemorat
3062 3798 3187 3853 eum
3214 3786 3475 3847 habuisse
3503 3803 3755 3860 generos,

2158 3875 2404 3939 nonnulli
2441 3876 2777 3941 arbitrantur
2814 3875 2937 3937 illas
2964 3891 3097 3949 .que
3145 3876 3296 3943 viros
3329 3877 3649 3946 habuerint,
3700 3880 3757 3937 in

2159 3961 2409 4031 Sodomis
2450 3965 2799 4034 remansisse,
2824 3975 2888 4029 et
2916 3979 3019 4031 eas
3056 3966 3237 4035 exisse
3275 3980 3402 4023 cum
3436 3976 3599 4039 patre
3636 3983 3758 4039 quia

2155 4055 2393 4127 virgines
2419 4055 2640 4113 fuerint.
2665 4055 2821 4125 Quod
2849 4071 2970 4123 cum
3002 4055 3285 4131 Scriptura
3308 4072 3421 4117 non
3447 4057 3618 4124 dicat,
3650 4058 3760 4115 Be-

2154 4146 2301 4201 brtea
2326 4146 2529 4209 veritas
2556 4148 2873 4223 exponenda
2896 4148 3063 4217 estin
3088 4162 3196 4223 qua
3226 4149 3488 4215 scribitur
3516 4168 3531 4206 :
3562 4150 3758 4223 Egres-

2155 4253 2245 4293 sus
2267 4245 2343 4292 est
2376 4235 2475 4293 Lat
2515 4246 2564 4294 et
2604 4237 2811 4307 locutus
2852 4247 2929 4305 est
2975 4239 3046 4299 ad
3089 4255 3308 4311 sponsas
3331 4242 3444 4313 νισιιί
3484 4243 3759 4313 accepturi

2155 4338 2306 4385 erant
2340 4330 2481 4400 ﬁlias
2508 4330 2642 4402 ejus.
2680 4328 2923 4393 Necdum
2963 4345 3094 4409 ergo
3138 4332 3541 4407 virgines
3566 4334 3756 4391 matri-

2154 4422 2339 4479 monio
2363 4421 2583 4479 fuerant
2606 4422 2886 4495 copulatae.

2227 4514 2460 4587 Cumque
2483 4523 2613 4570 esset
2647 4530 2821 4582 mane,
2847 4514 3095 4587 cogebant
3125 4530 3247 4575 eum
3273 4515 3447 4588 angeli
3469 4504 3707 4574 dicentes
3730 4533 3752 4577 :

2160 4604 2333 4679 Surge
2359 4615 2409 4661 et
2434 4605 2557 4661 tolle
2586 4622 2804 4673 umorem
2830 4615 2978 4671 tuam
3000 4615 3051 4662 et
3075 4607 3209 4664 duas
3238 4607 3381 4679 ﬁlias
3403 4624 3543 4679 quas
3570 4609 3749 4678 habet,

2160 4716 2224 4755 ne
2258 4707 2307 4754 et
2346 4706 2404 4754 tu
2443 4698 2643 4771 pariter
2670 4715 2853 4772 pereas
2889 4701 2948 4767 in
2976 4698 3167 4759 scelere
3193 4699 3442 4767 ciuitatis.
3479 4700 3750 4759 Dissim-

2158 4792 2301 4849 lante
2345 4791 2438 4849 illo
2485 4791 2936 4866 apprehenderuut
2978 4808 3194 4859 manum
3236 4792 3387 4869 eius,
3437 4802 3491 4855 et
3531 4809 3751 4857 manum

2156 4881 2339 4941 uxoris
2382 4898 2445 4937 ac
2483 4881 2712 4938 duarum
2749 4881 2986 4954 ﬁliarum
3021 4883 3170 4956 ejus,
3202 4899 3264 4941 eo
3302 4883 3446 4957 quod
3482 4883 3747 4943 Dominus

2155 4982 2390 5044 parceret
2422 4972 2533 5041 illi,
2577 4982 2627 5030 et
2672 4973 2964 5032 eduxerunt
3001 4993 3149 5044 eum,
3176 4985 3571 5050 pomorumque
3598 4985 3747 5043 atra

2155 5066 2447 5134 civitatem;
2472 5067 2546 5122 ibi
2576 5066 2736 5124 locuti
2757 5078 2879 5127 sunt
2904 5070 2973 5133 ad
2998 5086 3117 5129 eum
3130 5069 3365 5129 dicentes
3388 5083 3408 5124 :
3434 5069 3605 5129 Salsa
3622 5070 3744 5137 aui-

2154 5174 2294 5213 mam
2339 5169 2522 5228 tuam;
2571 5160 2679 5217 noli
2710 5162 2963 5234 respicere
3002 5173 3117 5239 post
3146 5173 3367 5235 tergum,
3408 5178 3504 5220 nec
3542 5172 3652 5219 stes
3688 5163 3745 5218 in

2154 5250 2299 5307 omni
2324 5251 2465 5306 circa
2493 5252 2720 5324 regione,
2750 5255 2840 5311 sed
2862 5256 2923 5317 in
2947 5262 3120 5313 monte
3142 5254 3347 5317 salvum
3368 5261 3423 5313 te
3448 5254 3563 5325 (ac,
3602 5272 3673 5310 ac
3692 5262 3744 5311 et

2155 5348 2215 5397 tu
2247 5340 2405 5398 simul
2436 5359 2638 5413 pereas.
2674 5342 2857 5419 (Isid.)
2897 5343 3067 5418 Igitur
3103 5344 3207 5403 Lot
3242 5345 3415 5403 frater
3438 5346 3741 5413 Abraham,

2150 5434 2331 5509 justus
2365 5444 2421 5493 et
2454 5436 2737 5508 hospitalis
2766 5437 2821 5493 in
2856 5434 3123 5505 Sodomis,
3152 5436 3247 5509 qui
3278 5451 3348 5499 ex
3371 5435 3467 5506 illo
3490 5435 3743 5497 incendio

2157 5527 2302 5601 quod
2332 5532 2463 5585 ’erat
2508 5528 2803 5585 similitudo
2847 5526 3013 5583 futuri
3050 5528 3273 5602 iudicii,
3320 5527 3520 5584 meruit
3560 5525 3744 5587 salvus

2158 5622 2407 5688 evadere,
2445 5628 2632 5692 typum
2657 5619 2925 5692 ﬁgurabat
2952 5620 3193 5691 corporis
3229 5615 3467 5683 Christi,
3498 5616 3645 5689 quod
3680 5615 3743 5673 in

2158 5712 2409 5769 omnibus
2445 5711 2647 5768 sanctis
2673 5719 2729 5765 et
2757 5725 2899 5763 nunc
2927 5711 3068 5763 inter
3096 5707 3311 5779 iniquos
3335 5718 3502 5780 atque
3542 5707 3740 5779 impios

2160 5805 2355 5881 gemit,
2401 5819 2628 5877 quorum
2660 5802 2819 5858 factis
2855 5816 2965 5858 non
3006 5802 3304 5871 consentit,
3341 5813 3397 5860 et
3431 5818 3463 5861 a
3507 5814 3741 5874 quorum
