3974 6516
262 383 380 446 851
1308 378 1667 440 nonnum.
1707 377 1776 436 tu
1810 372 2140 437 causam.
2176 402 2250 420 -
2280 372 2417 434 ω.
2450 372 2520 435 u.
3432 378 3548 444 ω

261 500 653 578 pennistione,
676 497 860 557 saeculi
888 498 942 554 in
967 494 1074 554 line
1095 495 1434 569 liberabitur,
1462 496 1572 555 illis
1590 495 1859 556 damnatis
1882 498 1939 564 Α
1959 491 2120 550 uibus
2144 490 2508 549 intercedunt.
2538 489 2697 551 Unde
2714 496 2867 549 uete
2894 490 3273 567 perm
3292 496 3552 561 deum.

264 593 537 670 snpplicio
562 591 705 665 ignis
732 591 937 647 aeterni.

343 686 596 758 Dixitque
625 683 725 740 Lot
753 684 823 739 ad
848 701 933 740 eos
958 700 977 740 :
1002 680 1211 753 Quwso,
1242 683 1465 741 Domine
1497 683 1592 750 mi,
1620 684 1746 758 quia
1772 683 1861 741 iu-

265 782 408 837 venit
448 795 628 835 servus
672 786 793 833 tuus
828 778 1052 853 gratiam
1092 795 1270 835 coram
1307 788 1376 853 te,
1419 787 1468 835 et
1514 778 1863 852 magniﬁcasti

265 873 689 929 misericordiam
729 881 875 927 tuam
899 888 1055 945 quam
1086 872 1256 945 fecisti
1282 882 1513 942 mecum,
1552 880 1609 927 ut
1633 871 1863 945 salvarcs

267 965 506 1019 animam
535 968 845 1029 meam,nec
872 978 1079 1035 possum
1104 963 1159 1020 in
1185 974 1361 1020 monte
1380 964 1601 1031 salvari,
1640 982 1704 1022 ne
1728 965 1864 1039 forte

268 1055 628 1127 apprehendat
672 1071 755 1110 me
797 1054 995 1111 malum
1041 1064 1088 1117 et
1122 1059 1349 1125 ,moriar.
1395 1057 1491 1119 Est
1532 1058 1713 1115 civitas
1751 1058 1865 1114 haec

259 1145 427 1219 juxta
462 1145 534 1200 ad
554 1163 719 1218 quam
758 1163 968 1218 possum
998 1146 1189 1227 fugere
1221 1166 1405 1233 parva,
1445 1159 1495 1205 et
1532 1150 1773 1206 salvabor
1808 1150 1865 1207 in

266 1252 333 1292 ea
363 1252 383 1292 :
418 1235 672 1306 Nunquid
714 1253 817 1291 non
854 1236 1060 1292 modica
1101 1247 1197 1307 est,
1241 1248 1290 1294 et
1314 1241 1443 1295 vivet
1485 1241 1666 1295 anima
1707 1240 1868 1297 mea?

269 1329 521 1400 Dixitque
546 1328 624 1401 “ad
659 1345 779 1383 eum
803 1343 822 1381 :
860 1329 997 1384 Ecce
1032 1330 1191 1387 etiam
1230 1331 1286 1388 in
1323 1331 1420 1387 hoc
1450 1332 1652 1405 suscepi
1689 1349 1865 1404 preces

270 1434 417 1491 tuas,
462 1431 517 1478 ut
558 1441 662 1478 non
698 1423 992 1478 subvertant
1036 1424 1216 1481 urbem
1260 1442 1355 1499 pro
1398 1443 1502 1499 qua
1540 1424 1743 1483 locutus
1785 1443 1862 1482 es.

270 1513 494 1571 Festina
517 1524 565 1569 et
596 1515 799 1569 salvare
826 1516 882 1570 in
911 1533 992 1582 ea,
1020 1517 1145 1589 quia
1171 1534 1274 1573 non
1300 1524 1479 1589 potero
1510 1516 1681 1584 facere
1706 1518 1863 1593 quid-

265 1623 453 1685 quam,
495 1605 661 1665 donec
708 1604 1022 1677 ingrediaris
1066 1605 1212 1661 illuc.
1258 1603 1467 1661 Idcirco
1512 1615 1750 1669 vocatum
1790 1616 1866 1664 est

269 1717 460 1761 nomen
485 1698 629 1754 illius
656 1693 802 1759 urbis
825 1692 1011 1766 Seqor.
1041 1694 1179 1764 Quid
1208 1710 1337 1768 ergo
1372 1694 1644 1769 signiﬁcat
1663 1738 1677 1764 ,
1723 1698 1862 1768 quod

1958 583 2084 641 dem
2125 579 3553 662 ιιοιάιάιωεεαιοιίαηίηιωκκιρεμπακ

1952 683 2182 747 suae,“
2209 675 3552 755 nonsubvsﬂusurbmproqualoutsssss,qain

1958 769 2215 829 videlicet
2240 785 2366 829 eum
2404 770 2537 830 Deo.
2558 770 2871 845 deprecatio
2905 770 3173 843 funditur,
3206 787 3554 848 nequaquam

1961 865 2088 922 talis
2128 863 2415 939 coniugum
2454 865 2567 922 vita
2611 866 2919 923 damnetur.
2966 867 3046 925 De
3078 881 3196 940 qua
3230 869 3557 941 pm

1956 972 2177 1035 quoque
2192 958 2400 1017 Paulus
2425 959 2708 1017 admonuit
2730 960 2917 1019 dicens
2941 977 2956 1017 ε
2988 958 3173 1021 Notice
3189 962 3447 1035 {rm
3456 964 3554 1021 λη,

1960 1038 2143 1121 vicem,
2187 1053 2290 1108 nisi
2329 1054 2465 1125 forte
2490 1072 2569 1111 ea:
2604 1073 2861 1114 consensu
2897 1057 2977 1114 ad
3007 1065 3230 1133 lampas,
3265 1067 3328 1117 ut
3352 1059 3553 1120 οσκή

1962 1147 2191 1202 orationi
2216 1146 2273 1220 (Ι
2292 1146 2416 1203 Cor.
2447 1148 2546 1222 vn)

2035 1233 2129 1317 So!
2161 1254 2397 1311 egressus
2434 1249 2515 1295 est
2549 1256 2707 1312 super
2737 1249 2933 1297 terram
2958 1252 3009 1300 et
3036 1242 3136 1300 Lat
3166 1245 3439 1318 ingressus
3474 1255 3554 1306 est

1966 1326 2152 1403 Segor.
2189 1328 2366 1401 Igitur
2395 1330 2656 1387 Dominus
2690 1332 2824 1404 pluit
2860 1349 3018 1406 super
3042 1334 3333 1392 Sudantem
3364 1333 3559 1397 σεβα-

1964 1418 2235 1474 morrham
2259 1417 2480 1491 sulphur
2503 1428 2554 1475 et
2576 1421 2749 1493 ignem
2772 1439 2806 1477 a
2832 1422 3058 1479 Domino
3082 1423 3149 1479 de
3173 1424 3331 1493 calo;
3348 1434 3405 1482 et
3425 1424 3556 1482 sob-

1964 1512 2116 1566 vertit
2141 1511 2372 1567 civitates
2398 1512 2519 1580 has,
2540 1520 2593 1568 et
2620 1529 2827 1569 omnem
2858 1516 3000 1571 circa
3016 1517 3312 1587 regionem,
3342 1519 3560 1574 univers-

1966 1619 2051 1658 sos
2067 1603 2388 1660 habitatores
2405 1603 2634 1671 urbium,
2653 1613 2700 1659 et
2717 1615 2907 1660 cuncta
2924 1613 3079 1662 terra
3093 1605 3536 1681 virentia.(Grsg.

1968 1695 2109 1766 Quid
2135 1697 2192 1753 in
2220 1690 2478 1769 sulphure
2499 1697 2605 1755 nisi
2632 1698 2775 1755 fetor
2797 1698 3002 1766 carnis,
3023 1707 3085 1756 et
3102 1700 3235 1771 quid
3255 1701 3561 1775 pesignem

266 1794 389 1865 ipse
414 1792 514 1849 Lot
535 1791 817 1851 ardentem
841 1789 1134 1848 Sodomam
1164 1787 1396 1865 fugiens,
1421 1789 1568 1844 venit
1598 1788 1786 1862 Segor,
1810 1797 1866 1847 et
1969 1788 2075 1844 nisi
2111 1789 2274 1846 ardor
2310 1788 2568 1847 desiderﬁ
2604 1791 2839 1853 carnalis
2877 1789 3232 1864 exprimitur?
3258 1793 3403 1850 Cum
3430 1809 3562 1869 ergo

268 1900 618 1961 nequaquam
649 1885 718 1941 ad
761 1893 1019 1941 montana
1048 1871 1400 1950 conscendit,
1436 1882 1541 1939 nisi
1584 1882 1725 1955 quod
1769 1881 1870 1939 So-
1895 1872 1945 1935 Β
1972 1879 2333 1938 habitantium
2372 1882 2623 1941 Sodomis
2658 1884 2745 1941 vel
2786 1884 3106 1943 Gomorrbte
3136 1888 3322 1944 carnis
3350 1888 3565 1946 scelera

268 1978 457 2045 doma,
482 1993 601 2050 qua:
626 1978 1014 2051 interpretatur
1044 1980 1273 2046 ccecitas,
1312 1974 1584 2030 mundana
1614 1974 1869 2046 exprimit

264 2068 563 2137 desideria,
600 2068 820 2126 altitudo
842 2085 973 2126 vero
1006 2071 1291 2137 montium,
1319 2067 1615 2144 speculatio
1639 2076 1721 2124 est
1746 2083 1869 2140 per-

264 2156 579 2215 fecturum?
607 2158 712 2217 Sed
737 2160 861 2232 quia
890 2160 1044 2217 multi
1071 2168 1199 2217 sunt
1226 2150 1382 2230 justi,
1412 2159 1505 2233 qui
1538 2158 1721 2215 mundi
1749 2159 1869 2231 qui-

263 2253 395 2306 dem
426 2252 707 2309 illecebras
728 2253 958 2327 fugiunt,
987 2256 1085 2312 sed
1112 2264 1315 2337 tamen,
1364 2256 1420 2312 in
1446 2257 1659 2313 actio‘ne
1682 2254 1864 2329 positi,

264 2344 747 2419 contemplationis
780 2346 990 2423 apicem
1020 2349 1206 2405 subire
1238 2364 1345 2405 non
1371 2358 1604 2422 queunt,
1646 2349 1751 2406 hoc
1784 2355 1869 2405 est

262 2434 414 2515 quod
441 2436 606 2492 exivit
635 2438 850 2508 quidem
874 2438 941 2494 de
970 2438 1240 2509 Sodomis,
1270 2443 1366 2497 sed
1392 2450 1573 2498 tamen
1599 2443 1667 2497 ad
1705 2455 1865 2497 mon-

265 2532 400 2581 tana
427 2541 533 2581 non
566 2527 835 2598 pervenit,
869 2530 994 2599 quia
1033 2530 1358 2589 damnabilis
1378 2532 1491 2587 vita
1522 2530 1862 2611 relinquitur,

262 2619 370 2675 sed
397 2619 571 2675 adhuc
612 2619 874 2677 celsitudo
911 2621 1296 2693 speculationis
1336 2624 1608 2680 subtiliter
1642 2639 1751 2680 non
1782 2632 1865 2682 te-

260 2717 449 2767 netur.
487 2710 614 2773 Inde
642 2711 786 2768 idem
824 2712 927 2769 Lot
964 2714 1033 2769 ad
1077 2713 1329 2787 angelum
1357 2715 1528 2772 dicit:
1560 2714 1658 2772 Est
1684 2718 1867 2773 civitas

267 2805 387 2861 hwc
412 2804 592 2876 juxta,
622 2806 691 2860 ad
716 2823 876 2878 quam
902 2825 1114 2880 possum
1140 2809 1321 2881 fugere
1346 2827 1533 2882 parva,
1554 2818 1605 2866 et
1627 2810 1870 2868 salvabor

261 2899 328 2955 in
350 2916 413 2954 ea
428 2916 447 2966 ;
477 2900 713 2972 nunquid
739 2917 844 2956 non
870 2902 1079 2956 modica
1100 2910 1196 2970 est,
1226 2911 1277 2958 et
1300 2904 1433 2958 vivet
1461 2904 1642 2959 anima
1670 2921 1787 2960 mea
1812 2904 1869 2959 in

261 2991 373 3046 ea?
413 2989 579 3046 Juxta
623 2992 792 3064 igitur
818 2992 1038 3063 dicitur,
1079 3002 1135 3050 et
1174 3002 1356 3055 tamen
1382 2993 1452 3051 ad
1492 2995 1723 3052 salutem
1753 3002 1869 3053 tuta

260 3082 606 3154 perhibetur,
636 3082 766 3155 quia
808 3085 1035 3143 actualis
1072 3086 1180 3142 vita
1211 3102 1313 3143 nec
1352 3102 1384 3142 a
1414 3086 1600 3143 mundi
1626 3086 1773 3143 curis
1801 3101 1868 3143 ex

262 3185 387 3232 tota
412 3175 643 3234 discreta
669 3184 772 3246 est,
800 3193 911 3250 .nec
942 3184 1123 3234 tamen
1152 3193 1183 3233 a
1207 3179 1405 3252 gaudio
1430 3178 1620 3236 salutis
1648 3190 1868 3235 aeterna:

263 3269 470 3325 aliena.
496 3269 633 3329 Item
662 3270 820 3326 aliter
850 3289 863 3324 :
895 3267 1188 3327 Ardentem
1223 3270 1513 3329 Sodomam
1544 3270 1754 3344 fugere,
1783 3278 1871 3327 est

264 3358 458 3415 illicita
484 3361 668 3417 carnis
712 3360 963 3418 incendia
1007 3362 1313 3431 declinare;
1365 3362 1591 3419 altitudo
1632 3379 1763 3420 vero
1788 3371 1873 3420 est

263 3454 564 3522 montium,
593 3454 861 3510 munditia
883 3456 1309 3524 continentium;
1344 3458 1431 3511 vel
1456 3442 1605 3514 certe
1631 3460 1785 3529 quasi
1815 3457 1871 3515 in

261 3554 459 3601 monte
482 3553 631 3615 sunt,
658 3547 751 3619 qui
789 3548 955 3603 etiam
982 3548 1190 3604 carnali
1220 3549 1423 3623 copula:
1451 3550 1737 3619 inhaerent,
1779 3553 1871 3607 sed

253 3644 458 3708 μεωειλ
496 3644 652 3695 extra
691 3639 1047 3710 suscipiendae
1078 3639 1252 3719 prolis
1297 3640 1678 3697 admistionem
1719 3642 1872 3698 dehi-

261 3737 429 3798 tam,
482 3730 632 3786 nulla
681 3732 864 3797 carnis
907 3733 1185 3805 voluptate
1230 3732 1531 3790 solvuntur.
1581 3734 1643 3790 1n
1691 3744 1874 3792 monte

259 3823 478 3894 quippe
520 3830 688 3891 stare,
729 3831 813 3880 est
852 3822 1087 3882 fructum
1113 3826 1427 3899 propaginis
1473 3828 1529 3882 in
1571 3843 1737 3885 carne
1765 3844 1873 3893 non

261 3930 543 3987 qumrere.
589 3916 650 3972 In
695 3925 880 3974 monte
923 3926 1103 3988 stare,
1152 3927 1238 3975 est
1283 3918 1577 3975 carnaliter
1623 3935 1733 3983 non
1774 3920 1875 3976 ad-

262 4006 502 4062 haerere.
553 4006 661 4064 Sed
708 4009 834 4081 quia
882 4008 1039 4064 multi
1087 4017 1215 4065 sunt
1262 4011 1354 4082 qui
1406 4011 1613 4067 scelera
1656 4012 1872 4084 quidem

267 4098 460 4154 carnis
485 4096 761 4169 deserunt,
788 4115 898 4157 nec
926 4109 1130 4170 tamen,
1161 4102 1218 4158 in
1248 4102 1498 4177 conjugio
1524 4104 1709 4175 positi,
1742 4119 1876 4171 usus

264 4192 616 4261 solummodo
642 4194 807 4251 debiti
823 4194 955 4267 .jnra
989 4203 1339 4263 conservant,
1375 4194 1507 4250 exiit
1531 4195 1748 4267 quidem
1772 4194 1877 4252 Lot

271 4284 345 4342 de
377 4283 646 4353 Sodomis,
687 4288 781 4343 sed
811 4295 993 4342 tamen
1029 4302 1158 4344 mox
1187 4286 1255 4342 ad
1296 4295 1554 4344 montana
1597 4302 1706 4345 non
1747 4301 1873 4359 per-

269 4378 456 4447 venit,
487 4379 612 4450 quia
642 4378 757 4449 jam
790 4379 1114 4437 damnabilis
1142 4380 1253 4435 vita
1281 4379 1627 4451 relinquitur,
1656 4381 1752 4437 sed
1780 4382 1875 4451 ad-

269 4469 386 4527 huc
428 4458 689 4531 celsitudo
732 4471 1029 4545 coniugalis
1068 4474 1416 4537 continentia:
1450 4475 1725 4533 subtiliter
1765 4490 1872 4533 non

270 4570 512 4619 tenetur.
544 4564 641 4623 Est
671 4564 726 4622 in
767 4564 946 4623 medio
989 4563 1158 4638 Segor
1199 4566 1391 4622 civitas
1414 4580 1535 4638 quae
1574 4565 1873 4638 fugientem

266 4655 451 4727 salvet
480 4665 537 4728 et
559 4657 869 4729 inﬁrmum,
907 4657 1034 4728 quia
1062 4657 1312 4715 videlicet
1338 4673 1461 4723 cum
1506 4657 1609 4714 sibi
1646 4672 1745 4731 per
1783 4657 1869 4713 in-

267 4747 668 4815 continentiam
695 4749 992 4819 miscentur
1016 4746 1292 4820 conjnges,
1315 4755 1371 4802 et
1393 4745 1577 4819 lapsus
1606 4745 1870 4815 scelerum

256 4842 514 4916 fugiunt,
559 4851 617 4903 et
650 4851 835 4905 tamen
881 4842 1041 4901 venia
1093 4841 1386 4898 salvantur.
1438 4840 1607 4910 Quasi
1648 4856 1873 4912 parvam

263 4945 478 5018 quippe
504 4945 780 5002 civitatem
805 4944 1109 5010 inveniunt,
1133 4943 1190 4998 in
1217 4957 1326 5013 qua
1346 4941 1415 4997 ab
1443 4940 1658 5012 ignibus
1687 4938 1875 4997 defen-

260 5039 504 5106 damur,
532 5038 661 5113 quia
678 5035 981 5116 coniugalis
1004 5036 1122 5095 haec
1147 5035 1281 5102 vita,
1308 5049 1418 5093 non
1445 5033 1664 5105 quidem
1683 5033 1741 5089 in
1764 5033 1875 5087 vir-

262 5129 486 5188 tutibus
509 5131 648 5191 mira
671 5136 776 5197 est,
804 5128 903 5185 sed
932 5135 1113 5185 tamen
1133 5142 1164 5182 a
1185 5124 1462 5197 suppliciis
1480 5138 1693 5181 secura.
1718 5121 1875 5181 Unde

270 5221 428 5287 idem
450 5219 559 5293 Lot
589 5222 662 5279 ad
702 5220 955 5295 angelum
988 5219 1163 5277 dicit:
1200 5215 1298 5274 Est
1337 5218 1520 5279 civitas
1561 5216 1673 5272 lucc
1691 5215 1873 5286 juxta,

272 5312 355 5369 ad
381 5327 542 5383 quam
574 5327 793 5382 possunt
833 5309 1012 5383 fugere
1057 5326 1240 5383 parva,
1306 5318 1353 5364 et
1400 5306 1645 5365 salvabor
1687 5306 1743 5359 in
1788 5320 1870 5360 ea.

266 5404 547 5480 ,Nuuquid
586 5421 693 5469 non
737 5403 945 5460 modica
962 5411 1069 5470 est.
1106 5412 1155 5457 et
1184 5402 1310 5458 vivet
1343 5401 1399 5456 in
1425 5416 1487 5454 ea
1515 5398 1695 5453 anima
1723 5394 1878 5453 mea?

268 5496 456 5569 Juxta
484 5498 649 5572 igitur
674 5498 875 5567 dicitur
900 5506 954 5552 et
982 5506 1160 5555 tamen
1186 5497 1256 5553 ad
1280 5494 1510 5553 salutem
1540 5500 1654 5547 tuta
1688 5489 1875 5565 perhi~

277 5592 468 5659 betur,
494 5593 622 5663 quia
651 5592 949 5665 coniugalis
972 5593 1082 5647 vita
1108 5604 1208 5646 nec
1235 5606 1267 5645 a
1288 5588 1491 5647 mundo
1520 5586 1676 5659 longe
1701 5583 1873 5647 divisa

276 5690 396 5755 est,
438 5697 539 5755 inec
568 5691 749 5755 tamen
791 5699 824 5739 α
859 5683 1054 5753 gaudio
1082 5680 1271 5753 salutis
1297 5680 1490 5743 aliena.
1523 5676 1629 5733 Sed
1662 5684 1790 5730 tunc
1816 5673 1874 5728 in

276 5772 507 5841 ,actione
539 5774 642 5833 hac
668 5773 832 5829 vitam
856 5787 1012 5849 suam
1040 5772 1293 5851 Coniuges
1328 5772 1484 5844 quasi
1514 5773 1569 5829 in
1597 5784 1761 5844 parva
1792 5767 1873 5823 ci~

284 5867 462 5925 vitate
484 5868 814 5948 custodiunt,
837 5865 1056 5948 quando
1077 5879 1178 5936 pro
1206 5880 1266 5923 se
1286 5866 1514 5925 assiduis
1538 5861 1876 5942 deprecatio-

1968 1976 2163 2049 punire
2184 1976 2447 2033 Dominus
2474 1977 2819 2045 decrevisset,
2865 1979 2922 2035 in
2970 1980 3088 2051 ipsa
3110 1980 3371 2052 qualitate
3400 1980 3565 2039 ultio-

1968 2067 2055 2124 nis
2077 2067 2314 2125 ihnotuit
2335 2068 2604 2125 maculam
2633 2070 2896 2127 criminis.
2929 2070 3174 2142 Sulphur
3198 2073 3401 2146 quippe
3427 2073 3566 2131 feto-

1967 2174 2085 2215 rem
2116 2160 2312 2228 habet,
2345 2159 2488 2233 ignis
2520 2159 2793 2217 ardorem.
2837 2160 2942 2230 Qui
2980 2161 3170 2235 itaque
3210 2163 3280 2220 ad
3307 2178 3568 2236 penem

1968 2248 2237 2308 desideria
2265 2267 2335 2308 ex
2372 2252 2554 2309 carnis
2580 2244 2763 2310 fetore
2784 2260 3068 2322 arserant,
3112 2252 3335 2328 dignum
3376 2254 3569 2313 fuitut
3650 2293 3654 2298 -

1969 2342 2128 2401 simul
2172 2344 2430 2416 sulphure
2470 2344 2715 2415 perirent
2743 2353 2799 2401 et
2836 2344 2982 2416 igne,
3012 2353 3280 2417 quatenus
3315 2362 3383 2403 ex
3416 2345 3569 2416 justo

1967 2449 2129 2508 poena
2164 2435 2437 2492 discerent
2475 2451 2544 2491 ex
2570 2435 2779 2509 iniusto
2814 2435 3087 2493 desiderio
3117 2437 3248 2508 quid
3280 2437 3566 2496 fecissent.

1956 2512 1963 2519 ’
2041 2528 2442 2603 Respicieusque
2468 2546 2606 2585 uxor
2641 2527 2787 2585 illius
2823 2539 2940 2603 post
2964 2546 3040 2599 se,
3078 2546 3229 2587 versa
3260 2540 3339 2588 est
3366 2531 3426 2589 in
3450 2540 3569 2588 sta-

1970 2620 2298 2676 tuam'salis.
2348 2621 2495 2678 Uxor
2529 2628 2712 2678 autem
2755 2619 2891 2691 eius,
2921 2634 3112 2679 eorum
3151 2621 3363 2679 scilicet
3396 2638 3569 2695 genus

1969 2712 2222 2786 ﬁguravit
2250 2714 2364 2784 qui,
2412 2729 2510 2784 per
2554 2714 2786 2787 gratiam
2815 2714 2993 2771 vocati
3034 2712 3164 2783 Dei,
3209 2721 3359 2772 retro
3395 2716 3571 2788 respi-

1970 2805 2151 2872 ciunt,
2181 2813 2237 2860 et
2264 2806 2329 2862 ad
2367 2820 2430 2862 ea
2465 2822 2587 2878 qua:
2629 2806 2968 2878 reliquerant
3002 2807 3185 2864 redire
3206 2809 3568 2877 contendunt,

1971 2900 2037 2956 de
2066 2897 2259 2969 quibus
2290 2899 2406 2970 ipse
2434 2898 2721 2967 Dominus,
2752 2899 2944 2969 Nemo,
2971 2886 3169 2983 inqﬂl’,
3210 2917 3409 2972 ponens
3449 2918 3567 2958 ma-

1972 3009 2095 3048 num
2136 3009 2291 3049 suam
2329 3010 2486 3065 super
2526 3003 2787 3063 aratrum,
2817 2982 3286 3066 respiciens‘retro,
3311 3003 3468 3068 aptus
3493 2996 3571 3051 est

1970 3101 2128 3157 regno
2164 3085 2263 3140 Dei
2309 3084 2461 3158 (Luc.
2490 3084 2587 3158 vr).
2635 3085 2791 3143 Unde
2819 3093 2873 3141 et
2916 3084 3006 3142 ille
3049 3085 3371 3158 prohibetur
3418 3094 3566 3143 rutro

1971 3180 2264 3255 reSpicere,
2295 3194 2395 3250 per
2419 3178 2561 3251 quod
2601 3179 2912 3236 ostenderet
2946 3193 3056 3235 non
3081 3194 3203 3237 esse
3228 3179 3566 3236 redeundum

1896 3242 1945 3309 ο
1975 3273 2044 3329 ad
2062 3242 2313 3329 veterem
2340 3242 2531 3338 vitam,
2558 3272 2672 3345 qui,
2708 3287 2808 3343 per
2834 3271 3065 3345 gratiam
3087 3272 3414 3345 regenerati,
3443 3272 3573 3329 ulti-

1973 3379 2121 3419 mum
2161 3363 2386 3436 cupiunt
2421 3363 2649 3418 evadere
2688 3362 2974 3434 judicium.
3016 3360 3173 3431 Quod
3208 3376 3341 3419 vero
3378 3363 3569 3420 eadem

1974 3455 2271 3527 respiciens
2296 3454 2577 3520 remansit,
2605 3461 2661 3509 et
2690 3453 2745 3508 in
2772 3453 2941 3510 salem
2967 3468 3230 3511 conversa
3255 3463 3359 3522 est,
3386 3468 3574 3511 exem-

1971 3546 2120 3618 plum
2166 3554 2388 3617 praestat
2430 3546 2496 3601 ad
2537 3544 2943 3600 condimentum
2980 3544 3252 3613 fidelium,
3298 3546 3443 3603 unde
3477 3544 3572 3601 alii

1973 3637 2272 3694 salvantur.
2304 3636 2439 3692 Nam
2474 3652 2575 3693 nec
2606 3637 2781 3707 ipsum
2824 3637 2996 3693 tacuit
3037 3635 3290 3694 Christus
3329 3637 3531 3695 dicens
3549 3654 3567 3693 :

1975 3727 2287 3783 Mementote
2330 3727 2513 3783 umoris
2558 3727 2657 3783 Lot
2700 3725 2853 3801 (Luc.
2894 3727 3076 3803 xvm),
3120 3728 3330 3787 scilicet
3368 3736 3431 3785 ut
3468 3742 3571 3786 nos

1972 3828 2233 3893 tanquam
2267 3821 2380 3878 sale
2408 3820 2682 3889 condiret,
2711 3828 2774 3877 ut
2805 3835 2916 3878 non
2944 3829 3202 3893 tanquam
3231 3822 3367 3878 fatui
3401 3823 3573 3894 negli-

1974 3929 2244 3988 geremus,
2273 3915 2367 3971 sed
2394 3914 2688 3985 prudentes
2711 3926 3058 3981 caveremus;
3088 3915 3193 3970 hoc
3220 3913 3368 3970 enim
3397 3921 3454 3970 et
3479 3912 3573 3970 illa

1976 4004 2273 4071 admonuit,
2303 4020 2427 4060 cum
2449 4005 2505 4060 in
2528 4012 2765 4061 statuam
2792 4004 2924 4061 salis
2938 4019 3203 4061 conversa
3229 4012 3333 4071 est.

2046 4095 2179 4153 Cum
2203 4096 2339 4153 enim
2361 4095 2673 4152 subverteret
2700 4094 2961 4151 Dominus
2990 4097 3224 4152 civitates
3255 4095 3481 4167 regionis
3505 4095 3574 4150 il-

1975 4187 2098 4256 lius,
2132 4187 2438 4243 recordatus
2478 4195 2555 4243 est
2591 4186 2838 4255 Abrahae,
2870 4195 2920 4241 et
2948 4185 3183 4241 liberavit
3209 4185 3309 4242 Lot
3345 4186 3411 4242 de
3447 4185 3573 4243 sub-

1973 4280 2209 4335 versione
2250 4278 2461 4334 urbium
2502 4279 2559 4334 in
2599 4278 2789 4351 quibus
2828 4277 3174 4333 habitaverat.
3215 4275 3576 4334 Commendat

1976 4369 2257 4443 Scriptura
2279 4369 2494 4426 meritis
2517 4369 2692 4442 magis
2714 4368 2951 4426 Abralue
2980 4367 3274 4425 liberatum
3301 4383 3422 4425 esse
3445 4368 3569 4438 Lot,

1974 4471 2035 4519 ut
2062 4462 2428 4535 intelligamus
2457 4461 2559 4518 Lot
2585 4461 2793 4533 justum
2814 4459 3024 4516 dictum
3052 4456 3350 4515 secundum
3385 4473 3572 4530 quem-

1976 4556 2101 4613 dam
2134 4556 2377 4623 modum,
2408 4553 2648 4610 maxime
2668 4552 2815 4624 quod
2834 4565 3005 4606 unum
3025 4563 3215 4605 verum
3234 4547 3407 4605 Deum
3426 4548 3572 4606 cole-

1895 4606 1952 4669 Β
1975 4648 2096 4716 bat,
2136 4655 2193 4704 et
2227 4606 2451 4719 propter
2489 4606 2953 4714 compaiationem
2992 4641 3260 4699 scelerum
3309 4638 3573 4698 Sodomo-

1975 4754 2117 4806 rum,
2142 4737 2285 4793 inter
2316 4750 2453 4808 quos
2480 4733 2670 4792 vivens
2698 4733 2768 4790 ad
2795 4732 2964 4789 vitam
2990 4730 3225 4788 similem
3254 4744 3365 4787 non
3391 4727 3571 4801 potuit

1975 4830 2243 4889 inclinari.

2046 4918 2393 4991 Accenditque
2421 4916 2518 4973 Lat
2548 4917 2613 4972 de
2640 4915 2827 4989 Segor,
2856 4922 2907 4972 et
2933 4915 3129 4971 mansit
3150 4915 3212 4971 in
3230 4922 3425 4981 marite,
3447 4912 3569 4970 dm

1975 5031 2179 5089 quoque
2206 5010 2333 5083 ﬁlia:
2367 5009 2482 5081 ejus
2510 5026 2631 5065 cum
2667 5024 2748 5064 eo.
2785 5006 3053 5064 Timuerat
3091 5007 3234 5063 enim
3274 5019 3485 5061 manere
3510 5003 3569 5059 in

1981 5107 2164 5180 Segor,
2196 5114 2245 5161 et
2278 5105 2467 5160 mansit
2504 5105 2562 5159 in
2597 5101 2863 5175 spelunca,
2901 5102 3015 5176 ipse
3041 5108 3093 5157 et
3129 5100 3253 5156 dua:
3276 5096 3405 5170 ﬁlia:
3429 5098 3566 5170 ejus.

1981 5200 2251 5270 Quaeritur
2271 5213 2440 5271 quare
2459 5213 2582 5254 cum
2606 5197 2844 5269 primum
2878 5194 3018 5267 fugo:
3049 5192 3252 5249 montis
3271 5189 3570 5263 praetulerit

1983 5296 2177 5370 Segor,
2198 5304 2251 5351 et
2270 5311 2392 5351 eam
2415 5295 2469 5351 in
2500 5290 2870 5351 habitaculum
2892 5303 3050 5345 suum
3069 5287 3305 5343 voluerit
3323 5285 3567 5354 liberari,

1981 5406 2128 5447 nunc
2148 5388 2214 5445 de
2246 5386 2415 5460 Segor
2435 5401 2653 5442 rursum
2677 5385 2745 5439 ad
2764 5389 3003 5439 montem
3024 5378 3240 5451 migret.
3258 5376 3570 5449 Responde-

1982 5483 2162 5541 bimus
2191 5495 2375 5536 veram
2407 5494 2525 5535 esse
2556 5476 2705 5532 illam
2735 5473 3086 5530 Hebraeorum
3110 5467 3477 5541 conjecturam
3501 5467 3569 5525 de

1980 5575 2179 5648 Segor,
2203 5573 2346 5645 quod
2371 5571 2683 5643 frequenter
2722 5574 3036 5623 terraemotu
3070 5564 3262 5622 obruta
3295 5562 3427 5619 Bale
3457 5560 3571 5633 pri-

1985 5685 2155 5736 mum,
2177 5676 2233 5723 et
2264 5676 2452 5742 postea
2474 5663 2646 5720 Salisa
2670 5661 2934 5747 appellata
2971 5662 3073 5735 sit;
3099 5657 3448 5747 timueritque
3468 5654 3572 5715 Lot

1987 5761 2171 5819 dicens
2190 5779 2202 5814 :
2220 5756 2277 5815 Si
2302 5773 2423 5836 cum
2448 5763 2660 5833 caeteris
2680 5746 2858 5831 adhuc
2877 5752 3040 5811 urbes
3060 5746 3405 5826 δικ-οι)ῌώ
3422 5756 3571 5836 saepe

1985 5856 2244 5938 subversa
2276 5834 2377 5921 est,
2403 5857 2606 5927 quanto
2636 5849 2810 5921 magis
2828 5861 2985 5920 nunc
3017 5845 3076 5907 in
3104 5838 3377 5906 communi
3404 5834 3570 5899 uti!
