3974 6450
491 314 602 374 559

1169 311 1230 366 Β.
1270 305 1526 365 RABANI
1563 304 1784 366 MAURI
1821 299 2142 360 ARCHIEP.
2185 297 2496 358 MOGUNT.
2533 294 2820 355 OPERUM
2856 293 3036 354 PARS
3071 294 3115 352 1.

489 448 602 490 non
619 427 821 502 poterit
851 421 1092 490 liberari,
1116 432 1172 478 et
1190 423 1332 478 hanc
1347 421 1686 477 occasionem
1716 415 2068 481 inﬁdelitatis,
2097 419 2152 481 Α
2175 411 2404 468 nolueris
2425 413 2661 478 reddere,
2683 413 2814 466 scito
2839 409 2979 483 quod
3012 419 3180 468 morte
3205 413 3464 484 morieris,
3495 426 3560 473 tu
3580 429 3634 475 et
3663 439 3782 478 om-

490 523 754 583 etiamin
784 520 920 576 ﬁlias
955 517 1170 574 dedisse
1206 516 1382 572 coitus
1413 512 1760 585 principium.
1803 509 1906 577 Qui
1934 507 2080 564 enim

491 625 726 676 caeteras
752 614 964 670 viderat
991 609 1177 667 subrui
1201 608 1448 664 civitates
1467 613 1523 662 et
1543 605 1685 660 hanc
1715 611 1886 667 stare,
1918 613 2083 670 seque

492 711 592 770 Dei
613 706 818 766 auxilio
837 711 1071 770 erutum,
1094 702 1280 771 utique
1301 699 1366 756 de
1387 713 1453 755 eo
1473 697 1618 769 quod
1639 694 1742 751 sibi
1761 705 2081 750 concessum

481 774 756 863 'audierat,
778 795 1052 865 ambigere
1072 807 1182 850 non
1201 790 1403 848 debuit.

475 907 482 933 ί
557 890 809 960 Dixitque
831 886 1007 957 major
1023 883 1092 938 ad
1112 883 1363 938 minorem
1385 894 1402 933 :
1427 878 1589 934 Pater
1610 884 1785 932 noster
1804 889 1962 930 senex
1980 880 2077 940 est,

487 993 540 1043 et
570 982 746 1044 nullus
776 981 1007 1036 virorum
1032 975 1280 1032 remansit
1303 975 1358 1029 in
1383 982 1548 1039 terra,
1573 971 1662 1043 qui
1689 969 1852 1041 possit
1880 966 2082 1039 ingredi

488 1079 559 1135 ad
586 1093 679 1132 nos
697 1076 860 1146 juxta
881 1087 1080 1128 morem
1106 1070 1360 1125 universae
1388 1076 1560 1122 teme.
1593 1061 1745 1129 Veni,
1768 1061 2080 1116 inebriemus

487 1187 610 1227 eum
638 1171 779 1236 uino,
804 1167 1228 1235 dormiamusque
1250 1177 1369 1216 eum
1398 1176 1480 1224 eo,
1508 1165 1564 1212 ut
1591 1171 1796 1211 servare
1823 1153 2080 1226 possimus

487 1277 555 1318 ex
579 1270 728 1331 patre
759 1267 934 1312 nostro
963 1271 1157 1312 semen.
1194 1251 1328 1306 Illud
1363 1250 1524 1321 igitur
1555 1247 1700 1318 quod
1734 1261 1832 1316 pro
1853 1258 2080 1300 excusa-

489 1336 638 1408 tione
672 1350 868 1406 dicitur
898 1346 1161 1409 ﬁliarum,
1203 1358 1268 1397 co
1307 1341 1449 1411 quod
1479 1337 1790 1409 putaverint
1819 1334 2081 1391 defecisse

473 1443 789 1499 humanum
827 1453 1016 1511 genus,
1058 1444 1116 1493 et
1154 1436 1274 1490 ideo
1313 1449 1436 1489 cum
1475 1439 1628 1503 patre
1654 1427 2077 1492 'concubuerint,

490 1553 600 1593 non
623 1542 848 1592 excusat
867 1541 1096 1605 patrem.
1124 1529 1368 1597 Denique
1398 1524 1609 1582 Hebraei
1634 1521 1784 1594 quod
1813 1521 2075 1591 sequitur,

489 1626 563 1682 Et
594 1625 808 1682 nescivit
831 1633 880 1678 et
912 1637 1028 1677 cum
1057 1619 1328 1673 dormisset
1353 1632 1470 1670 cum
1494 1631 1575 1680 eo,
1601 1623 1648 1668 et
1684 1621 1802 1667 eum
1825 1611 2080 1666 surrexis-

2183 508 2271 562 nia
2306 523 2424 578 qure
2454 515 2544 561 tua
2572 513 2713 561 sunt.
2750 503 2906 572 Quod
2930 505 3006 560 ait
3032 505 3174 563 Deus
3198 509 3268 564 ad
3293 509 3622 569 Abimelech
3662 531 3786 586 pro-

2178 603 2302 667 pter
2329 594 2525 652 Saram
2557 612 2572 650 :
2607 593 2834 666 Peperci
2865 594 2995 661 tibi,
3025 606 3085 651 ut
3122 613 3230 652 non
3266 614 3529 669 peccares
3567 604 3626 659 in
3673 621 3780 675 me,

2179 689 2397 760 quando
2421 704 2546 746 eum
2578 687 2858 746 admonuit
2884 702 3106 745 uxorem
3128 689 3408 748 Abraham
3436 707 3592 762 esse,
3620 713 3782 767 quam

2179 779 2406 851 putabat
2445 793 2720 845 sororem,
2761 778 3150 835 advertendum
3179 789 3264 837 est
3302 790 3358 836 et
3385 785 3702 842 notandum
3731 789 3784 844 in

2180 869 2353 926 Deum
2374 870 2624 942 peccari,
2656 869 2870 940 quando
2899 869 3027 926 talia
3060 872 3498 942 committuntur,
3527 890 3660 947 qua;
3687 895 3784 950 pu-

2182 969 2301 1018 tant
2350 962 2597 1020 homines
2641 963 2836 1020 leviter
2877 963 3147 1034 habenda,
3195 973 3458 1037 tanquam
3511 967 3576 1023 in
3624 983 3783 1026 carne

2180 1055 2409 1126 peccati.
2457 1053 2611 1122 Quod
2659 1063 2842 1112 autem
2882 1055 3019 1111 dixit
3057 1057 3108 1112 ei
3148 1075 3160 1112 :
3206 1057 3345 1115 Ecce
3393 1067 3455 1114 tu
3506 1060 3781 1128 morieris,

2183 1145 2345 1200 etiam
2376 1145 2479 1201 hoc
2503 1145 2799 1201 notandum
2837 1153 2952 1215 est,
2983 1148 3250 1218 quomodo
3277 1149 3427 1206 dicat
3465 1149 3646 1217 Deus,
3677 1160 3786 1206 tuo

2182 1257 2344 1312 quam
2391 1243 2694 1312 praedicens
2737 1242 2856 1299 sine
2893 1242 3058 1300 dubio
3094 1241 3353 1309 futurum,
3400 1245 3563 1315 quod
3609 1245 3786 1303 admo-

2181 1335 2359 1392 nendo
2384 1336 2534 1402 dicit,
2563 1343 2624 1390 ut
2646 1335 2964 1392 abstinendo
2991 1351 3023 1390 a
3048 1344 3269 1406 peccato
3295 1345 3593 1393 caveatur.

2264 1423 2469 1481 Vocavit
2517 1435 2692 1480 autem
2717 1425 3011 1481 Abimelech
3038 1428 3194 1483 etiam
3222 1427 3524 1496 Abraham,
3570 1438 3627 1484 et
3668 1431 3789 1485 dixit

2180 1516 2229 1572 ei
2250 1535 2269 1571 :
2301 1516 2441 1583 Quid
2465 1518 2662 1588 fecistis
2679 1517 2868 1590 nobis)
2890 1517 3016 1591 quid
3033 1520 3357 1590 peccavimus
3380 1520 3444 1574 in
3472 1523 3699 1592 tc,quia
3720 1523 3790 1577 in-

2180 1607 2379 1662 duxiin
2419 1625 2576 1679 super
2604 1625 2685 1664 me
2727 1618 2776 1664 et
2828 1625 2985 1677 super
3027 1626 3242 1682 regnum
3280 1627 3462 1666 meum
3515 1622 3792 1682 peccatu

484 1727 562 1773 set
604 1717 669 1772 ab
714 1733 796 1781 eo,
838 1717 1154 1784 appungunt
1191 1709 1423 1778 desuper
1455 1706 1612 1778 quasi
1651 1701 1986 1767 incredibile,
2025 1708 2081 1757 et
2107 1782 2126 1784 ξ
2181 1699 2418 1770 grande?
2446 1699 2578 1766 Qua:
2601 1716 2707 1755 non
2735 1699 2959 1755 debuisti
2997 1699 3170 1770 facere
3196 1701 3366 1772 fecisti
3425 1703 3616 1760 nobis.
3667 1702 3795 1758 Rur-

484 1804 632 1877 quod
662 1818 846 1860 rerum
872 1782 1075 1858 natura
1108 1813 1215 1854 non
1247 1797 1426 1867 capiat
1460 1795 1606 1852 coire
1641 1793 1949 1864 quempiam
1987 1805 2079 1846 ne-
2103 1782 2152 1844 Β
2179 1808 2369 1862 susque
2408 1791 2745 1863 expostuluns
2794 1792 2871 1847 ait
2901 1808 2921 1848 :
2945 1791 3086 1860 Quid
3112 1793 3288 1848 vidisti
3318 1803 3377 1848 ut
3403 1795 3511 1849 hoc
3553 1795 3796 1865 faceres!

483 1899 770 1956 scientem.

462 2039 468 2044 .
555 1989 913 2061 Conceperunt
939 2002 1061 2058 ergo
1094 1985 1215 2039 dua:
1236 1983 1364 2054 ﬁlia:
1393 1982 1491 2037 Lot
1519 1980 1756 2053 de'patre
1774 1995 1869 2035 suo
1885 1996 1903 2045 ;
1925 1994 2077 2051 pepe-

482 2083 650 2153 ritque
675 2080 850 2150 major
876 2078 1068 2148 ﬁlium,
1094 2086 1142 2130 et
1168 2075 1363 2130 vocavit
1391 2090 1578 2128 nomen
1605 2072 1719 2142 ejus
1749 2070 1929 2125 Moab.
1955 2069 2076 2140 Ipse

481 2182 556 2227 est
584 2180 734 2242 pater
760 2169 1116 2224 Moabitarum
1155 2182 1316 2236 usque
1351 2165 1406 2219 in
1434 2172 1745 2236 prxsentem
1774 2161 1933 2217 diem.
1965 2161 2074 2216 Mi-

480 2280 580 2318 nor
607 2279 808 2334 quoque
834 2262 1030 2333 peperit
1055 2257 1250 2330 ﬁlium,
1277 2268 1324 2313 et
1362 2258 1558 2313 vocavit
1592 2273 1780 2312 nomen
1803 2257 1916 2327 ejus
1943 2257 2073 2310 Am-

461 2373 624 2422 ,mon,
657 2355 712 2410 id
733 2361 818 2410 est
847 2353 991 2410 ﬁlius
1026 2351 1211 2422 populi
1241 2350 1369 2415 mei,
1394 2351 1501 2420 ipse
1527 2359 1602 2404 est
1634 2357 1783 2419 pater
1807 2347 2076 2403 Ammoni—

478 2456 655 2502 tarum
696 2461 860 2516 usque
895 2443 1070 2498 hodie.
1109 2442 1266 2498 Moab
1300 2442 1690 2511 interpretatur
1723 2455 1788 2494 ex
1819 2447 1988 2511 patre,
2021 2446 2078 2494 et

479 2545 656 2592 totum
677 2551 876 2592 nomen
909 2534 1290 2607 etymologiam
1312 2532 1496 2588 habet.
1528 2530 1762 2587 Ammon
1795 2546 1944 2598 vero,
1975 2545 2074 2586 cu-

475 2628 566 2699 jus
587 2631 807 2700 quidem
828 2644 992 2686 causa
1015 2629 1250 2684 nominis
1271 2628 1532 2693 redditur,
1555 2627 1698 2697 ﬁlius
1726 2627 1928 2698 generis
1950 2625 2072 2694 mei,

478 2724 615 2790 sive,
649 2732 709 2779 ut
743 2724 936 2781 melius
965 2731 1050 2779 est
1081 2723 1137 2778 in
1167 2721 1414 2787 Hebraeo,
1447 2720 1588 2791 [ilius
1627 2719 1806 2792 populi
1838 2721 1962 2788 mei,
1994 2718 2074 2775 sic

481 2813 778 2880 derivatur,
812 2820 969 2868 utcx
1001 2819 1156 2882 parte
1200 2826 1394 2866 sensus
1430 2809 1684 2876 nominis,
1724 2819 1781 2864 et
1814 2824 1882 2865 ex
1922 2817 2075 2881 parte

477 2908 594 2978 ipse
615 2908 686 2963 sit
706 2922 905 2962 sermo.
937 2906 1111 2961 Ammi
1132 2915 1242 2971 912*;
1264 2906 1430 2973 enim,
1455 2921 1486 2961 a
1508 2921 1618 2977 quo
1637 2905 1769 2962 dicti
1791 2914 1919 2962 sunt
1945 2904 2076 2960 Am-

476 2998 719 3066 monitm,
761 3006 985 3054 vocatur
1023 2997 1247 3070 populus
1286 3014 1452 3052 meus.
1492 2997 1550 3052 lu
1593 2997 1711 3067 ipso
1751 3004 1934 3051 autem
1972 2995 2074 3052 Lot

476 3089 693 3160 quando
725 3089 847 3144 ﬁliae
872 3091 1282 3146 concubuerunt
1311 3105 1433 3144 cum
1460 3104 1545 3156 eo,
1578 3103 1686 3144 non
1717 3088 1845 3143 illud
1871 3087 2016 3159 quod
2042 3103 2074 3142 a

479 3180 732 3236 Sodomis
752 3180 1013 3237 liberatus
1040 3189 1144 3246 est,
1178 3182 1270 3237 sed
1297 3181 1442 3236 aliud
1469 3180 1755 3252 ﬁguratum
1784 3188 1890 3236 est.
1922 3179 2075 3236 Tunc

475 3273 623 3328 enim
655 3273 772 3343 ipse
797 3272 898 3328 Lot
924 3271 1118 3328 futura:
1148 3273 1282 3346 legis
1307 3273 1591 3329 videbatur
1621 3278 1863 3345 gestasse
1887 3287 2076 3342 perso-

479 3379 627 3431 nam,
661 3379 823 3435 quam
850 3365 1070 3435 quidam
1099 3380 1165 3420 ex
1198 3364 1289 3419 illa
1316 3363 1588 3435 procreati
1609 3372 1664 3419 et
1693 3365 1792 3419 sub
1827 3363 1942 3434 lege
1973 3379 2073 3432 po-

474 3455 590 3522 siti,
631 3456 772 3511 male
815 3457 1188 3529 intelligendo,
1230 3455 1628 3527 quodammodo
1676 3471 1735 3510 se
1779 3454 2072 3518 iuebriaut,

474 3563 703 3618 eamque
743 3564 848 3604 non
885 3550 1122 3621 legitime
1159 3550 1378 3614 utendo,
1421 3549 1754 3604 inﬁdelitatis
1781 3564 1946 3619 opera
1982 3563 2074 3619 pa-

476 3637 642 3692 riunt.
679 3639 829 3694 Bona
858 3651 931 3694 est
961 3642 1099 3695 enim
1129 3641 1233 3707 lex,
1265 3641 1436 3711 inquit
1465 3640 1774 3712 Apostolus,
1799 3640 1845 3696 si
1873 3640 1988 3712 quis
2010 3656 2073 3694 ea

474 3727 699 3802 legitime
729 3731 897 3786 utitur
925 3731 974 3805 (Ι
1011 3732 1144 3787 Tim.
1176 3737 1237 3806 ι).

1044 3846 1274 3904 CAPUT
1314 3847 1502 3903 XXIV.

472 3938 552 3994 De
576 3941 990 4012 peregrinatione
1012 3941 1238 4012 Abrajun
1260 3943 1315 3994 in
1339 3940 1553 3995 Geraris
1573 3952 1592 3991 :
1609 3947 1658 3993 et
1685 3937 1750 3990 de
1774 3933 2072 3990 Abimeleclt

984 4028 1101 4080 rege
1132 4009 1560 4065 Palwstinorum.

550 4101 701 4171 (Car.
733 4103 853 4172 xx.)
897 4102 1172 4172 Profectus
1211 4102 1332 4156 inde
1360 4101 1627 4156 Abraham
1661 4116 1717 4154 in
1754 4108 1950 4154 terram
1976 4113 2074 4151 au-

475 4191 712 4256 stralem,
744 4192 994 4246 habitavit
1024 4192 1160 4246 inter
1189 4191 1354 4246 Gades
1391 4201 1438 4245 et
1467 4191 1595 4254 Sur,
1631 4200 1680 4244 et
1709 4189 2072 4262 peregrinatus

470 4293 547 4338 est
570 4286 624 4338 in
655 4281 888 4339 Cereris.
912 4284 1159 4357 Dixitque
1181 4285 1245 4340 de
1271 4283 1408 4340 Sara
1431 4302 1594 4341 uxore
1619 4303 1737 4350 sua,
1769 4283 1937 4340 Soror
1956 4299 2072 4338 mea

469 4383 566 4428 est.
603 4373 751 4428 Misit
787 4391 907 4446 ergo
941 4375 1240 4430 Abimeleclt
1281 4393 1372 4430 rex
1417 4374 1653 4441 Gerarte,
1700 4384 1746 4429 et
1785 4374 1903 4428 tulit
1933 4389 2068 4428 eam.

482 4461 634 4518 Venit
662 4475 840 4519 autem
872 4465 1014 4520 Deus
1051 4466 1120 4519 ad
1151 4465 1445 4521 Abimelech
1487 4483 1580 4538 per
1608 4466 1869 4520 somnium
1900 4473 2066 4529 nocte,

439 4567 519 4614 ,ει
543 4558 678 4612 dixit
707 4557 786 4612 illi
811 4572 829 4611 :
858 4558 945 4613 En
981 4559 1225 4613 morieris
1253 4569 1463 4629 propter
1494 4557 1766 4611 mulierem
1798 4572 1955 4626 quant
1984 4565 2069 4608 lu-

466 4648 576 4704 listi
593 4649 618 4702 ?
643 4647 816 4704 Habet
838 4651 978 4706 enim
1003 4651 1193 4703 virum.
1225 4648 1522 4704 Abimeleclt
1554 4663 1668 4702 vero
1703 4663 1806 4701 non
1832 4646 2068 4716 tetigerat

469 4758 608 4805 eam,
650 4750 696 4794 et
731 4740 803 4795 ait
840 4757 858 4795 :
892 4741 1134 4806 Domine,
1169 4757 1294 4794 num
1322 4749 1523 4811 gentem
1553 4739 1878 4809 ignorantem
1907 4747 1956 4790 et
1976 4736 2071 4806 ju-

467 4843 606 4887 stam
643 4831 967 4900 inter/Scies?
1007 4830 1199 4886 Nonne
1234 4833 1340 4902 ipse
1381 4832 1514 4886 dixit
1549 4830 1709 4896 mihi,
1751 4829 1917 4885 Soror
1953 4844 2068 4882 mea

465 4932 564 4986 est,
597 4931 644 4976 et
670 4924 785 4994 ipsa
825 4923 921 4988 ait,
965 4919 1159 4976 Frater
1184 4939 1330 4976 meus
1361 4922 1478 4976 est?
1501 4920 1567 4975 1η
1593 4921 1925 4992 simplicitate
1955 4934 2071 4972 cor-

465 5016 547 5070 dis
579 5017 679 5070 mei
707 5026 754 5071 et
782 5015 1042 5069 munditia
1065 5032 1319 5069 manuum
1344 5031 1579 5069 mearum
1614 5015 1713 5085 feci
1737 5015 1853 5067 hoc.
1883 5011 2065 5079 Qumri

470 5107 608 5161 solet
633 5108 902 5176 quomodo
929 5106 1107 5162 adhuc
1142 5107 1196 5161 iu
1229 5106 1320 5161 illa
1348 5114 1508 5161 :ctate
1538 5121 1638 5176 pro
1670 5105 1804 5159 Sara
1827 5102 2068 5172 pulchri-

466 5198 656 5252 tudine
707 5197 1003 5267 periclitari
1059 5197 1338 5253 Abraham
1390 5197 1681 5252 metuebat.
1737 5192 1843 5250 Sed
1893 5194 2066 5264 magis

470 5287 658 5341 {omne
693 5288 838 5344 illius
867 5289 948 5343 vis
988 5290 1236 5346 miranda
1265 5296 1347 5345 est
1386 5303 1506 5358 qua:
1547 5286 1722 5341 adhuc
1758 5285 1932 5340 amari
1971 5301 2066 5355 po-

469 5387 643 5445 terat,
670 5394 833 5448 quam
859 5381 1086 5450 quaestio
1126 5379 1356 5437 ditlicilis
1402 5378 1656 5448 putanda.
1703 5377 1951 5447 Dixitque
1995 5378 2063 5431 ad

469 5489 587 5528 eum
613 5472 755 5528 Deus
779 5487 796 5525 :
822 5474 891 5528 Et
919 5491 1011 5546 ego
1037 5477 1145 5531 scio
1171 5473 1311 5546 quod
1340 5471 1562 5542 simplici
1593 5472 1748 5525 corde
1781 5470 1990 5540 feceris,
2017 5479 2064 5524 et

468 5561 588 5616 ideo
614 5563 970 5631 custodivisse,
998 5582 1061 5620 ne
1085 5579 1325 5636 peccares
1355 5563 1408 5615 in
1438 5578 1540 5626 me,
1568 5569 1613 5614 et
1647 5576 1750 5613 non
1779 5559 1976 5626 dimisi,
2011 5567 2068 5614 ut

471 5661 709 5723 tangeres
749 5672 885 5712 eam.
930 5655 1092 5712 Nunc
1137 5656 1301 5727 igitur
1347 5653 1504 5710 redde
1545 5668 1762 5708 uxorem
1799 5652 1908 5706 viro
1949 5669 2066 5720 suo,

471 5744 599 5821 quia
624 5743 878 5823 propheta
898 5756 994 5814 est,
1023 5754 1074 5804 et
1099 5747 1269 5803 orabit
1295 5764 1390 5818 pro
1411 5756 1482 5821 te,
1509 5753 1559 5805 et
1583 5744 1738 5807 vives.
1770 5743 1865 5803 Sin
1895 5755 2069 5804 autem

2092 4507 2148 4567 D

2181 1881 2466 1954 Respondit
2503 1883 2804 1939 Abraham:
2852 1885 3091 1956 Cogitaui
3118 1903 3318 1940 mecum
3344 1887 3537 1943 dicens
3559 1904 3582 1942 :
3614 1886 3791 1943 Forsi-

2176 1982 2268 2026 tan
2298 1989 2402 2028 non
2440 1981 2514 2030 est
2567 1975 2728 2030 timor
2767 1975 2862 2032 Dei
2883 1977 2940 2031 in
2984 1975 3100 2031 loco
3123 1978 3248 2043 isto,
3277 1988 3328 2033 et
3355 1979 3696 2048 interﬁciens
3721 1998 3789 2036 ne

2173 2073 2382 2133 propter
2415 2081 2634 2121 uxorem
2661 2083 2852 2122 meam.
2886 2067 3036 2122 Alias
3073 2077 3248 2124 autem
3270 2079 3322 2124 et
3352 2087 3476 2126 vere
3498 2088 3667 2126 soror
3687 2090 3789 2128 mea

2173 2165 2270 2223 est,
2291 2157 2404 2226 ﬁlia
2433 2159 2599 2228 patris
2627 2161 2748 2226 mei,
2766 2170 2812 2214 et
2839 2176 2942 2214 non
2963 2160 3080 2230 ﬁlia
3120 2163 3306 2231 matris
3357 2180 3524 2231 mere,
3566 2175 3622 2220 et
3670 2166 3788 2220 diui

2173 2266 2290 2304 eam
2315 2267 2552 2306 uxorem.
2580 2253 2789 2308 Etenim
2813 2272 2926 2310 vere
2948 2271 3101 2311 soror
3122 2273 3238 2311 mea
3259 2267 3335 2312 est
3349 2258 3417 2313 de
3432 2269 3599 2330 patre
3619 2271 3668 2316 et
3690 2279 3790 2318 non

2173 2339 2238 2394 de
2264 2350 2449 2405 matre,
2481 2342 2533 2396 id
2560 2352 2665 2411 est,
2699 2344 2885 2402 fratris
2919 2346 3104 2402 Aaran
3126 2346 3259 2414 ﬁlia,
3282 2364 3395 2404 non
3426 2351 3674 2407 sororis.
3695 2351 3788 2409 Sed

2174 2431 2300 2502 quia
2336 2432 2389 2486 iu
2425 2431 2650 2490 Hebraeo
2681 2434 2870 2491 habet:
2908 2436 3042 2492 Vere
3079 2454 3231 2493 soror
3251 2455 3370 2494 mea
3409 2449 3523 2507 est,
3550 2442 3676 2512 ﬁlia
3706 2462 3790 2515 pa-

2175 2524 2272 2577 tris
2296 2525 2417 2590 mei,
2472 2526 2562 2580 sed
2610 2543 2714 2582 non
2756 2527 2871 2592 lilia
2914 2530 3100 2584 matris
3151 2547 3303 2598 mete,
3335 2541 3392 2588 et
3421 2535 3614 2606 magis
3640 2546 3787 2592 sonat

2175 2618 2316 2688 quod
2338 2633 2494 2674 soror
2521 2618 2766 2686 Abrahae.
2792 2619 2977 2687 fuerit,
3010 2621 3065 2677 in
3100 2623 3462 2680 excusatione
3495 2627 3626 2697 ejus
3663 2629 3786 2683 dici-

2174 2724 2312 2775 mus,
2346 2711 2577 2766 necdum
2608 2711 2698 2768 illo
2729 2718 2974 2784 tempore
2995 2714 3134 2772 tales
3177 2715 3396 2786 nuptias
3443 2715 3574 2790 lege
3603 2720 3788 2790 prohi-

2173 2802 2336 2859 bitas.
2367 2802 2551 2876 (Isid.)
2580 2803 2788 2861 Dehinc
2815 2807 3045 2862 historia
3066 2808 3134 2863 de
3159 2807 3511 2877 Abimelech,
3575 2815 3787 2883 quando

2175 2895 2450 2953 Abraham
2479 2898 2600 2953 tulit
2621 2914 2848 2955 uxorem
2876 2916 3030 2956 suam
3060 2900 3250 2958 Saram
3265 2910 3318 2958 et
3337 2902 3488 2960 dixit
3517 2921 3788 2970 sororem,

2177 3002 2269 3054 ne,
2301 3003 2359 3043 se
2386 2989 2595 3055 occiso,
2626 2989 2694 3044 ab
2725 2989 2915 3046 alienis
2940 2992 3155 3063 captiva
3201 2995 3613 3064 possideretur,
3680 3014 3791 3053 eer-

2177 3087 2265 3135 tus
2284 3081 2350 3135 de
2368 3079 2502 3146 Deo,
2532 3081 2675 3150 quod
2703 3097 2824 3138 eam
2854 3083 3044 3139 violari
3079 3100 3187 3141 non
3229 3087 3607 3157 permitteret,
3652 3089 3789 3144 sicut

2101 3146 2146 3210 Ο
2178 3187 2279 3226 nec
2303 3146 2611 3242 primuma
2636 3172 2941 3230 Pharaone.
2973 3171 3128 3232 Unde
3167 3146 3616 3242 et.Abimelech',
3654 3194 3792 3234 win-

2175 3264 2266 3319 nio
2290 3266 2679 3332 commonitus,
2703 3281 2813 3321 non
2842 3266 3134 3322 maculavit
3183 3283 3304 3324 eam
3335 3269 3669 3334 concubitu,
3703 3269 3793 3324 sed

2175 3357 2436 3414 intactam
2474 3361 2804 3415 restauravit
2835 3361 3055 3416 marito.
3085 3360 3484 3446 Verumtamen
3511 3363 3643 3434 quis
3668 3373 3791 3419 tunc

2175 3447 2230 3502 in
2254 3448 2344 3504 illo
2375 3447 2712 3521 ﬁgurabatur
2741 3452 2883 3519 viro,
2913 3452 3055 3508 scire
3079 3453 3223 3520 volo,
3253 3461 3307 3509 et
3328 3455 3490 3526 cujus
3518 3455 3593 3509 sit
3656 3471 3790 3511 uxor

2175 3556 2295 3610 quae
2316 3541 2369 3595 in
2385 3542 2488 3597 hac
2509 3543 2947 3615 peregrinatione
2971 3544 3290 3614 atqueinter
3303 3545 3650 3616 alienigenas
3671 3546 3786 3617 pol-

2174 3631 2250 3686 lui
2279 3633 2650 3702 macularique
2708 3650 2817 3690 non
2860 3635 3080 3703 sinitur,
3117 3644 3178 3692 ut
3229 3637 3301 3691 sit
3348 3636 3470 3692 viro
3527 3653 3632 3692 suo
3673 3639 3787 3692 sine

2174 3723 2387 3779 macula
2416 3734 2472 3780 et
2498 3740 2653 3795 ruga.
2677 3725 2736 3780 In
2761 3725 2990 3797 gloriam
3013 3727 3210 3798 quippe
3233 3726 3436 3782 Christi
3467 3737 3627 3783 recte
3654 3730 3789 3783 vivit

2174 3814 2436 3883 Ecclesia,
2466 3827 2526 3871 ut
2552 3817 2900 3887 pulchritudo
2927 3819 3045 3890 ejus
3068 3820 3242 3874 honor
3262 3821 3334 3874 sit
3357 3819 3480 3874 viro
3507 3819 3651 3888 ejus,
3682 3821 3791 3875 sic-

2173 3917 2235 3963 ut
2283 3909 2559 3964 Abraham
2612 3920 2834 3980 propter
2880 3911 3031 3966 Sara:
3089 3911 3584 3981 pulchritudinem,
3641 3912 3787 3968 inter

2175 4002 2511 4071 alienigenas
2540 4004 2948 4070 honorabatur;
2986 4005 3144 4075 eique
3168 4019 3293 4061 cum
3327 4005 3534 4061 dicitur
3561 4005 3619 4060 in
3645 4004 3787 4061 Can-

2175 4093 2297 4148 ticis
2328 4094 2700 4148 canticorum:
2728 4093 2773 4149 0
2808 4093 3165 4166 pulcherrima
3205 4095 3343 4150 inter
3393 4095 3674 4158 mulieres,
3710 4098 3789 4166 ip-

2175 4187 2288 4240 sius
2338 4185 2730 4256 pulchritudini
2775 4186 2970 4241 merito
3029 4200 3184 4256 reges
3241 4184 3476 4240 oﬁ‘erunt
3527 4203 3784 4251 munera,

2174 4277 2315 4332 sicut
2336 4275 2485 4332 Sara:
2511 4277 2708 4332 obtulit
2729 4292 2821 4331 rex
2851 4277 3188 4343 Abimelech,
3215 4276 3336 4348 plus
3381 4277 3437 4330 in
3468 4292 3538 4331 ca
3575 4277 3785 4332 mirans

2176 4368 2364 4426 ἴοι-[ηπ
2389 4371 2556 4425 decus
2570 4370 2714 4440 quod
2738 4385 2924 4425 amare
2953 4370 3148 4440 potuit.
3181 4369 3277 4424 Est
3306 4369 3454 4424 enim
3507 4377 3568 4424 et
3594 4380 3785 4424 sancta

2178 4461 2419 4517 Ecclesia
2443 4462 2672 4517 Domino
2703 4460 2834 4517 Jesu
2860 4461 3080 4518 Christo
3118 4461 3172 4516 in
3209 4461 3427 4516 occulto
3468 4477 3635 4517 uxor.
3694 4462 3785 4518 0c-

2174 4552 2315 4608 culle
2337 4551 2537 4622 quippe
2560 4552 2789 4621 atquein
2813 4553 3151 4618 abscondito,
3177 4555 3279 4608 hoc
3292 4561 3376 4608 est
3391 4562 3614 4608 secreto
3626 4554 3785 4623 spiri-

2173 4643 2326 4710 tuali,
2353 4644 2535 4698 anima
2563 4645 2801 4699 humana
2825 4645 3058 4700 inhaeret
3079 4645 3247 4700 verbo
3273 4644 3392 4711 Dei,
3415 4651 3478 4700 ut
3513 4647 3630 4701 sint
3681 4645 3782 4701 duo

2172 4733 2228 4788 in
2261 4749 2426 4791 carne
2447 4750 2573 4790 una.
2623 4733 2776 4802 Quod
2831 4736 3013 4805 magni
3069 4734 3308 4807 conjugii
3370 4745 3781 4792 sacramentum

2173 4827 2228 4881 iu
2278 4825 2496 4883 Christo
2563 4833 2619 4882 et
2683 4826 2737 4881 in
2792 4825 3032 4883 Ecclesia
3084 4826 3431 4883 commendat
3488 4827 3784 4900 Apostolus

2173 4917 2390 4988 (Ep/tes.
2417 4915 2493 4990 v).

2241 5010 2477 5064 Proinde
2512 5026 2739 5082 regnum
2785 5020 3060 5067 terrenum
3097 5010 3277 5067 saeculi
3315 5027 3500 5082 nujus,
3527 5027 3692 5083 cujus
3721 5011 3783 5065 ﬁ-

2170 5088 2359 5172 guram
2384 5101 2646 5172 gerebant
2675 5119 2854 5175 reges,
2887 5104 2981 5173 qui
3013 5102 3207 5159 Saram
3247 5102 3489 5175 polluere
3513 5103 3778 5173 permissi

2169 5210 2277 5248 non
2311 5202 2460 5259 sunt,
2485 5211 2590 5250 non
2625 5207 2709 5251 est
2729 5204 3042 5265 expertum;
3073 5211 3174 5251 nec
3209 5193 3417 5250 invenit
3468 5192 3777 5251 Eoclesiam

2169 5288 2455 5357 conjugem
2477 5288 2702 5355 Christi,
2731 5289 2837 5344 nisi
2875 5305 2999 5345 cum
3025 5289 3234 5344 violare
3263 5287 3512 5344 tentavit.
3577 5288 3776 5344 Divino

2173 5388 2353 5434 autem
2382 5381 2691 5436 testimonio
2712 5397 2806 5451 per
2829 5380 2987 5437 ﬁdem
3027 5390 3332 5454 martyrum
3363 5381 3552 5447 cessit,
3593 5396 3780 5437 eam

2171 5486 2426 5545 ctumque
2453 5476 2504 5531 in
2528 5476 2921 5546 posterioribus
2947 5476 3165 5548 regibus
3205 5474 3499 5532 honoravit
3521 5489 3777 5540 munere,

2174 5582 2338 5638 quam
2367 5568 2705 5638 corruptioni
2741 5584 2854 5624 sua:
2875 5568 3107 5624 subdere
3138 5568 3192 5623 in
3214 5568 3492 5640 prioribus
3511 5581 3623 5622 non
3669 5581 3777 5621 va-

2173 5657 2291 5713 luit.
2331 5656 2467 5713 Nam
2497 5658 2641 5729 quod
2665 5667 2794 5715 tunc
2821 5659 2877 5714 in
2902 5659 3094 5716 eodem
3115 5671 3242 5729 rege
3285 5657 3438 5728 prius
3485 5666 3544 5714 et
3582 5665 3775 5730 poste-

2125 5833 2154 5839 "
2176 5750 2290 5811 rius
2331 5751 2624 5829 ﬁguratum
2644 5757 2750 5822 est,
2780 5748 2895 5835 hoc,
2929 5748 2986 5808 in
3038 5748 3145 5809 isto
3184 5765 3355 5824 regno
3389 5749 3666 5840 prioribus
3710 5757 3778 5807 et
