3974 6448
145 424 232 488 561

1136 411 1488 472 COMMENT.
1525 409 1593 467 IN
1627 408 1948 470 GENESIM.
1988 441 2057 455 σε·
2091 410 2222 468 LIB.
2264 411 2348 468 Ill.

3275 409 3384 469 562

139 538 512 624 posterioribus
537 531 770 612 fregibus
821 529 1171 604 adimpletum
1200 540 1302 624 est.
1337 531 1473 588 Cum
1516 537 1697 624 autem
1725 530 1779 594 Α
1801 529 1906 586 dici
1929 537 2124 601 potest,
2153 543 2278 586 cum
2309 529 2379 585 sit
2415 525 2504 586 ille
2528 525 2691 600 Deus,
2733 528 2837 586 ista
2872 537 3140 589 creatura.
3175 546 3386 589 necun-

141 621 322 700 dicitur
357 634 425 691 de
443 639 597 704 patre
623 643 743 686 esse
766 642 920 685 soror
939 625 1141 684 Christi
1180 623 1424 681 Ecclesia
1477 638 1587 679 non
1634 621 1700 678 de

139 739 319 797 matre,
353 741 464 784 non
489 732 720 782 terrena:
763 719 1142 795 generationis,
1181 732 1302 788 qute
1327 714 1696 782 evacuabitur,

140 813 222 886 sed
248 821 434 898 gratiae.
453 817 712 884 caelestis,
736 830 855 886 qua:
875 815 930 870 in
950 821 1214 869 aeternum
1235 808 1493 874 manebit,
1509 822 1702 879 cogna-

140 918 208 974 tio
238 910 659 971 commendatur.
717 906 1023 964 Secundum
1047 919 1212 975 quam
1258 902 1488 974 gratiam
1532 914 1702 971 genus

137 1004 348 1066 mortale
367 1018 476 1059 non
490 1000 717 1067 erimus,
741 1005 962 1071 accepta
983 1003 1251 1069 potestate
1274 1004 1336 1052 ut
1355 995 1449 1050 lilii
1474 993 1572 1051 Dei
1600 1009 1701 1052 vo-

139 1081 307 1155 cemur
331 1102 390 1150 et
418 1093 609 1150 simus.
637 1089 824 1162 Neque
861 1089 1006 1145 enim
1030 1088 1264 1160 gratiam
1292 1087 1437 1144 hanc
1457 1086 1544 1142 ode
1575 1101 1703 1157 syn-

137 1203 290 1262 agoga
313 1193 491 1242 matre
522 1181 726 1240 Christi
751 1181 1048 1239 secundum
1075 1194 1317 1244 carnem,
1359 1177 1456 1234 sed
1483 1177 1551 1234 de
1588 1176 1703 1232 Deo
1740 1250 1744 1254 ι

136 1280 281 1337 Patre
305 1277 672 1350 percepimus.
727 1274 882 1330 Hanc
923 1289 1052 1331 vero
1104 1272 1474 1345 cognationem
1528 1278 1700 1325 terre—

135 1385 266 1436 nam,
294 1382 493 1424 vocans
541 1367 597 1423 in
643 1366 805 1421 aliam
834 1365 1037 1429 vitam,
1081 1363 1172 1418 ubi
1214 1361 1403 1417 .nullus
1447 1359 1698 1426 moritur,

134 1475 314 1532 negare
341 1475 465 1538 nos,
492 1458 742 1517 Christus
772 1458 974 1523 docuit,
998 1471 1106 1511 non
1141 1455 1323 1522 fateri,
1357 1470 1483 1510 cum
1511 1453 1702 1525 ;disci-

132 1551 259 1622 pulis
281 1550 389 1605 ait:
425 1547 509 1604 Ne
541 1548 682 1604 vobis
703 1547 892 1602 dicatis
930 1544 1146 1600 Patrem
1173 1545 1228 1600 in
1250 1553 1411 1610 terra,
1434 1543 1583 1617 {unus
1626 1553 1701 1597 est

130 1644 254 1698 enim
275 1641 436 1696 Pater
455 1647 620 1696 uester
646 1641 735 1711 qui
759 1641 817 1694 in
847 1637 985 1694 caelis
1009 1646 1084 1693 est
1110 1636 1324 1709 (Matth.
1341 1636 1519 1707 mn).

193 1736 340 1804 Quod
357 1751 490 1792 vero
524 1734 766 1794 Ecclesia
789 1732 942 1803 cujus
966 1749 1105 1789 uxor
1132 1733 1222 1798 sit,
1244 1732 1547 1788 occultatur
1567 1731 1703 1788 alie-

130 1825 348 1896 nigenis,
371 1824 528 1894 cujus
543 1832 724 1880 autem
746 1839 904 1880 soror
924 1839 1032 1878 non
1054 1830 1284 1889 tacetur,
1339 1824 1453 1878 haec
1484 1823 1703 1878 interim
1730 1878 1738 1888 ,

1804 621 1931 678 dum
1978 622 2083 679 hoc
2112 622 2256 678 enim
2297 636 2527 693 sponsus
2566 631 2622 678 et
2657 637 2854 692 sponsa
2881 623 2966 679 vel
3005 624 3089 680 vir
3132 631 3188 680 et
3226 640 3384 689 uxor,

1802 713 2049 771 Christus
2067 721 2122 770 et
2145 713 2385 770 Ecclesia
2411 715 2684 782 dicuntur,
2710 715 2836 785 quia
2882 730 3010 770 vere
3066 716 3388 787 cognatione

1801 808 1911 864 sint
1933 800 2424 873 fratres-Christus
2453 805 2610 863 Jesus
2646 814 2701 862 et
2745 823 2935 865 omnes
2981 808 3176 875 sancti,
3211 807 3388 879 gratia

1801 906 1983 964 divina
2001 923 2109 964 non
2130 905 2596 976 consanguinitate
2618 912 2853 970 terrena,
2881 905 2988 960 hoc
3016 913 3100 961 est
3127 905 3194 960 de
3233 912 3391 975 patre

1800 1015 1909 1056 non
1937 999 2005 1056 de
2049 1007 2250 1066 matre,
2288 1007 2343 1053 et
2369 999 2635 1055 affabilius
2658 999 2878 1064 dicitur,
2909 1004 2963 1053 et
2994 996 3247 1068 capacius
3294 1011 3391 1050 au-

1800 1096 1964 1152 ditur.
1992 1093 2129 1149 Nam
2157 1093 2299 1150 inter
2321 1108 2379 1150 se
2408 1109 2599 1149 omnes
2643 1093 2819 1149 sancti
2869 1107 2968 1162 per
2991 1090 3238 1147 eamdem
3268 1104 3393 1162 gra-

1801 1188 1935 1244 tiam
1956 1186 2154 1242 fratres
2185 1193 2330 1252 sunt,
2354 1200 2586 1256 sponsus
2615 1191 2794 1239 autem
2837 1188 3156 1236 caeterorum
3211 1179 3391 1235 socie-

1800 1288 1910 1336 tate
1928 1277 2109 1335 nullus
2133 1278 2352 1335 illorum
2370 1285 2473 1333 est.
2510 1275 2664 1342 Quod
2691 1283 2886 1345 autem
2901 1273 3215 1331 Abimelech
3238 1271 3393 1329 Sara:

1799 1371 1934 1429 dixit
1949 1391 1961 1426 :

1870 1465 2009 1520 Ecce
2041 1463 2184 1519 mille
2211 1472 2480 1536 argenteos
2501 1461 2622 1516 dedi
2646 1460 2805 1532 fratri
2826 1470 2940 1528 tuo,
2969 1460 3066 1514 hoc
3092 1459 3190 1514 erit
3217 1457 3310 1512 tibi
3335 1456 3391 1512 in

1801 1556 2146 1613 velamentum
2169 1556 2466 1620 oculorum,
2496 1553 2566 1608 ad
2595 1570 2772 1607 omnes
2793 1553 2896 1624 qui
2948 1561 3118 1606 tecum
3167 1560 3312 1615 sunt,
3345 1557 3394 1603 et

1801 1664 2106 1718 quocunque
2124 1646 2434 1718 pet-rexeris,
2457 1652 2712 1698 memento
2733 1653 2781 1696 te
2801 1641 3195 1713 deprehensam,
3237 1637 3394 1708 quasi

1797 1741 2030 1813 jocando
2060 1741 2315 1810 loquitur,
2344 1754 2408 1794 eo
2437 1739 2578 1809 quod
2601 1739 2715 1808 ipsa
2745 1735 2944 1791 dixerit
2979 1735 3202 1790 fratrem
3233 1747 3392 1788 suum

1805 1849 1926 1889 esse
1954 1832 2280 1896 simulando,
2317 1831 2409 1901 qui
2432 1829 2533 1884 fuit
2552 1829 2803 1892 maritus,
2830 1829 3188 1896 hortaturque
3208 1833 3268 1878 ut
3288 1823 3394 1878 hoc

128 1931 280 1973 causa
298 1916 458 1973 facile
475 1915 736 1983 occurrit,
768 1915 895 1986 quia
923 1914 1195 1970 occultum
1215 1922 1298 1970 est
1323 1921 1378 1970 et
1398 1913 1610 1970 diliicile
1631 1914 1698 1998 ad

1817 1940 1856 1978 .n
1879 1930 2156 1994 posterum
2177 1921 2505 1986 meminerit,
2538 1935 2604 1974 ne
2649 1920 2906 1989 deinceps
2932 1917 3302 1980 simulatione,
3340 1912 3394 1968 id
3425 1991 3430 1995 _

126 2004 544 2078 intelligendum,
598 2007 868 2076 quomodo
923 2005 1106 2060 anima
1144 2006 1379 2060 humana
1408 2007 1573 2062 verbo
1600 2005 1698 2062 Dei

125 2095 402 2165 copuletur
425 2097 540 2153 sive
562 2096 871 2162 misceatur,
902 2095 1040 2163 sive,
1066 2097 1211 2166 quod
1239 2096 1432 2153 melius
1449 2106 1505 2153 et
1522 2098 1701 2168 aptius

1804 2023 1907 2082 est,
1933 2014 2282 2086 opprobrium
2305 2013 2641 2084 deprehensa
2667 2013 2992 2067 incurreret.

139 2235 3390 2263 mw

1342 2351 1647 2432 LIBER
1717 2352 2200 2434 TERTIUS.

625 2621 855 2683 CAPUT
895 2621 1186 2682 PRIMUM.

180 2717 256 2775 De
281 2717 604 2775 Nativitate'
636 2717 796 2776 Isaac
839 2728 886 2774 et
930 2719 996 2774 de
1040 2716 1290 2789 ejectione
1339 2715 1485 2788 Agar
1512 2731 1632 2772 cum

796 2789 1040 2846 Ismaele.

180 2897 318 2958 Sane
345 2913 474 2974 quia
499 2902 766 2959 secundus
801 2900 939 2958 liber
966 2899 1318 2973 expositionis
1343 2898 1398 2954 in
1435 2896 1709 2956 Geneseos

115 2993 178 3046 ab
201 3007 265 3048 eo
289 2992 416 3050 loco
441 2993 750 3065 incipiebat,
778 3009 886 3064 quo
915 3000 1037 3066 post
1071 2991 1445 3064 expulsionem
1478 2990 1609 3045 Adae
1637 2989 1704 3045 de

115 3082 383 3152 paradiso,
411 3084 465 3141 in
491 3083 593 3140 hac
619 3099 857 3139 aerumna
889 3083 1138 3140 mortalis
1152 3083 1279 3139 vitae.
1302 3097 1529 3138 uxorem
1550 3096 1702 3137 suam

1810 2619 1922 2676 vita
1943 2621 2173 2692 geritur,
2196 2620 2352 2694 quasi
2378 2628 2574 2679 octavo
2603 2629 2847 2692 tempore
2904 2631 3217 2693 surgemus:
3274 2625 3406 2677 tunc

1811 2713 2110 2784 purissimi,
2141 2714 2244 2769 hoe
2267 2721 2352 2768 est
2387 2713 2635 2769 omnibus
2664 2712 2898 2769 carnalis
2947 2714 3406 2785 concupiscentia

1819 2805 1962 2861 vitiis
1983 2812 2037 2861 et
2051 2804 2508 2876 corruptionibus,
2528 2805 2580 2861 in
2603 2806 2800 2876 quibus
2817 2805 3051 2860 maxime
3071 2803 3286 2859 luxuria
3312 2817 3403 2858 re-

1813 2906 1959 2969 gnat,
1989 2896 2293 2967 exspoliati.

1901 2986 2072 3043 Crevit
2124 2990 2285 3059 igitur
2331 3004 2462 3060 puer
2515 2996 2565 3042 ct
2627 2987 2921 3041 ablactatus
2994 2992 3071 3041 est
3111 2999 3133 3039 .'
3182 2983 3407 3055 fecitque

1808 3079 2074 3134 Abraham
2115 3079 2314 3151 grande
2349 3079 2639 3134 convivium
2678 3079 2731 3132 in
2761 3078 2846 3132 die
2869 3075 3235 3132 ablactationis
3267 3074 3403 3144 ejus.

115 3173 247 3230 idem
273 3176 650 3247 protoplastus
677 3176 998 3248 cognovisse
1041 3174 1390 3237 describitur,
1450 3181 1611 3243 atque
1648 3172 1704 3228 in
1733 3195 1779 3258 ρ
1811 3171 1995 3244 (Aug.)
2020 3170 2212 3227 Merito
2234 3172 2497 3241 quaeritur
2510 3186 2608 3225 cur
2634 3170 2910 3224 Abraham
2938 3182 3042 3222 nec
3062 3165 3150 3222 die
3177 3181 3287 3236 quo
3308 3179 3408 3218 na-

115 3263 334 3321 historia
363 3265 682 3322 Abimelech
711 3267 766 3323 in
804 3282 912 3338 qua
944 3266 1080 3323 Sara
1104 3265 1378 3332 laudatur,
1403 3265 1471 3320 ad
1500 3265 1706 3321 calcem

112 3372 274 3428 usque
296 3360 596 3429 perductus
617 3369 721 3426 est,
751 3374 1054 3432 congruum
1079 3375 1198 3416 esse
1243 3359 1502 3424 arbitror,
1563 3359 1710 3430 quod

113 3449 299 3506 tertius
326 3451 470 3506 liber
498 3451 643 3508 ineo
670 3451 790 3507 loco
817 3450 1145 3521 principium
1196 3456 1377 3505 sumat
1422 3447 1516 3504 ubi
1569 3446 1711 3503 filius

111 3534 489 3609 promissionis
513 3541 745 3598 Abrahae
771 3541 1100 3613 patriarchae
1127 3554 1420 3595 concessus
1453 3546 1558 3603 est,
1611 3553 1712 3593 cu-

110 3631 186 3700 ius
208 3650 452 3704 persona
477 3635 647 3706 ipsius
668 3644 854 3705 typum
893 3643 1122 3700 teneret,
1151 3633 1245 3703 qui
1286 3629 1562 3702 originalis
1588 3644 1714 3700 pee-

111 3728 208 3781 cati
231 3728 462 3784 vincula
490 3726 831 3795 dissolveret,
871 3735 928 3782 et
977 3727 1273 3782 humanum
1314 3740 1485 3797 genus
1529 3724 1711 3782 decori

110 3820 370 3890 pristino,
403 3834 512 3890 quo
552 3818 757 3875 dudum
786 3820 1074 3892 spoliatum
1112 3819 1309 3886 fuerat,
1357 3833 1455 3890 per
1480 3817 1713 3890 gratiam

110 3925 259 3968 suam
296 3910 685 3979 constitueret,
711 3927 777 3969 ac
811 3912 1066 3984 paradiso
1096 3911 1345 3968 colonum
1372 3925 1533 3966 suum
1558 3922 1714 3965 revo-

111 4011 277 4060 caret.

177 4095 335 4169 (CAP.
365 4095 510 4169 xxx.)
545 4094 791 4153 Visitavit
827 4105 1004 4152 autem
1031 4094 1290 4151 Dominus
1323 4092 1516 4150 Saram
1573 4091 1711 4148 sicut

110 4189 448 4254 promiserat,
475 4197 524 4242 et
551 4187 784 4259 implevit
803 4205 922 4260 qua?
942 4187 1147 4243 locutus
1177 4196 1289 4253 est;
1313 4184 1644 4257 concepitque
1663 4191 1714 4238 et

111 4282 303 4351 peperit
349 4280 529 4350 ﬁlium
575 4282 632 4336 in
669 4290 929 4338 senectute
967 4297 1088 4347 sua,
1123 4289 1354 4352 tempore
1388 4295 1490 4351 quo
1519 4279 1714 4350 prwdi—

113 4371 520 4428 xerateiDeus.
573 4370 884 4444 Vocavitque
926 4371 1195 4426 Abraham
1247 4386 1435 4426 nomen
1487 4367 1586 4435 ﬁlii
1631 4368 1715 4423 sui

113 4477 261 4530 quem
282 4463 469 4534 genuit
495 4463 544 4518 ei
568 4460 706 4517 Sara
732 4461 910 4529 Isaac,
941 4471 990 4518 et
1015 4460 1342 4516 circumcidit
1385 4475 1505 4514 eum
1535 4467 1713 4514 octavo

1811 3280 1898 3324 tus
1916 3277 1996 3324 est
2032 3269 2083 3324 ei
2112 3267 2275 3334 filius,
2299 3283 2402 3323 nec
2430 3269 2516 3322 die
2554 3284 2662 3338 quo
2684 3267 3039 3323 circumcisus
3073 3265 3289 3332 est,sed
3317 3264 3409 3320 die

1811 3375 1918 3431 quo
1943 3359 2246 3416 ablactatus
2275 3369 2380 3426 est,
2419 3359 2635 3429 epulum
2667 3360 2874 3413 fecerit.
2902 3359 3056 3426 Quod
3086 3356 3189 3411 nisi
3217 3355 3284 3410 ad
3307 3354 3412 3408 alia

1811 3469 1971 3523 quam
2008 3453 2342 3525 spiritualem
2371 3453 2820 3522 signiﬁcationem
2850 3452 3136 3516 referatur,
3150 3450 3298 3506 nulla
3324 3463 3412 3505 εσυ

1811 3545 1945 3600 lutio
1989 3544 2303 3614 qumstionis
2350 3553 2452 3608 est,
2485 3553 2613 3599 tunc
2660 3543 2871 3599 scilicet
2914 3558 3034 3598 esse
3067 3543 3266 3598 debere
3287 3554 3406 3596 ma-

1813 3651 1976 3706 gnum
2003 3636 2256 3707 gaudium
2283 3634 2579 3706 spiritualis
2622 3635 2821 3701 aetatis,
2853 3635 3070 3705 quando
3099 3632 3265 3689 fuerit
3319 3631 3404 3687 fa-

1813 3735 1932 3782 ctus
1959 3728 2124 3782 homo
2152 3743 2324 3783 novus
2344 3725 2660 3798 spiritualis,
2685 3725 2738 3781 id
2761 3735 2864 3791 est,
2883 3741 2990 3780 non
3017 3724 3143 3780 talis
3155 3723 3409 3794 qualibus

1813 3818 1944 3874 dicit
1975 3817 2266 3890 Apostolus
2294 3835 2312 3874 :
2336 3815 2444 3873 Lac
2474 3817 2615 3872 vobis
2646 3825 2828 3888 potum
2875 3815 3019 3882 dedi,
3048 3831 3152 3870 non
3196 3829 3366 3869 escam
3386 3828 3412 3879 ,-

1813 3909 2043 3964 nondum
2066 3911 2205 3964 enim
2223 3911 2494 3980 poteratis,
2527 3909 2619 3964 sed
2640 3926 2734 3964 nec
2759 3908 2932 3963 adhuc
2981 3907 3196 3979 potestis
3218 3924 3240 3974 ;
3285 3905 3415 3963 estis

1811 4004 1950 4059 enim
1976 4003 2149 4057 adhuc
2173 4002 2411 4059 carnales
2437 4003 2489 4076 (Ι
2515 4002 2640 4059 Cor.
2674 4003 2781 4076 tn).

1883 4095 2117 4168 Cumque
2145 4096 2352 4152 vidisset
2389 4095 2529 4152 Sara
2557 4095 2730 4166 ﬁlium
2757 4095 2904 4167 Agar
2929 4094 3202 4170 Egyptia:
3224 4094 3414 4150 luden-

1811 4198 1915 4246 tem
1940 4207 2058 4246 cum
2097 4190 2276 4259 Isaac,
2317 4191 2450 4247 dixit
2503 4190 2572 4245 ad
2619 4191 2926 4247 Abraham:
2961 4191 3114 4263 Ejice
3157 4189 3412 4247 ancillam

1813 4275 1950 4335 hanc
1979 4291 2026 4335 et
2052 4281 2222 4351 ﬁlium
2245 4282 2380 4353 ejus.
2408 4281 2532 4336 Non
2553 4281 2692 4336 enim
2711 4283 2879 4337 hatres
2901 4281 3171 4352 erit'ﬁlius
3199 4277 3416 4336 ancilla

1813 4387 1933 4426 cum
1957 4372 2070 4441 ﬁlio
2105 4389 2219 4428 meo
2251 4372 2430 4428 Isaac.
2459 4372 2758 4444 Dupliciter
2798 4359 2981 4445 itaque
3030 4374 3138 4430 hoc
3185 4374 3256 4429 ab
3305 4371 3416 4427 He-

1813 4463 1976 4520 brteis
2010 4465 2318 4537 exponitur,
2343 4466 2457 4521 sive
2478 4466 2620 4536 quod
2644 4465 2786 4520 idola
2824 4464 2950 4520 ludo
3000 4463 3212 4531 fecerit,
3257 4461 3415 4532 juxta

114 4552 194 4606 die
225 4554 366 4609 sicut
385 4562 714 4624 ’prtt’ceperat
737 4554 785 4609 ei
809 4553 972 4608 Deus.
1000 4550 1442 4608 Circumcisionis
1470 4558 1626 4622 typus
1651 4564 1717 4606 ac
1739 4551 1794 4612 D
1819 4557 1952 4614 illud
1979 4559 2123 4628 quod
2145 4557 2268 4614 alibi
2296 4559 2558 4628 scriptum
2582 4565 2694 4613 est:
2729 4555 2874 4610 Sedit
2897 4554 3124 4626 populus
3178 4553 3412 4608 mandu-

116 4640 283 4714 ﬁgura
309 4643 668 4701 multiformis
696 4652 800 4700 est.
822 4643 957 4700 Nam
985 4651 1040 4698 et
1065 4643 1398 4714 signaculum
1413 4652 1497 4699 est
1521 4657 1713 4698 secun-

117 4734 240 4791 dum
266 4736 594 4808 Apostolum
623 4737 803 4810 (Rom.
833 4738 930 4809 iv),
952 4736 1175 4808 justitiaz
1219 4735 1342 4792 ﬁdei
1383 4735 1616 4792 Abrahae
1659 4743 1716 4792 et

119 4827 308 4883 semini
339 4827 485 4898 ejus,
514 4838 571 4887 et
596 4831 857 4888 indicium
886 4829 1184 4899 castigandi
1210 4843 1305 4886 eos
1348 4827 1443 4899 qui
1490 4828 1558 4883 ad
1611 4827 1715 4883 hoc

117 4928 300 4971 semen
339 4918 594 4992 hancque
615 4921 775 4977 fidem
803 4919 1011 4994 [semen
1039 4935 1136 4992 per
1162 4917 1346 4992 ﬁdem]
1382 4918 1717 4989 pertinerent

116 5003 184 5060 ab
204 5010 356 5064 omni
389 5010 802 5081 inquinamento
829 5012 1011 5068 carnis
1033 5019 1088 5068 et
1125 5010 1369 5080 spiritus,
1398 5018 1454 5066 et
1477 5009 1715 5081 prophe-

115 5094 191 5151 tia
215 5100 490 5156 nascituri
516 5103 584 5158 de
611 5103 717 5160 hoc
741 5103 946 5160 semine
969 5102 1286 5170 Salvatoris,
1313 5102 1406 5172 qui
1431 5115 1530 5157 nos
1573 5108 1628 5157 et
1657 5101 1716 5158 in

119 5191 376 5258 praesenti
403 5205 506 5262 per
529 5193 857 5263 baptismum
890 5195 959 5251 ab
978 5194 1126 5251 omni
1150 5193 1442 5250 mortiferae
1486 5193 1717 5249 actionis

119 5282 422 5353 pollutione
449 5285 758 5354 mundaret,
792 5294 848 5343 et
885 5287 942 5342 in
1000 5286 1186 5342 futuro
1238 5300 1337 5356 per
1365 5284 1718 5342 resurrectio-

120 5392 245 5433 nem
274 5380 348 5436 ab
371 5381 630 5439 universa
655 5382 847 5439 mortis
869 5382 1036 5453 ipsius
1060 5382 1407 5455 corruptione
1445 5383 1500 5437 in
1527 5396 1721 5454 perpe-

118 5477 274 5528 tuum
305 5471 586 5532 liberaret.
629 5474 894 5533 Octavum
923 5482 1104 5530 autem
1132 5489 1437 5541 numerum,
1479 5486 1722 5528 resurre-

119 5562 322 5618 ctionis
348 5564 536 5634 gloriae
557 5567 870 5634 convenire,
903 5581 1042 5636 pene
1082 5566 1337 5623 omnibus
1360 5565 1549 5621 claret.
1582 5563 1719 5618 Nam

118 5663 170 5709 et
195 5655 470 5712 Dominus
487 5666 700 5723 octavo,
722 5659 825 5711 hoc
845 5668 928 5716 est
949 5667 1072 5729 post
1097 5659 1381 5729 septimam
1400 5656 1609 5713 sabbati
1632 5671 1719 5711 re-

119 5748 390 5816 surrexit,
417 5757 471 5804 et
498 5750 600 5822 ipsi
633 5756 757 5820 post
783 5764 876 5806 sex
905 5748 1065 5818 hujus
1103 5751 1282 5804 stecnli
1303 5759 1489 5805 tetates
1516 5759 1571 5806 et
1600 5765 1718 5819 scp-

119 5841 315 5901 timam
345 5843 563 5902 sabbati
599 5845 925 5916 animarum,
949 5858 1071 5917 qua:
1099 5857 1246 5901 nunc
1280 5843 1502 5910 interim
1529 5844 1584 5901 in
1610 5844 1716 5902 alia

1815 4667 1937 4708 care
1963 4661 2013 4707 et
2039 4652 2228 4718 bibere,
2247 4660 2296 4707 et
2318 4660 2656 4708 surrexerunt
2679 4649 2857 4704 ludere
2873 4645 3276 4719 (Exod.uxn),
3300 4645 3418 4701 sive

1817 4745 1962 4814 quod
1992 4745 2278 4799 adversum
2306 4742 2459 4799 lsaac
2489 4741 2646 4813 quasi
2671 4740 2896 4811 majoris
2926 4740 3120 4806 tetatis,
3149 4739 3274 4812 joco
3309 4737 3418 4794 sibi

1817 4842 1874 4892 et
1898 4835 2024 4891 ludo
2050 4835 2411 4908 primogenita
2434 4833 2758 4891 vindicaret.
2798 4832 2952 4900 Quod
2997 4832 3218 4903 quidem
3275 4829 3415 4886 Sara

1818 4924 2042 4980 audiens
2067 4938 2173 4979 non
2214 4923 2337 4980 tulit
2400 4931 2456 4982 et
2495 4923 2598 4981 hoc
2618 4939 2685 4982 ex
2720 4923 2890 4996 ipsius
2913 4922 3244 4995 approbatur
3290 4933 3414 4978 ser-

1819 5029 1982 5072 mone
2002 5015 2232 5072 dicentis
2252 5034 2266 5071 :

1890 5107 2036 5164 Dure
2062 5109 2368 5181 hocaccepit
2393 5107 2660 5164 Abraham
2685 5126 2778 5181 pro
2804 5108 2918 5180 filio
2964 5125 3083 5164 suo.
3126 5106 3230 5163 Cui
3280 5105 3416 5162 dixit

1818 5199 1961 5256 Deus
1983 5219 2002 5257 :
2035 5202 2160 5257 Non
2184 5201 2278 5258 tibi
2295 5203 2538 5258 uideatur
2559 5220 2802 5273 asperum
2829 5219 2986 5274 super
3003 5219 3189 5274 puero,
3227 5211 3275 5256 et
3307 5183 3416 5256 ’διι-

1813 5308 1912 5366 per
1971 5295 2171 5350 ancilla
2220 5304 2332 5353 tua.
2389 5294 2582 5352 Omnia
2616 5313 2734 5368 qua:
2761 5296 2953 5350 dixerit
2982 5295 3079 5349 tibi
3097 5293 3256 5360 Sara,
3282 5295 3412 5349 audi

1819 5403 1992 5442 uocem
2013 5388 2150 5459 ejus,
2173 5389 2300 5460 quia
2318 5390 2375 5443 in
2403 5387 2561 5444 Isaac
2582 5387 2854 5443 vocabitur
2881 5385 2976 5440 tibi
2995 5400 3192 5440 semen.
3220 5383 3329 5440 Sed
3358 5393 3414 5439 et

1818 5480 1989 5550 ﬁlium
2018 5479 2228 5536 ancilla:
2249 5481 2446 5552 faciam
2468 5482 2523 5535 in
2548 5489 2748 5550 gentem
2773 5495 3042 5549 magnam,
3067 5477 3192 5549 quia
3238 5491 3416 5534 semen

1820 5581 1968 5627 tuum
1991 5583 2086 5628 est.
2119 5571 2392 5640 Quaeritur
2411 5570 2547 5628 Sara
2592 5570 2836 5626 dicente:
2879 5567 3031 5640 Ejice
3082 5565 3334 5622 ancillam
3362 5559 3436 5622 α’

1820 5663 1990 5734 filium
2013 5665 2150 5735 ejus,
2173 5681 2276 5720 non
2301 5665 2440 5720 enim
2462 5663 2628 5718 htt’res
2657 5663 2758 5717 erit
2787 5661 2932 5731 filius
2956 5658 3166 5715 ancillae
3192 5673 3312 5714 cum
3337 5655 3412 5723 ﬁ-

1821 5755 1892 5811 lio
1924 5774 2036 5811 meo
2069 5756 2243 5820 Isaac,
2273 5771 2442 5828 quare
2467 5755 2819 5811 contristatus
2853 5753 2925 5806 sit
2955 5749 3233 5805 Abraham
3284 5759 3410 5801 cum

1822 5850 1926 5909 ista
1973 5849 2137 5909 fuerit
2200 5846 2505 5928 prophetia,
2555 5859 2717 5922 quam
2764 5843 2953 5918 utique
2997 5837 3172 5922 magis
3226 5833 3420 5914 debuit
