3974 6454
508 464 623 534 563

1146 471 1210 527 B.
1251 467 1505 526 RABANI
1542 452 1765 524 suum
1802 455 2125 521 ARCHIEP.
2167 454 2476 515 MOGUNT.
2521 452 2806 514 OPERUM
2843 450 3024 510 PARS
3059 452 3102 511 ι.

3678 456 3789 517 564

473 582 672 678 ;nosse
708 589 821 663 ipse
851 586 1014 660 quam
1042 583 1197 642 Sara.
1226 580 1335 678 §ed
1356 574 1755 678 intelligendum
1910 573 1997 678 vel
2026 589 2093 678 et
2119 566 2167 634 Α
2196 569 2468 674 carnalem
2491 566 2777 678 populum';
2806 565 2938 625 Sara
2964 583 3094 678 vero
3116 562 3793 678 liberafgenluit‘populum

511 661 838 741 revelatione
861 678 966 736 hoc
990 675 1194 734 dixisse
1221 672 1436 740 Saram,
1457 670 1584 743 quia
1616 668 1769 743 prius
1791 666 1869 723 illi
1909 661 2089 720 fuerat

509 775 828 836 revelatum.
866 772 1023 829 Illum
1048 784 1180 829 vero
1202 783 1363 843 quem
1396 767 1464 826 de
1494 767 1598 824 hac
1615 770 1804 837 postea
1829 762 2090 820 Dominus

507 870 996 943 Instruit,paterno
1027 864 1220 924 aﬁ‘ectu
1241 879 1343 939 pro
1362 862 1474 921 ﬁlio
1520 860 1688 919 fuisse
1726 862 2088 943 commotum,

505 964 586 1035 vel
614 940 806 1022 ambos
831 964 985 1037 prius
1016 960 1277 1029 nescisse,
1306 958 1564 1033 quidnam
1592 940 1730 1012 illud'
1770 960 1873 1022 est,
1904 960 1960 1010 et
1990 952 2093 1023 per

504 1055 701 1112 Saram
724 1046 1056 1113 nescientem
1081 1052 1187 1111 hoc
1218 1049 1537 1129 prophetica
1554 1048 1758 1105 dictum
1786 1058 1927 1111 esse,
1963 1056 2091 1099 cum

504 1134 774 1209 .lla.mota
806 1156 953 1206 esset
978 1138 1228 1204 muliebri
1250 1143 1431 1201 animo
1456 1148 1680 1213 propter
1741 1130 1951 1192 ancillas
1992 1151 2086 1193 su-

508 1241 765 1314 perbiam.
787 1238 1093 1297 Notandum
1113 1238 1257 1309 quod
1280 1244 1337 1292 et
1358 1232 1551 1292 Ismael
1578 1232 1753 1289 dictus
1778 1229 1851 1287 sit
1897 1243 1932 1286 a
1975 1226 2090 1286 Deo‘

510 1347 692 1389 semen
711 1329 964 1396 Abrahae,
992 1336 1213 1401 propter
1239 1326 1379 1382 illud
1408 1325 1557 1396 quod
1587 1324 1667 1379 sic
1715 1320 2087 1392 accipiendum

511 1422 667 1480 locet
695 1420 1008 1493 Apostolus,
1037 1419 1180 1491 quod
1220 1417 1424 1473 dictum
1462 1423 1546 1472 est
1566 1409 1684 1469 :-In°
1699 1411 1856 1468 Isaac
1884 1410 2088 1467 vocabi-

512 1521 597 1569 tur
626 1512 721 1569 tibi
746 1530 942 1579 semen,
964 1526 1073 1568 non
1091 1508 1186 1565 ﬁlii
1213 1508 1415 1575 carnis,
1449 1506 1545 1564 sed
1586 1500 1683 1560 lilii
1708 1501 2087 1577 promissionis

434 1589 439 1594 ’
516 1605 829 1679 leputantur
857 1605 913 1660 in
936 1601 1161 1671 semine,
1188 1606 1249 1657 ut
1287 1594 1391 1657 hoc
1436 1598 1655 1672 proprie
1706 1595 1976 1668 pertineat
2018 1594 2087 1650 ad

512 1713 675 1766 .saac,
703 1698 794 1769 qui
819 1712 926 1753 non
949 1696 1093 1753 ﬁlius
1114 1694 1319 1771 carnis,
1376 1692 1473 1750 sed
1519 1691 1661 1748 ﬁlius
1706 1687 2084 1761 promissionis

511 1791 630 1859 fuit,
660 1789 753 1845 ubi
774 1788 1067 1861 promissio
1094 1786 1155 1842 ﬁt
1173 1787 1241 1843 de
1265 1785 1517 1844 omnibus
1544 1782 1815 1857 gentibus.
1938 1784 1952 1792 ’

551 1879 795 1937 Surrexit
807 1881 981 1952 itaque
990 1877 1437 1948 Abrahamfmane,
1454 1874 1639 1932 tollens
1652 1889 1842 1948 panem
1854 1878 1904 1929 et
1915 1876 2082 1927 utrem

499 1987 671 2042 aquae,
687 1971 934 2043 imposuit
947 1969 1176 2043 scopula:
1185 1969 1300 2041 ejus
1313 1988 1333 2036 ;
1348 1962 1668 2039 tradiditque
1681 1982 1925 2039 puerum,
1941 1973 1991 2019 et
2001 1963 2083 2018 di-

503 2062 641 2117 misit
650 2079 785 2119 eam.
803 2062 935 2131 Qua:
946 2078 1064 2118 cum
1080 2062 1294 2129 abisset,
1310 2059 1519 2115 errabat
1533 2059 1586 2113 in
1600 2056 1887 2114 solitudine
1896 2050 2086 2110 Bersa-

502 2154 629 2210 bere.
645 2154 879 2228 Cumque
889 2165 1197 2227 consumpta
1218 2162 1347 2211 esset
1368 2170 1508 2226 aqua
1528 2153 1585 2207 in
1595 2154 1733 2217 'utre,
1749 2150 1939 2221 abjecit
1952 2165 2083 2221 pue-

501 2254 619 2299 ram
629 2245 809 2302 subter
818 2258 978 2301 unam
990 2245 1230 2301 arborem
1250 2245 1593 2316 quwibiefat,
1610 2250 1659 2298 et
1682 2243 1833 2309 abiit,
1853 2242 2085 2313 seditque

499 2350 531 2388 ε
577 2337 787 2408 regione
834 2335 1018 2407 procul
1066 2344 1323 2408 quantum
1373 2344 1539 2407 potest
1597 2351 1751 2389 arcus
1793 2335 1987 2391 iacere.
2014 2362 2086 2375 -—-

500 2426 648 2484 Dixit
677 2430 817 2485 enim
851 2443 869 2483 :
904 2427 1030 2485 Non
1054 2428 1234 2485 videbo
1256 2429 1561 2484 morientem
1579 2439 1825 2500 puerum;
1840 2436 1888 2485 et
1901 2427 2085 2483 sedens

502 2526 706 2586 contra,
738 2518 920 2576 levavit
947 2536 1121 2576 vocem
1145 2536 1297 2575 suam
1320 2528 1369 2574 et
1392 2519 1559 2589 ﬂevit-
1576 2517 1864 2574 Emaudivit
1909 2524 2085 2574 autem

502 2607 760 2665 Dominus
779 2610 1136 2681 uocempueri,
1155 2618 1213 2668 et
1235 2610 1461 2680 reliqua.
1486 2608 1755 2682 (Hierem)
1770 2608 1831 2664 in
1860 2608 2087 2667 Bebrao

509 2699 681 2770 enim,
699 2709 825 2773 post
844 2701 951 2760 hoc
968 2701 1117 2774 quod
1141 2702 1400 2773 scriptum
1417 2710 1537 2758 est:
1568 2701 1687 2757 Non
1730 2699 1912 2757 uidebo
1946 2711 2088 2765 uor—

504 2800 608 2850 teut
628 2795 780 2866 pueri
801 2795 929 2865 mei,
951 2795 1030 2852 ita
1057 2795 1276 2868 legitur,
1314 2793 1469 2866 quod
1515 2795 1633 2867 ipsa
1680 2792 1828 2867 Agar
1883 2794 2088 2851 sederit

502 2890 688 2940 contra
709 2899 940 2955 puerum
965 2884 1290 2944 etlevaverit
1317 2900 1507 2943 vocem
1529 2900 1684 2943 suam
1702 2894 1758 2941 et
1783 2878 2012 2955 fleverit,
2031 2892 2089 2940 et

503 2972 811 3030 exaudierit
829 2973 974 3033 Deus
1018 2990 1209 3034 vocem
1253 2975 1491 3048 parvuli.
1515 2974 1709 3034 Flente
1736 2976 1883 3032 enim
1910 2966 2088 3032 matre

507 3068 809 3121 etmortem
837 3064 935 3122 ﬁlii
955 3066 1340 3124 miserabiliter
1363 3067 1889 3138 praestolante,Deus
1922 3083 2088 3126 essu.

506 3151 643 3209 divit
665 3169 917 3226 puerum,
942 3157 1009 3214 de
1044 3172 1152 3229 quo
1176 3157 1449 3229 pollicitus
1502 3157 1682 3216 fuerat
1721 3158 1956 3216 Abrahae
2006 3159 2087 3217 di-

506 3258 667 3303 cens:
701 3242 806 3302 Sed
830 3262 879 3304 et
901 3247 1070 3318 ﬁlium
1092 3249 1301 3307 ancilla:
1321 3261 1428 3307 tute
1449 3251 1642 3320 factum
1663 3251 1721 3306 in
1743 3260 1947 3323 gentem
1976 3269 2089 3308 ma-

507 3350 686 3408 gnam.
715 3335 901 3411 (Aug.)
927 3337 1141 3410 Alioqui
1181 3348 1237 3397 et
1265 3340 1383 3411 ipsa
1409 3349 1604 3409 mater,
1621 3357 1736 3398 non
1760 3357 1918 3399 suam
1942 3358 2081 3400 mor-

504 3432 641 3497 tem,
655 3429 750 3486 sed
769 3428 867 3486 ﬁlii
885 3430 1150 3502 deplorat.
1175 3431 1425 3509 Pepercit
1449 3433 1613 3506 igitur
1630 3433 1776 3492 Deus
1793 3434 1846 3492 ei
1864 3450 1963 3508 pro
1982 3450 2092 3507 quo

506 3514 690 3575 fuerat
737 3526 796 3576 et
837 3518 1015 3578 ﬂetus.
1056 3520 1207 3581 Solet
1243 3524 1414 3594 quaeri
1452 3525 1723 3597 quomodo
1768 3542 1894 3583 cum
1938 3535 2094 3598 pater

507 3618 657 3668 esset
681 3626 943 3671 annorum
970 3614 1200 3687 amplius
1245 3617 1578 3688 quindecim,
1629 3618 1925 3691 proiecerit
1968 3634 2093 3678 eum

515 3705 619 3785 sub
649 3704 846 3763 arbore
869 3713 926 3763 et
959 3706 1085 3763 ierit
1113 3706 1273 3781 longe
1297 3716 1562 3781 quantum
1607 3726 1771 3768 arcus
1796 3713 1986 3781 mittit,
2027 3727 2099 3770 ne

507 3792 721 3851 videret
750 3810 875 3852 eum
904 3796 1247 3854 merientem.
1278 3798 1448 3868 Quasi
1479 3788 1625 3858 enim
1637 3801 1893 3873 portabat
1917 3800 2095 3873 proie—

503 3885 666 3953 cerit,
689 3885 766 3942 ita
791 3886 1009 3946 videtur
1032 3904 1230 3948 sonare
1254 3893 1401 3964 quod
1421 3893 1649 3951 dicitur.
1668 3894 1776 3951 Sed
1790 3895 2096 3968 intelligen-

505 3975 637 4036 dum
690 3976 989 4052 projectum
1029 3994 1151 4037 esse
1180 3997 1292 4038 non
1332 3991 1679 4057 apportante,
1706 3986 1803 4043 sed
1842 3994 1903 4043 ut
1939 3985 2003 4042 ﬁt
2027 3987 2099 4045 ab

509 4076 692 4131 animo
712 4111 731 4140 ,
787 4086 1048 4148 tanquam
1092 4072 1455 4143 meriturum);
1502 4091 1680 4148 neque
1734 4077 1880 4134 enim
1951 4077 2097 4159 quod

508 4169 775 4241 scriptum
796 4178 911 4230 est:
945 4170 1227 4244 Projectus
1273 4190 1393 4231 sum
1439 4188 1477 4232 α
1511 4171 1648 4241 facie
1686 4171 1961 4228 oculorum
1979 4180 2097 4230 tuo-

508 4276 628 4317 rum
654 4262 828 4338 (Psal.
852 4263 1016 4337 xu),
1034 4267 1352 4339 portabant!
1370 4269 1465 4343 qui
1517 4265 1625 4327 bos
1648 4266 1785 4322 dixit
1805 4283 1821 4333 ;
1853 4273 1910 4322 οἱ
1931 4272 2021 4322 εει
2041 4266 2099 4323 il

514 4354 830 4424 quoﬁth
886 4355 1145 4431 loquendi
1177 4376 1302 4429 usu,
1341 4376 1467 4421 eum
1488 4359 1778 4436 proﬁcitur
1804 4358 2002 4431 aliquis
2028 4360 2101 4418 ab

515 4443 697 4516 alique
719 4457 844 4504 cum
870 4463 978 4521 quo
1002 4459 1143 4520 erat,
1167 4466 1237 4508 ne
1257 4453 1328 4509 ab
1352 4454 1444 4512 ille
1466 4455 1751 4522 videatur;
1767 4458 1993 4508 anteum
2005 4451 2101 4511 illo

511 4546 751 4594 maneat.
774 4537 1189 4615 Intelligendum
1208 4554 1299 4603 est
1319 4560 1481 4618 ergo,
1501 4549 1651 4619 meo
1692 4540 1979 4619 Scriptura
2006 4552 2095 4603 ta-

509 4627 647 4695 cuit,
679 4627 756 4685 ita
1111 4642 1349 4730 matrem
1364 4652 1403 4694 a
1418 4637 1557 4706 ﬁlio,
1575 4646 1639 4695 ut
1661 4652 1795 4710 puer
1814 4641 2099 4710 ignoraret
2121 4668 2178 4730 Β

510 4733 620 4803 quo
646 4729 821 4779 mater
840 4723 1056 4792 abierit,
1071 4733 1129 4781 et
1147 4741 1269 4803 eam
1293 4726 1350 4783 in
1370 4728 1709 4788 silvestribus
1737 4728 2005 4802 stirpibus
2015 4728 2098 4785 la-

514 4800 706 4879 tuisse,
732 4826 807 4869 ne
838 4810 1127 4874 ﬁliumsiti
1157 4800 1509 4878 deﬁcientem
1528 4821 1757 4879 videret.
1781 4800 1877 4879 ille
1912 4829 2103 4895 autem

520 4902 576 4959 in
604 4902 697 4960 illa
722 4905 890 4963 etiam
915 4912 1098 4978 atate,
1122 4910 1462 4981 quidmirum
1485 4913 1535 4969 si
1549 4922 1726 4972 matre
1750 4916 1953 4973 diutius
1981 4921 2103 4972 non

516 4994 634 5052 visa
653 5001 710 5053 et
742 5002 1001 5069 tanquam
1022 5001 1256 5071 perdita,
1288 5016 1356 5059 eo
1376 5003 1498 5059 loco
1525 5004 1619 5059 ubi
1649 5004 1798 5063 solus
1816 5016 2099 5064 remanse—

512 5101 621 5162 rat,
648 5082 838 5151 ﬂevit?
864 5093 1023 5166 Quod
1047 5108 1178 5168 ergo
1199 5105 1391 5168 postea
1406 5098 1628 5165 diciNr,
1657 5100 1837 5169 accipe
1852 5112 2096 5171 puerum,

517 5200 625 5242 non
650 5190 714 5242 ut
738 5197 865 5243 eum
891 5186 959 5244 de
983 5191 1153 5253 terra,
1178 5187 1329 5245 velut
1338 5187 1612 5258 iacentem
1636 5189 1872 5259 tolleret,
1894 5192 2103 5249 dictum

2189 661 2281 734 qui
2311 661 2608 719 secundum
2634 674 2855 716 carnem
2879 674 2986 714 non
3011 666 3115 726 est,
3146 658 3241 715 sed
3264 657 3321 713 in
3360 657 3626 715 libertate
3683 675 3783 715 vo-

2188 762 2342 811 catus
2371 760 2475 817 est,
2501 767 2607 823 qua
2642 751 2891 809 libertate
2914 750 3163 808 liberavit
3183 766 3308 807 eum
3332 748 3615 806 Christus.
3664 748 3782 808 Hoc

2187 846 2352 918 igitur
2372 845 2629 918 mysterio
2654 842 3261 918 ﬁgurabatur,priorcm
3292 840 3565 914 populum
3589 841 3650 898 in
3677 858 3788 899 ser-

2186 938 2358 994 vitute
2378 944 2660 1011 pectorum
2686 942 3018 1009 generatum,
3061 936 3118 993 in
3149 937 3308 994 domo
3353 934 3541 1002 Sane,
3592 936 3654 992 id
3704 942 3786 993 est

2186 1020 2462 1098 Ecclesiae,
2479 1045 2587 1087 non
2612 1044 2833 1087 manere
2859 1029 2915 1085 in
2943 1036 3219 1095 aeternum,
3243 1044 3423 1101 neque
3451 1041 3587 1084 esse
3616 1027 3783 1084 hatre-

2187 1120 2311 1177 dem
2337 1120 2423 1177 vel
2449 1128 2756 1178 consortem
2782 1113 3080 1178 cultoribus
3105 1112 3329 1187 Christi,
3357 1135 3468 1176 nec
3492 1135 3633 1175 cum
3680 1118 3783 1177 ﬁlio

2185 1212 2374 1282 nobili,
2403 1213 2457 1270 id
2486 1222 2592 1282 est,
2620 1212 2763 1270 ﬁdeli
2802 1213 3022 1286 populo,
3051 1227 3279 1284 regnum
3313 1210 3572 1268 caelestis
3587 1209 3785 1283 gloria

2186 1302 2724 1375 possessurumﬁum
2739 1304 2957 1376 ejiceret
2971 1301 3136 1376 igitﬁr
3147 1302 3426 1359 Abraham
3438 1300 3601 1373 Agar
3616 1300 3784 1357 dedo-

2186 1398 2277 1450 mo
2288 1408 2405 1460 sua,
2423 1393 2630 1463 accepit
2651 1408 2819 1463 panes
2830 1400 2885 1449 et
2896 1399 3070 1449 utrem
3084 1408 3237 1464 aquae
3259 1399 3316 1449 et
3335 1388 3494 1447 dedit
3528 1390 3705 1461 Agar,
3739 1396 3789 1446 ἃ

2187 1484 2444 1556 imposuit
2456 1490 2617 1554 super
2629 1483 3015 1557 humerosbjus
3032 1482 3317 1552 infantem,
3333 1488 3391 1540 et
3404 1482 3633 1539 dimisit
3643 1498 3776 1539 eam.

2185 1573 2387 1631 Exiens
2408 1585 2590 1631 autem
2626 1573 2792 1647 Agar,
2846 1574 3069 1632 errabat
3094 1574 3151 1631 in
3183 1573 3509 1641 solitudine,
3572 1584 3635 1630 et
3678 1591 3789 1630 cum

2184 1668 2505 1725 morientem
2536 1669 2625 1725 siti
2655 1666 2823 1724 ﬁlium
2841 1667 3155 1740 projecisset
3207 1669 3308 1724 sub
3365 1667 3606 1733 arbore,
3644 1682 3789 1737 appa-

2184 1757 2295 1813 ruit
2317 1758 2366 1813 ei
2391 1756 2857 1831 angelusDomini,
2883 1766 2934 1816 et
2950 1759 3341 1816 demonstravit
3364 1758 3590 1814 fontem
3621 1774 3788 1829 aquae,

2184 1854 2241 1905 et
2267 1850 2473 1920 potavit
2500 1851 2669 1907 ﬁlium
2698 1867 2875 1909 suum.
2925 1852 3065 1921 Quid
3111 1867 3240 1923 ergo
3291 1850 3607 1923 signiﬁcat,
3661 1850 3791 1922 quod

2109 1930 2165 1994 Β
2186 1940 2372 1998 exiens
2386 1941 2563 2014 “Agar,
2592 1941 2851 1998 infantem
2874 1942 2930 1998 in
2950 1944 3203 1998 humeros
3224 1957 3355 1997 suos
3376 1936 3676 2011 imposuit,
3698 1937 3791 1993 nisi

2188 2035 2334 2106 quod
2355 2045 2608 2106 peccator
2631 2036 2859 2108 populus
2895 2043 2949 2093 et
2978 2036 3238 2108 insipiens
3276 2037 3570 2092 cervicem
3611 2034 3790 2089 matris

2188 2138 2303 2182 suae
2338 2140 2621 2197 synagoga:
2658 2127 2902 2198 gravavit
2933 2143 3059 2183 cum
3084 2127 3245 2182 dicit:
3281 2122 3529 2198 Sanguis
3569 2127 3691 2197 ejus
3713 2142 3767 2180 ss

2186 2233 2411 2288 paruos,
2428 2217 3013 2288 etsuperﬁliosrrostros
3026 2217 3243 2290 (Matth.
3269 2219 3481 2287 nm).
3511 2216 3788 2271 Panesau-

2190 2312 2300 2362 tem
2312 2308 2414 2363 hoc
2427 2307 2757 2374 iudicabant,
2771 2308 2914 2377 quod
2928 2316 3082 2363 vetus
3095 2307 3470 2363 sacerdotium
3484 2321 3665 2377 panes
3676 2319 3787 2374 pm-

2186 2400 2492 2471 positionis,
2511 2401 2652 2456 sicut
2664 2400 2927 2470 scriptum
2941 2398 3301 2469 est,'portaret
3316 2413 3517 2454 secum
3533 2405 3601 2453 ut
3626 2411 3789 2452 vesce-

2189 2500 2361 2549 retur.
2376 2492 2507 2548 Uter
2526 2507 2655 2549 vero
2679 2507 2852 2562 aquae,
2875 2493 2968 2562 qui
2989 2491 3206 2559 defecit,
3224 2490 3461 2548 Judaica
3486 2490 3787 2561 puriﬁcatio

2188 2586 2523 2658 signiﬁcatur
2537 2585 2838 2652 defectura,
2859 2587 2974 2641 sive
2997 2585 3244 2641 doctrina
3254 2598 3454 2642 eorum
3482 2582 3724 2639 carnalis
3739 2582 3785 2635 in

2185 2677 2324 2749 pelle
2345 2685 2559 2734 mortua
2582 2676 2787 2743 clausa,
2809 2676 2866 2731 id
2901 2684 3005 2744 est,
3038 2677 3095 2731 in
3120 2691 3287 2733 carne
3315 2675 3538 2732 veteris
3561 2673 3787 2730 boni-‘5

2187 2769 2649 2842 praevaricationis
2674 2770 2943 2825 sententia
2966 2770 3245 2838 damnata,
3279 2785 3403 2840 quae
3426 2783 3540 2825 nec
3570 2766 3786 2837 refrige-

2187 2862 2329 2919 rium
2352 2869 2593 2932 praestat,
2620 2877 2721 2919 nec
2743 2862 2905 2919 satiat
2925 2862 3095 2931 sitim,
3122 2862 3219 2920 sed
3244 2870 3384 2919 aestu
3407 2861 3605 2932 tepida
3630 2858 3787 2915 vomi-

2189 2961 2305 3009 tum
2333 2952 2483 3009 facit.
2522 2953 2677 3022 Quod
2700 2970 2829 3011 vero
2859 2964 3008 3012 errat
3026 2955 3169 3028 Agar
3220 2955 3289 3012 in
3322 2954 3633 3012 solitudine
3676 2966 3788 3008 cum

2188 3044 2300 3101 ﬁlio
2327 3061 2446 3114 suo,
2469 3045 2740 3119 signiﬁcat
2765 3062 3092 3121 synagogam
3142 3063 3273 3105 eum
3312 3046 3527 3120 populo
3568 3061 3676 3102 suo
3702 3060 3787 3101 et-

2187 3138 2401 3210 pulsam
2424 3138 2489 3194 de
2515 3145 2662 3194 terra
2689 3153 2809 3207 sua,
2835 3140 2954 3196 sine
2979 3139 3287 3197 sacerdotio
3311 3148 3373 3196 et
3396 3137 3685 3194 sacriﬁcio
3737 3137 3786 3191 in

2192 3239 2315 3289 tote.
2334 3233 2469 3290 orbe
2494 3240 2766 3291 terrarum
2794 3249 3001 3301 errare,
3032 3243 3088 3292 et
3119 3235 3284 3299 viam,
3318 3249 3444 3306 quae
3480 3241 3570 3289 est
3628 3230 3781 3287 Chri-

2193 3331 2331 3392 stus,
2360 3324 2577 3395 penitus
2600 3324 2870 3395 ignorare.
2905 3325 3061 3394 Quod
3079 3324 3223 3384 ﬁlius
3245 3325 3390 3383 illius
3416 3324 3516 3380 siti
3556 3321 3787 3395 deperit.

2191 3418 2432 3476 ostendit
2450 3419 2706 3491 populum
2729 3419 2933 3476 nullam
2956 3419 3249 3477 habentem
3277 3417 3631 3490 spiritualem
3657 3413 3791 3487 puri-

2192 3508 2521 3566 ﬁcationem.
2549 3510 2704 3578 Quod
2739 3525 2870 3567 vero
2889 3510 3064 3567 ﬁliuni
3078 3511 3407 3567 morientem
3421 3508 3523 3564 siti
3564 3506 3676 3563 sub
3704 3520 3788 3559 ar-

2190 3598 2327 3661 b0re
2377 3602 2626 3674 proiecit,
2677 3611 2735 3661 et
2789 3604 2869 3660 sic
2923 3603 3332 3661 demonstrante
3359 3599 3561 3672 angelo
3592 3598 3787 3669 aspicit

2168 3689 2419 3761 fontem,
2449 3693 2790 3766 signiﬁcabat
2813 3695 3078 3764 quosdam
3105 3710 3173 3752 ex
3201 3709 3268 3751 eo
3293 3691 3498 3764 populo
3544 3690 3618 3745 ad
3673 3704 3789 3744 um-

2193 3782 2350 3843 bram
2370 3787 2502 3859 ligni
2529 3789 2711 3846 crucis
2760 3788 3029 3861 refugium
3062 3789 3349 3860 petituros.
3411 3784 3572 3854 Quod
3611 3781 3793 3839 excla-

2195 3886 2312 3934 mat
2341 3892 2478 3949 puer
2497 3878 2736 3949 plorans,
2775 3886 2832 3936 et
2857 3878 3133 3935 exaudivit
3155 3893 3279 3934 eum
3308 3877 3474 3943 Deus,
3499 3882 3561 3931 et
3588 3872 3676 3930 sic
3703 3870 3797 3927 de»

2196 3975 2534 4024 monstrante
2561 3968 2751 4041 angelo
2773 3969 2966 4040 aspicit
2994 3967 3221 4035 fontem,
3250 3969 3355 4024 hoc
3379 3981 3481 4039 pro
3505 3964 3614 4021 illis
3640 3963 3794 4026 dicit.

2196 4058 2292 4131 qui
2311 4074 2378 4114 ex
2398 4056 2605 4116 Judaeis
2626 4059 2695 4115 ad
2732 4058 3009 4131 Christum
3032 4065 3453 4124 convertuntur,
3506 4070 3577 4113 ac
3602 4052 3795 4110 ﬁentes

2197 4159 2349 4210 retro
2373 4159 2525 4210 actos
2553 4167 2770 4210 errores
2818 4152 3205 4220 exaudiuntur,
3248 4149 3622 4219 reseratisque
3674 4161 3798 4203 ocu—

2198 4241 2271 4301 lis
2333 4242 2537 4313 cordis,
2582 4230 2769 4301 vident
2812 4243 3016 4309 fontem
3074 4257 3231 4315 aquae
3277 4240 3441 4306 vivat,
3465 4239 3525 4293 id
3544 4247 3652 4301 est.
3706 4252 3797 4307 Per

2199 4335 2476 4415 Christum
2504 4324 2702 4392 Filium
2730 4334 2851 4405 Dei,
2870 4334 2965 4406 qui
2989 4333 3155 4391 dicit:
3184 4333 3301 4405 Ego
3325 4347 3445 4387 sum
3473 4329 3599 4398 [ous
3651 4342 3797 4397 aqua

2199 4428 2326 4487 uiua:
2341 4446 2362 4495 ;
2398 4428 2489 4501 qui
2516 4428 2626 4484 sitit
2649 4427 2822 4483 ueniat
2843 4437 2897 4482 et-
2923 4426 3061 4482 bibat
3080 4424 3266 4498 (Joan.
3290 4422 3392 4495 tv).
3418 4419 3577 4479 Unde
3607 4415 3800 4474 Ismael

2199 4521 2481 4579 exauditio
2510 4520 2916 4591 interpretatur.
2946 4517 3185 4591 Angelus
3230 4522 3414 4572 autem
3454 4513 3564 4569 iste
3594 4509 3791 4567 simili-

2200 4614 2332 4672 tudo
2377 4606 2463 4671 est
2503 4612 2659 4681 Elius,
2674 4627 2773 4685 per
2797 4626 2960 4684 quem
2983 4609 3213 4683 populus
3233 4608 3336 4666 iste
3364 4613 3450 4663 est
3463 4603 3798 4665 crediturus,

2201 4707 2343 4765 sicut
2364 4719 2461 4778 per
2487 4704 2807 4761 Malachiam
2834 4704 3033 4760 dicitur
3056 4719 3073 4756 :
3105 4700 3246 4756 Ecce
3273 4716 3367 4771 ego
3410 4697 3623 4753 mittam
3667 4692 3798 4748 nobis

2202 4776 2409 4863 Etiam,
2436 4796 2529 4867 qui
2554 4802 2816 4850 convertat
2857 4793 3019 4849 corda
3044 4802 3260 4865 patrum
3284 4791 3344 4845 in
3382 4788 3527 4860 ﬁlios
3576 4776 3795 4859 (Halat.

2200 4888 2301 4964 tv).
2330 4888 2533 4946 Verum
2561 4887 2706 4958 quod
2731 4887 2917 4944 statim
2940 4885 3156 4944 vocavit
3169 4883 3393 4957 angelus

2202 4979 2396 5037 dicens
2416 4996 2429 5032 :
3638 5034 3651 5041 -

2273 5071 2443 5143 Surge
2482 5078 2532 5126 et
2578 5077 2702 5126 tene
2727 5084 2985 5140 puerum,
3027 5068 3153 5140 quia
3198 5068 3259 5123 in
3302 5073 3511 5139 gentem
3552 5076 3801 5133 magna

2206 5164 2407 5237 faciam
2459 5179 2611 5230 eum,
2671 5160 2777 5217 hoc
2829 5159 3201 5232 signiﬁcabat,
3252 5157 3367 5214 sive
3421 5151 3573 5225 quod
3622 5154 3801 5224 copio-

516 5283 632 5340 ωε,
659 5275 756 5333 sed
783 5277 916 5335 “mi
943 5245 1383 5349 canina-gerem;
1410 5287 1469 5336 et
1511 5245 1649 5337 am.
2207 5270 2302 5316 sus
2323 5257 2631 5349 Iudaeorum
2673 5253 2903 5349 populus
2918 5257 3436 5349 essetregnaturus
3464 5246 3537 5349 in

518 5364 782 5439 deinceps
829 5368 1086 5427 comitem
1132 5370 1276 5428 sicut
1301 5378 1441 5439 erat,
1475 5372 1619 5443 quod
1661 5372 1985 5444 plerumque
2018 5372 2103 5431 fas-

519 5457 673 5516 cinat
690 5460 852 5531 simul
876 5463 1217 5522 ambulantes
1240 5462 1526 5533 cujuslibet
1546 5466 1742 5522 aetatis.
1770 5464 2103 5537 Ιςὶωινῳιωι

522 5547 754 5605 tendum
793 5558 880 5609 est
912 5566 1012 5610 cur
1055 5560 1216 5611 antea
1244 5551 1381 5609 Sara
1406 5552 1577 5610 voluit
1620 5554 1879 5611 maritum
1909 5554 1977 5611 de
2003 5569 2101 5611 an-

519 5638 952 5713 eillasuscipere
970 5642 1171 5711 ﬁlium;
1203 5651 1297 5699 aut
1324 5659 1421 5702 cur
1441 5661 1586 5703 nunc
1610 5661 1734 5702 cum
1758 5652 1934 5705 matre
1946 5644 2103 5715 jubet

522 5724 916 5800 apelli'domo,
938 5734 1083 5798 quod
1116 5749 1226 5791 non
1249 5734 1364 5792 zelo
1387 5736 1518 5794 fecit
1557 5751 1810 5804 accensa,
1857 5737 1955 5794 sed
1999 5753 2102 5810 pro

522 5817 784 5892 mysterio
822 5818 1116 5892 prophetiae
1165 5826 1457 5899 compulsa.
1517 5826 1703 5902 (Isid.)
1729 5828 1876 5900 Agar
1902 5830 2102 5902 quippe

522 5914 821 5974 secundum
840 5906 1155 5994 Apostolum
1178 5917 1482 5995 (GalatJv),
1499 5922 1555 5979 in
1576 5924 1894 5982 servitutem
1916 5926 2102 5995 genuit

2207 5349 2325 5409 sive
2352 5348 2479 5420 quia
2508 5334 2744 5403 ctelestis
2783 5342 2935 5415 regni
2966 5341 3195 5415 gloriam
3224 5337 3575 5397 consecuturi
3598 5346 3802 5399 essent,

2207 5441 2304 5514 qui
2326 5456 2394 5497 ex
2418 5440 2499 5496 eis
2527 5436 2888 5495 credidissent
2910 5437 2966 5493 in
2994 5435 3229 5493 Christo.
3256 5433 3410 5502 Quod
3433 5439 3622 5488 autem
3646 5445 3802 5485 eum-

2207 5533 2334 5592 dem
2361 5531 2612 5604 angelum
2662 5531 2755 5603 qui
2804 5530 3043 5601 loquitur
3075 5528 3144 5583 ad
3184 5527 3327 5599 Agar
3352 5525 3508 5597 prius
3546 5520 3803 5592 angelum

2209 5625 2494 5696 Scriptura
2514 5628 2850 5695 pronuntiat,
2872 5619 3064 5677 deinde
3088 5618 3279 5680 Deum,
3306 5614 3509 5667 Filium
3540 5610 3644 5666 Dei
3677 5623 3803 5667 eum

2205 5717 2377 5775 fuisse
2414 5713 2741 5772 credendum
2797 5720 2897 5773 est,
2939 5708 3030 5778 qui
3062 5718 3160 5776 per
3201 5703 3376 5777 legem
3420 5712 3476 5759 et
3502 5701 3803 5773 prephetas

2205 5824 2421 5882 semper
2470 5806 2681 5862 loeutus
2734 5808 2838 5868 est,
2880 5798 2973 5872 qui
3020 5806 3243 5871 propter
3295 5794 3661 5853 obedientiam
3706 5807 3807 5863 pa-

2204 5912 2377 5962 terna:
2397 5898 2691 5960 voluntatis
2718 5893 2939 5969 angelus
2966 5902 3208 5965 vocatur,
3236 5893 3378 5951 Deus
3399 5897 3582 5949 autem
3605 5900 3805 5949 secun-
