3974 6450
354 448 462 502 565

1385 452 1736 508 COMMENT.
1777 455 1840 508 ΙΝ
1882 456 2201 514 GENESIM.
2243 491 2312 502 --
2350 463 2482 516 LIB.
2514 463 2598 517 Ill.

3499 472 3601 524 iitili

351 565 482 618 dum
503 569 754 618 naturam
773 561 970 630 Patris,
996 565 1121 635 quia
1143 580 1270 620 vero
1297 573 1351 623 et
1369 567 1483 638 ipse
1511 577 1596 623 est
1622 568 1762 624 Deus
1785 570 1923 626 sicut
1950 575 2000 632 Α
2028 571 2198 641 "uitis
2227 576 2303 628 rei
2349 576 2628 646 Scriptura
2663 580 2814 633 testis
2840 588 2924 634 cst
2959 581 3176 650 man
3210 595 3227 632 :
3261 580 3324 633 Et
3354 581 3602 634 tractim-ts

353 653 537 708 Pater.

969 737 1196 805 CAPUT
1230 747 1293 803 Il.

426 834 502 888 De
521 835 825 904 juramento
863 833 1083 892 Abraha:
1111 847 1159 892 et
1199 849 1351 910 pacto
1381 858 1496 895 cum
1540 842 1850 898 Abimelech.

427 924 625 979 Eodem
657 935 882 996 tempore
909 928 1040 980 dixit
1076 929 1366 985 Abintelech
1391 942 1437 986 et
1469 931 1650 988 Phicol
1688 937 1924 1006 princeps

350 1019 608 1071 exercitus
635 1018 747 1088 ejus
778 1019 848 1072 ad
873 1021 1174 1075 Abraham:
1212 1021 1352 1078 Deus
1395 1034 1561 1078 tecum
1607 1035 1680 1079 est
1708 1043 1762 1079 tn
1808 1027 1924 1079 uni-

354 1109 512 1161 rcrsis
537 1116 652 1179 quae
681 1111 813 1178 agis.
841 1110 978 1164 Jura
1019 1127 1138 1182 ergo
1183 1131 1274 1184 per
1319 1114 1603 1171 Dominum
1638 1136 1700 1172 ne
1739 1135 1924 1172 noceas

351 1201 480 1252 mihi
526 1211 571 1254 et
601 1202 821 1271 posteris
860 1204 1004 1269 meis,
1036 1205 1284 1276 stirpiquc
1318 1223 1442 1262 metu
1471 1226 1487 1262 :
1515 1211 1603 1262 sed
1633 1210 1926 1280 juxta'mi—

347 1293 690 1346 sericordiam
716 1311 870 1365 quant
901 1294 1019 1365 fecit
1044 1297 1133 1350 tibi
1157 1297 1315 1366 [acies
1347 1301 1472 1354 mihi
1499 1311 1544 1354 et
1569 1311 1722 1356 terrre
1748 1305 1799 1356 in
1822 1322 1926 1375 qua

349 1397 585 1439 uersatus
623 1401 675 1440 es
706 1387 922 1442 advena.
953 1385 1199 1460 Dixitque
1228 1390 1492 1446 Abraham
1525 1407 1542 1444 :
1573 1394 1684 1464 Ego
1708 1395 1922 1465 jnrabo.

349 1477 425 1532 Et
450 1479 730 1549 increpavit
761 1479 1048 1534 Abimelech
1081 1491 1286 1550 propter
1335 1493 1544 1552 puteum
1583 1503 1731 1556 aqua:
1777 1505 1926 1556 quem

349 1571 401 1624 ci
463 1569 783 1624 abstulerant
837 1571 972 1625 servi
1020 1571 1184 1625 illius.
1243 1571 1522 1644 Respondit
1581 1575 1924 1632 Abimelech:

353 1659 563 1713 Νεδσίιά
588 1662 703 1731 quis
728 1659 907 1730 fecerit
933 1661 1068 1715 hanc
1100 1679 1227 1729 rem,
1251 1664 1341 1717 sed
1378 1674 1424 1718 et
1456 1675 1510 1718 lu
1539 1682 1641 1720 non
1680 1666 1925 1722 indicasti

345 1749 518 1814 mihi,
571 1757 621 1803 et
670 1767 763 1820 ego
803 1767 905 1805 non
961 1751 1136 1805 audivi
1179 1762 1368 1822 pra’ter
1413 1755 1581 1809 hodie.
1628 1755 1767 1810 Tulit
1807 1774 1926 1828 ergo

343 1835 615 1892 Abraham
646 1855 760 1893 oves
788 1849 836 1893 et
865 1840 1031 1906 boves,
1061 1851 1110 1897 et
1160 1842 1300 1897 dedit
1340 1845 1629 1900 Abimclech
1649 1887 1663 1912 ,
1706 1865 1924 1918 percus-

2026 663 2292 720 Abrahom
2319 668 2374 720 in
2416 677 2558 722 terra
2587 668 2985 724 Philistinorum
3013 671 3194 724 multis
3219 670 3418 725 diebus.

2095 757 2359 812 Abraham
2384 775 2502 816 vero
2533 761 2784 830 plantavit
2818 779 3000 818 nemus
3029 766 3085 818 in
3115 765 3399 828 Bersabee,
3444 774 3490 816 et
3521 766 3596 816 in-

2027 849 2224 901 vocavit
2265 866 2450 904 nonten
2494 851 2702 906 Domini
2742 854 2840 908 Dei
2882 857 3093 917 (uterni;
3139 867 3189 908 et
3240 857 3338 923 fuit
3386 855 3598 908 colonus

2027 945 2178 990 teme
2205 937 2602 995 Philistinorwn
2628 944 2806 998 diebus
2838 944 3032 998 multis.
3059 945 3242 1010 Quaeri
3263 955 3436 1013 potest
3462 962 3595 1014 quo-

2028 1030 2184 1083 modo
2233 1033 2372 1100 apud
2427 1043 2642 1102 puteum
2687 1034 2986 1102 juramenti
3031 1052 3220 1106 agrum
3278 1036 3600 1106 plautaverit

2025 1117 2317 1186 Abraham,
2350 1122 2395 1176 si
2424 1123 2475 1176 in
2506 1130 2648 1178 terra
2677 1125 2786 1190 illa,
2816 1127 3262 1195 queuiadmodum
3295 1129 3598 1196 Stephanus

2028 1209 2156 1263 dicit
2182 1211 2316 1282 (Act.
2356 1212 2482 1282 vn),
2516 1230 2620 1268 non
2643 1225 2926 1286 acceperat
2955 1218 3318 1272 [nereditatem
3352 1234 3447 1270 nec
3481 1235 3598 1286 μιν

2029 1314 2146 1354 sum
2178 1302 2345 1368 pedis.
2378 1303 2482 1357 Sed
2513 1319 2576 1358 ea
2614 1314 2700 1358 est
2741 1306 3082 1375 intelligenda
3123 1308 3410 1361 luet-editas
3441 1323 3601 1376 quam

2030 1390 2170 1444 Deus
2202 1407 2548 1456 muneresuo
2573 1393 2747 1448 fuerat
2783 1395 3026 1458 daturus,
3063 1411 3166 1449 non
3212 1405 3387 1466 empta
3411 1398 3601 1466 pretio.

2029 1480 2342 1550 [intelligitur
2391 1491 2572 1537 autem
2609 1484 2840 1554 spatiqu
2887 1485 3030 1538 circa
3085 1495 3306 1554 puteum
3352 1487 3420 1539 ad
3477 1486 3601 1539 illud

2029 1573 2315 1641 emptionis
2352 1584 2568 1644 paetum
2615 1576 2910 1645 pertinere,
2943 1577 2996 1630 in
3036 1593 3142 1646 quo
3192 1576 3408 1631 fuerant
3455 1592 3610 1646 agna:

2029 1672 2235 1733 septem
2287 1664 2442 1730 dat-.e,
2490 1665 2702 1735 quando
2745 1665 3058 1722 Abimelecb
3087 1675 3142 1722 et
3185 1666 3460 1721 Abraham
3507 1666 3608 1722 sibi

2031 1756 2200 1810 etiam
2219 1755 2557 1825 juraveruut.

2635 1847 2860 1904 CAPUT
2885 1847 2995 1919 an.

342 1939 630 2000 serumque
675 1931 824 1985 ambo
856 1931 1041 2001 fmdus.
1081 1933 1149 1986 Et
1191 1935 1373 1989 statuit
1420 1933 1683 1991 Abraham
1730 1948 1922 2010 septem
1953 1923 2002 1990 Β
2030 1934 2106 1992 De
2147 1954 2205 1992 eo
2231 1937 2368 2008 quod
2400 1939 2609 2010 tentavit
2640 1937 2782 1993 Deus
2810 1939 3076 1993 Abraham
3105 1939 3168 1994 de
3207 1939 3350 2009 filio,
3377 1948 3427 1996 et
3468 1939 3611 1994 obla-

343 2035 516 2092 agnas
544 2023 714 2094 gregis
739 2041 990 2079 seorsum.
1019 2023 1118 2080 Cui
1140 2026 1269 2080 dixit
1299 2025 1590 2084 Abimelech
1617 2043 1634 2082 :
1665 2031 1802 2097 Quid
1828 2032 1928 2086 sibi

343 2109 528 2165 uolant
566 2121 756 2183 septem
780 2129 928 2183 agna:
957 2115 1092 2180 ister,
1121 2131 1250 2186 quas
1279 2126 1420 2171 stare
1447 2117 1614 2188 fecisti
1645 2137 1880 2176 seorsum
1904 2122 1930 2176 ?

342 2198 418 2251 At
455 2199 534 2252 illi
572 2214 592 2252 :
625 2199 847 2271 Septem,
871 2202 1056 2273 inquit,
1087 2221 1250 2275 agnas
1272 2205 1492 2276 accipies
1517 2206 1580 2261 de
1602 2224 1760 2262 manu
1789 2226 1926 2278 mea,

339 2301 407 2345 at
433 2293 538 2346 sint
587 2294 644 2348 in
687 2295 1038 2350 testimonium
1083 2297 1232 2363 mihi,
1263 2297 1509 2367 quoniam
1546 2316 1640 2370 ego
1684 2299 1796 2368 fodi
1826 2318 1926 2371 pu-

339 2393 487 2437 teum
531 2387 708 2441 istum.
752 2386 962 2442 Idcirco
989 2400 1196 2446 vocatus
1228 2400 1302 2446 est
1331 2390 1474 2448 locus
1522 2392 1611 2448 ille
1652 2391 1926 2464 Bersabee,

342 2478 476 2547 quia
510 2478 582 2532 ibi
638 2489 852 2550 uterque
889 2480 1117 2550 jurarit,
1164 2490 1210 2537 et
1247 2482 1478 2537 inierunt
1506 2483 1672 2553 [cedas
1713 2503 1808 2556 pro
1837 2503 1930 2557 pu-

339 2577 431 2620 teo
454 2568 761 2637 jnramenti.
802 2568 986 2642 (Aug)
1006 2570 1184 2639 Quaeri
1213 2581 1392 2644 potest
1417 2576 1629 2646 quando
1672 2590 1795 2631 cum
1826 2577 1930 2633 isto

341 2658 664 2716 Abimclech-
688 2667 906 2732 pactum
942 2661 1069 2720 fecit
1095 2664 1386 2731 Abraham,
1429 2676 1483 2724 et
1511 2669 1807 2740 appellatus
1848 2677 1931 2728 est

340 2760 543 2820 puteus
568 2767 728 2822 quem
777 2753 930 2823 fodit,
961 2763 1154 2828 puteus
1169 2758 1480 2829 iurationis,
1506 2761 1774 2830 quomodo
1801 2777 1930 2817 cou-

344 2852 508 2914 κινῆται
529 2845 762 2900 veritati.
791 2845 945 2919 Agar
963 2850 1108 2904 enim
1151 2850 1216 2906 de
1259 2851 1490 2908 Abrahae
1519 2851 1678 2908 domo
1706 2852 1931 2924 expulsa

342 2948 474 2990 cum
499 2936 626 3003 ﬁlio,
649 2938 802 3008 juxta
840 2947 1083 3010 puteum,
1107 2942 1265 2998 sicuti
1289 2943 1489 2999 dictum
1516 2952 1620 3011 est,
1635 2943 1930 3013 jurationis

341 3027 588 3092 errabat,
620 3028 710 3098 qui
741 3029 800 3084 in
821 3030 968 3087 valle
989 3038 1178 3101 postea
1208 3031 1407 3089 dicitur
1442 3033 1616 3090 factus
1663 3031 1731 3089 ab
1759 3034 1930 3090 Abra-

341 3114 494 3170 ham.
530 3117 609 3172 lbi.
657 3131 897 3190 namque
933 3120 1248 3180 Abi-melcch
1299 3132 1354 3179 et
1405 3123 1679 3180 Abraham
1707 3125 1927 3196 jurave-

343 3216 498 3268 rant,
545 3209 692 3276 quod
729 3211 964 3266 nondum
1002 3215 1194 3284 utique
1234 3212 1437 3270 factum
1487 3223 1635 3282 erat,
1687 3230 1810 3272 cum
1863 3215 1931 3272 de

2392 2009 2530 2063 tione
2569 2010 2749 2063 arietis
2784 2026 2877 2078 pro
2912 2010 3090 2064 eodem
3117 2010 3250 2081 ﬁlio.

2101 2123 2249 2195 (CAP.
2301 2123 2470 2196 xm.)
2518 2124 2648 2190 Qua:
2697 2133 2968 2196 postquam
3013 2135 3157 2196 gesta
3201 2133 3350 2190 sunt,
3398 2125 3611 2178 tentavit

2028 2213 2169 2271 Deus
2198 2214 2482 2282 Abraham,
2503 2228 2548 2270 et
2569 2215 2700 2269 dixit
2729 2215 2798 2269 ad
2826 2214 3280 2282 eum:Abraham,
3307 2214 3614 2269 Abraham?

2029 2307 2130 2365 Ille
2180 2311 2461 2381 respondit,
2504 2311 2722 2366 Adsum.
2781 2309 3136 2379 Quatriisolet
3190 2313 3459 2382 quomodo
3507 2314 3611 2367 hoc

2029 2414 2218 2456 verum
2246 2401 2335 2467 sit,
2364 2417 2487 2456 cum
2513 2401 2659 2457 dicat
2708 2398 2763 2458 in
2795 2402 3036 2471 Epistola
3062 2418 3159 2459 sua
3185 2401 3419 2459 Jacobus
3454 2401 3609 2475 (Cap.

2029 2489 2116 2562 l)‘,
2148 2491 2291 2561 quod
2329 2490 2471 2546 Deus
2502 2493 2756 2547 neminem
2801 2501 2994 2561 tentat,
3041 2494 3144 2550 nisi
3173 2493 3301 2564 quia
3337 2483 3633 2550 locutione.

2033 2573 2433 2652 Seripturarum
2451 2582 2586 2639 solet
2609 2583 2713 2639 dici
2741 2593 2903 2639 tentat
2926 2599 3026 2654 pro
3051 2599 3117 2640 eo
3141 2584 3284 2656 quod
3300 2592 3382 2640 est
3406 2582 3612 2654 probat.

2033 2669 2280 2730 Tcntatio
2305 2690 2434 2731 vero
2469 2676 2559 2731 illa
2587 2676 2654 2732 de
2679 2693 2785 2748 qua
2812 2676 3046 2734 Jacobus
3077 2677 3209 2733 dicit
3230 2693 3338 2733 non
3359 2676 3612 2747 intelligi-

2033 2771 2122 2819 tur
2183 2761 2284 2820 nisi
2344 2780 2449 2836 qua
2499 2766 2727 2836 quisque
2778 2776 3000 2839 peccato
3066 2767 3392 2838 implicatur.
3458 2765 3615 2822 Unde

2030 2852 2319 2926 Apostolus
2342 2855 2470 2912 dicit
2501 2875 2514 2911 :
2545 2856 2628 2912 Ne
2656 2856 2788 2926 forte
2814 2859 3083 2914 tentaverit
3106 2877 3192 2913 vos
3233 2860 3277 2912 is
3316 2857 3407 2928 qui
3450 2863 3613 2911 tentat

2034 2945 2097 3018 (Ι
2124 2942 2275 3002 Thes.
2302 2947 2406 3020 ιιι).
2435 2945 2570 3004 Nam
2601 2957 2656 3004 et
2681 2949 2808 3005 alibi
2847 2949 3217 3020 scriptum'est
3245 2963 3260 3002 :
3291 2946 3476 3002 Tentat
3521 2961 3608 3002 vos

2032 3037 2289 3096 Dominus
2332 3039 2468 3097 Deus
2498 3051 2681 3110 vester,
2708 3051 2764 3097 ut
2791 3045 2922 3099 sciat
2945 3044 2991 3098 si
3023 3039 3257 3114 diligatis
3283 3058 3399 3098 eum
3424 3041 3613 3113 (Deut.

2033 3132 2188 3204 xm).
2215 3133 2391 3189 Etiam
2420 3135 2521 3191 hoc
2551 3149 2748 3208 genere
2775 3135 3082 3201 locutionis,
3127 3144 3182 3188 ut
3229 3136 3381 3201 sciat,
3412 3133 3611 3188 dictum

2033 3229 2148 3289 est,
2181 3239 2245 3279 ac
2295 3224 2339 3279 si
2395 3225 2684 3293 diceretur,
2739 3234 2800 3281 ut
2836 3226 2978 3282 scire
3022 3241 3120 3281 vos
3145 3223 3310 3281 faciat
3355 3222 3614 3294 quoniam

340 3295 510 3351 domo
545 3298 782 3356 Abrahzc
813 3303 960 3374 Agar
990 3316 1113 3361 cum
1154 3305 1264 3362 tilio
1299 3306 1489 3364 fuisset
1515 3307 1759 3378 expulsa.
1789 3307 1932 3377 Quo—
1959 3299 2005 3366 C
2037 3311 2178 3368 vires
2218 3313 2521 3371 dilectionis
2552 3333 2662 3373 suae
2695 3317 2971 3372 hominem
3015 3315 3215 3385 latent,
3263 3315 3369 3372 nisi
3404 3313 3618 3386 experi-

341 3387 506 3444 mudo
533 3405 664 3461 ergo
699 3395 918 3464 errabat
949 3393 1109 3464 juxta
1128 3405 1352 3467 puteum
1371 3398 1702 3469 iurationis?
1723 3400 1808 3456 An
1846 3400 1927 3456 fa-

339 3483 492 3532 ctum
529 3477 648 3548 iam
691 3482 866 3540 tuisse
912 3486 1315 3558 intelligendum
1349 3498 1454 3557 est,
1497 3497 1556 3546 et
1596 3506 1696 3562 per
1723 3491 1932 3563 recapi-

281 3583 288 3587 ·
339 3570 666 3628 tulatio-em
689 3583 883 3644 postea
919 3587 1404 3635 mmemoratum
1431 3582 1576 3652 quod
1606 3583 1715 3655 egit
1757 3583 1930 3639 Abra-

2034 3412 2216 3460 mento
2242 3405 2404 3460 etiam
2430 3405 2604 3462 eidem
2629 3407 2988 3464 innotescunt.

2102 3496 2190 3550 Ait
2220 3496 2300 3550 illi
2327 3511 2346 3549 :
2379 3493 2522 3553 Tolle
2557 3498 2728 3567 ﬁlium
2767 3508 2916 3554 tuum
2949 3499 3292 3572 unigenitum,
3312 3515 3464 3570 quem
3491 3497 3616 3553 dili-

2030 3586 2134 3657 gis,
2158 3585 2333 3656 Isaac,
2358 3599 2406 3644 et
2427 3591 2554 3646 vade
2594 3591 2650 3646 in
2673 3601 2866 3648 terram
2894 3594 3130 3661 visionis,
3158 3601 3312 3665 atque
3341 3593 3472 3662 επεν
3493 3608 3612 3647 eum

337 3659 473 3754 itam
514 3677 639 3754 cum
665 3663 1003 3734 Abii-electi,
1052 3669 1102 3726 si
1147 3667 1288 3726 forte
1316 3671 1412 3742 qui
1433 3671 1590 3745 longe
1637 3682 1824 3745 postea
1862 3673 1929 3730 li-
2032 3677 2159 3732 mihi
2187 3677 2548 3736 holocaustum
2594 3699 2749 3754 super
2783 3700 2945 3739 unum
2975 3659 3238 3739 montium
3270 3659 3423 3754 quem
3466 3698 3614 3738 mon-

334 3749 508 3847 bs'u-m
535 3753 754 3847 scripsit
777 3758 996 3816 nomine
1037 3761 1183 3830 putei
1220 3760 1507 3831 iurationis
1536 3765 1822 3836 appellavit
1850 3781 1932 3824 re-
2031 3779 2262 3826 stravero
2290 3773 2403 3827 tibi.
2432 3773 2599 3830 Aiunt
2636 3749 2766 3847 ergo
2792 3772 3005 3832 Hebraei
3033 3775 3178 3832 hunc
3221 3749 3460 3831 montem
3492 3787 3612 3828 esse

336 3837 568 3936 ξοηθω
593 3841 651 3897 in
694 3858 804 3916 ϐυ*
855 3859 985 3902 clm
1009 3847 1128 3905 ﬁlio
1163 3857 1340 3907 mater
1365 3851 1621 3909 enabat?
1675 3863 1928 3925 tanquam
2029 3857 2086 3914 in
2114 3874 2220 3930 quo
2239 3869 2425 3932 postea
2456 3837 2730 3935 templum“
2743 3865 3018 3922 conditum
3041 3872 3168 3936 test,
3195 3863 3251 3920 in
3278 3863 3420 3918 Area
3453 3860 3611 3917 Ornaa

337 3928 832 4030 diceretmnabat
863 3936 919 3993 in
940 3937 1039 3995 in!
1061 3943 1282 4014 tagione
1309 3944 1404 4000 ubi
1425 3952 1618 4016 puteus
1636 3945 1927 4018 iurationis
2029 3928 2293 4022 Jcbusaei,
2337 3955 2476 4014 sicut
2509 3928 2583 4013 in-
2602 3928 3059 4030 Paralipomenon
3077 3928 3337 4030 scriptum
3367 3964 3452 4014 est
3484 3975 3498 4011 :
3541 3953 3611 4008 Et

334 4015 524 4121 factus
562 4030 678 4089 est,
721 4027 966 4095 quamvis
1247 4015 1441 4102 postea
1485 4034 1558 4089 sit
1586 4015 1780 4102 factus,
1832 4038 1928 4093 sed
2029 4015 2289 4114 coeperunt
2329 4046 2594 4116 cedi/icore
2639 4015 2885 4121 templum
2925 4051 2982 4106 in
3036 4015 3211 4105 mense
3257 4047 3514 4114 secundo,
3559 4045 3614 4100 in

334 4105 652 4180 lougcante
688 4121 910 4213 aetatem
939 4120 1240 4190 scriptoris.
1270 4121 1364 4180 Sic
1397 4132 1578 4180 autem
1620 4125 1925 4198 appellaba-
2028 4105 2254 4190 secundo
2294 4135 2379 4190 die
2406 4105 2618 4206 mensis,
2651 4139 2707 4194 in
2741 4105 2924 4196 'monte
2956 4105 3136 4196 Πενία
3183 4105 3299 4213 (ἸΙγ
3331 4137 3461 4193 Par.
3495 4105 3612 4209 in),

334 4208 436 4303 tu:
459 4210 654 4271 puteus
676 4219 802 4304 cum
836 4207 977 4266 liber
1001 4213 1354 4284 scriberetur,
1385 4231 1585 4274 nomen
1609 4225 1798 4276 tenens
1832 4233 1929 4274 an-
2029 4224 2120 4294 qui
2164 4219 2366 4283 idcirco
2406 4228 2710 4286 illuminans
2740 4231 3128 4304 interpretatur
3171 4207 3226 4288 et
3255 4231 3455 4298 lucens,
3487 4207 3614 4300 quia

336 4291 575 4393 tiquum,
602 4297 747 4365 quod
786 4297 1120 4370 imposuerat
1160 4305 1458 4362 Abraham.
1509 4307 1572 4364 Si
1607 4317 1787 4365 autem
1824 4309 1928 4367 iste
2028 4291 2109 4370 ibi
2143 4324 2228 4373 est
2254 4318 2408 4375 dabir
2428 4329 2584 4389 1m,
2616 4323 2722 4380 hoc
2753 4333 2858 4393 cst,
2881 4291 3167 4381 oraculum
3195 4324 3314 4392 Dei,
3345 4333 3398 4380 et
3420 4291 3527 4390 lex,
3558 4328 3613 4378 et

327 4391 558 4456 puteus,
586 4401 750 4484 quem
767 4393 970 4484 aper-th
1008 4394 1182 4452 acidis
1219 4396 1360 4454 vidit
1392 4398 1559 4471 Agar,
1597 4401 1732 4456 nihil
1760 4409 1928 4458 restat
2030 4402 2265 4475 Spiritus
2316 4419 2554 4479 sanctus,
2608 4414 2701 4484 qui
2749 4391 2906 4472 docet
2953 4417 3200 4473 homines
3246 4391 3531 4471 veritatem
3560 4421 3615 4468 et

327 4486 407 4534 ut
422 4495 522 4549 per
544 4483 1046 4554 recapitulatitneu‘
1057 4490 1286 4558 quanio
1309 4492 1654 4548 tissolvatur.
1671 4491 1782 4550 Nec
1807 4509 1926 4550 ωσ-
2030 4493 2261 4567 inspirat
2284 4503 2596 4570 prophetas.

327 4585 472 4626 vere
518 4574 696 4643 debet,
737 4579 1014 4648 quomodo
1036 4587 1262 4650 puteum
1297 4597 1460 4652 quem
1505 4583 1718 4640 foderat
1762 4583 1929 4642 Abra-
1949 4656 1998 4667 __
2103 4587 2275 4658 Igitur
2303 4591 2569 4646 Abraham
2597 4593 2662 4647 de
2692 4602 2837 4649 nocte
2862 4611 3174 4667 consurgens
3201 4593 3384 4648 stravit
3404 4593 3612 4647 asinum

329 4663 487 4729 ham,
504 4665 782 4723 nesciebat
807 4667 978 4742 Agar,
997 4669 1048 4727 si
1072 4679 1204 4727 ante
1227 4678 1313 4729 est
1334 4673 1424 4730 ille
1442 4673 1620 4730 fossus
1644 4689 1806 4746 quam
1835 4675 1926 4731 illa
1948 4656 2004 4718 D
2027 4656 2202 4742 suum,
2233 4678 2426 4733 ducens
2469 4696 2643 4736 secum
2681 4681 2811 4737 duos
2859 4656 3098 4753 juvenes,
3143 4694 3192 4739 et
3233 4681 3390 4738 Isaac
3439 4681 3606 4752 ﬁlium

327 4752 582 4824 expulsa.
619 4757 792 4815 Valde
810 4774 1048 4832 namque
1071 4761 1196 4818 ﬁeri
1217 4764 1394 4834 potuit
1432 4775 1494 4823 ut
1515 4778 1774 4837 pecorum
1799 4781 1926 4822 suo-
2027 4781 2199 4820 suum.
2217 4765 2448 4839 Cumque
2472 4771 2782 4827 concidisset
2807 4752 2951 4845 ligna
2972 4775 3030 4828 in
3051 4773 3415 4829 holocaustum
3438 4813 3452 4840 ,
3484 4770 3610 4825 abiit

329 4858 466 4900 rum
489 4862 654 4903 causa
678 4848 836 4922 longe
863 4867 898 4908 a
932 4854 1093 4911 domo
1121 4855 1180 4913 in
1211 4871 1316 4928 qua
1345 4871 1472 4912 cum
1503 4858 1619 4913 suis
1642 4858 1928 4913 habitabat
2027 4853 2098 4910 ad
2125 4853 2296 4910 locum
2326 4873 2479 4928 quem
2508 4869 2828 4933 praeceperat
2867 4855 2917 4917 ei
2948 4857 3114 4918 Deus.
3163 4863 3262 4917 Die
3290 4871 3464 4916 autem
3507 4869 3612 4914 ter—

327 4943 560 5007 puteum
593 4937 804 4999 foderet
848 4959 1012 5015 quem
1058 4945 1150 5004 illa
1196 4948 1449 5006 uastaret.
1486 4948 1695 5021 Duplex
1741 4957 1926 5006 autem
2025 4945 2098 5001 tio
2151 4946 2362 5004 elevatis
2410 4949 2576 5005 oculis
2618 4951 2750 5006 vidit
2791 4951 2963 5008 locum
3018 4952 3223 5025 procul,
3252 4953 3486 5022 dixitque
3539 4948 3608 5003 ad

326 5043 501 5086 causa
530 5040 615 5089 est
663 5050 761 5091 cur
794 5038 884 5104 vita
926 5041 1224 5112 appellatus
1267 5043 1364 5112 sit,
1412 5045 1530 5102 sive
1555 5045 1683 5116 quia
1713 5055 1924 5117 septem
2023 5050 2214 5109 pueros
2261 5055 2390 5095 suos
2412 5056 2432 5096 ε
2469 5041 2788 5114 Exspectate
2807 5044 2892 5100 hic
2919 5059 3039 5100 cum
3083 5045 3255 5112 asino,
3284 5059 3376 5115 ego
3405 5050 3455 5096 et
3482 5057 3611 5113 puer

330 5133 510 5192 agnas
524 5123 838 5187 Abimelech
858 5133 926 5190 de
951 5149 1116 5191 manu
1133 5135 1368 5194 Abrahae
1393 5140 1687 5210 acceperit,
1717 5147 1923 5211 septem

2037 5130 2162 5187 illuc
2209 5143 2372 5205 usque
2426 5145 2796 5207 properantes,
2851 5146 3127 5210 postquam
3174 5135 3568 5192 adoraverimus
3587 5174 3603 5202 ,

329 5225 578 5285 namque
617 5216 868 5276 dicuntur
903 5221 1042 5281 Sabe
1077 5235 1225 5294 nam,
1257 5228 1375 5284 sive
1415 5228 1559 5299 quod
1602 5229 1675 5285 ibi
1701 5227 1922 5298 juyave-
2029 5231 2346 5281 mortem
2387 5227 2459 5282 ad
2495 5239 2605 5295 tros,
2628 5237 2734 5284 etc.
2767 5226 3075 5285 Notandum
3117 5227 3262 5300 quod
3288 5226 3357 5285 de
3383 5225 3607 5283 Geraris

329 5311 492 5372 ι’ωιν
539 5308 668 5377 quia
712 5307 1082 5380 iuramentm
1130 5319 1266 5374 sake
1305 5319 1556 5376 similiter
1599 5322 1917 5392 apponatur.
2028 5327 2200 5386 usque
2234 5318 2302 5373 ad
2351 5327 2596 5376 montem
2621 5319 2809 5389 Moris,
2838 5320 2895 5375 id
2922 5324 3029 5388 est,
3061 5321 3246 5392 sedem
3271 5317 3475 5391 templi,
3503 5315 3609 5374 iter

327 5392 650 5454 Notandum
690 5407 872 5458 autem
922 5413 985 5460 ει
1030 5422 1098 5462 ex
1141 5407 1413 5478 prioribus
1457 5419 1514 5466 et
1551 5425 1620 5466 ex
1647 5414 1924 5482 ,praesenti
2028 5406 2240 5464 diorum
2286 5411 2450 5467 trium
2475 5412 2569 5480 sit,
2605 5419 2663 5470 et
2689 5417 3083 5485 consequenter
3131 5413 3220 5472 die
3267 5414 3428 5471 tertio
3475 5411 3604 5468 illuc

329 5485 480 5580 loco,
509 5493 658 5560 quod
676 5493 829 5552 Isaac
847 5511 958 5552 non
996 5498 1250 5557 sitnatus
1277 5504 1344 5558 ad
1373 5517 1640 5575 qercunr
1655 5502 1918 5576 Humbre,
2025 5504 2339 5573 pervenisse
2365 5505 2580 5563 dicitur.
2604 5506 2742 5564 Male
2767 5507 2939 5579 igitur
2960 5507 3181 5580 quidam
3204 5507 3480 5564 Abraham
3503 5519 3605 5580 pne

331 5579 467 5671 sive
486 5583 543 5638 in
576 5586 782 5646 Aniene
809 5587 1070 5658 ﬂamma,
1102 5600 1166 5648 ut
1193 5594 1250 5650 in
1289 5595 1524 5654 Hebmo
1545 5599 1795 5666 habetur,
1825 5600 1924 5656 sed.
2027 5599 2148 5650 tant
2177 5594 2271 5651 illo
2313 5603 2562 5667 tempore
2603 5593 2882 5657 habitasse
2927 5579 3000 5657 ad
3040 5609 3298 5671 quercum
3342 5579 3604 5662 Mambre,

331 5668 408 5726 in
427 5668 645 5728 Gemis
665 5713 681 5741 ,
712 5673 806 5731 ubi
858 5689 916 5733 ει
947 5680 1216 5740 Borsabee
1257 5701 1432 5758 usque
1464 5689 1630 5746 hodie
1665 5689 1920 5761 oppidum
2027 5697 2151 5743 cum
2178 5688 2302 5746 inde
2329 5690 2398 5746 ad
2426 5698 2666 5749 montem
2690 5693 2863 5751 Maria
2881 5695 2973 5751 vix
3007 5668 3170 5752 unius
3217 5683 3320 5752 diei
3365 5692 3472 5744 iter
3493 5688 3606 5758 Ριθ·
