3974 6482
397 379 503 438 567

1050 372 1112 432 B.
1157 373 1413 432 RABANI
1449 373 1671 430 MAURI
1711 369 2030 431 ARCHIEP.
2073 368 2386 430 MOGUNT.
2427 369 2715 428 OPERUM
2752 367 2931 427 PARS
2968 368 3010 425 Ι.

3588 372 3699 431 568

395 513 548 571 quem
571 494 870 553 ostenderat
897 493 946 550 ei
973 491 1137 549 Deus.
1174 494 1243 550 In
1271 511 1374 566 quo
1400 493 1679 564 wdiﬁcavit
1717 493 1906 562 altare,
1934 503 1984 549 et
2010 503 2062 567 Α
2089 508 2206 551 esse
2234 493 2586 566 Septuaginta
2634 503 2689 551 et
2734 493 3094 562 Theodotion,
3127 499 3222 568 qui
3256 499 3437 569 ipsum
3482 514 3698 558 nomen

396 593 619 664 desuper
663 589 806 662 ligna
850 587 1158 660 composuit.
1201 585 1434 659 Cumque
1482 587 1773 658 colligasset
1828 587 1985 643 Isaac

395 687 566 756 ﬁlium
594 701 768 750 suum,
789 683 961 755 posuit
987 698 1104 738 eum
1127 683 1185 738 in
1210 681 1377 738 altare
1405 698 1561 752 super
1595 691 1793 737 struem
1816 682 1986 753 ligno-

394 761 516 832 rum
554 795 574 833 :
615 775 944 849 extenditque
988 790 1223 839 manum,
1273 782 1320 829 et
1373 773 1596 844 arripuit
1641 772 1898 845 gladium,
1926 781 1985 827 ut

393 869 689 926 immolaret
727 868 898 940 ﬁlium
935 883 1109 922 suum.
1138 865 1210 920 Et
1251 882 1367 922 ecce
1397 864 1612 938 angelus
1652 864 1866 920 Domini
1919 866 1984 922 de

393 964 519 1019 ctelo
549 963 797 1018 clamavit
836 962 1012 1017 dicens
1034 961 1067 1013 ':
1098 960 1391 1027 Abraham,
1430 958 1718 1013 Abraham.
1749 957 1852 1025 Qui
1897 975 1982 1013 re-

391 1057 623 1127 spondit,
649 1055 871 1111 Adsum.
901 1054 1151 1126 Dixitque
1175 1055 1222 1110 ei
1257 1069 1277 1106 :
1311 1052 1435 1108 Non
1477 1051 1730 1108 extendas
1764 1069 1982 1108 manum

392 1160 537 1205 tuam
560 1167 718 1222 super
741 1167 986 1222 puerum,
1013 1165 1175 1220 neque
1204 1147 1372 1219 facias
1402 1146 1785 1217 eiquidquam.
1824 1145 1982 1201 Nunc

389 1244 604 1314 cognovi
631 1243 772 1314 quod
819 1244 1004 1298 timeas
1047 1241 1237 1305 Deum,
1280 1249 1329 1295 et
1383 1255 1487 1294 non
1531 1239 1820 1310 peperceris
1874 1237 1982 1293 ﬁlio

389 1347 480 1391 tuo
526 1338 793 1408 unigenito
831 1344 1044 1407 propter
1072 1350 1172 1388 me.
1205 1333 1381 1388 Etiam
1431 1332 1535 1386 ista
1567 1331 1795 1401 quaestio
1820 1329 1982 1385 simili

386 1427 661 1485 locutione
705 1428 953 1483 solvitur.
1011 1427 1126 1481 Hoc
1177 1435 1262 1480 est
1311 1423 1456 1478 enim
1509 1421 1719 1476 :Nunc
1769 1421 1982 1491 cognovi

389 1524 528 1594 quod
576 1526 760 1578 timeas
810 1523 978 1577 Deum
1023 1531 1113 1583 tu;
1169 1519 1312 1590 quod
1365 1515 1635 1587 signiﬁcat
1668 1534 1680 1570 :
1713 1515 1868 1570 Nunc
1929 1524 1982 1570 lc

391 1613 494 1669 feci
525 1628 868 1685 cognoscere.
896 1611 957 1666 in
995 1608 1453 1680 consequentibus
1479 1615 1659 1662 autem
1680 1607 1784 1661 hoc
1811 1621 1982 1677 genus

388 1707 678 1764 locutionis
701 1708 982 1764 evidenter
1009 1713 1236 1776 apparet
1276 1704 1368 1758 ubi
1397 1702 1598 1758 dicitur
1624 1720 1636 1756 :
1669 1701 1737 1756 Et
1782 1702 1980 1756 vocavit

385 1803 655 1856 Abraham
694 1819 881 1857 nomen
903 1801 1005 1856 loci
1046 1800 1211 1866 illius,
1242 1798 1503 1855 Dominus
1537 1798 1685 1863 vidit,
1711 1805 1772 1852 ut
1798 1797 1980 1852 dicant

2086 587 2274 642 sabech
2299 595 2423 668 τρε
2446 584 2748 658 posuerunt
2791 587 3065 644 dicentes:
3096 587 3165 644 In
3195 589 3422 662 virgulta
3477 591 3694 650 διιδειὲ

2087 677 2332 732 cornibus
2353 677 2481 734 suis.
2513 678 2728 735 Etenim
2754 701 2822 736 συ
2828 687 3016 753 χνεῶν,
3033 680 3147 736 sive
3178 689 3293 738 rete
3313 682 3461 752 quod
3485 684 3694 755 Aquila

2085 769 2286 840 posuit,
2322 777 2377 825 et
2399 769 2758 843 Symmachus
2794 785 2894 841 per
2915 771 2995 825 sin
3019 781 3072 831 tv
3097 770 3336 829 litteram
3365 772 3590 841 scribit,
3632 775 3695 833 hi

2085 874 2215 916 vero
2243 862 2449 916 samech
2469 872 2508 922 ο
2536 861 2774 918 litteram
2799 865 3051 934 positam.
3079 863 3158 919 Ex
3190 881 3298 935 quo
3327 867 3691 925 manifestum

2085 968 2223 1019 esse,
2250 969 2358 1011 non
2380 955 2880 1026 interpretationem
2909 958 3158 1028 stirpium
3181 960 3613 1030 condensarum,
3637 972 3694 1021 et

2085 1049 2139 1105 in
2179 1050 2397 1106 modum
2440 1052 2576 1108 retis
2603 1052 2746 1108 inter
2788 1068 2846 1108 se
2881 1054 3113 1126 virgulta
3157 1064 3416 1112 contexta
3453 1059 3693 1114 verbum

2086 1143 2304 1211 sabech,
2323 1147 2419 1202 sed
2448 1161 2643 1204 nomen
2662 1162 2858 1205 sonare
2884 1149 3125 1222 virgulti,
3142 1152 3287 1224 quod
3314 1153 3396 1208 ita
3416 1151 3695 1211 Hebraice

2085 1238 2300 1293 dicitur.

2154 1330 2543 1404 Appellavilque
2592 1333 2935 1390 nomen'loci
2980 1334 3162 1404 illius,
3216 1335 3488 1393 Dominus
3531 1339 3694 1396 uidet.

2087 1420 2235 1478 Unde
2276 1441 2436 1495 usque
2477 1424 2630 1480 hodie
2659 1426 2855 1480 dicitur
2883 1441 2900 1479 :
2928 1426 2997 1481 In
3035 1437 3210 1484 monte
3241 1428 3517 1484 Dominus
3547 1431 3693 1484 ride-

2084 1514 2176 1569 bit.
2207 1513 2314 1571 Pro
2351 1532 2416 1572 eo
2440 1518 2586 1588 quod
2613 1518 2703 1573 hic
2727 1518 2910 1586 habet,
2942 1519 3098 1585 videt,
3129 1520 3185 1575 in
3215 1520 3448 1577 Hebraeo
3493 1523 3696 1577 videbip

2083 1617 2189 1674 tur,
2223 1608 2487 1679 scriptum
2533 1617 2634 1665 est.
2671 1610 2784 1683 Hoc
2813 1622 2992 1666 autem
3034 1612 3176 1682 apud
3225 1611 3496 1669 Hebraeos
3529 1614 3699 1670 exivit

2082 1699 2137 1755 in
2167 1703 2530 1770 proverbium,
2579 1711 2638 1758 ut
2691 1704 2736 1759 si
2766 1706 2982 1774 quando
3013 1707 3070 1761 in
3111 1707 3363 1778 angustia
3393 1707 3691 1763 constituti

2084 1800 2228 1858 sunt,
2269 1800 2324 1846 et
2348 1793 2562 1849 Domini
2613 1803 2806 1864 optant
2862 1796 3064 1852 auxilio
3108 1797 3409 1863 sublevari,
3463 1798 3698 1855 dicant:

383 1894 547 1950 hodie
579 1913 592 1948 :
623 1893 693 1949 In
719 1901 914 1949 monte
964 1892 1222 1947 Dominus
1273 1891 1537 1962 apparuit.
1586 1889 1733 1945 Vidit
1762 1904 1861 1958 pro
1912 1903 1978 1944 eo
2006 1885 2054 1944 B
2083 1883 2151 1938 In
2198 1894 2372 1939 monte
2408 1884 2666 1940 Dominus
2711 1885 2924 1952 videbit,
2956 1887 3061 1943 hoc
3113 1895 3216 1955 est,
3250 1889 3398 1944 sicut
3455 1889 3702 1946 Al)th

382 1987 526 2055 quod
569 1993 686 2053 est;
738 1986 1010 2057 apparuit,
1055 1986 1160 2040 hoc
1189 1990 1305 2050 est,
1346 1983 1514 2049 vidit,
1561 1998 1662 2052 pro
1719 1997 1783 2037 eo
1834 1979 1976 2051 quod

379 2084 500 2143 est;
553 2076 728 2133 videri
781 2075 945 2143 fecit,
1002 2076 1313 2147 signiﬁcans
1375 2091 1473 2145 per
1535 2074 1864 2130 efﬁcientem
1923 2073 1977 2128 id

379 2170 528 2240 quod
579 2170 854 2239 efﬁcitur,
913 2170 1055 2225 sicut
1104 2168 1279 2240 frigus
1337 2169 1553 2241 pigrum
1602 2170 1745 2240 quod
1794 2170 1978 2241 pigros

376 2261 531 2318 facit.
561 2260 634 2315 Et
656 2279 761 2316 non
786 2262 1092 2333 pepercisti,
1125 2261 1321 2332 inquit,
1365 2260 1477 2330 ﬁlio
1503 2270 1591 2315 tuo
1631 2260 1818 2315 dilecto
1849 2278 1976 2332 pro—

376 2364 492 2426 pter
535 2372 637 2410 me.
671 2355 927 2425 Nunquid
974 2353 1254 2410 Abraham
1297 2362 1521 2425 propter
1567 2354 1814 2426 angelum
1867 2369 1977 2409 non

375 2448 620 2516 pepercit
651 2447 760 2502 ﬁlio
790 2461 912 2512 suo,
940 2456 996 2502 et
1025 2461 1134 2502 non
1183 2455 1407 2518 propter
1450 2446 1660 2500 Deum?
1707 2455 1796 2501 aut
1845 2460 1977 2516 ergo

376 2539 600 2592 nomine
631 2538 809 2608 angeli
861 2539 1122 2594 Dominus
1159 2537 1315 2593 Jesus
1358 2537 1606 2592 Christus
1640 2537 1978 2608 signiﬁcatus

376 2639 480 2695 est,
507 2630 603 2700 qui
626 2630 744 2686 sine
767 2630 932 2686 dubio
957 2630 1101 2685 Deus
1127 2638 1232 2695 est,
1249 2637 1305 2685 et
1333 2627 1622 2684 manifeste
1650 2645 1680 2683 a
1709 2629 1976 2699 propheta

376 2697 555 2778 dictus
581 2722 759 2793 magni
788 2721 995 2777 consilii
1051 2721 1268 2793 angelus
1319 2721 1466 2793 (Isa.
1500 2720 1633 2792 ιχ),
1686 2697 1781 2775 aut
1813 2697 2003 2792 quod.

374 2814 523 2870 Deus
560 2822 677 2871 erat
705 2815 759 2871 in
787 2818 999 2888 angelo,
1029 2823 1086 2871 et
1129 2831 1192 2870 ex
1231 2831 1465 2886 persona
1500 2814 1596 2871 Dei
1624 2814 1849 2887 angelus
1895 2815 1975 2871 lo-

373 2912 660 2982 quebatur,
716 2912 859 2967 sicut
911 2912 967 2967 in
1011 2911 1291 2982 prophetis
1329 2911 1495 2966 etiam
1537 2908 1692 2966 solet.
1743 2908 1881 2965 Nam
1916 2909 1973 2964 in

373 3003 831 3076 consequentibus
868 3005 973 3060 hoc
1005 3003 1178 3076 magis
1218 3003 1435 3060 videtur
1465 3017 1730 3073 apparere
1763 3002 1857 3058 ubi
1895 3002 1975 3057 le-

374 3094 523 3165 gitur

446 3185 518 3241 Et
571 3188 768 3244 vocavit
821 3187 1039 3259 angelus
1084 3187 1306 3243 Domini
1361 3187 1631 3242 Abraham
1676 3187 1864 3241 iterum
1904 3185 1970 3241 de

2082 1978 2336 2034 misertus
2367 1987 2471 2047 est,
2499 1980 2846 2036 miserebitur
2884 1989 2940 2037 et
2968 1983 3160 2038 nostri.
3214 1981 3401 2057 (Isid.)
3440 1982 3604 2039 Unde
3647 1989 3703 2040 et

2080 2073 2134 2127 in
2187 2073 2399 2144 signum
2445 2074 2558 2130 dati
2615 2076 2824 2142 arietis,
2879 2076 3056 2132 solent
3105 2078 3273 2133 etiam
3322 2094 3477 2134 nunc
3525 2094 3700 2134 cornu

2079 2162 2350 2236 clangere.
2379 2164 2512 2236 Age,
2546 2181 2691 2221 nunc
2709 2168 2992 2224 videamus
3021 2170 3152 2240 quid
3179 2170 3280 2226 sub
3304 2171 3477 2241 hujus
3503 2187 3698 2227 sacra-

2078 2257 2246 2312 menti
2279 2257 2445 2313 lateat
2475 2260 2757 2330 mysterio.
2808 2261 2915 2316 Iste
2950 2263 3097 2317 enim
3145 2263 3431 2317 Abraham
3473 2262 3698 2333 quando

2079 2348 2249 2403 ﬁlium
2281 2365 2439 2406 suum
2467 2350 2805 2421 unigenitum
2857 2353 3112 2423 perduxit
3153 2354 3222 2408 ad
3266 2353 3696 2419 immolandum,

2078 2441 2316 2498 habebat
2357 2458 2650 2513 personam
2694 2446 2792 2501 Dei
2827 2445 3027 2502 Patris.
3084 2445 3192 2502 Sed
3235 2447 3370 2517 quid
3417 2456 3507 2502 est
3552 2447 3698 2516 quod

2078 2547 2204 2588 eum
2233 2549 2399 2590 senex
2444 2536 2706 2606 suscepit.
2758 2536 2875 2592 Non
2921 2537 3070 2593 enim
3117 2539 3356 2594 senescit
3380 2538 3569 2605 Deus;
3605 2539 3699 2596 sed

2077 2625 2195 2695 ipsa
2231 2627 2604 2696 pronuntiatio
2635 2628 2704 2684 de
2735 2628 2954 2686 Christo
2993 2629 3111 2699 jam
3154 2631 3570 2700 quodammodo
3615 2647 3701 2688 se-

2076 2727 2292 2787 nuerat,
2321 2721 2540 2791 quando
2577 2731 2739 2778 natus
2782 2730 2866 2779 est
2901 2722 3173 2780 Christus.
3208 2723 3476 2780 Inchoata
3503 2734 3595 2782 est
3624 2726 3694 2781 ab

2075 2810 2251 2867 Adam
2300 2811 2394 2868 ubi
2446 2813 2647 2869 dictum
2694 2822 2813 2870 est:
2847 2813 2919 2868 Et
2944 2823 3098 2870 erunt
3123 2815 3230 2868 duo
3271 2802 3344 2870 in.
3377 2831 3546 2871 carne
3581 2833 3694 2871 una

2077 2901 2233 2974 (Gen.
2279 2904 2363 2977 ιι).
2414 2903 2822 2961 Sacramentum
2851 2906 2988 2961 illud
3022 2914 3295 2980 magnum
3325 2917 3403 2963 est
3453 2910 3514 2963 in
3543 2906 3697 2963 Chri-

2074 3002 2155 3049 sto
2185 3003 2234 3052 et
2276 2997 2332 3050 in
2380 2996 2620 3052 Ecclesia
2650 2998 2869 3070 (Ephes.
2897 3000 2988 3073 v);
3020 3009 3075 3058 et
3101 3001 3371 3073 completa
3419 3011 3514 3057 est
3540 3010 3698 3058 sexta

2074 3095 2237 3145 astate
2271 3090 2477 3157 saeculi,
2509 3107 2630 3161 quae
2659 3101 2881 3150 senecta
2901 3095 3241 3167 signiﬁcatur
3266 3095 3535 3163 Abrahae,
3568 3097 3697 3167 quia

2075 3180 2256 3251 ipsum
2277 3192 2681 3239 sacramentum
2701 3185 2800 3242 Dei
2833 3186 2948 3257 jam
2974 3187 3278 3257 longaevum
3318 3196 3477 3254 erat,
3527 3197 3586 3243 et
3616 3203 3702 3243 se-

374 3277 501 3334 eaelo
529 3295 550 3335 :
580 3277 689 3334 Per
714 3257 1074 3351 memet—ipsum
1105 3280 1309 3352 juravi,
1346 3280 1473 3335 dicit
1521 3279 1801 3334 Dominus.
1854 3279 1974 3336 Non

2081 3280 2270 3329 nectus
2309 3271 2461 3330 Sara:
2487 3275 2542 3329 in
2582 3276 2740 3346 plebe
2765 3277 2884 3345 Dei,
2930 3278 3038 3334 lroe
3079 3287 3183 3346 est,
3222 3278 3311 3334 in“
3335 3278 3698 3335 multitudine

372 3370 545 3428 facile
595 3372 744 3428 enim
813 3371 1088 3428 invenitur
1138 3371 1401 3430 Dominus
1449 3372 1704 3428 Christus
1754 3371 1975 3427 Patrem
2075 3365 2484 3436 prophetarum,
2510 3369 2615 3425 hoc
2643 3369 2787 3426 idem
2811 3370 3101 3442 signiﬁcat,
3150 3373 3278 3442 quia
3307 3371 3366 3428 in
3397 3371 3517 3428 ﬁne
3552 3379 3694 3426 tem-

372 3462 666 3518 Dominum
694 3463 877 3520 dicere
903 3471 1165 3534 tanquam
1189 3479 1346 3519 suum
1376 3463 1690 3530 Dominum,
1718 3462 1811 3519 illo
1830 3479 1973 3535 prae-
2074 3471 2291 3526 porum,
2337 3473 2405 3514 ex
2449 3461 2567 3531 ipsa
2606 3461 2764 3532 plebe
2801 3473 3119 3521 sanctarum
3165 3466 3482 3521 animarum
3530 3473 3693 3522 natus

374 3556 563 3612 sertim
595 3564 874 3627 tempore,
927 3564 1220 3627 antequam
1262 3563 1502 3613 sumeret
1537 3570 1780 3611 carnem.
1837 3553 1976 3610 Nam
2075 3556 2159 3604 est
2187 3548 2458 3608 Christus.
2492 3551 2768 3611 Sterilitas
2811 3565 2997 3612 autem
3045 3557 3165 3628 ejus
3194 3557 3418 3613 intimat
3453 3558 3606 3627 quod
3636 3558 3694 3613 in

375 3649 674 3705 secundum
718 3649 773 3704 id
809 3649 954 3719 quod
999 3649 1232 3704 formam
1279 3648 1424 3704 servi
1471 3648 1704 3718 accepit,
1738 3662 1846 3704 non
1893 3647 1976 3702 in-
2075 3639 2178 3695 hoc
2223 3642 2423 3698 saeculo
2453 3657 2550 3714 spe
2582 3644 2719 3700 salvi
2746 3644 2877 3702 facti
2926 3655 3076 3716 sunt,
3101 3657 3155 3704 et
3201 3648 3260 3704 in
3312 3647 3541 3704 Christo
3571 3656 3696 3704 tan-

375 3749 743 3813 congruenter
769 3742 876 3798 hoc
905 3741 1014 3798 dici
1045 3742 1282 3798 videtur.
1314 3741 1450 3797 Nam
1485 3741 1784 3797 secundum
1811 3739 1976 3811 hujus
2075 3747 2241 3804 quam
2267 3734 2324 3789 in
2351 3735 2503 3791 Isaac
2529 3751 2720 3793 Omnes
2742 3739 2858 3793 ηίηί
2891 3754 3101 3807 sumus.
3126 3753 3292 3811 quem
3308 3741 3327 3808 ἵ
3331 3748 3558 3809 Patrum
3584 3739 3694 3795 Εσ-

374 3834 455 3890 rei
491 3834 688 3892 futurae
714 3835 1079 3907 prophetiam,
1126 3833 1255 3890 illud
1283 3843 1367 3890 est
1396 3834 1454 3890 in
1484 3823 1696 3905 psalmo
1739 3831 1973 3888 :Domi-
2076 3824 2242 3881 clesia
2281 3826 2336 3882 in
2380 3829 2490 3885 ﬁne
2528 3836 2853 3900 temporum,
2887 3833 3126 3889 mirabili
3171 3833 3268 3889 Dei
3312 3833 3529 3905 gratia,
3578 3847 3694 3888 non

377 3940 476 3979 nus
501 3924 634 3980 dixit
661 3925 731 3980 ad
760 3943 843 3980 me
867 3942 886 3981 :
916 3925 1092 3980 Filius
1135 3942 1282 3980 meus
1310 3941 1363 3980 es
1401 3934 1458 3979 tu
1503 3923 1678 3996 (Psal.
1712 3923 1809 3995 ιι).
1837 3922 1974 3978 Nam
2075 3917 2312 3973 naturali
2369 3919 2710 3978 fecunditate
2762 3917 3096 3994 procreavit.
3157 3923 3281 3980 Jam
3343 3923 3543 3980 deinde
3600 3936 3696 3978 se-

373 4031 549 4088 neque
595 4018 651 4072 in
683 4018 802 4088 ipso
829 4017 1122 4088 Evangelio
1153 4015 1316 4072 facile
1343 4016 1652 4072 invenimus
1678 4033 1711 4072 a
1755 4015 1974 4072 Christo
2075 4009 2291 4078 quentis
2344 4011 2587 4068 historia:
2648 4023 3056 4093 sacramentum
3081 4056 3097 4082 ,
3169 4015 3302 4086 quid
3357 4013 3692 4086 imaginarie

374 4111 546 4166 Deum
569 4109 792 4165 Patrem
828 4109 1184 4180 appellatum,
1211 4109 1357 4180 quod
1379 4107 1495 4178 ejus
1522 4109 1785 4165 Dominus
1805 4117 1972 4177 esset,
2075 4105 2454 4176 portendebat,
2497 4108 2894 4180 inspiciendum
2924 4118 3028 4168 est.
3057 4109 3192 4179 Quis
3224 4125 3357 4182 ergo
3402 4109 3460 4164 in
3510 4108 3689 4164 Abra-

377 4201 628 4272 quamvis
673 4201 1014 4257 inveniamus
1041 4201 1214 4256 Deum
1248 4200 1340 4257 illo
1387 4199 1505 4257 loco
1534 4201 1629 4258 ubi
1664 4201 1783 4255 ait:
1826 4199 1973 4256 Vada
2077 4202 2223 4267 ham,
2275 4211 2337 4256 ut
2385 4202 2706 4273 praedictum
2752 4213 2855 4272 est,
2897 4220 2996 4276 per
3048 4204 3200 4260 illam
3253 4201 3694 4259 immolationem

375 4300 445 4352 ad
470 4297 687 4352 Patrem
711 4313 886 4350 meum
905 4337 921 4364 ,
955 4304 1004 4350 et
1043 4293 1260 4351 Patrem
1287 4304 1514 4352 vestrum
1535 4337 1551 4363 ,
1582 4295 1752 4350 Deum
1775 4311 1973 4363 meum,

385 4399 433 4444 et
459 4387 630 4444 Deum
658 4397 885 4443 vestrum
910 4385 1093 4460 (Joan.
1123 4386 1257 4460 xvr).
1305 4387 1458 4455 Quod
1498 4395 1680 4442 autem
1711 4386 1975 4456 scriptum

379 4489 503 4548 est,
542 4479 688 4534 Dixit
741 4479 998 4535 Dominus
1054 4479 1282 4534 Domino
1324 4495 1439 4534 meo
1488 4476 1662 4550 (Psal.
1692 4478 1864 4551 ξςιι),
1908 4478 1977 4535 ad

377 4574 556 4646 ipsum
580 4572 673 4645 qui
708 4571 1032 4645 loquebatur
1057 4570 1316 4633 refertur,
1358 4569 1413 4624 id
1441 4579 1546 4636 est,
1599 4569 1746 4624 Dixit
1791 4569 1976 4625 Domi-

378 4682 477 4720 nus
503 4664 730 4719 Domino
756 4681 871 4718 meo
905 4682 918 4717 :
952 4663 1114 4718 Pater
1140 4661 1346 4718 scilicet
1367 4659 1534 4728 Filio;
1574 4668 1666 4716 et:
1697 4659 1844 4714 Pluit
1867 4660 1976 4716 Do-

374 4757 552 4811 minus
583 4773 618 4811 a
649 4755 902 4822 Domino,
951 4755 1045 4825 qui
1078 4754 1356 4811 scribebat
1409 4755 1564 4822 dixit,
1598 4763 1658 4810 ut
1711 4755 1974 4812 Dominus

378 4846 498 4918 ejus
527 4863 558 4901 a
600 4846 832 4902 Domino
877 4844 1014 4915 ejus,
1056 4845 1112 4901 id
1156 4854 1261 4913 eat,
1291 4845 1553 4902 Dominus
1599 4855 1785 4903 noster
1810 4863 1841 4902 a
1867 4846 1974 4904 Do-

379 4941 530 4998 mino
567 4949 758 4996 nostro
793 4939 997 5011 pluisse
1025 4939 1363 5014 intelligatur
1391 4941 1533 4998 ﬁlius
1558 4956 1588 4996 a
1621 4941 1804 4998 Patre.

418 5065 424 5072 -
449 5033 662 5090 Levavit
685 5033 954 5088 Abraham
989 5032 1166 5088 oculos
1211 5049 1335 5090 suos
1360 5034 1590 5105 uiditque
1617 5042 1732 5104 post
1768 5040 1972 5102 tergum

378 5128 599 5185 arietem
645 5128 785 5182 inter
818 5143 992 5199 vepres
1020 5128 1304 5184 hxrentem
1341 5127 1608 5194 cornibus,
1645 5143 1799 5198 quem
1826 5141 1976 5180 assu-

377 5233 528 5278 mens
556 5219 744 5274 obtulit
771 5219 1139 5275 holocaustum
1163 5236 1260 5292 pro
1297 5219 1430 5289 ﬁlio.
1470 5219 1780 5275 Notandum
1807 5219 1973 5288 quod,

381 5312 683 5371 secundum
728 5312 934 5384 Aquila:
977 5312 1480 5385 interpretationem
1495 5351 1511 5377 ,
1560 5319 1843 5382 vepretum
1889 5311 1977 5367 vel

381 5406 657 5479 spinetum
684 5405 963 5473 habemus,
999 5407 1093 5478 qui
1123 5416 1186 5462 ut
1221 5406 1373 5462 verbi
1395 5405 1506 5460 vim
1531 5405 1972 5476 interpretemur,

377 5498 549 5556 verbo
568 5498 759 5557 Graeco
790 5507 1034 5576 συχνιῶν
1059 5498 1336 5555 condensa
1384 5507 1442 5554 et
1471 5498 1617 5554 inter
1645 5512 1704 5552 se
1739 5497 1976 5568 implexa

378 5591 615 5666 virgulta
663 5594 1007 5667 signiﬁcavit.
1049 5591 1204 5649 Unde
1237 5599 1292 5649 et
1336 5589 1693 5664 Symmachus
1727 5589 1784 5646 in
1823 5604 1974 5646 eam-

383 5685 508 5740 dem
537 5686 732 5744 ductus
765 5687 1077 5757 opinionem
1105 5702 1122 5740 :
1167 5684 1238 5740 Et
1278 5685 1544 5757 apparuit,
1575 5683 1672 5750 ait,
1698 5683 1836 5738 aries
1860 5692 1977 5754 post

381 5777 481 5831 hoc
513 5785 744 5834 retentus
764 5775 819 5828 in
841 5783 946 5829 rete
969 5776 1213 5829 cornibus
1250 5779 1380 5832 suis.
1413 5777 1615 5832 Verum
1650 5776 1975 5846 quibusdam
2006 5830 2013 5834 .

384 5867 444 5930 in
492 5870 596 5933 hoc
639 5869 906 5936 duntaxat
935 5865 1056 5936 loco
1101 5865 1300 5952 melius
1333 5867 1586 5947 videntur
1611 5867 1976 5950 interpretati

2076 4291 2367 4364 ﬁgurabat,
2407 4294 2514 4350 nisi
2539 4294 2703 4352 Pater
2730 4296 3022 4354 excelsus?
3065 4296 3199 4365 Quis
3227 4295 3314 4366 εἰη
3360 4294 3549 4360 Isaac,
3581 4294 3693 4350 nisi

2077 4383 2365 4442 Christus?
2390 4385 2526 4442 Nam
2574 4389 2716 4444 sicut
2755 4389 3036 4446 Abraham
3077 4388 3300 4444 unicum
3330 4395 3387 4442 et
3425 4387 3694 4443 dilectum

2077 4477 2250 4534 ﬁlium
2294 4479 2407 4536 Deo
2434 4480 2709 4538 victimam
2741 4483 2964 4548 obtulit,
2995 4483 3071 4538 ita
3100 4482 3390 4548 {Dominus
3436 4481 3696 4553 unigeni-

2080 4578 2195 4626 tum
2253 4571 2424 4628 ﬁlium
2474 4589 2633 4630 suum
2679 4590 2780 4646 pro
2820 4575 2978 4632 nobis
3017 4575 3272 4632 omnibus
3322 4574 3573 4630 tradidit.
3622 4574 3693 4629 Et

2080 4665 2223 4721 sicut
2247 4665 2401 4722 lsaac
2429 4666 2546 4737 ipse
2580 4668 2684 4724 sibi
2711 4668 2856 4741 ligna
2897 4669 3138 4740 portavit
3183 4668 3382 4740 quibus
3411 4676 3536 4724 erat
3589 4668 3694 4723 im-

2079 4759 2382 4831 ponendus,
2438 4761 2518 4816 ita
2574 4769 2629 4818 et
2680 4761 2931 4818 Christus
2983 4762 3216 4834 gestavit
3248 4762 3304 4817 in
3338 4761 3587 4817 humeris
3630 4759 3691 4816 li-

2080 4865 2245 4921 gnum
2273 4852 2452 4907 crucis
2471 4860 2473 4862 '
2494 4867 2626 4920 suae,
2678 4851 2735 4907 in
2783 4869 2905 4924 quo.
2940 4861 3060 4910 erat
3111 4852 3534 4926 cruciﬁgendus.
3570 4851 3690 4908 Duo

2080 4950 2262 4998 autem
2301 4944 2445 5000 servi
2494 4944 2572 4999 illi
2622 4944 2851 5010 dimissi,
2886 4953 2942 5002 et
2974 4962 3084 5003 non
3127 4945 3379 5017 perducti
3406 4945 3477 5000 ad
3504 4944 3690 5000 locum

2079 5033 2334 5089 sacriﬁcii
2381 5034 2598 5093 Iudaeos
2646 5037 3046 5110 significabant,
3096 5037 3190 5110 qui
3236 5052 3364 5093 cum
3409 5035 3690 5092 serviliter

2078 5124 2326 5181 viverent
2353 5134 2408 5183 et
2431 5127 2728 5183 carnaliter
2756 5138 3027 5200 saperent,
3051 5146 3159 5186 non
3189 5128 3564 5200 intelligebant
3584 5127 3688 5182 hu-

2078 5217 2365 5273 militatem
2389 5217 2591 5275 Christi
2623 5234 2638 5274 :
2668 5221 2806 5286 ideo,
2839 5221 2968 5291 quia
2994 5236 3101 5276 non
3133 5218 3511 5289 intelligebant
3533 5219 3682 5289 'pas—

2079 5309 2290 5365 sionem
2309 5309 2532 5377 Christi,
2561 5315 3060 5384 non‘pervenerunt
3096 5311 3166 5368 ad
3190 5310 3369 5367 locum
3398 5308 3678 5366 sacrificii.

2079 5398 2191 5456 Cur
2221 5407 2404 5457 autem
2428 5404 2535 5458 duo
2563 5403 2727 5468 servi,
2753 5401 2860 5457 nisi
2890 5403 3018 5473 quia
3042 5401 3273 5473 populus
3298 5401 3417 5472 ipse
3456 5398 3514 5454 in
3543 5397 3681 5453 duas

2081 5502 2269 5562 partes
2314 5493 2656 5564 dividendus,
2679 5495 2830 5551 erat?
2859 5494 3003 5565 quod
3021 5492 3240 5550 factum
3268 5500 3356 5549 est
3384 5490 3681 5547 Salomone

2081 5593 2340 5656 peccante
2378 5587 2596 5658 quando
2633 5586 2838 5643 divisus
2873 5594 2958 5642 est
2992 5585 3134 5641 idem
3177 5583 3406 5656 pOpulus
3433 5581 3554 5635 loco
3595 5593 3680 5635 re-

2082 5680 2192 5751 gni,
2234 5696 2342 5735 non
2367 5693 2556 5735 errore
2584 5677 2900 5751 impietatis.
2933 5675 3137 5741 Quibus
3172 5672 3335 5727 etiam
3385 5686 3533 5743 saepe
3576 5683 3676 5741 per

2081 5772 2376 5844 prophetas
2405 5772 2603 5827 dicitur
2634 5787 2647 5822 :
2678 5765 2986 5822 Aversatrix
3014 5759 3185 5819 Israel
3205 5774 3254 5820 et
3272 5762 3674 5836 prmaricatrix

2081 5863 2228 5929 Iuda
2249 5865 2385 5939 (Jer.
2411 5863 2518 5938 ιιι).
2543 5862 2743 5922 Asinus
2781 5867 2965 5920 autem
2989 5857 3081 5920 ille
3111 5858 3387 5921 insensata
3410 5866 3496 5920 est
3526 5854 3668 5934 εωιτ
