3974 6450
200 393 310 451 569

1250 387 1602 447 COMMENT.
1643 385 1711 442 ΙΝ
1747 384 2071 446 GENESIM.
2110 387 2182 430 -’-
2215 389 2349 449 LIB.
2391 389 2478 447 lll.

3363 396 3474 458 570

195 489 337 562 titia‘
373 504 701 564 Iudaeorum.
753 501 858 559 Ista
912 501 1182 561 insensata
1233 505 1460 562 stultitia
1530 506 1782 577 portabat
1808 503 2037 571 AQuod
2073 506 2127 560 in
2165 507 2252 563 his
2297 507 2391 578 qui
2439 505 2826 565 nuntiaverunt
2877 509 3108 567 Abrahae
3136 516 3259 569 octo
3307 495 3470 572 natos

191 599 381 655 omnia
425 604 788 662 sacramenta,
830 604 885 652 et
923 597 1064 667 quod
1093 596 1303 654 ferebat
1342 597 1637 654 nesciebat.
1663 596 1784 652 Jam
1884 614 2004 654 esse
2024 599 2164 656 ﬁlios
2193 600 2434 667 Melchar,
2465 603 2779 658 nominatur
2798 611 2852 660 et
2872 603 3092 662 Camuel
3118 616 3277 677 pater
3305 607 3473 680 Syro-

197 690 345 760 quod
385 689 589 745 dictum
631 697 717 744 est
762 688 842 744 eis
881 709 894 742 :
936 686 1250 758 Exspectate
1301 690 1387 744 hic
1436 705 1552 743 cum
1611 690 1780 744 asino.

190 778 492 851 Postquam
520 787 700 835 autem
730 779 1149 847 adoraverimus,
1183 788 1518 836 revertemur
1561 781 1627 837 ad
1662 796 1780 848 vos,

188 871 512 942 Apostolum
536 872 682 928 audi.
699 869 942 940 Ca’citas,
965 874 1150 945 inquit,
1175 890 1240 928 ex
1267 885 1414 944 parte
1427 873 1610 929 'Israel
1640 874 1782 944 facta

188 973 267 1016 est
303 962 480 1034 (-Rom.
521 961 620 1033 ιι).
643 961 797 1030 Quod
821 971 907 1018 est
935 963 1183 1020 caecitas?
1210 961 1522 1035 Exspectate
1552 964 1635 1018 hic
1662 979 1781 1017 cum

188 1054 366 1121 asino,
387 1063 444 1108 ut
477 1054 768 1126 plenitudo,
796 1055 986 1126 inquit,
1013 1057 1244 1128 gentium
1259 1057 1480 1112 intraret
1502 1074 1521 1111 :
1544 1059 1648 1114 hoc
1673 1064 1778 1124 est,

187 1157 482 1217 postquam
524 1147 944 1215 adoraverimus,
973 1147 1066 1203 ubi
1114 1147 1442 1204 sacriﬁcium
1471 1148 1649 1204 crucis
1675 1149 1781 1204 Do-

186 1240 405 1296 mimae
437 1239 714 1310 impletum
741 1256 838 1311 per
863 1249 1048 1314 gentes
1087 1240 1251 1298 fuerit
1275 1244 1646 1314 praedicatum,
1676 1244 1780 1299 hoc

186 1339 299 1398 est,
343 1341 400 1386 ut
449 1332 719 1403 plenitudo
745 1337 975 1405 gentium
998 1336 1217 1390 intraret
1242 1334 1450 1408 (lbid.).
1483 1336 1620 1404 Quid
1657 1345 1772 1392 est:

189 1419 267 1476 Et
295 1432 610 1478 revertemur
637 1426 706 1479 ad
738 1428 863 1482 vos?
888 1427 957 1482 Et
982 1428 1058 1482 sic
1078 1429 1248 1482 omnis
1273 1427 1446 1483 Israel
1465 1429 1639 1485 salvus
1657 1429 1773 1499 ﬁat.

195 1509 458 1569 Triduum
477 1525 658 1571 autem
676 1516 804 1572 illud
826 1517 879 1572 in
895 1533 1002 1588 quo
1015 1527 1278 1574 venerunt
1299 1519 1366 1574 ad
1387 1519 1565 1575 locum
1587 1519 1776 1575 immo-

182 1604 428 1675 lationis,
457 1617 568 1665 tres
604 1611 790 1666 mundi
835 1619 1027 1668 aetates
1080 1612 1393 1684 signiﬁcat:
1438 1628 1600 1669 unam
1650 1620 1777 1668 ante

179 1698 379 1771 legem,
413 1701 572 1758 aliam
601 1704 703 1760 sub
738 1705 875 1777 lege,
904 1707 1119 1762 tertiam
1151 1709 1250 1764 sub
1303 1708 1497 1779 gratia.
1530 1707 1672 1763 Ante
1701 1706 1775 1762 le-

176 1807 324 1862 gem,
359 1795 427 1850 ab
464 1795 636 1851 Adam
666 1813 837 1868 usque
864 1798 932 1852 ad
959 1798 1196 1870 Moysen.
1228 1797 1339 1855 Sub
1369 1799 1503 1870 lege,
1529 1815 1560 1854 a
1591 1798 1774 1870 Moyse

1883 705 2025 757 rum,
2071 707 2180 747 non
2204 693 2392 763 utique
2427 694 2520 764 qui
2546 696 2957 763 nuntiaverunt,
2982 700 3230 754 nuntiare
3257 708 3468 772 patrem

1885 783 2146 856 Syrorum
2171 794 2478 858 potuerunt.
2512 787 2592 842 Ex
2634 789 2844 860 origine
2877 790 3076 861 quippe
3104 791 3266 858 illius,
3298 790 3466 864 Syro-

1881 895 2004 935 rum
2031 895 2199 951 genus
2241 881 2398 953 longe
2419 889 2606 952 postea
2634 891 2989 955 propagatum
3010 891 3114 952 est,
3140 885 3236 941 sed
3265 884 3470 942 dictum

1881 980 1965 1028 est
2005 989 2036 1028 a
2075 989 2306 1044 persona
2352 975 2660 1040 scribentis,
2698 973 2825 1044 quia
2849 982 2973 1046 post
3000 975 3180 1030 omnia
3207 973 3296 1029 illa
3329 982 3468 1031 tem-

1879 1080 2032 1136 pora,
2064 1066 2180 1122 haec
2209 1066 2494 1122 scribendo
2521 1067 2762 1122 narravit
2789 1066 3243 1137 quemadmodum
3273 1068 3340 1123 de
3363 1082 3462 1139 pu-

1881 1163 1971 1212 teo
1997 1157 2399 1226 supradiximus
2420 1156 2734 1226 iurationis.

1951 1248 2120 1320 (διεδ.
2166 1250 2360 1322 xxm.)
2419 1251 2561 1306 Vixit
2606 1260 2781 1307 autem
2831 1253 2972 1309 Sara
3025 1263 3232 1310 centum
3285 1253 3472 1326 viginti

1878 1350 2070 1412 septem
2109 1343 2282 1408 annis,
2308 1351 2357 1398 et
2395 1352 2603 1398 mortua
2653 1356 2728 1399 est
2771 1345 2826 1398 in
2876 1346 3086 1399 civitate
3138 1345 3322 1410 Arbee,
3352 1359 3470 1416 qua:

1879 1442 1953 1488 est
1979 1432 2215 1502 Hebron,
2241 1452 2358 1506 qua'
2387 1445 2460 1490 est
2489 1437 2546 1491 in
2565 1444 2706 1490 terra
2727 1436 3002 1492 Chanaan.
3029 1436 3282 1507 Venitque
3303 1436 3473 1491 Abra-

1879 1527 2001 1581 ham
2047 1536 2105 1580 ut
2148 1526 2413 1598 plangeret
2438 1536 2486 1582 et
2523 1530 2669 1598 ﬂeret
2695 1545 2832 1584 eam.
2874 1528 2987 1583 Hoc
3017 1529 3162 1599 quod
3189 1528 3278 1583 hic
3323 1525 3472 1597 posi-

1877 1622 1995 1671 tum
2025 1618 2294 1687 reperitur
2319 1616 2472 1686 juxta
2507 1620 2752 1688 quaedam
2778 1619 3130 1690 exemplaria,
3155 1633 3275 1688 quae
3312 1623 3395 1671 est
3414 1615 3471 1671 in

1877 1709 2037 1777 valle,
2086 1711 2141 1766 in
2167 1711 2496 1767 authenticis
2536 1712 2812 1768 codicibus
2840 1728 2950 1768 non
2979 1713 3230 1768 habetur.
3262 1709 3470 1765 Nomen

1879 1818 2094 1874 quoque
2154 1803 2389 1859 civitatis
2433 1804 2653 1872 Arboc,
2720 1805 2980 1875 paulatim
3036 1819 3068 1858 a
3109 1801 3472 1859 scribentibus

175 1901 355 1957 usque
382 1887 452 1944 ad
471 1888 754 1946 Joannem.
792 1892 920 1947 Inde
951 1891 1066 1962 jam
1091 1909 1122 1949 a
1149 1893 1401 1961 Domino,
1432 1901 1488 1949 et
1515 1893 1776 1964 quidquid
1802 1888 1851 1948 B
1878 1894 2287 1967 legentibusque
2334 1903 2649 1966 corruptum
2699 1903 2801 1951 est.
2858 1890 3042 1965 Neque
3089 1894 3236 1950 enim
3276 1899 3473 1963 putan-

173 1989 375 2048 restat,
415 1984 606 2040 tertius
631 1985 745 2041 dies
795 1994 879 2042 est
909 1987 1096 2058 gratiae
1129 2005 1141 2043 :
1171 1989 1226 2042 in
1253 2002 1357 2058 qua
1389 1988 1548 2043 tertia
1588 1994 1768 2055 aetate,

171 2075 340 2143 quasi
393 2087 516 2146 post
551 2079 806 2146 triduum,
835 2089 1238 2136 sacramentum
1283 2081 1534 2137 sacriﬁcii
1569 2080 1771 2138 Christi

168 2167 508 2237 completum
537 2177 638 2226 est.
679 2171 881 2228 Deinde
909 2171 1091 2243 ligatis
1119 2173 1347 2244 pedibus
1374 2173 1533 2228 altari
1583 2188 1772 2243 super-

166 2260 416 2328 ponitur,
446 2270 501 2317 et
543 2263 804 2320 Dominus
849 2266 903 2320 in
936 2265 1079 2337 ligno
1110 2281 1428 2336 suspensus,
1466 2266 1619 2321 cruci
1646 2265 1768 2351 alii;

166 2353 340 2424 gitur.
387 2354 492 2411 Sed
527 2357 658 2413 illud
687 2359 829 2428 quod
876 2359 1167 2431 ﬁguratum
1189 2367 1274 2416 est
1299 2360 1354 2414 in
1393 2358 1562 2427 Isaac,
1589 2366 1768 2414 trans-

167 2451 385 2514 gestum
409 2456 493 2502 est
518 2449 586 2504 ad
615 2450 864 2506 arietem.
897 2451 1040 2506 Cur?
1061 2453 1186 2522 quia
1216 2452 1463 2508 Christus
1487 2453 1623 2508 ovis.
1654 2452 1771 2523 Ipse

166 2547 262 2593 est
285 2539 428 2594 enim
451 2539 640 2609 Filius,
676 2544 791 2614 ipse
816 2544 1020 2616 Agnus.
1046 2545 1217 2601 Filius
1257 2546 1384 2616 quia
1412 2553 1590 2609 natus,
1625 2546 1771 2601 aries

166 2632 300 2701 quia
333 2633 662 2689 immolatus.
697 2635 804 2692 Sed
846 2638 976 2707 quid
1003 2645 1087 2693 est
1114 2638 1258 2709 quod
1289 2639 1343 2694 in
1374 2638 1630 2708 vepribus
1659 2627 1770 2693 hae-

166 2723 329 2776 rebat
367 2723 509 2780 aries
538 2724 662 2781 ille?
692 2725 838 2782 Crux
878 2743 1082 2784 cornua
1133 2728 1316 2785 habet.
1352 2727 1444 2786 Sic
1487 2729 1633 2785 enim
1664 2728 1771 2785 duo

161 2815 318 2888 ligna
359 2819 779 2892 compinguntur
814 2837 1020 2889 secum,
1054 2831 1109 2878 et
1156 2821 1393 2893 speciem
1441 2821 1618 2877 crucis
1648 2820 1771 2876 red-

164 2907 325 2961 dunt.
359 2907 508 2965 Unde
547 2918 603 2966 et
633 2912 894 2982 scriptum
923 2920 1006 2968 est
1031 2913 1098 2968 de
1130 2927 1196 2969 eo
1229 2929 1244 2966 :
1279 2910 1490 2967 Cornua
1513 2912 1570 2965 in
1599 2911 1768 2965 mani-

163 2996 266 3051 bus
293 2998 405 3067 ejus
431 3010 553 3054 sunt
581 3000 810 3073 (Eabae.
857 3003 964 3075 Ill).
995 3003 1264 3061 Cornibus
1311 3018 1442 3077 ergo
1473 3004 1768 3058 haerentem

163 3094 401 3151 arietem
427 3097 748 3155 cruciﬁxum
788 3099 1066 3156 Christum
1097 3100 1388 3173 signiﬁcat.
1426 3100 1634 3169 Vepres
1672 3113 1770 3153 au-

160 3192 282 3241 tem
309 3187 474 3256 spinae
509 3197 654 3245 sunt.
688 3189 870 3261 Spinae
909 3192 1124 3264 iniquos
1152 3201 1208 3247 et
1249 3199 1566 3263 peccatores
1603 3190 1769 3262 signi-

1874 1991 2000 2046 dum
2051 1989 2403 2061 Septuaginta
2453 1990 2779 2059 interpretes
2831 2004 3030 2045 nomen
3078 1985 3316 2043 civitatis
3362 1983 3472 2040 He-

1870 2082 2030 2138 braeae
2064 2082 2297 2137 barbare
2348 2090 2514 2154 atque
2557 2090 2836 2153 corrupte,
2883 2091 2940 2139 et
2991 2081 3150 2136 aliter
3194 2093 3359 2150 quam
3412 2075 3472 2132 in

1872 2189 1971 2230 suo
1999 2174 2199 2229 dicitur
2237 2174 2602 2230 transtulisse.
2655 2173 2837 2229 Arboc
2864 2172 3011 2229 enim
3056 2170 3193 2227 nihil
3245 2167 3470 2226 omnino
3551 2179 3558 2186 ‘

1872 2265 2165 2337 signiﬁcat,
2193 2267 2288 2322 sed
2317 2266 2515 2322 dicitur
2541 2266 2738 2333 Arbee,
2766 2275 2938 2332 nam
2974 2265 3078 2321 hoc
3099 2272 3182 2320 est
3210 2269 3464 2334 quatuor,

1870 2357 1997 2427 quia
2036 2356 2112 2412 ibi
2135 2356 2429 2423 Abraham,
2460 2357 2612 2411 Isaac
2655 2365 2712 2412 et
2751 2356 2920 2412 Jacob
2967 2355 3173 2412 conditi
3209 2360 3366 2417 sunt;
3413 2355 3476 2406 et

1869 2449 1984 2520 ipse
2012 2449 2265 2520 princeps
2291 2449 2515 2504 humani
2543 2448 2761 2521 generis
2787 2448 2986 2514 Adam,
3009 2455 3072 2503 ut
3095 2448 3151 2503 in
3171 2444 3301 2502 Jesu
3328 2442 3472 2499 libro

1870 2543 2108 2613 apertius
2141 2543 2568 2598 demonstratur.

1941 2632 2176 2704 Cumque
2199 2635 2512 2689 surrexisset
2533 2634 2598 2688 ab
2623 2635 2788 2706 oﬁicio
2814 2633 3040 2705 funeris,
3070 2631 3276 2687 locutus
3302 2635 3378 2683 est
3399 2623 3472 2681 ad

1868 2724 2010 2794 ﬁlios
2029 2724 2169 2779 Heth
2192 2726 2372 2780 dicens
2389 2741 2407 2778 :
2428 2725 2642 2781 Advena
2663 2742 2779 2781 sum
2799 2735 2846 2781 et
2868 2725 3171 2797 peregrinus
3192 2721 3334 2794 apud
3347 2718 3473 2776 vos':

1868 2817 2005 2873 Date
2032 2818 2158 2873 mihi
2172 2821 2267 2890 jus
2289 2820 2516 2891 sepulcri
2541 2819 2824 2885 vobiscum,
2849 2828 2904 2872 ut
2925 2817 3173 2889 sepeliam
3201 2824 3472 2870 mortuum

1867 2926 2062 2965 meum.
2094 2910 2497 2982 Responderunt
2523 2910 2624 2980 ﬁlii
2665 2909 2845 2964 IIeth:
2874 2909 3015 2964 Audi
3055 2924 3150 2963 nos
3170 2947 3185 2974 ,
3237 2905 3472 2971 domine,

1867 3003 2109 3074 princeps
2129 3002 2228 3058 Dei
2247 3021 2300 3059 es
2321 3004 2463 3075 apud
2485 3021 2599 3060 nos.
2623 3003 2692 3058 In
2711 3002 2884 3060 electis
2904 3002 3158 3074 sepulcris
3179 2998 3372 3055 nostris
3391 3012 3475 3052 se-

1866 3094 1970 3166 peli
1984 3104 2248 3150 mortuum
2261 3105 2430 3150 tuum.
2453 3093 2752 3166 Nullusque
2762 3094 3034 3166 prohibere
3047 3091 3259 3164 poterit,
3273 3089 3400 3161 quin
3413 3087 3473 3142 in

1866 3195 2200 3240 monumento
2216 3187 2330 3257 ejus
2348 3184 2566 3257 sepelias
2581 3194 2846 3240 mortuum
2859 3193 3028 3238 tuum.
3045 3179 3289 3237 Surrexit
3305 3177 3473 3232 Abra-

160 3283 367 3350 ﬁcam,
399 3285 491 3355 qui
522 3287 922 3358 suspenderunt
948 3288 1239 3344 Dominum
1264 3287 1321 3342 in
1346 3300 1587 3342 crucem,
1619 3284 1767 3340 Inter
1793 3264 1838 3329 C
1870 3279 2014 3345 ham,
2037 3288 2086 3334 et
2101 3279 2355 3334 'adoravit
2388 3278 2637 3350 populum
2662 3286 2838 3343 terrae,
2861 3275 2999 3346 ﬁlios
3033 3271 3269 3329 videlicet
3305 3268 3469 3324 Heth.

162 3373 356 3444 spinas
396 3375 580 3446 itaque
604 3387 953 3447 peccatorum
981 3376 1331 3433 Judaicorum
1363 3390 1658 3446 suspensus
1683 3383 1768 3431 est

160 3467 468 3535 Dominus,
503 3470 642 3525 sicut
694 3487 794 3542 per
835 3469 1128 3526 Jercmiam
1169 3467 1312 3525 idem
1359 3469 1491 3524 dicit
1539 3486 1552 3522 :
1591 3467 1766 3538 Spinis

157 3572 503 3632 peccatorum
532 3579 752 3618 suorum
795 3563 1138 3618 circumdedit
1167 3579 1249 3617 me
1278 3561 1500 3634 populus
1529 3562 1633 3616 hic.
1663 3560 1767 3615 Alii

156 3652 316 3706 hunc
353 3653 579 3709 arietem
629 3653 887 3709 cornibus
915 3654 970 3708 in
1007 3652 1264 3723 vepribus
1296 3653 1587 3724 obligatum
1619 3667 1771 3707 eum-

159 3743 290 3798 dem
342 3743 618 3798 Christum
659 3750 979 3810 senserunt,
1030 3751 1322 3814 antequam
1371 3742 1764 3810 immolaretur,

158 3835 342 3906 spinis
362 3850 394 3888 a
421 3834 624 3891 Iudaeis
665 3843 1002 3892 coronatum.
1031 3834 1263 3893 Peracto
1303 3835 1468 3908 igitur
1496 3834 1767 3892 sacriﬁcio

159 3927 369 3984 dicitur
394 3926 658 3983 Abrahae:

238 4018 309 4073 In
333 4019 529 4073 semine
555 4028 647 4074 tuo
675 4019 1044 4076 benedicentur
1087 4037 1268 4077 omnes
1304 4026 1500 4091 gentes.
1541 4017 1768 4086 Quando

159 4111 316 4177 enim
345 4111 449 4166 hoc
476 4110 681 4167 factum
710 4120 814 4180 est,
831 4113 937 4168 nisi
958 4113 1174 4184 quando
1191 4113 1324 4169 dicit
1344 4111 1435 4166 ille
1466 4107 1769 4166 ariesto-

161 4205 360 4260 derunt
385 4222 573 4260 manus
605 4222 750 4261 meas
771 4215 819 4261 et
844 4207 999 4279 pedes
1021 4223 1161 4262 meos
1178 4247 1194 4273 ,
1228 4214 1277 4261 et
1303 4207 1768 4260 dinumeraverunt

161 4296 348 4350 omnia
379 4312 496 4351 ossa
518 4298 673 4352 mea?
701 4295 875 4370 (Psal.
913 4298 1053 4371 xxx.)
1092 4298 1206 4354 Hoc
1233 4297 1379 4354 enim
1406 4297 1622 4368 quando
1645 4311 1772 4366 per-

161 4398 352 4445 actum
386 4397 471 4446 est
519 4390 648 4446 illud
689 4390 744 4446 in
769 4391 993 4463 psalmis
1021 4391 1370 4458 sacriﬁcium,
1399 4399 1529 4445 tunc
1569 4390 1625 4443 in
1653 4388 1770 4458 ipso

159 4484 378 4556 psalmo
417 4486 622 4541 dictum
672 4493 757 4541 est
808 4503 822 4539 :
877 4483 1442 4540 Commemorabuntur
1471 4492 1520 4537 et
1551 4497 1770 4536 conver-

161 4584 348 4629 tentur
373 4575 442 4628 ad
463 4575 748 4630 Dominum
773 4575 999 4629 universi
1032 4575 1163 4645 fines
1187 4583 1358 4628 terraz.
1378 4572 1446 4626 Et
1468 4570 1767 4626 adorabunt

1871 3369 2057 3442 (Aug.)
2107 3368 2402 3436 Quaeritur,
2437 3367 2711 3437 quomodo
2757 3365 3020 3437 scriptum
3041 3364 3148 3429 sit,
3182 3361 3472 3416 Dominum

1870 3458 2040 3514 Deum
2063 3468 2213 3514 tuum
2235 3459 2504 3526 adorabis,
2523 3469 2570 3514 et
2588 3458 2669 3512 illi
2691 3457 2789 3514 soli
2811 3457 3003 3512 servies
3027 3452 3323 3528 (Deut.vr),
3345 3464 3473 3509 cum

1870 3550 2148 3607 Abraham
2180 3552 2260 3608 sic
2285 3552 2575 3607 honoravit
2599 3549 2859 3621 populum
2884 3547 3175 3620 quemdam
3204 3543 3472 3618 gentium,

1871 3649 1931 3694 ut
1965 3642 2133 3696 etiam
2189 3643 2477 3698 adoraret?
2535 3639 2643 3696 Sed
2681 3637 3224 3695 animadvertendum
3257 3642 3374 3703 est,
3412 3633 3474 3691 in

1869 3733 2058 3788 eodem
2084 3742 2356 3805 praecepto
2379 3750 2486 3790 non
2514 3733 2717 3789 dictum
2741 3751 2754 3786 :
2779 3731 3070 3788 Dominum
3097 3730 3270 3786 Deum
3294 3727 3473 3784 solum

1869 3825 2141 3893 adorabis,
2171 3827 2313 3884 sicut
2345 3828 2551 3884 dictum
2582 3835 2667 3883 est
2695 3845 2708 3881 :
2741 3826 2812 3880 Et
2835 3825 2916 3880 illi
2939 3826 3040 3880 soli
3068 3825 3294 3890 servies,
3327 3817 3476 3892 quod

1869 3925 1954 3973 est
1980 3917 2170 3974 Graece
2214 3917 2540 3994 λατρεύσεις.
2571 3918 2720 3974 Talis
2748 3919 2896 3974 enim
2924 3916 3192 3983 servitus,
3227 3929 3338 3970 non
3365 3909 3474 3967 nisl

1869 4007 1984 4064 Deo
2030 4009 2278 4064 debetur.
2317 4009 2469 4066 Unde
2515 4009 2844 4064 damnantur
2887 4007 3221 4073 idololatrae,
3253 4003 3308 4060 id
3352 4010 3472 4068 est,

1870 4099 2137 4171 ejusmodi
2163 4103 2486 4158 servitutem
2515 4100 2836 4158 exhibentes
2876 4098 3035 4155 idolis
3075 4112 3197 4169 quae
3238 4092 3472 4150 debetur

1871 4192 2004 4248 Deo.
2026 4193 2140 4250 Nec
2167 4201 2382 4249 moveat
2407 4193 2554 4264 quod
2577 4193 2684 4249 alio
2703 4192 2826 4249 Ioco
2848 4191 2905 4246 in
2925 4189 3163 4261 quadam
3189 4185 3475 4256 Scriptura

1872 4285 2057 4358 (Apoc.
2088 4286 2204 4359 xix)
2251 4288 2506 4358 prohibet
2557 4285 2782 4357 angelus
2830 4282 3112 4339 hominem
3150 4279 3379 4334 adorare
3413 4289 3476 4332 se

1871 4387 1927 4433 et
1953 4379 2231 4446 admonet,
2256 4389 2318 4434 ut
2338 4379 2602 4435 Dominus
2632 4378 2811 4449 potius
2836 4375 3112 4432 adoretur.
3146 4371 3296 4427 Talis
3320 4383 3474 4424 nam—

1872 4489 1977 4544 que
2008 4479 2337 4544 apparuerat
2360 4472 2601 4543 angelus,
2628 4479 2688 4526 ut
2710 4484 2810 4541 pro
2840 4468 2954 4524 Deo
2974 4465 3148 4537 possit
3178 4461 3396 4520 adorari
3418 4466 3476 4517 et

1873 4563 1996 4620 ideo
2025 4564 2206 4619 fuerat
2226 4563 2582 4635 corrigendus
2612 4560 2892 4616 adorator.

159 4667 224 4720 in
263 4675 540 4736 conspectu
582 4667 732 4737 ejus,
775 4682 954 4720 omnes
990 4629 1178 4736 patria:
1205 4664 1456 4735 gentium.
1499 4661 1765 4727 Quoniam
1790 4629 1845 4688 D
1947 4656 2201 4710 Adoravit
2227 4654 2494 4708 Abraham
2515 4668 2693 4706 coram
2729 4649 2926 4722 papula
2964 4658 3120 4704 teme
3143 4661 3164 4700 :
3193 4656 3242 4703 et
3266 4646 3473 4737 locutus

161 4755 387 4810 Domini
431 4765 507 4811 est
559 4773 811 4828 regnum,
866 4766 914 4810 et
952 4756 1058 4826 ipse
1102 4754 1459 4808 dominabitur
1509 4753 1763 4823 gentium.

161 4850 452 4906 immolato
491 4866 622 4924 ergo
652 4851 927 4908 Abraham
950 4865 1050 4921 pro
1072 4849 1222 4905 Isaac
1247 4848 1358 4903 ﬁlio
1388 4862 1506 4914 suo,
1547 4843 1766 4901 vocavit

164 4957 369 4997 nomen
415 4943 555 5000 illius
588 4945 693 5000 loci
725 4963 738 4999 :
776 4945 1033 5002 Dominus
1080 4943 1244 5010 vidit,
1271 4956 1370 5014 pro
1393 4956 1458 4997 co
1483 4939 1628 5011 quod
1649 4946 1762 5008 est,

165 5035 434 5093 Dominus
465 5037 636 5094 videri
675 5037 839 5105 fecit,
877 5037 1066 5109 utique
1099 5051 1198 5108 per
1219 5033 1672 5091 incarnationem.

775 5147 1004 5205 CAPUT
1059 5148 1151 5205 IV.

168 5241 252 5297 De
295 5241 629 5314 generatione
670 5240 911 5314 Rebecca:
935 5283 951 5308 ,
1000 5252 1048 5298 et
1094 5243 1158 5298 de
1203 5244 1347 5298 obitu
1391 5241 1544 5299 Sara:
1587 5241 1769 5298 uxoris

533 5313 782 5380 Abrahae,
805 5323 850 5368 et
880 5313 945 5368 de
971 5314 1240 5385 sepultura
1275 5315 1408 5384 ejus.

228 5405 332 5462 His
347 5409 523 5480 itaque
537 5409 715 5480 gestis,
729 5407 1028 5463 nuntiatum
1041 5420 1117 5465 est
1129 5408 1397 5463 Abraham
1411 5408 1550 5480 quod
1563 5407 1771 5463 Melcha

171 5515 381 5570 quoque
405 5500 663 5571 genuisset
685 5498 825 5569 ﬁlios
861 5498 1079 5554 Nachor
1110 5501 1266 5570 fratri
1288 5517 1408 5567 suo,
1438 5499 1554 5554 Hus
1580 5499 1776 5570 primo-

171 5589 432 5662 genitum,
460 5601 507 5642 et
533 5590 642 5644 Bez
667 5591 884 5658 fratrem
917 5591 1048 5654 eius.
1094 5589 1310 5646 Camuel
1357 5607 1558 5664 quoque
1607 5589 1772 5661 Syro-

172 5695 298 5734 rum
339 5689 562 5749 patrem,
607 5688 656 5732 et
687 5675 856 5731 Cased
899 5690 946 5731 et
986 5682 1158 5735 Azau.
1205 5681 1426 5736 Phildas
1459 5697 1694 5753 quoque,
1722 5689 1771 5735 et

172 5771 411 5846 Jedlaph
436 5789 522 5828 'ac
575 5772 818 5838 Bathuel,
844 5771 909 5826 de
951 5787 1057 5842 qua
1101 5780 1229 5825 nata
1253 5785 1330 5826 est
1355 5775 1608 5830 Rebecca.
1638 5772 1771 5829 Octo

175 5866 312 5924 istos
341 5866 520 5938 genuit
556 5863 764 5924 Melana
808 5861 1029 5921 Nachor
1067 5860 1240 5938 fratri,
1265 5862 1552 5926 Abraham.
1584 5862 1771 5940 (Aug.)

1875 4755 1952 4801 est
1989 4747 2060 4799 ad
2108 4745 2327 4816 Ephron
2357 4745 2729 4798 circumstante
2749 4740 2895 4812 plebe
2919 4754 2938 4792 :
2964 4739 3156 4807 Quwso
3182 4745 3240 4792 ut
3280 4735 3472 4791 audias

1874 4857 1975 4894 me.
2003 4839 2152 4894 Dabo
2174 4837 2449 4908 pecuniam
2469 4853 2564 4906 pro
2593 4851 2739 4906 agro,
2764 4834 2968 4906 suscipe
2992 4849 3132 4899 eam,
3159 4839 3206 4887 et
3226 4831 3302 4887 sic
3322 4845 3470 4901 sepe-

1873 4931 2000 4987 liam
2044 4939 2309 4986 mortuum
2335 4946 2509 4984 meum
2547 4929 2603 4982 in
2646 4944 2726 4982 eo.
2762 4925 3049 4997 Respondit
3081 4919 3472 4994 Ephron:Do-

1873 5027 2013 5080 mine
2042 5026 2115 5079 mi
2136 5065 2151 5091 ,
2185 5023 2312 5078 audi
2346 5039 2366 5077 :
2398 5021 2563 5077 Terra
2599 5036 2758 5093 quam
2779 5017 3036 5092 postulas,
3075 5011 3472 5087 quadringentis

1873 5125 2077 5196 argenti
2099 5121 2242 5178 siclis
2277 5119 2432 5175 valet.
2471 5117 2624 5173 Istud
2673 5125 2749 5172 est
2787 5115 3012 5186 pretium
3047 5112 3186 5167 inter
3215 5125 3298 5164 me
3323 5117 3371 5162 et
3401 5115 3470 5160 te.

1875 5215 1982 5271 Sed
2010 5222 2267 5287 quantum
2291 5220 2368 5267 est
2393 5211 2490 5265 hoc
2508 5211 2534 5264 7
2562 5208 2737 5280 Sepeli
2785 5215 3051 5262 mortuum
3099 5211 3268 5257 tuum.
3318 5197 3472 5266 Quod

1875 5325 1995 5364 cum
2048 5307 2280 5362 audisset
2327 5305 2633 5370 Abraham,
2689 5299 2936 5373 appendit
2986 5296 3265 5369 pecuniam
3311 5308 3472 5365 quam

1877 5400 2096 5472 Ephron
2120 5397 2470 5470 postulaverat
2497 5436 2512 5462 ,
2549 5391 2883 5449 audientibus
2924 5388 3052 5459 ﬁliis
3081 5385 3241 5441 Heth.
3275 5384 3334 5438 ln
3367 5381 3475 5438 He-

1876 5493 2024 5550 braeo
2041 5533 2056 5558 ,
2106 5492 2248 5547 sicut
2274 5490 2364 5546 hic
2391 5489 2702 5561 posuimus,
2732 5485 2968 5556 primum
2994 5495 3193 5537 nomen
3221 5477 3340 5549 ejus
3382 5474 3476 5531 de-

1832 5629 1837 5636 .
1878 5584 2152 5650 scribitur,
2185 5581 2424 5652 Ephron,
2453 5587 2616 5668 F153:
2648 5597 2660 5632 :
2692 5575 2992 5633 secundum
3028 5572 3274 5668 Ephran,
3305 5575 3470 5659 risv.

1879 5676 2170 5747 Postquam
2196 5675 2338 5730 enim
2368 5663 2543 5742 pretio
2567 5669 2743 5725 victus
2769 5677 2876 5735 est,
2913 5674 2972 5722 ut
2997 5663 3306 5735 sepulcrum
3338 5673 3472 5716 ven-

1879 5771 2035 5827 deret
2061 5778 2117 5826 et
2143 5769 2414 5839 acciperet
2442 5773 2750 5834 argentum,
2775 5763 2902 5817 licet
2923 5767 3150 5828 cogente
3168 5750 3472 5839 Abraham,

1880 5862 1974 5936 va!
2001 5871 2022 5945 τ
2059 5861 2240 5920 littera
2261 5836 2386 5932 quae
2411 5854 2555 5930 apud
2584 5852 2706 5912 illos
2730 5865 2831 5924 pro
2859 5865 2890 5907 ο
2924 5847 3172 5922 legitur,'_
3190 5840 3370 5900 ablata
3402 5836 3477 5898 de
