3974 6484
325 486 432 550 575

1350 481 1698 542 COMMENT.
1742 480 1807 536 IN
1845 480 2168 537 GENESIM.
2208 511 2278 522 --
2313 482 2454 538 LlB.‘
2480 480 2567 538 Ill.

3475 430 3610 534 574.

327 618 492 681 atque
518 605 824 671 sententiis,
854 603 1075 660 omnino
1101 618 1208 659 non
1231 603 1553 673 discrepent.
1578 602 1736 658 Certe
1757 601 1902 655 enim
1928 605 1981 665 Α
2006 602 2089 657 lus
2120 604 2310 659 orabat
2340 605 2393 658 in
2425 611 2624 667 monte,
2649 602 2813 658 etiam
2837 601 2987 658 Isaac
3023 601 3114 672 qui
3141 600 3196 656 in
3223 608 3349 672 typo
3373 599 3594 657 Domini»

331 701 497 756 istum
524 696 720 753 librum
748 709 888 749 unus
915 695 1074 749 homo
1105 694 1320 764 scripsit
1340 735 1355 764 ,
1378 694 1472 763 qui
1500 707 1564 747 ea
1599 705 1718 763 quae
1745 705 1907 762 supra

331 791 478 856 dixi,
509 801 640 845 cum
663 788 950 843 mandaret
968 787 1244 842 Abraham
1275 787 1359 842 vel
1387 786 1634 842 Rebecca
1653 827 1668 852 ,
1701 786 1780 840 sic
1804 799 1908 854 po-

332 898 467 942 nere
488 880 712 955 potuit,
735 880 783 935 si
813 878 883 934 ad
911 893 1026 935 rem
1052 879 1328 949 pertinere
1349 879 1646 950 judicaret,
1677 893 1801 935 cum
1822 891 1913 933 ve-

335 975 474 1033 ritas
499 973 832 1032 narrationis
861 972 1110 1043 exigitur,
1141 972 1245 1028 nisi
1283 979 1343 1027 ut
1391 987 1575 1028 rerum
1620 969 1907 1028 sententia-

337 1081 567 1140 rumque
585 1067 675 1132 sit,
700 1065 900 1136 quibus
917 1065 1160 1120 voluntas
1187 1073 1412 1135 propter
1433 1079 1594 1137 quam
1617 1063 1911 1119 intimanda

337 1160 503 1216 verba
544 1159 711 1224 ﬁunt,
755 1158 890 1215 satis
933 1157 1210 1212 evidenter
1252 1168 1492 1229 apparet.
1524 1157 1678 1224 Quod
1713 1155 1916 1210 habent

338 1250 517 1305 Latini
533 1249 768 1315 codices,
791 1255 1049 1303 narrante
1072 1261 1232 1303 servo
1243 1247 1476 1303 Abrahae
1495 1261 1617 1318 quae
1642 1245 1744 1300 sibi
1761 1245 1916 1299 inan-

342 1344 567 1396 daverat
599 1339 864 1395 Dominus
892 1338 1025 1408 ejus.
1057 1337 1212 1396 Tune
1257 1339 1520 1395 innocens
1563 1337 1672 1393 eris
1707 1351 1736 1390 a
1767 1336 1916 1405 jura-

341 1439 526 1488 mento
555 1445 713 1495 meo,
745 1430 831 1485 vel
873 1430 1147 1500 iuratione
1193 1443 1337 1496 mea,
1389 1428 1561 1484 Graeci
1611 1426 1841 1490 habent,
1883 1431 1917 1479 a

342 1521 631 1577 maledicto
661 1536 802 1587 meo,
835 1520 986 1594 ὅρκος
1022 1523 1166 1576 enim
1196 1519 1395 1576 dicitur
1412 1521 1643 1590 juratio,
1673 1517 1778 1595 ἄρα
1798 1533 1920 1571 ma-

342 1613 610 1668 ledictum.
639 1611 793 1667 Unde
820 1620 875 1668 et
903 1613 1188 1688 κατάρατος
1212 1611 1544 1677 maledictus,
1566 1610 1652 1665 vei
1679 1609 1921 1665 ἒπικατάά

343 1727 498 1782 porto:
545 1705 764 1760 dicitur.
801 1704 1036 1759 Proinde
1063 1703 1494 1773 oriturg‘quzestio
1529 1701 1794 1771 quomodo
1830 1700 1922 1753 illa

336 1796 539 1866 juratio
567 1797 913 1853 maledictum
950 1796 1122 1866 possit
1152 1796 1416 1867 intelligi,
1445 1795 1549 1850 nisi
1592 1794 1720 1865 quia
1756 1792 1921 1847 male-

343 1889 522 1943 dictus
560 1897 676 1954 est,
721 1889 814 1958 qui
855 1896 1042 1943 contra
1066 1888 1395 1956 jurationem
1440 1887 1653 1943 fecerit.
1687 1885 1922 1952 Quamo—

2009 694 2129 761 fuit,
2161 697 2226 751 ad
2257 697 2557 752 orationem
2589 696 2744 767 quasi
2768 695 2942 749 virum
2968 693 3176 763 justum
3203 691 3361 747 domo
3399 704 3584 762 egresé

2009 799 2148 851 sum,
2173 794 2227 841 et
2247 785 2332 841 vel
2353 802 2494 842 nona
2520 788 2675 852 hora,
2699 786 2786 841 vel
2811 791 2936 841 ante
2967 784 3097 842 solis
3118 797 3395 852 occasum,
3428 780 3590 854 spiri-

2010 881 2181 938 tuales
2207 881 2319 938 Deo
2345 883 2595 938 victimas
2626 881 2907 938 obtulisse.

2080 972 2312 1046 Cumque
2327 974 2544 1030 levasset
2568 973 2766 1042 oculos,
2794 974 2919 1028 vidit
2944 971 3170 1028 camelos
3190 973 3450 1027 venientes
3468 976 3591 1044 pro-

2011 1065 2096 1121 cul
2124 1083 2141 1120 :
2171 1065 2398 1121 Rebecca
2424 1083 2650 1138 quoque,
2691 1066 2849 1120 Isaac
2899 1073 3202 1136 conspecto,
3241 1061 3506 1117 descendit
3530 1062 3596 1117 de

2013 1156 2230 1222 camelo,
2259 1169 2305 1211 et
2330 1158 2405 1212 ait
2433 1157 2502 1212 ad
2525 1174 2744 1228 puerum
2768 1170 2786 1209 :
2814 1157 2944 1224 Quis
2978 1166 3055 1211 est
3082 1157 3236 1210 homo
3281 1153 3376 1211 ille”
3393 1155 3484 1226 qui
3512 1169 3596 1209 ve-

2016 1250 2092 1304 nit
2123 1267 2214 1320 per
2249 1267 2434 1321 agrum
2463 1251 2518 1304 in
2551 1266 2824 1305 occursum
2866 1249 3056 1304 nobis?
3085 1248 3324 1318 Dicitque
3363 1247 3451 1302 ei:
3477 1239 3600 1316 Ipse

2016 1349 2090 1397 est
2128 1341 2368 1396 dominus
2402 1355 2568 1396 meus.
2598 1341 2663 1395 At
2691 1340 2786 1396 illa
2814 1339 3000 1396 tollens
3033 1340 3136 1394 cito
3171 1338 3392 1410 pallium
3413 1378 3426 1403 ,
3473 1349 3606 1406 ope—-

2017 1437 2123 1489 ruit
2145 1452 2198 1490 se
2219 1477 2233 1502 ,
2263 1435 2378 1492 sive
2419 1433 2574 1506 juxta
2611 1433 2770 1488 aliam
2799 1433 3088 1488 editionem
3107 1473 3122 1498 ,
3153 1429 3271 1484 tulit
3298 1428 3601 1483 theristrum

2018 1539 2066 1584 et
2113 1529 2318 1600 operuit
2376 1546 2449 1583 se.
2495 1527 2832 1582 Theristrum
2879 1523 3098 1595 pallium
3147 1521 3378 1586 dicitur,
3433 1522 3608 1590 genus

2019 1621 2182 1677 etiam
2214 1636 2357 1674 nunc
2385 1612 2608 1674 Arahici
2660 1615 2972 1671 vestimenti
3025 1629 3133 1684 quo
3173 1611 3433 1668 mulieres
3468 1621 3601 1680 pro-

2019 1712 2211 1767 vinciae
2240 1710 2380 1765 illius
2426 1709 2693 1764 velantur.
2726 1706 2878 1762 Nunc
2911 1721 3040 1778 ergo
3085 1704 3214 1775 quid
3266 1705 3369 1777 iste
3415 1713 3604 1758 servus

2019 1803 2292 1859 Abraham
2312 1844 2325 1869 ,
2355 1818 2514 1873 quem
2543 1799 2633 1856 ille
2658 1800 2805 1856 misit
2835 1800 2902 1854 ad
2933 1795 3364 1868 desponsandam
3399 1791 3608 1849 Rebec-

2024 1907 2167 1959 cam,
2196 1901 2252 1949 et
2279 1909 2398 1963 qua:
2424 1893 2489 1946 de
2516 1890 2704 1946 eadem
2737 1888 2964 1945 historia
2999 1887 3401 1956 subsequuntur
3442 1882 3604 1954 spiri-

344 1979 500 2034 Ιπεω
539 1980 586 2035 Si
648 1979 829 2035 faCiliS
880 1981 1311 2037 misericordiam
1361 1987 1417 2034 Ct
1459 1979 1745 2034 Veritatem
1797 1990 1920 2032 cum
1946 1967 1995 2028 Β
2024 1987 2240 2042 tualitcr
2261 1983 2898 2054 signiﬁcent,vidcamus.
2916 1978 3054 2046 Quid
3076 1985 3158 2034 est
3177 1973 3604 2047 quodAbraham

347 2068 577 2126 Domino
614 2086 766 2136 meo,
799 2073 1031 2128 indicate
1075 2074 1228 2128 mihi.
1272 2073 1387 2128 Duo
1436 2071 1526 2127 illa
1551 2087 1670 2141 qua;
1710 2071 1924 2126 assidue

348 2167 656 2228 ponuntur,
684 2162 738 2216 in
769 2162 890 2216 aliis
923 2163 1124 2218 sanctis
1167 2162 1466 2233 Scripturis
1499 2169 1554 2216 et
1599 2161 1925 2216 maxime'iu

345 2246 604 2316 Psalmis,
644 2252 1016 2308 misericordia
1063 2262 1121 2308 et
1146 2251 1377 2321 iustitia,
1411 2253 1742 2308 tantumdem
1780 2251 1926 2307 enim

346 2335 484 2391 valet
511 2338 883 2398 misericordia
903 2350 958 2397 et
977 2343 1211 2410 veritas,
1236 2343 1326 2398 hic
1356 2341 1470 2412 jam
1509 2357 1771 2414 apparere
1807 2355 1922 2396 cce-

347 2433 566 2492 perunt.-

941 2521 1167 2579 CAPUT
1227 2522 1315 2578 Vl.

694 2608 773 2663 De
799 2610 1021 2666 adventu
1047 2611 1288 2667 Rebecca:
1318 2614 1385 2668 ad
1407 2612 1586 2668 Isaac.

419 2693 820 2766 Responderunt
847 2700 1030 2757 Laban
1052 2713 1099 2757 et
1125 2703 1315 2760 Batuel
1333 2722 1351 2760 :
1372 2706 1418 2760 Α
1446 2706 1672 2761 Domino
1693 2721 1930 2776 egressus

349 2795 424 2839 est
465 2803 670 2856 sermo,
711 2808 815 2846 non
850 2809 1123 2863 possumus
1164 2805 1313 2852 extra
1344 2797 1597 2866 placitum
1640 2799 1756 2868 ejus
1783 2797 1933 2869 quid-

351 2893 510 2946 quam
543 2879 690 2935 aliud
717 2890 886 2937 tecum
919 2883 1080 2956 loqui.
1109 2886 1196 2940 En
1233 2887 1464 2942 Rebecca
1501 2905 1680 2942 coram
1725 2899 1773 2942 te
1817 2897 1931 2956 est,

352 2969 474 3025 tolle
501 2987 619 3028 eam
641 2981 698 3029 et
713 2975 1042 3044 proﬁciscere
1061 3017 1076 3043 ,
1111 2987 1159 3032 et
1189 2979 1254 3033 sit
1283 2995 1417 3034 uxor
1446 2979 1547 3048 ﬁlii
1579 2979 1779 3034 domini
1822 2979 1928 3042 tui,

353 3061 487 3116 sicut
514 3062 716 3120 locutus
742 3075 818 3122 est
851 3067 1128 3124 Dominus.
1157 3070 1432 3137 Qumritur
1466 3071 1684 3142 quando
1721 3071 1936 3127 locutus

354 3163 440 3210 est
463 3153 745 3226 Dominus,
770 3160 875 3216 nisi
902 3162 1028 3230 quia
1056 3162 1143 3218 vel
1166 3165 1490 3234 prophetam
1515 3179 1635 3220 esse
1658 3163 1935 3220 Abraham

354 3256 618 3315 noverat,
649 3257 706 3307 et
747 3252 1062 3322 prophetice
1092 3270 1124 3308 a
1148 3256 1378 3313 Domino
1417 3257 1622 3314 dictum
1664 3257 1809 3328 quod
1837 3271 1933 3326 per

355 3337 507 3394 illum
536 3339 741 3396 dictum
785 3341 966 3400 fuerat
1012 3349 1407 3416 agnoscebant;
1432 3358 1528 3405 aut
1561 3327 1778 3421 signum
1803 3348 1934 3404 illud
1960 3327 2006 3394 (ἶ

355 3431 499 3497 quod
537 3431 642 3487 sibi
689 3433 874 3488 datum
913 3450 1104 3492 servus
1145 3437 1264 3507 ejus
1288 3441 1562 3506 narravit,
1609 3441 1936 3499 locutionem

356 3520 572 3576 Domini
599 3524 1003 3594 appellaverunt
1028 3565 1044 3593 ,
1070 3528 1174 3584 hoc
1193 3529 1337 3585 enim
1365 3531 1538 3601 magis
1579 3530 1646 3587 de
1691 3530 1938 3587 Rebecca

355 3616 676 3680 expressam
697 3621 802 3668 cst.
833 3614 970 3670 Nam
1001 3617 1145 3687 quod
1171 3619 1447 3676 Abraham
1472 3620 1712 3686 dixerat,
1738 3635 1846 3676 non
1873 3621 1940 3676 de

357 3701 608 3758 Rebecca
635 3704 868 3772 dixerat,
899 3708 994 3763 sed
1023 3709 1090 3764 de
1118 3710 1299 3780 aliqua
1327 3710 1531 3767 femina
1561 3725 1629 3767 ex
1668 3711 1815 3768 tribu
1852 3710 1940 3766 vel

358 3795 678 3864 cognatione
699 3812 794 3853 sua
822 3835 844 3864 ς
867 3800 1052 3858 ethoc
1082 3802 1150 3857 ad
1185 3811 1475 3873 utrumque
1511 3804 1767 3862 immunis
1795 3811 1942 3860 esset

359 3898 392 3936 a
409 3880 722 3950 jar-amento
742 3903 956 3958 servus,
986 3892 1032 3947 si
1062 3908 1172 3950 non
1196 3893 1558 3963 impetrasset,
1581 3897 1726 3965 quod
1753 3896 1942 3965 utique

358 3989 468 4030 non
499 3976 716 4046 dicitur,
749 3996 875 4036 cum
905 3983 1109 4055 aliquid
1135 3987 1509 4058 prophetatur,
1538 3996 1746 4044 certam
1793 3987 1952 4045 enim

359 4068 517 4123 decet
540 4082 664 4126 esse
690 4073 1054 4144 prophetiam.

427 4156 751 4216 Dimiserunt
773 4178 894 4234 ergo
919 4181 1038 4220 eam
1057 4175 1106 4222 ct
1130 4176 1386 4224 nutricem
1428 4169 1596 4236 illius,
1637 4179 1942 4241 servumque

359 4247 625 4308 Abraham
648 4262 698 4308 et
725 4256 942 4312 comites
959 4258 1096 4328 ejus,
1122 4269 1170 4315 et
1192 4261 1537 4331 imprccantes
1571 4277 1821 4333 prospera
1855 4279 1940 4316 son-

362 4341 469 4395 rori
504 4357 615 4400 sua:
645 4353 800 4416 atque
837 4348 1107 4405 dicentes:
1131 4350 1299 4408 Soror
1334 4361 1512 4408 nostra
1535 4369 1619 4422 es,
1647 4369 1849 4409 cresans
1885 4353 1943 4408 in

353 4431 504 4514 mille
525 4434 720 4504 millia,
749 4447 798 4494 et
825 4442 1089 4511 possideat
1124 4461 1300 4500 semen
1318 4453 1470 4501 tuum
1502 4456 1682 4517 portas
1705 4447 1949 4502 inimico--

363 4541 480 4580 rum
521 4543 761 4586 suorum.
789 4532 945 4600 Quod
983 4535 1243 4594 Rebeccae
1287 4539 1541 4597 dixerunt
1587 4537 1780 4595 fratres
1827 4539 1946 4609 ejus

361 4617 762 4687 proﬁciscenti:
791 4623 962 4682 Soror
985 4637 1170 4685 nostra
1189 4643 1267 4697 es,
1283 4640 1401 4688 esto
1422 4632 1477 4686 in
1497 4631 1665 4686 millia
1686 4631 1937 4699 millium,

2021 2072 2245 2151 puerum
2264 2078 2416 2148 jubet
2447 2076 2548 2131 sub
2574 2074 2778 2129 femore
2807 2087 2906 2127 suo
2933 2086 3153 2126 manum
3182 2082 3405 2139 ponere,
3434 2073 3490 2121 et
3511 2078 3608 2134 per

2025 2171 2147 2227 cteli
2189 2171 2358 2224 Deum
2403 2167 2622 2238 jurare,
2668 2165 2775 2222 nisi
2821 2166 2963 2235 quod
3009 2163 3154 2219 illius
3182 2175 3310 2218 caro
3335 2174 3434 2232 per
3478 2155 3608 2212 illud

2025 2264 2325 2319 membrum
2355 2261 2680 2316 descensura
2701 2266 2838 2324 erat,
2864 2257 2956 2328 qui
2975 2264 3028 2311 et
3047 2255 3280 2311 Abrahae
3302 2252 3445 2308 ﬁlius
3465 2259 3608 2306 esset

2026 2362 2093 2411 ex
2118 2353 2474 2416 humanitate,
2501 2359 2555 2406 et
2578 2350 2838 2406 Dominus
2870 2364 2936 2404 ex
2966 2346 3284 2404 divinitate?
3307 2341 3398 2404 Sic
3424 2342 3611 2411 itaque

2028 2461 2196 2517 puero
2224 2445 2418 2501 dicitur
2446 2462 2458 2497 :
2496 2439 2638 2496 Pone
2659 2457 2873 2496 manum
2909 2439 3003 2494 sub
3030 2439 3226 2509 femore
3253 2451 3389 2501 meo,
3414 2442 3461 2488 et
3479 2431 3612 2501 jura

2028 2551 2119 2606 per
2168 2534 2338 2588 Deum
2379 2532 2514 2599 coeli,
2551 2545 2616 2587 ac
2644 2531 2690 2586 si
2726 2537 2913 2601 aperte
2935 2529 3140 2584 diceret
3166 2545 3181 2581 :
3207 2524 3391 2596 Tange
3439 2521 3611 2576 ﬁlium

2028 2631 2212 2683 meum
2242 2637 2295 2682 et
2317 2627 2439 2698 jura
2463 2639 2560 2695 per
2583 2623 2870 2678 Dominum
2909 2633 3110 2675 meum.
3139 2617 3294 2674 Unde"
3320 2629 3424 2671 nec
3450 2625 3611 2682 super

2030 2718 2229 2783 femur,
2257 2718 2352 2773 sed
2380 2715 2480 2772 sub
2505 2715 2710 2771 temere
2735 2726 2952 2768 manum
2982 2722 3188 2780 ponere
3212 2707 3452 2779 iubetur,
3483 2703 3609 2774 quia

2029 2823 2098 2866 ex
2125 2808 2216 2864 illo
2248 2807 2450 2862 femore
2479 2805 2568 2860 ille
2599 2804 2958 2859 descensurus
2983 2806 3104 2855 erat
3143 2797 3234 2866 qui
3281 2795 3448 2852 homo
3480 2793 3601 2863 qui-

2032 2901 2188 2966 dem,
2219 2899 2314 2955 sed
2361 2912 2524 2969 super
2565 2907 2754 2952 omnes
2800 2892 3050 2949 homines
3098 2889 3328 2944 veniret.
3363 2886 3504 2954 Quid
3531 2891 3615 2940 est

2033 2993 2178 3064 quod
2205 2991 2354 3047 Isaac
2382 2989 2580 3044 dilecto
2607 2987 2724 3041 ﬁlio
2743 2995 2881 3040 uxor
2925 2984 2992 3038 de
3029 2981 3243 3036 ﬁliabus
3285 2977 3616 3037 Chananaeo-

2035 3098 2155 3137 rum
2185 3082 2308 3138 duci
2335 3080 2674 3152 prohibetur,
2704 3076 2811 3132 nisi
2847 3074 2992 3146 quod
3023 3073 3101 3128 illi
3131 3072 3198 3128 de
3223 3079 3332 3142 quo
3354 3067 3614 3139 scriptum

2035 3184 2158 3231 est:
2200 3173 2374 3227 Filius
2425 3188 2572 3226 meus
2612 3169 2834 3224 dilectus
2885 3167 2943 3222 in
2993 3182 3096 3237 quo
3148 3165 3280 3220 mihi
3328 3158 3619 3231 complacui

2037 3268 2251 3338 (Matth.
2282 3267 2364 3336 ιιι)
2395 3307 2410 3332 ,
2444 3264 2602 3319 nullae
2651 3260 2897 3333 reprobus
2936 3259 3130 3314 animae
3178 3254 3615 3326 coniunguntur;

2037 3362 2104 3417 de
2125 3359 2447 3431 cognatione
2484 3363 2668 3411 autem
2690 3366 2919 3409 uxorem
2957 3350 3069 3406 ﬁlio
3115 3348 3384 3404 deducere
3429 3355 3619 3400 servus

2035 3450 2367 3522 priecipitur,
2397 3447 2524 3518 quia
2553 3445 2665 3502 sola
2695 3452 2882 3501 sancta
2908 3441 3202 3499 electorum
3230 3433 3474 3494 Ecclesia
3496 3431 3618 3488 uni-

2036 3540 2216 3612 genito
2244 3538 2356 3593 ﬁlio
2383 3536 2678 3608 copulanda
2700 3541 2838 3601 erat,
2869 3546 3033 3604 quam
3062 3531 3179 3602 ipse
3210 3525 3520 3600 unigenitus
3544 3533 3612 3577 ex

2035 3629 2506 3702 praedestinatione
2531 3626 2644 3697 jam
2682 3633 2740 3681 et
2775 3622 3115 3696 praescientia
3161 3627 3474 3676 extraneum
3512 3625 3621 3670 non

2037 3722 2289 3778 habebat.
2305 3721 2438 3788 Quis
2457 3733 2586 3775 vero
2605 3726 2690 3774 est
2712 3731 2868 3787 puer,
2889 3717 2982 3786 qui
3009 3717 3076 3769 ad
3097 3711 3464 3770 deducendam
3486 3721 3621 3763 rixo-

2038 3826 2156 3867 rem
2188 3811 2442 3876 mittitur,
2465 3809 2572 3864 nisi
2595 3808 2978 3878 prophetarum
3001 3804 3134 3860 ordo
3163 3810 3326 3873 atque
3351 3797 3624 3870 apostolo-

2037 3917 2160 3958 rum
2184 3903 2528 3970 omniumque
2555 3897 2874 3954 doctorum?
2895 3897 3000 3964 Qui.
3022 3896 3152 3951 dum
3175 3892 3400 3950 verbum
3422 3883 3620 3962 praedi-

2039 3993 2270 4050 cationis
2309 3991 2470 4046 bonis
2512 3987 2785 4044 mentibus
2814 3985 3155 4059 faciunt,,ad
3183 3992 3623 4053 unamquamque

2039 4083 2278 4139 animam
2303 4081 2585 4154 unigenito
2609 4079 2721 4136 ﬁlio
2749 4076 3177 4148 coniungendam
3201 4071 3358 4144 quasi
3381 4069 3624 4142 proviso-

2038 4189 2132 4232 res
2174 4174 2328 4229 ﬁunt.
2378 4172 2481 4240 Qui
2526 4186 2794 4244 pergens,
2839 4180 3024 4226 secum
3059 4169 3126 4225 de
3169 4165 3326 4223 bonis
3373 4163 3625 4220 omnibus

2041 4263 2245 4320 domini
2274 4263 2357 4319 sui
2387 4261 2610 4329 detulit,
2655 4261 2782 4333 quia
2827 4268 2883 4316 et
2922 4260 2981 4315 in
3026 4259 3116 4315 his
3142 4271 3263 4328 quae
3305 4255 3372 4312 de
3397 4252 3632 4310 Domino

2041 4355 2354 4428 loquuntur,
2384 4354 2442 4408 in
2464 4352 2769 4423 semetipsis
2791 4352 3050 4408 virtutum
3077 4348 3292 4405 divitias
3312 4344 3625 4409 ostendunt,

2043 4455 2100 4503 et
2150 4455 2300 4502 tanto
2342 4446 2504 4502 citius
2550 4445 2618 4501 ad
2664 4443 3002 4515 sequendum
3046 4439 3217 4498 Deum
3270 4437 3626 4510 protrahunt,

2044 4548 2310 4610 quantum
2337 4537 2676 4592 auditoribus
2720 4535 2832 4590 suis
2880 4533 2937 4587 in
2972 4529 3280 4601 semetipsis
3324 4532 3629 4584 monstrant

2046 4647 2166 4704 quae
2190 4639 2436 4688 narrant.
2463 4631 2641 4701 Atque
2668 4630 2810 4684 idem
2835 4637 2971 4698 puer
2994 4626 3150 4696 juxta
3194 4623 3399 4679 fontem
3446 4620 3622 4685 stetit,

361 4715 418 4763 et
457 4709 830 4772 hmreditatem
871 4717 1116 4774 obtineat
1154 4735 1341 4777 semen
1370 4731 1521 4778 tuum
1557 4723 1807 4779 civitates
1845 4685 1941 4780 ad;
1962 4685 2018 4746 Β
2046 4685 2209 4793 iit-que
2237 4737 2302 4777 ex
2327 4685 2854 4792 praeﬁxa‘senten‘tia.
2876 4685 3191 4787 quae-puella
3219 4712 3468 4784 eligenda
3484 4716 3629 4766 esset

362 4807 732 4898 versariorum
779 4821 1000 4870 tuorum
1025 4854 1042 4882 ,
1079 4832 1192 4874 non
1239 4820 1519 4890 pr0phette
1560 4819 1802 4887 fuerunt,
1850 4828 1946 4875 aut

363 4897 608 4958 vanitate
630 4909 743 4971 tam
770 4921 968 4979 magna
995 4917 1344 4980 optaverunt,
1373 4914 1469 4969 sed
1492 4928 1557 4969 ea
1584 4926 1704 4983 qua:
1740 4914 1942 4985 promi-

362 4999 516 5046 serat
535 4993 680 5052 Deus
706 4995 942 5055 Abraha:
969 4999 1142 5057 latere
1167 5017 1275 5058 non
1299 5005 1495 5074 potuit.

434 5080 638 5140 Eodem
665 5093 922 5158 tempore,
948 5090 1106 5147 Isaac
1135 5093 1500 5150 deambulabat
1541 5111 1634 5166 per
1660 5097 1798 5151 viam
1822 5112 1941 5167 qua:

364 5171 512 5226 ducit
532 5176 601 5228 ad
621 5187 858 5249 puteum,
871 5182 1027 5252 cujus
1051 5201 1240 5241 nomen
1260 5195 1337 5242 est
1360 5185 1590 5242 Viventis
1608 5198 1655 5243 et
1668 5187 1937 5243 Videntis:

367 5261 658 5320 Habita'bat
684 5276 859 5325 autem
881 5275 941 5326 in
963 5284 1104 5330 terra
1131 5277 1387 5344 Australi,
1413 5288 1462 5333 ct
1488 5295 1726 5349 egressus
1767 5280 1942 5349 fuerat

367 5355 437 5409 ad
459 5356 820 5426 meditandum
847 5363 910 5417 in
937 5381 1065 5434 agro
1089 5366 1345 5423 inclinata
1367 5369 1487 5438 jam
1515 5370 1616 5424 die.
1643 5369 1812 5423 Terra
1833 5371 1943 5424 Au-

368 5445 523 5518 strali
542 5445 802 5506 Geraram
825 5452 1128 5522 signiﬁcat,
1153 5459 1296 5514 unde
1327 5475 1358 5513 a
1384 5467 1538 5529 patre
1563 5459 1630 5514 ad
1661 5460 1944 5516 immolau-

370 5536 498 5594 dum
516 5543 792 5610 quondam
820 5545 1000 5602 fuerat
1028 5549 1308 5608 abductus.
1337 5552 1491 5619 Quod
1524 5560 1704 5607 autem
1730 5554 1808 5606 ait
1833 5571 1846 5606 :
1874 5553 1946 5607 Et

371 5642 610 5699 egressus
628 5643 706 5684 est
725 5643 784 5685 ut
803 5650 1129 5696 exerceretur
1151 5643 1208 5696 in
1228 5660 1412 5714 campo
1427 5683 1442 5711 ,
1467 5644 1613 5714 quod
1649 5644 1837 5700 Greece
1865 5645 1947 5699 di-

372 5719 538 5787 citur,
556 5719 998 5795 ἀδοὴσχῆσαιίη
1018 5731 1242 5798 Hebrum
1265 5735 1461 5801 legitur
1485 5753 1500 5790 :
1525 5735 1592 5790 Et
1615 5751 1849 5807 egressus
1871 5745 1945 5790 est

373 5809 564 5880 Isaac,
588 5821 646 5868 ut
669 5813 966 5887 loqueretur
982 5818 1037 5872 in
1067 5835 1191 5889 agro
1231 5822 1525 5880 declinante
1552 5828 1670 5896 jam
1707 5843 1937 5897 vespera.

377 5907 657 5977 Signiﬁcat
675 5917 875 5981 autem,
903 5913 1194 5970 secundum
1219 5914 1346 5981 illud
1364 5957 1377 5984 ,
1403 5919 1545 5989 quod
1567 5919 1818 5977 dominus
1850 5937 1939 5977 so-

2044 4817 2356 4888 proposuit,
2409 4814 2534 4884 quia
2587 4812 2970 4884 praedicatores
3017 4808 3192 4866 sancti
3234 4806 3376 4863 sacri
3429 4802 3626 4876 eloquii

2047 4907 2260 4964 linenda
2290 4891 2658 4970 considerant,
2681 4911 2844 4975 atque
2871 4917 2942 4959 ex-
2963 4902 3096 4973 ipsis
3122 4899 3378 4970 colligunt
3401 4911 3520 4967 quae
3542 4893 3630 4949 vel

2049 4998 2242 5069 quibus
2286 4996 2688 5068 praedicationis
2733 5009 2844 5050 suae
2877 4994 3042 5048 verba
3071 4988 3448 5054 committant,
3475 4993 3532 5040 et
3557 4997 3627 5041 ex

2045 5089 2243 5159 quibus
2284 5087 2619 5143 auditoribus
2657 5086 2910 5142 ﬁduciam
2937 5082 3279 5140 certitudinis
3325 5084 3623 5136 assumant.

2045 5181 2239 5238 Potum
2268 5195 2395 5238 vero
2438 5181 2623 5252 petiit,
2671 5181 2798 5251 quia
2841 5178 3166 5250 praedicator
3185 5172 3361 5231 omnis
3391 5171 3628 5226 animam

2047 5278 2130 5334 sui
2156 5277 2419 5332 auditoris
2447 5278 2579 5332 sitit.
2609 5277 2716 5332 Sed
2741 5275 2986 5330 Rebecca
3014 5279 3203 5344 potum
3231 5269 3480 5342 praebuit,
3502 5268 3627 5339 quia

2045 5376 2234 5425 sancta
2257 5369 2556 5424 electorum
2576 5367 2838 5432 Ecclesia,
2863 5365 3274 5436 praedicatorum
3297 5371 3518 5417 suorum
3541 5358 3630 5414 del-

2049 5461 2282 5527 sidcrio,
2325 5476 2390 5516 ex
2418 5462 2620 5515 virtute
2662 5473 2773 5514 suae
2816 5457 2942 5512 ﬁdei
2987 5454 3274 5512 satisfacit.
3310 5452 3441 5521 Quae
3483 5450 3626 5506 enim

2047 5554 2216 5608 Deum
2263 5567 2424 5623 quem
2474 5550 2678 5606 audivit
2708 5548 2953 5603 confessa
2992 5556 3106 5614 est,
3152 5541 3488 5616 prmdicatori
3531 5553 3629 5594 suo

2048 5661 2245 5716 aquam
2278 5641 2590 5699 refectionis
2619 5639 2842 5707 obtulit,
2879 5639 3102 5709 ejusque
3131 5637 3366 5692 animam
3403 5629 3628 5697 refrige-

2047 5737 2203 5791 ravit.
2245 5735 2313 5788 Et
2361 5732 2659 5788 notandum
2707 5731 2848 5799 quod
2897 5729 3145 5800 hydriam
3190 5727 3259 5776 ab
3307 5727 3532 5775 humero
3572 5717 3624 5770 in

2044 5827 2201 5883 ulnas
2224 5825 2444 5895 posuit,
2482 5821 2608 5891 quia
2635 5821 2726 5873 illa
2770 5823 2855 5874 est
2893 5814 3088 5886 placita
3113 5809 3411 5875 confessio,
3441 5816 3560 5878 quas
3593 5821 3624 5860 a

2043 5921 2184 5978 bono
2209 5931 2372 5989 opere
2400 5912 2675 5988 procedit;
2705 5909 2792 5970 vel
2814 5916 2962 5969 certe
2985 5920 3180 5976 aquam
3211 5900 3465 5970 praebuit,
3498 5897 3624 5972 quia
