3946 6502
331 385 436 442 575

948 378 1041 436 πΒ.
1077 375 1335 436 RABANI
1369 373 1592 434 MAURI
1627 369 1957 461 ARCHIEP.‘
1989 369 2300 431 MOGUNT.
2339 372 2626 434 OPERUM
2662 371 2846 431 PARS
2881 372 2926 430 Ι.

3492 377 3611 435 576

330 502 384 558 in
414 515 481 557 co
508 498 653 570 quod
678 495 910 556 credidit
929 487 950 565 ,’
973 512 1142 554 vacua
1165 490 1289 553 non'
1302 494 1585 552 remansit.
1618 491 1755 548 Nam
1788 471 1916 545 moi:
1941 488 1996 551 Α
2019 503 2086 545 ex
2137 488 2524 562 temporalibus
2571 488 2856 563 stipendiis
2899 485 3182 544 continere
3231 489 3410 560 parati
3446 501 3619 562 sunt,

328 593 626 665 pradicare
651 591 856 652 studuit
876 590 1017 661 quod
1040 590 1262 656 audivit,
1289 597 1344 645 et
1363 587 1607 645 docendo
1631 584 1831 641 multos
1851 597 1918 638 ex

336 703 396 743 sc
420 686 808 759 praedicatores
855 682 1098 756 protulit.
1127 682 1283 753 Aqua
1308 681 1506 753 quippe
1536 680 1590 735 in
1619 678 1810 750 hydria
1833 684 1922 732 est

333 781 562 837 scientia
586 777 988 850 pradicationis
1014 777 1070 832 in
1101 766 1386 841 mensura,
1425 773 1553 844 quia
1597 779 1784 827 sancta
1818 769 1922 824 Ec-

331 870 499 926 clesia
523 869 706 926 studet
731 884 834 923 non
852 866 970 939 plus
997 882 1177 936 sapere
1203 881 1360 936 quam
1385 870 1583 934 oportet
1606 876 1808 932 sapere,
1829 858 1920 914 sed

328 979 512 1034 sapere
557 962 625 1016 ad
667 961 1018 1017 sobrietatem.
1065 959 1133 1014 Et
1162 957 1354 1029 hydria
1395 971 1549 1026 aqua
1585 954 1641 1009 in
1681 953 1810 1008 ulna
1839 958 1923 1007 est

331 1055 577 1111 doctrina
602 1052 1006 1126 praedicationis
1035 1052 1091 1107 in
1113 1067 1278 1122 opere
1296 1092 1310 1117 ,
1339 1064 1461 1121 qua
1482 1063 1590 1104 non
1611 1047 1784 1104 solum
1805 1044 1923 1115 ejus

329 1146 639 1210 comitibus,
672 1145 766 1200 sed
791 1152 978 1216 potum
1005 1143 1170 1199 etiam
1191 1141 1415 1198 camelis
1437 1141 1663 1210 prabet,
1682 1138 1774 1208 qui
1794 1153 1920 1193 ver-

329 1238 457 1294 bum
489 1237 617 1291 vitae
645 1252 754 1290 non
785 1236 963 1291 solum
992 1235 1349 1304 prudentibus
1369 1274 1384 1298 ,
1415 1233 1510 1288 sed
1551 1231 1717 1286 etiam
1743 1229 1923 1286 stultis

329 1326 834 1399 praedicant,'juxta
860 1326 1015 1382 Pauli
1052 1341 1242 1382 vocem
1286 1324 1516 1381 dicentis
1544 1341 1556 1377 :
1587 1321 1922 1393 Sapientibus

331 1433 388 1477 et
409 1422 772 1492 insipientibus
806 1421 1010 1476 debitor
1030 1437 1147 1474 sum
1170 1419 1350 1490 (Rom.
1379 1416 1441 1489 ι).
1476 1415 1573 1472 Vel
1598 1426 1747 1471 certe
1770 1429 1924 1484 aqua

333 1515 497 1570 etiam
523 1515 787 1586 jumentis
810 1513 988 1578 datur,
1014 1511 1232 1582 quando
1273 1524 1404 1565 cura
1441 1507 1624 1564 carnis
1653 1504 1923 1577 quomodo

333 1603 407 1658 sit
440 1603 687 1659 habenda
717 1603 1042 1672 disponitur,
1064 1608 1126 1656 ut
1149 1616 1217 1655 ex
1245 1601 1518 1669 voluptate
1551 1597 1788 1668 impendi
1816 1612 1924 1652 non

333 1693 549 1760 debeat,
581 1701 633 1748 et
665 1701 845 1749 tamen
866 1693 921 1748 in
948 1691 1362 1748 necessitatibus
1380 1706 1487 1746 non
1517 1697 1760 1759 negetur,
1785 1689 1925 1744 sicut

333 1783 596 1854 scriptum
627 1792 711 1839 est
737 1800 751 1838 :
781 1784 972 1839 Carnis
1000 1801 1184 1838 curam
1207 1801 1269 1838 ne
1311 1783 1536 1852 feceritis
1574 1783 1628 1837 in
1648 1781 1922 1836 desideriis

332 1875 506 1946 (Rom.
537 1876 682 1948 xm).
719 1876 820 1944 Qui
856 1876 1000 1932 enim
1027 1877 1171 1932 hanc
1199 1876 1256 1930 in
1283 1876 1567 1932 desideriis
1595 1876 1715 1930 ﬁeri
1745 1874 1927 1944 prohi-
1951 1854 2000 1915 B

329 1967 465 2032 buit,
489 1968 675 2038 procul
699 1969 863 2024 dubio
888 1969 944 2023 in
975 1969 1308 2024 necessitate
1333 1967 1611 2034 concedit,
1636 1965 1793 2037 juxta
1820 1965 1925 2021 hoc

329 2061 474 2130 quod
501 2077 718 2118 rursum
749 2061 986 2117 dicitur:
1022 2060 1193 2117 Nemo
1229 2077 1440 2116 carnem
1477 2075 1630 2114 suam
1668 2058 1788 2112 odio
1826 2057 1925 2111 lia-

329 2152 446 2218 bet,
485 2154 576 2208 sed
623 2155 790 2210 nutrit
816 2163 865 2210 et
885 2153 1037 2226 Ffovet
1072 2171 1189 2208 eam
1224 2153 1441 2226 (Ep/res.
1471 2152 1547 2225 v).
1575 2151 1718 2207 Puer
1743 2158 1927 2206 autem

330 2243 592 2303 Rebecca
621 2247 840 2304 inaures
872 2257 928 2304 et
951 2247 1191 2304 armillas
1225 2246 1406 2313 dedit,
1445 2246 1572 2317 quia
1602 2244 1928 2316 praedicator

330 2337 558 2407 quisque
604 2346 660 2394 et
704 2339 952 2395 auditum
999 2345 1204 2394 sancta
1243 2335 1503 2393 Ecclesia
1541 2351 1640 2407 per
1673 2335 1927 2392 obedien-

331 2427 488 2495 tiam,
509 2436 564 2484 et
588 2444 784 2485 manus
810 2445 912 2500 per
939 2432 1096 2485 bonae
1126 2429 1460 2500 operationis
1481 2429 1736 2484 meritum
1769 2440 1928 2481 exor-

332 2531 446 2576 nat.
500 2519 608 2576 Sed
653 2523 872 2578 inaures
903 2523 1134 2578 duorum
1187 2521 1440 2578 siclorum
1489 2527 1648 2586 sunt,
1701 2517 1927 2574 armilla

331 2623 514 2670 autem
540 2615 795 2672 siclorum
825 2617 1038 2685 decem,
1061 2617 1185 2687 quia
1216 2616 1393 2686 prima
1413 2615 1586 2670 virtus
1607 2611 1928 2670 ohedientia

333 2706 387 2762 in
417 2707 683 2764 charitate
725 2718 808 2765 est
839 2729 850 2764 :
883 2725 1005 2782 quae
1045 2709 1298 2765 videlicet
1342 2710 1582 2766 charitas
1626 2709 1682 2763 in
1719 2707 1929 2764 duobus

332 2801 619 2872 praceptis
646 2801 1016 2874 distinguitur,
1050 2810 1112 2858 ut
1151 2803 1294 2858 Deus
1331 2809 1387 2858 et
1428 2801 1710 2872 proximus
1738 2799 1928 2870 diliga-

333 2899 440 2957 tur,
469 2901 525 2948 et
555 2901 703 2949 recta
731 2895 977 2964 operatio
1010 2907 1079 2950 ex
1104 2893 1349 2966 decalogi
1385 2893 1745 2965 completione
1766 2891 1928 2964 perfi-

332 2982 529 3050 ciatur,
575 2993 637 3040 ut
684 3001 806 3042 cum
839 2987 979 3043 bona
1010 2987 1098 3059 agi
1127 2987 1426 3058 coeperint,
1472 2986 1614 3042 mala
1636 2985 1752 3056 jam
1780 2985 1927 3040 nulla

331 3081 736 3144 perpetrentnr.
765 3076 1011 3133 Rebecca
1031 3086 1216 3134 autem
1242 3093 1364 3135 esse
1388 3079 1445 3134 in
1469 3080 1630 3135 domo
1649 3078 1823 3149 patris
1844 3076 1927 3134 sui

330 3158 512 3216 locum
555 3166 854 3234 spatiosum
895 3167 963 3222 ad
1010 3169 1343 3224 manendum
1389 3170 1683 3240 perhibuit,
1726 3170 1853 3240 quia
1895 3185 1926 3225 a

331 3252 516 3322 priore
538 3253 652 3324 jam
680 3258 880 3328 populo
907 3267 1119 3315 natura
1147 3261 1323 3332 legem
1364 3271 1553 3318 sancta
1587 3263 1830 3320 Ecclesia
1867 3278 1926 3320 se

331 3343 500 3401 scisse
538 3349 895 3416 monstravit,
934 3352 1420 3422 etpradicationis
1447 3355 1615 3410 verba
1656 3355 1714 3409 in
1749 3355 1927 3426 amplo

332 3437 616 3495 charitatis
635 3441 846 3510 gremio
868 3445 1124 3514 suscepit.
1149 3443 1370 3500 Doctori
1395 3446 1539 3502 enim
1567 3446 1837 3518 spatiosus
1857 3447 1926 3504 ad

333 3531 660 3586 manendum
689 3531 840 3589 locus
871 3542 956 3590 est
985 3535 1040 3589 in
1067 3537 1335 3592 auditoris
1359 3539 1520 3594 corde
1537 3579 1550 3602 ,
1578 3538 1806 3594 latitudo
1831 3539 1928 3594 bo—

332 3610 726 3678 nitatisCUnde
753 3633 809 3679 et
835 3626 1159 3695 quibusdam
1187 3627 1387 3684 dicitur
1409 3647 1422 3684 :
1448 3628 1631 3701 Capite
1657 3646 1749 3685 nos
1773 3644 1792 3682 :
1816 3629 1930 3685 Ne-

331 3712 525 3766 minem
552 3711 805 3782 lwsimus,
832 3717 1089 3771 neminem
1132 3720 1486 3790 corrupimus,
1513 3717 1924 3790 Angustiamini,

331 3817 438 3856 non
460 3802 517 3856 in
542 3803 690 3859 nobis
711 3818 730 3857 :
751 3807 1135 3877 angustiamini
1164 3818 1343 3864 autem
1363 3810 1418 3864 in
1441 3810 1722 3866 visceribus
1741 3812 1928 3867 vestris

336 3889 423 3962 (II
445 3891 572 3951 Cor.
603 3893 702 3967 vi).
738 3894 817 3953 Ac
849 3898 895 3953 si
933 3907 1123 3970 aperte
1163 3899 1477 3956 diceretur:
1503 3901 1586 3957 Ad
1629 3903 1929 3974 suscipien-

332 3982 457 4037 dam
487 3985 790 4042 doctrinam
820 3991 1124 4058 spatiosum
1152 3992 1351 4048 mentis
1376 3991 1558 4049 locum
1603 3994 1799 4062 facite,
1831 3995 1929 4052 sed

331 4075 400 4129 ad
420 4077 706 4146 cogitanda
731 4081 991 4147 carnalia,
1013 4083 1230 4154 angusti
1251 4093 1548 4140 remanete.
1572 4083 1726 4153 Quod
1747 4085 1930 4156 palea-

333 4180 456 4220 rum
487 4181 553 4222 ac
579 4167 691 4222 feni
709 4169 1003 4238 plurimum
1024 4172 1255 4228 haberet
1276 4173 1555 4242 indicavit,
1585 4175 1713 4247 quia
1738 4183 1929 4232 sancta

333 4255 580 4312 Ecclesia
609 4259 776 4314 verba
803 4261 928 4316 vitae
961 4263 1217 4330 audiens,
1251 4272 1466 4322 terrena
1496 4267 1763 4338 stipendia
1791 4283 1931 4340 pra-

335 4347 668 4404 dicatoribus
693 4351 960 4420 reddidit;
995 4369 1116 4424 qua
1144 4355 1270 4411 dum
1293 4355 1492 4413 Paulus
1519 4359 1674 4428 quasi
1708 4374 1809 4430 pro
1845 4359 1930 4413 ni-

333 4439 446 4494 hilo
477 4441 784 4512 acciperet,
814 4443 986 4500 dixit:
1024 4443 1084 4502 Si
1126 4463 1221 4502 nos
1251 4448 1393 4503 vobis
1438 4449 1741 4521 spiritualia
1775 4451 1930 4505 semi-

1953 3218 2001 3285 C

2020 584 2114 642 sed
2170 585 2556 655 pradicatores
2610 584 2828 651 sancti,
2887 583 3167 655 percipere
3225 582 3421 641 nolunt
3468 593 3622 643 tem-

2018 677 2259 750 poralia,
2299 679 2405 734 nisi
2449 679 2601 750 prius
2639 679 2920 734 obtineant
2964 685 3187 733 aeterna.
3241 675 3300 733 Si
3353 677 3507 735 enim
3555 679 3620 735 in

2022 771 2306 826 animabus
2336 769 2571 826 fructum
2616 785 2726 825 non
2767 767 3085 835 inveniunt,
3141 781 3359 826 sumere
3410 769 3623 840 stipen-

2022 863 2110 919 dia
2171 863 2486 935 corporibus
2532 868 2928 930 contemnunt,
2984 875 3086 918 nec
3122 861 3289 932 pedes
3336 875 3482 932 aqua
3529 861 3620 918 la-

2023 961 2168 1023 vant,
2199 957 2326 1027 quia
2352 956 2558 1012 laboris
2589 955 2674 1012 sui
2696 953 3024 1013 desiderium
3058 954 3208 1010 nulla
3231 954 3622 1012 consolatione

2022 1047 2281 1103 relevant.
2341 1046 2463 1103 Mox
2513 1063 2647 1104 vero
2709 1054 2774 1102 ut
2833 1060 3052 1102 causam
3110 1044 3347 1118 coniugii
3406 1046 3621 1103 domini

2023 1137 2106 1192 sui
2154 1152 2290 1208 puer
2330 1137 2598 1206 obtinuit,
2650 1153 2781 1194 vasa
2826 1151 2994 1193 aurea
3033 1146 3197 1210 atque
3241 1149 3512 1212 argentea
3554 1153 3625 1196 ac

2022 1236 2201 1284 vestes
2233 1229 2484 1300 protulit,
2527 1244 2664 1301 quas
2698 1228 2959 1286 Rebeccae
2989 1229 3155 1298 dedit,
3201 1229 3328 1302 quia
3361 1230 3627 1287 doctores

2023 1321 2126 1375 viri
2166 1329 2368 1377 sancta
2410 1322 2668 1378 Ecclesia
2704 1330 2785 1378 tot
2813 1332 3134 1380 ornamenta
3169 1323 3440 1395 praebent,
3487 1331 3628 1395 quot

2023 1413 2284 1468 virtutum
2327 1415 2470 1470 bona
2497 1414 2814 1472 docuerunt.
2846 1414 2978 1483 Qua
3015 1416 3161 1470 enim
3189 1415 3343 1486 prius
3368 1415 3428 1471 in
3459 1427 3629 1474 aures

2024 1511 2082 1559 et
2106 1503 2344 1560 armillas
2370 1513 2677 1575 acceperat,
2717 1505 2830 1576 jam
2859 1522 3004 1562 nunc
3046 1520 3176 1561 vasa
3222 1520 3391 1562 aurea
3435 1514 3499 1562 et
3541 1521 3626 1562 ar-

2025 1604 2217 1665 gentea
2259 1612 2322 1652 ac
2369 1605 2548 1654 vestes
2577 1598 2792 1670 accipit,
2828 1599 2956 1670 quia
2997 1608 3186 1655 sancta
3213 1599 3464 1656 Ecclesia
3505 1615 3629 1671 qua

2027 1694 2152 1742 ante
2175 1702 2275 1759 per
2300 1687 2462 1744 fidem
2481 1689 2843 1745 obedientiam
2870 1699 2928 1744 et
2958 1692 3330 1762 operationem
3358 1692 3622 1763 percipit,

2029 1794 2371 1847 excrescens,
2414 1782 2760 1852 postmodum
2799 1782 2964 1838 etiam
3010 1783 3081 1838 ad
3130 1783 3435 1854 spiritualia
3484 1784 3628 1840 dona

2029 1873 2384 1940 convalescit,
2412 1883 2472 1929 ut
2500 1874 2800 1946 prophetia
2828 1875 3020 1947 spiritu
3057 1882 3113 1930 et
3140 1875 3408 1930 virtutum
3449 1876 3630 1947 gratia

2030 1965 2253 2036 repleta,
2283 1965 2553 2037 ampliatis
2573 1965 2688 2036 jam
2716 1968 3034 2024 muneribus
3061 1977 3293 2025 crescat.
3322 1969 3472 2025 Puer
3499 1984 3629 2024 vero

2028 2058 2190 2113 matri
2232 2055 2348 2126 ejus
2373 2073 2438 2114 ac
2465 2058 2727 2115 fratribus
2762 2058 2902 2115 dona
2930 2059 3156 2128 obtulit,
3186 2060 3313 2132 quia
3347 2060 3634 2132 gentilitas

2027 2165 2096 2206 ex
2125 2165 2233 2222 quo
2258 2150 2496 2207 Ecclesia
2538 2153 2609 2208 ad
2641 2152 2804 2210 fidem
2833 2153 3005 2219 venit,
3044 2163 3168 2224 post
3207 2153 3634 2208 conversionem

2029 2239 2145 2310 ejus
2193 2241 2249 2296 in
2297 2241 2469 2313 gloria
2513 2243 2798 2313 temporali
2835 2242 3143 2311 convaluit,
3194 2242 3334 2299 sicut
3378 2250 3440 2298 et
3483 2254 3640 2297 nunc

2029 2332 2323 2399 cernimus,
2366 2334 2494 2406 quia
2531 2334 2735 2406 ubique
2763 2334 3060 2392 Christiani
3111 2334 3464 2393 aiilictionem
3506 2348 3639 2390 sen-

2029 2426 2190 2481 tiunt.
2238 2425 2306 2481 Et
2332 2426 2561 2500 gentiles
2585 2427 2788 2500 quique
2813 2427 2870 2484 in
2909 2436 3125 2486 terrena
3153 2429 3356 2486 virtute
3389 2426 3640 2499 glorian-

2029 2528 2137 2576 tur.
2169 2518 2279 2576 Sed
2307 2528 2363 2575 et
2382 2519 2582 2577 fratres
2603 2519 2721 2590 ejus
2758 2520 2900 2577 dona
2927 2521 3257 2594 percipiunt,
3287 2519 3422 2593 quia
3446 2518 3502 2574 hi
3534 2518 3638 2590 qui

2030 2611 2084 2666 in
2105 2625 2171 2667 ea
2201 2609 2359 2667 tidem
2385 2613 2714 2669 verbotenus
2754 2620 2962 2679 tenent,
2991 2614 3086 2670 sed
3117 2621 3299 2669 tamen
3326 2609 3640 2684 professio-

2029 2718 2152 2759 nem
2197 2719 2350 2760 suam
2403 2705 2648 2761 moribus
2705 2720 2814 2761 non
2865 2715 3156 2776 sequentes
3202 2702 3498 2761 carnaliter
3543 2701 3640 2759 vi-

2031 2802 2181 2863 vunt,
2221 2795 2454 2867 benigne
2497 2811 2530 2851 a
2575 2796 2824 2853 fidelibus
2869 2796 3128 2853 honorari
3186 2796 3362 2854 solent
3410 2810 3515 2868 pro
3569 2807 3642 2851 eo

2029 2889 2173 2960 quod
2214 2903 2338 2946 esse
2371 2889 2628 2946 videntur
2665 2889 2870 2947 fideles.
2921 2889 3094 2946 Mater
3143 2902 3272 2962 ergo
3313 2897 3370 2946 et
3424 2887 3641 2946 fratres

2029 2982 2171 3038 dona
2216 2983 2542 3055 percipiunt,
2577 2999 2610 3040 a
2645 2993 2792 3042 sorte
2824 2991 3009 3040 tamen
3050 2983 3386 3039 hareditatis
3437 2981 3637 3050 alieni,

2029 3075 2155 3145 quia
2191 3077 2304 3133 sive
2332 3075 2576 3134 infideles
2624 3092 2721 3134 seu
2751 3076 2998 3134 carnales
3026 3075 3122 3147 qui
3158 3074 3303 3130 intra
3334 3074 3464 3131 ﬁdei
3502 3090 3644 3146 pro.

2032 3165 2325 3223 fessionem
2357 3174 2612 3224 tenentur
2654 3168 2724 3225 ad
2765 3168 3101 3225 hareditatis
3148 3176 3368 3225 aterna
3417 3176 3641 3223 sortem

2032 3273 2142 3314 non
2171 3259 2417 3328 veniunt,
2453 3259 2551 3317 sed
2588 3267 2772 3317 tamen
2801 3275 3051 3333 superna
3075 3259 3349 3332 largitatis
3389 3256 3640 3330 gloriam

2028 3349 2401 3420 temporaliter
2449 3359 2880 3422 consequuntur.
2941 3351 3190 3408 Rebecca
3246 3357 3432 3405 autem
3496 3363 3641 3404 cum

2026 3443 2219 3514 puellis
2259 3444 2373 3500 suis
2406 3443 2586 3500 virum
2624 3450 2812 3500 secuta
2849 3451 2955 3511 est,
2985 3444 3113 3515 quia
3143 3449 3333 3500 sancta
3374 3439 3640 3497 Ecclesia

2027 3536 2190 3591 habet
2218 3550 2404 3591 secum
2426 3534 2654 3592 minoris
2682 3535 2865 3591 meriti
2890 3534 3102 3589 animas
3126 3532 3343 3588 sodales
3383 3546 3539 3598 suas,
3572 3539 3640 3587 et

2026 3626 2084 3681 in
2111 3626 2433 3696 quibusdam
2469 3641 2570 3698 per
2598 3641 2888 3700 ascensum
2938 3623 3139 3680 mentis
3187 3623 3450 3679 thronum
3496 3635 3645 3678 con-

2027 3716 2397 3787 templationis
2436 3732 2545 3772 non
2574 3717 2758 3773 habet.
2793 3716 2925 3784 Qua
2959 3713 3216 3771 videlicet
3247 3712 3384 3768 tales
3423 3711 3638 3768 anima

2027 3811 2185 3882 quasi
2213 3811 2405 3882 puella
2450 3808 2714 3866 Rebecca
2753 3817 2899 3876 sunt,
2945 3807 3074 3880 quia
3116 3813 3420 3878 sequuntur
3457 3804 3644 3860 mori-

2027 3902 2148 3967 bus,
2186 3903 2280 3956 sed
2308 3911 2491 3956 tamen
2520 3899 2588 3956 ad
2613 3897 3090 3969 contemplationis
3117 3895 3376 3952 thronum
3401 3892 3641 3948 minime

2029 3993 2350 4049 ascendunt.
2401 3992 2540 4049 Nam
2580 3999 2638 4048 et
2673 3991 2817 4048 idem
2846 4007 2986 4062 puer
3019 3989 3284 4062 quosdam
3327 3984 3528 4042 habuit
3566 3985 3638 4041 in

2029 4086 2310 4149 comitatu,
2360 4085 2486 4154 quia
2519 4099 2644 4140 cum
2694 4083 2899 4140 sanctis
2942 4081 3224 4154 prophetis
3265 4078 3499 4152 quidam
3537 4078 3640 4148 qui

2027 4175 2168 4233 bene
2213 4175 2480 4243 viverent,
2529 4175 2624 4232 sed
2665 4175 2964 4247 prophetia
3003 4174 3256 4245 spiritum
3304 4186 3417 4228 non
3450 4169 3641 4227 habe-

2029 4275 2172 4322 rent.
2221 4265 2357 4322 Cum
2391 4266 2566 4322 beatis
2597 4265 2856 4336 apostolis
2887 4265 3110 4321 fuerunt
3142 4264 3389 4336 plerique
3416 4264 3520 4334 qui
3549 4264 3639 4320 vi-

2031 4369 2142 4415 tam
2178 4361 2423 4416 moribus
2448 4368 2718 4427 tenerent,
2760 4360 2856 4416 sed
2887 4358 3290 4430 praedicationis
3316 4357 3488 4414 verba
3521 4371 3640 4413 non

2029 4459 2362 4522 promerent.
2395 4449 2649 4508 Festinus
2679 4459 2862 4508 autem
2888 4466 3026 4523 puer
3050 4450 3119 4506 ad
3150 4449 3430 4506 dominum
3458 4449 3637 4516 redit,

333 4533 594 4636 nubimus,
642 4551 892 4606 magnum
937 4547 1012 4591 est
1058 4539 1106 4593 si
1147 4556 1180 4592 a
1224 4539 1639 4596 vobis'carnalia
1667 4549 1925 4596 metamus
1950 4574 2005 4636 Β
2031 4541 2159 4614 quia
2206 4541 2592 4613 pradicatores
2635 4542 2832 4611 sancti,
2879 4557 3004 4598 cum
3056 4539 3402 4614 praedicando
3447 4539 3638 4596 vitam

337 4619 390 4692 (Ι
421 4619 545 4678 Cor.
577 4622 692 4696 rx)?
719 4625 912 4683 Frater
941 4635 1125 4684 autem
1149 4627 1412 4686 Rebecca
1433 4637 1551 4685 erat
1580 4630 1801 4697 Laban,
1830 4630 1923 4701 qui

332 4717 544 4773 concite
584 4732 870 4790 egressus,
915 4721 1132 4778 inaures
1176 4730 1233 4778 et
1274 4723 1517 4778 armillas
1543 4724 1748 4780 sororis
1775 4725 1924 4795 aspi-

331 4805 502 4873 ciens,
537 4809 682 4863 intus
711 4825 937 4879 puerum
961 4811 1195 4879 vocavit,
1225 4812 1352 4882 quia
1381 4819 1509 4868 sunt
1534 4813 1780 4869 carnales
1807 4812 1926 4884 qui-

331 4915 437 4970 que
463 4901 711 4960 fidelibus
746 4903 1056 4974 conjuncti,
1088 4906 1182 4978 qui
1217 4907 1343 4962 dum
1366 4906 1746 4980 Lspiritualium
1776 4907 1921 4963 dona

333 4996 697 5066 conspiciunt,
721 4997 776 5052 in
800 4998 1162 5054 admiratione
1185 5000 1455 5071 suspensi,
1478 5001 1599 5056 etsi
1622 5015 1732 5056 non
1752 5014 1924 5070 usque

337 5085 404 5140 ad
430 5101 616 5156 opera,
649 5097 835 5144 tamen
859 5089 915 5144 in
947 5090 1188 5146 animum
1220 5106 1393 5162 usque
1421 5091 1490 5147 ad
1523 5090 1923 5162 suscipiendam

334 5174 497 5230 fidem
529 5178 758 5232 verbum
800 5179 1201 5249 pradicationis
1245 5181 1556 5237 admittunt.
1597 5179 1732 5248 Quia
1777 5178 1924 5234 enim

333 5268 505 5323 bonos
533 5284 676 5339 sape
703 5271 980 5329 miraculis
1022 5272 1231 5345 fulgere
1270 5274 1650 5343 considerant,
1689 5288 1752 5329 ea
1804 5287 1924 5344 qua

335 5357 403 5412 de
426 5359 728 5415 aeternitate
743 5363 970 5419 audiunt
991 5381 1098 5421 non
1122 5374 1396 5431 recusant,
1413 5364 1662 5435 quamvis
1681 5372 1922 5420 sanctam

334 5447 632 5504 electorum
688 5450 990 5510 Ecclesiam
1042 5457 1285 5512 moribus
1331 5471 1442 5510 non
1491 5463 1810 5525 sequentes,
1864 5454 1920 5509 in

335 5538 541 5594 carnali
594 5545 908 5611 operatione
957 5555 1292 5603 remaneant.
1337 5545 1440 5613 Qui
1473 5546 1655 5602 Laban
1702 5547 1920 5618 paleas,

337 5628 548 5694 fenum,
581 5647 808 5702 panem,
849 5653 1046 5708 aquam
1080 5637 1310 5704 obtulit,
1345 5639 1440 5693 scd
1471 5653 1604 5709 puer
1650 5640 1754 5694 nisi
1794 5656 1920 5695 cau-

337 5736 452 5776 sam
501 5727 652 5792 prius
707 5732 948 5797 coniugii
1008 5733 1315 5799 obtineret,
1368 5741 1647 5804 acceptum
1690 5750 1748 5789 se
1797 5749 1920 5790 esse

339 5815 646 5886 recusavit,
695 5818 823 5888 quia
877 5826 1004 5876 sunt
1049 5819 1294 5895 plerique
1341 5826 1433 5896 qui
1488 5826 1741 5884 doctores
1789 5842 1917 5885 suos

2030 4633 2365 4689 audientium
2407 4634 2676 4702 obtinent,
2724 4634 2804 4690 illi
2846 4649 2975 4690 mox
3019 4634 3226 4706 gratias
3260 4633 3520 4701 reddunt,
3567 4633 3638 4690 de

2030 4725 2185 4796 cuius
2214 4727 2319 4782 hoc
2352 4742 2579 4783 munere
2605 4733 2988 4798 perceperunt,
3017 4734 3078 4782 ut
3105 4726 3209 4782 sibi
3245 4726 3302 4782 in
3334 4742 3399 4784 ea
3426 4739 3634 4797 opera-

2029 4817 2175 4874 tione
2199 4818 2335 4874 nihil
2361 4819 2626 4887 tribuant,
2654 4820 2751 4874 sed
2776 4819 3006 4876 auctori.
3057 4818 3137 4874 Eo
3160 4826 3345 4874 autem
3379 4826 3634 4889 tempore

2025 4908 2178 4965 Isaac
2212 4910 2590 4966 deambulabat
2621 4925 2721 4981 per
2763 4912 2909 4966 viam
2939 4926 3061 4982 qua
3090 4911 3241 4967 ducit
3271 4911 3342 4966 ad
3370 4919 3626 4982 puteum,

2028 5000 2181 5071 cujus
2210 5008 2292 5056 est
2321 5015 2521 5056 nomen
2554 4999 2783 5056 Viventis
2807 5011 2856 5056 et
2879 5001 3121 5057 videntis.
3163 5001 3296 5068 Quis
3323 5009 3409 5057 est
3431 5002 3630 5058 vivens
3639 5033 3663 5105 1

2024 5099 2080 5147 et
2108 5093 2316 5158 videns,
2339 5093 2466 5163 anisi
2517 5094 2863 5164 omnipotens
2889 5093 3032 5150 Deus
3051 5135 3067 5163 ,
3103 5093 3170 5150 de
3197 5109 3307 5164 quo
3354 5093 3627 5164 scriptum

2025 5191 2108 5240 est
2136 5199 2152 5239 :
2185 5181 2321 5239 Vivo
2351 5197 2453 5255 ego
2491 5183 2550 5239 in
2593 5193 2883 5253 aternum,
2923 5185 3056 5242 dicit
3098 5185 3377 5247 Dominus,
3406 5181 3476 5238 de
3505 5197 3624 5253 quo

2024 5289 2242 5330 rursum
2269 5274 2470 5330 dicitur
2501 5295 2514 5328 :
2551 5273 2745 5330 Omnia
2788 5275 2936 5330 nuda
2970 5284 3020 5329 et
3061 5282 3242 5344 aperta
3280 5280 3405 5328 sunt
3448 5272 3622 5328 oculis

2025 5365 2140 5436 ejus
2164 5362 2362 5437 (Hebr.
2393 5363 2507 5438 IV)?
2546 5363 2751 5420 Puteus
2776 5380 2908 5421 vero
2931 5362 3164 5420 viventis
3189 5370 3247 5418 et
3272 5361 3506 5418 videntis
3535 5371 3625 5419 est

2027 5469 2197 5511 sacra
2233 5455 2528 5526 Scriptura
2563 5453 2928 5525 profunditas,
2980 5467 3145 5526 quam
3186 5453 3344 5510 nobis
3384 5453 3453 5509 ad
3491 5453 3622 5510 irri-

2027 5549 2296 5620 gationem
2321 5548 2518 5604 mentis
2542 5546 2774 5619 prabuit
2797 5547 3141 5618 omnipotens
3169 5544 3330 5600 Deus.
3369 5543 3502 5612 Quae
3527 5549 3619 5599 est

1965 5664 1988 5685 ι
2026 5650 2206 5697 autem
2228 5642 2317 5696 via
2352 5657 2473 5713 qua
2499 5641 2648 5696 ducit
2674 5641 2741 5696 ad
2776 5648 2999 5713 puteum
3023 5638 3254 5696 viventis
3280 5639 3336 5689 et
3357 5632 3610 5701 videntis.

2023 5733 2130 5789 nisi
2171 5734 2448 5788 humilitas
2483 5733 2752 5802 passionis
2790 5725 3074 5800 unlgeniti,
3122 5741 3222 5796 per
3248 5739 3410 5796 quam
3454 5725 3613 5784 nobis

2021 5835 2271 5900 apertum
2315 5833 2402 5882 est
2429 5826 2535 5883 hoc
2564 5823 2707 5896 quod
2735 5823 2886 5895 prius
2929 5820 3161 5882 latenter
3189 5819 3488 5895 Scriptura
3518 5834 3615 5879 sa-
