3946 6470
243 367 349 431 577

1274 357 1624 422 COMMENT.
1664 357 1730 414 ΙΝ
1770 353 2090 412 GENESlM.
2130 385 2200 398 -—
2235 355 2365 413 LIB.
2403 355 2500 414 lIl.‘

3411 355 3516 412 5'78

245 504 355 548 crae
396 488 599 546 fluenta
641 483 1034 558 loquebantur?
1074 481 1191 541 Nisi
1216 482 1360 540 enirn
1387 478 1697 552 unigenitus
1732 474 1827 531 Dei
1855 476 1910 538 Α
1933 481 1987 530 et
2010 489 2110 545 per
2161 475 2428 532 camelum
2459 475 2546 533 cui
2593 475 2845 548 praesedit
2882 476 3041 536 tortis
3086 480 3324 539 motibus
3348 485 3512 546 atque

243 583 438 648 Filius,
480 581 813 646 incarnatus,
863 587 1123 646 tentatus,
1153 578 1542 649 apprehensus,
1582 570 1824 642 colaphis

243 691 440 741 caesus,
473 673 646 745 sputis
679 671 890 738 illusus,
917 669 1208 726 cruciﬁxus
1240 682 1304 722 ac
1337 672 1583 722 mortuus
1612 662 1821 728 fuisset,

244 769 405 826 nobis
429 767 591 840 hujus
618 767 789 840 putei,
827 764 880 820 id
907 772 990 822 est
1028 763 1322 835 Scriptura:
1349 773 1519 816 sacrae
1549 755 1828 829 profundi-

246 870 335 920 tas
365 877 474 918 non
506 867 737 932 pateret.
780 858 920 928 Quid
954 872 1085 929 ergo
1122 855 1368 912 fidelibus
1401 851 1678 908 humilitas
1703 864 1828 920 pas-

245 953 420 1010 sionis
441 951 559 1023 ejus
584 948 726 1006 facta
753 956 858 1016 est,
884 948 986 1004 nisi
1012 947 1181 1004 clavis
1204 944 1520 1017 apertionis,
1549 956 1647 1014 per
1664 955 1827 1011 quam

247 1043 636 1117 mysteriorum
650 1042 746 1099 Dei
761 1051 980 1115 puteum
1007 1040 1332 1106 invenimus,
1360 1045 1422 1094 ut
1439 1051 1635 1108 aquam
1651 1025 1829 1092 scien-

248 1137 341 1194 tiae
369 1136 436 1192 de
460 1133 732 1207 profundo
774 1132 1104 1190 libaremus?
1130 1130 1562 1188 Incarnationem
1601 1127 1825 1200 quippe,

246 1228 582 1301 passionem,
605 1233 855 1291 mortem,
888 1224 1346 1283 resurrectionem
1367 1232 1530 1294 atque
1557 1221 1828 1279 ascensio-

248 1337 376 1378 nem
405 1319 568 1387 illius,
591 1320 735 1377 sacri
765 1319 963 1392 eloquii
984 1318 1196 1391 paginae
1219 1317 1532 1388 loquuntur,
1557 1332 1677 1388 quae
1700 1317 1830 1387 quia

247 1412 391 1468 facta
449 1412 831 1483 cognovimus,
879 1411 993 1483 jam
1031 1425 1177 1466 nunc
1218 1409 1568 1482 intelligimus
1622 1408 1826 1464 audita.

247 1505 380 1562 Hmc
423 1511 604 1561 autem
655 1505 805 1575 prius
855 1503 960 1575 legi
1001 1510 1281 1573 poterant;
1315 1500 1410 1558 sed
1446 1499 1574 1571 quia
1601 1499 1831 1556 necdum

249 1604 534 1661 venerant,
569 1593 796 1666 intertigi
822 1607 930 1649 non
955 1592 1224 1649 valebant.
1268 1591 1421 1649 Unde
1455 1598 1510 1647 et
1549 1605 1647 1662 per
1670 1589 1833 1647 Joan-

250 1703 377 1743 nem
404 1686 603 1743 dicitur
632 1703 646 1740 :
679 1683 816 1740 Vicit
840 1683 922 1739 leo
953 1684 1019 1739 de
1040 1682 1178 1737 tribu
1203 1681 1241 1738 Ι
1244 1683 1350 1738 uda
1367 1723 1384 1750 ,
1411 1683 1615 1755 aperire
1643 1681 1834 1738 librum

1928 566 2138 622 onustis
2165 567 2434 623 idolorum
2475 567 2708 624 cultibus
2733 569 2945 625 deditus
2969 571 3250 642 gentilium
3283 569 3512 640 populus

1927 657 2282 730 designatur?
2326 661 2429 729 Qui
2457 662 2602 716 enim
2630 677 2696 719 ex
2727 664 3036 735 semetipsis
3063 662 3169 720 sibi
3194 663 3518 723 invenerunt

1929 751 2062 807 deos
2081 767 2218 824 quos
2243 752 2504 820 colerent,
2533 755 2685 824 quasi
2709 770 2739 810 a
2763 756 3070 828 semetipsis
3098 772 3239 815 onus
3262 757 3320 814 in
3347 758 3516 814 dorso

1926 851 2251 899 excreverat
2293 845 2438 915 quod
2463 854 2765 916 portarent.
2817 847 3064 904 Rebecca
3095 864 3226 922 ergo
3269 852 3340 909 ad
3367 851 3522 908 lsaac

1930 933 2176 1000 veniens,
2205 933 2369 991 dorso
2389 935 2584 992 cameli
2627 937 2930 1004 deducitur,
2966 939 3091 1010 quia
3120 956 3186 996 ex
3215 941 3523 1014 gentilitate

1927 1029 2172 1085 Ecclesia
2200 1044 2502 1101 properans
2528 1031 2584 1086 in
2616 1033 2774 1088 tortis
2801 1033 3121 1106 vitiosisque
3165 1034 3291 1090 vita:
3320 1035 3522 1091 veteris

1929 1121 2436 1178 conversationibus
2469 1122 2761 1179 invenitur.
2803 1124 2932 1192 Quae
2963 1133 3023 1180 ut
3049 1124 3201 1182 Isaac
3237 1125 3410 1192 vidit,
3458 1124 3526 1179 de

1927 1213 2140 1270 camelo
2167 1213 2464 1281 descendit,
2493 1215 2619 1286 quia
2651 1223 2840 1272 sancta
2865 1217 3130 1285 Ecclesia,
3180 1226 3384 1289 quanto
3413 1215 3522 1270 Re-

1930 1305 2265 1377 demptorem
2299 1321 2458 1362 suum
2499 1307 2750 1363 subtilius
2783 1309 3047 1380 agnoscit,
3093 1317 3247 1366 tanto
3287 1307 3524 1365 carnalis

1930 1398 2056 1454 vitae
2103 1399 2282 1455 studia
2333 1398 2589 1455 humilius
2619 1400 2841 1469 deserit,
2897 1409 3060 1472 atque
3118 1403 3175 1458 in
3231 1402 3522 1473 semetipsa

1931 1489 2236 1546 fortitudini
2281 1491 2490 1548 vitiosae
2527 1491 2872 1548 contradicit.
2913 1492 3080 1565 igitur
3108 1493 3261 1549 Isaac
3286 1493 3402 1550 viso
3431 1495 3526 1550 de-

1935 1585 2164 1652 scendit,
2198 1586 2345 1657 quia,
2371 1586 2600 1643 Domino
2628 1589 2863 1658 cognito,
2892 1590 3036 1645 viam
3065 1604 3220 1646 suam
3257 1589 3530 1663 gentilitas

1935 1677 2192 1745 deseruit,
2231 1679 2380 1735 etab
2405 1679 2640 1736 elatione
2677 1681 3014 1739 celsitudinis
3052 1683 3164 1740 ima
3205 1683 3528 1740 humilitatis

250 1788 300 1834 et
320 1776 517 1832 solvere
543 1786 738 1848 septem
761 1775 1035 1847 signacula
1063 1776 1180 1846 ejus
1202 1775 1404 1848 (Apoc.
1433 1773 1512 1846 v).
1542 1775 1660 1846 [pse
1683 1775 1830 1831 enim
1937 1774 2113 1846 petiit.
2138 1773 2278 1843 Quid
2304 1783 2388 1831 est
2428 1783 2609 1832 autem
2647 1777 2792 1847 quod
2831 1777 2982 1834 Isaac
3011 1779 3068 1834 in
3091 1778 3301 1836 camelo
3328 1779 3526 1836 sedens

251 1867 454 1923 librum
477 1868 689 1940 aperuit
712 1876 768 1924 et
787 1867 1064 1939 signacula
1089 1865 1208 1937 ejus
1229 1866 1409 1934 solvit,
1432 1867 1524 1939 qui
1538 1861 1836 1937 irascendo,
1866 1851 1917 1915 Β
1943 1865 2193 1923 Rebecca
2235 1868 2534 1939 conspexit,
2590 1868 2692 1925 nisi
2730 1869 2874 1939 quod
2903 1870 3322 1942 Redemptorem
3367 1885 3530 1928 suum

251 1961 558 2029 moriendo,
604 1961 938 2034 resurgendo
973 1968 1138 2032 atque
1173 1961 1243 2017 ad
1277 1960 1445 2018 caelos
1477 1959 1836 2030 ascendendo,

255 2053 556 2127 Scriptura:
597 2069 767 2112 sacrae
804 2053 962 2110 nobis
987 2068 1188 2110 arcana
1222 2053 1498 2124 patefecit.
1545 2053 1614 2110 Et
1641 2061 1838 2110 notan-

255 2151 387 2206 dum
434 2147 576 2220 quod
612 2163 720 2204 non
764 2146 1003 2203 dicitur:
1035 2145 1363 2205 Ambulabat
1396 2161 1495 2223 per
1530 2146 1676 2202 viam
1720 2160 1841 2216 quae

255 2241 407 2298 ducit
464 2241 532 2298 ad
584 2250 844 2314 puteum,
920 2239 1017 2298 sed
1073 2239 1464 2296 deambulabat.
1521 2238 1843 2296 Deambulat

251 2335 454 2407 quippe
497 2335 591 2407 qui
621 2335 766 2392 viam
811 2348 910 2407 per
937 2350 1102 2406 quam
1145 2334 1389 2391 ambulat
1418 2333 1596 2390 eundo
1631 2341 1692 2388 'et
1719 2331 1843 2388 red-

250 2425 433 2481 eundo
473 2426 780 2484 conculcat.
820 2427 879 2482 In
926 2426 1233 2484 humilitate
1276 2427 1545 2499 passionis
1583 2425 1846 2482 Dominus

253 2513 645 2585 deambulavit,
694 2517 819 2589 quia
858 2519 1019 2576 modo
1047 2535 1078 2575 a
1104 2519 1303 2577 ludatis
1331 2520 1622 2577 verborum
1652 2525 1846 2576 contu-

253 2608 471 2677 melias,
504 2611 665 2668 modo
694 2621 884 2670 contra
911 2629 972 2670 se
1005 2614 1202 2672 falsum
1236 2615 1638 2682 testimonium,
1685 2614 1846 2670 modo

254 2701 461 2775 alapas,
495 2704 658 2760 modo
692 2714 869 2777 sputa,
909 2707 1070 2764 modo
1103 2723 1346 2776 crucem,
1385 2708 1547 2764 modo
1587 2720 1848 2764 coronam

255 2795 504 2866 spineam
532 2794 814 2854 tolerando
865 2798 1142 2855 sustinuit.
1193 2798 1580 2856 Deambulasse
1622 2813 1752 2873 ergo
1790 2799 1849 2854 in

258 2889 567 2949 humilitate
613 2892 880 2963 passionis
923 2899 1009 2950 est
1047 2901 1126 2948 tot
1173 2893 1529 2950 adversitates
1560 2899 1617 2949 et
1649 2891 1850 2963 probra

257 2983 492 3042 diversis
536 2985 712 3042 modis
756 2985 1004 3042 iterando
1056 2987 1360 3059 pertulisse.
1401 2985 1503 3054 Qui
1541 2986 1694 3043 Isaac
1739 2985 1849 3040 Re-

258 3080 425 3132 becca
453 3077 705 3133 veniente
737 3077 796 3134 in
827 3085 976 3135 terra
1002 3078 1245 3135 Australi
1291 3079 1516 3144 habitat,
1566 3078 1694 3149 quia
1724 3077 1852 3133 uni-

257 3167 478 3240 genitus
503 3168 764 3225 Dominus
790 3185 856 3225 ac
894 3170 1227 3240 Redemptor
1263 3179 1471 3237 noster,
1498 3170 1749 3226 veniente
1781 3167 1852 3224 ad

257 3273 323 3316 se
352 3259 614 3328 Ecclesia,
647 3261 702 3316 in
730 3261 946 3319 illorum
971 3262 1248 3318 mentibus
1274 3261 1475 3317 mansit
1503 3276 1641 3333 quos
1667 3274 1736 3315 ex
1756 3258 1852 3316 Ju-

257 3352 376 3409 dzea
407 3354 604 3422 editos,
628 3371 737 3412 non
761 3355 998 3427 torporis
1024 3356 1212 3427 frigus,
1239 3355 1332 3410 sed
1362 3354 1546 3411 fervor
1572 3354 1856 3412 cbaritatis

260 3446 455 3500 tenuit.
492 3447 574 3502 Ex
603 3447 694 3504 illo
723 3448 922 3520 quippe
955 3446 1153 3518 populo
1177 3446 1336 3502 Anna
1374 3447 1738 3517 prophetissa,
1785 3461 1854 3502 ex

259 3532 355 3590 illo
385 3533 606 3594 Simeon
632 3538 858 3603 exstitit,
901 3538 992 3608 qui
1024 3538 1079 3591 in
1118 3536 1276 3592 ulnas
1313 3537 1607 3592 Dominum
1647 3535 1856 3606 accepit

259 3626 283 3700 (
306 3627 436 3682 Luc.
471 3631 567 3700 ιι).
604 3629 871 3701 Egressus
896 3636 1079 3684 autem
1103 3627 1284 3684 fuerat
1310 3629 1378 3684 ad
1405 3629 1774 3684 meditandum
1800 3629 1856 3684 in

259 3734 417 3791 agro,
465 3720 594 3792 quia
621 3736 752 3792 ager
783 3720 1016 3776 mundus
1042 3719 1324 3791 accipitur.
1369 3719 1489 3791 Ipse
1517 3735 1616 3790 per
1657 3735 1717 3776 se
1747 3721 1854 3776 Do-

257 3812 448 3868 minus
469 3813 692 3883 exponit
711 3813 926 3870 dicens:
946 3816 1083 3885 Ager
1101 3823 1275 3869 autem
1288 3823 1366 3870 est
1388 3813 1615 3869 mundus
1639 3813 1853 3886 (Matth.

259 3902 412 3976 xui).
444 3903 582 3972 Quia
611 3904 668 3960 in
696 3905 800 3961 hoc
827 3920 1080 3978 egressus
1097 3946 1113 3973 ,
1156 3905 1301 3978 quod
1327 3905 1561 3963 visibilis
1596 3915 1859 3978 apparere

262 3994 523 4066 dignatus
551 4003 656 4063 est,
701 3996 844 4052 sicut
873 3997 1134 4067 scriptum
1173 4004 1258 4052 est
1299 4011 1314 4050 :
1344 3996 1521 4052 Existi
1548 3997 1605 4052 in
1633 3997 1859 4053 salutem

260 4089 444 4161 populi
489 4089 591 4157 tui,
622 4098 679 4144 ut
708 4089 881 4170 sqlvos
925 4089 1094 4160 facias
1125 4089 1346 4146 christos
1373 4099 1512 4146 tuos.
1543 4088 1733 4146 Solent
1757 4105 1857 4146 au-

265 4191 378 4238 tem
417 4184 703 4241 exercitati
748 4183 976 4257 juvenes
1023 4185 1079 4242 in
1115 4200 1392 4242 armorum
1433 4200 1538 4241 usu
1585 4185 1857 4241 meditari.

263 4274 417 4331 Isaac
444 4291 574 4348 ergo
611 4278 679 4334 ad
713 4277 1086 4335 meditandum
1130 4277 1185 4333 in
1233 4293 1362 4350 agro
1398 4277 1554 4345 exiit,
1595 4277 1721 4348 quia
1748 4275 1860 4333 Re-

264 4364 516 4437 demptor
564 4377 752 4426 noster
789 4383 849 4425 se
883 4370 1235 4440 sequentibus
1260 4368 1490 4424 formam
1538 4369 1862 4426 humilitatis

264 4457 534 4527 praebens,
566 4473 664 4530 per
688 4458 1008 4516 exercitium
1038 4459 1465 4532 longanimitatis
1502 4474 1613 4514 sua:
1646 4459 1859 4529 passio-

1940 1958 2184 2016 Ecclesia
2220 1976 2286 2016 ex
2326 1959 2577 2033 gentibus
2614 1964 2857 2030 veniens,
2892 1963 3022 2019 dum
3065 1963 3243 2022 adhuc
3265 1963 3412 2021 vitiis
3438 1979 3531 2021 es-

1939 2063 2025 2110 set
2053 2053 2258 2121 innixa,
2297 2063 2353 2111 et
2376 2057 2607 2112 necdum
2635 2055 3040 2126 spiritualibus,
3088 2057 3183 2114 sed
3208 2056 3536 2114 animalibus

1941 2143 2176 2200 motibus
2225 2144 2538 2210 inhaereret,
2589 2146 2909 2218 conspexit?
2954 2144 3064 2203 Nec
3113 2161 3331 2204 movere
3374 2147 3538 2204 debet

1942 2234 2086 2307 quod
2115 2249 2251 2305 puer
2284 2250 2500 2308 quoque
2545 2253 2668 2293 cum
2707 2237 2933 2294 camelis
2975 2246 3200 2295 venerat
3243 2239 3299 2294 in
3341 2240 3538 2311 quibus

1943 2332 2026 2390 sui
2052 2333 2257 2390 domini
2285 2334 2502 2392 divitias
2531 2335 2762 2405 ferebat,
2788 2338 2916 2408 quia
2953 2338 3055 2410 ipsi
3087 2353 3299 2409 quoque
3341 2336 3536 2410 praedi-

1944 2431 2158 2482 catores
2189 2425 2384 2493 sancti,
2440 2428 2686 2498 quamvis
2723 2427 2838 2498 jam
2892 2429 2961 2485 ad
3005 2430 3286 2501 superiora
3339 2428 3535 2484 intelli-

1944 2518 2119 2590 genda
2162 2525 2324 2588 atque
2366 2518 2711 2590 proferenda,
2755 2530 2810 2578 et
2845 2521 3116 2579 intellectu
3167 2530 3223 2578 et
3247 2523 3360 2577 vita
3403 2521 3538 2578 emi-

1945 2616 2090 2676 cent,
2145 2610 2324 2666 adhuc
2368 2619 2550 2668 tamen
2593 2613 2650 2668 in
2699 2614 3004 2684 semetipsis
3053 2612 3533 2670 contradictionem

1946 2699 2126 2756 carnis
2174 2701 2432 2758 sentiunt.
2465 2701 2603 2759 Nam
2649 2703 2834 2760 vident
2872 2705 3030 2760 aliam
3064 2705 3238 2777 legem
3280 2706 3332 2760 in
3367 2720 3538 2760 mem-

1945 2791 2062 2847 bris
2088 2791 2201 2848 suis
2242 2803 2635 2865 repugnantem
2674 2794 2778 2868 legi
2817 2797 3014 2852 mentis
3045 2812 3175 2864 suae,
3207 2805 3262 2852 et
3300 2796 3540 2868 captivos

1951 2885 2301 2941 seducentem
2328 2886 2384 2942 in
2408 2887 2527 2961 lege
2571 2890 2780 2960 peccati
2820 2888 3008 2962 (Rom.
3040 2889 3172 2962 vn).
3223 2889 3290 2945 Et
3321 2889 3539 2944 divitias

1951 2974 2007 3030 in
2029 2976 2250 3032 camelis
2285 2987 2484 3049 portat,
2529 2979 2655 3050 quia
2681 2994 2752 3036 ne
2795 2981 3109 3053 magnitudo
3146 2979 3538 3036 revelationum

1952 3067 2181 3123 extollat
2216 3082 2330 3136 eos,
2361 3069 2520 3124 datur
2547 3071 2628 3127 eis
2662 3071 2912 3128 stimulus
2955 3073 3136 3128 carnis
3167 3087 3298 3128 suae.
3333 3070 3546 3126 Habent

1953 3159 2100 3215 enim
2130 3160 2445 3216 thesaurum
2475 3162 2636 3218 istum
2660 3163 2714 3218 in
2738 3165 2883 3220 vasis
2908 3165 3184 3230 fictilibus,
3217 3172 3275 3219 ut
3301 3161 3543 3220 sublimi-

1877 3223 1924 3290 (ἶ
1957 3260 2042 3309 tas
2072 3251 2142 3307 sit
2165 3253 2384 3308 virtutis
2415 3253 2528 3320 Dei,
2567 3264 2623 3310 et
2645 3270 2755 3311 non
2779 3271 2848 3311 ex
2875 3257 2975 3312 eis.
3016 3255 3117 3324 Qui
3146 3270 3277 3329 ergo
3300 3271 3398 3328 per
3425 3271 3546 3312 car-

1956 3357 2082 3399 nem
2113 3343 2356 3400 caalestia
2404 3343 2712 3417 loquuntur,
2761 3356 2816 3402 et
2860 3355 3038 3403 tamen
3083 3347 3260 3404 adhuc
3293 3348 3350 3402 in
3377 3364 3542 3404 carne

1956 3435 2439 3493 contradictionem
2473 3437 2538 3493 de
2575 3437 2704 3494 vitio
2733 3439 2995 3516 sentiunt,
3025 3440 3154 3512 quid
3192 3440 3337 3496 aliud
3381 3457 3544 3512 quam

1957 3542 2122 3598 super
2153 3536 2396 3586 tortuosa
2418 3531 2750 3588 camelorum
2774 3534 2935 3590 dorsa
2957 3533 3175 3590 divitias
3203 3534 3417 3590 ferunt?
3444 3535 3546 3590 Re-

1955 3618 2124 3676 becca
2162 3636 2294 3676 vero
2322 3621 2472 3678 lsaac
2497 3623 2634 3690 viso,
2676 3623 2798 3694 quis
2835 3624 2924 3680 ille
2967 3625 3132 3681 homo
3157 3625 3246 3691 sit,
3280 3624 3548 3696 requisito

1957 3725 2148 3781 puero,
2199 3712 2560 3784 recognoscit,
2606 3713 2733 3785 quia
2783 3715 3023 3786 quotidie
3069 3724 3258 3772 sancta
3307 3716 3549 3772 Ecclesia

1960 3804 2134 3862 adhuc
2156 3820 2254 3876 per
2275 3806 2660 3876 prophetarum
2681 3817 2844 3879 atque
2871 3809 3237 3880 apostolorum
3263 3810 3405 3866 dicta
3419 3809 3550 3880 quid

1961 3897 2029 3953 de
2076 3897 2420 3968 redemptore
2467 3913 2567 3954 suo
2597 3900 2822 3957 credere
2866 3900 3061 3958 debeat
3107 3901 3376 3973 intelligit.
3422 3901 3554 3970 Quae

1961 4001 2081 4044 sese
2126 4003 2251 4045 mox
2287 3987 2448 4058 pallio
2471 3990 2705 4060 operuit,
2753 3991 2880 4062 quia
2921 4000 3126 4062 quanto
3155 3992 3409 4048 subtilius
3435 3990 3556 4047 Sal:

1960 4080 2166 4137 vatoris
2211 4081 2297 4137 sui
2347 4083 2604 4154 mysteria
2651 4093 2924 4155 penetrat,
2978 4093 3128 4141 tanto
3167 4085 3326 4141 altius
3366 4086 3432 4142 de
3460 4100 3556 4140 an-

1962 4179 2141 4228 teacta
2193 4172 2304 4228 vita
2349 4173 2734 4243 confunditur;
2793 4186 2847 4232 et
2889 4178 3014 4248 quia
3058 4193 3312 4248 perverse
3361 4177 3556 4248 egerit,

1962 4267 2380 4322 verecundatur.
2412 4266 2581 4323 Pallio
2606 4282 2666 4324 se
2715 4270 2996 4341 cooperire
3021 4271 3256 4338 curavit,
3285 4272 3412 4342 quia
3437 4271 3555 4327 viso

1964 4355 2234 4425 Domino,
2281 4358 2652 4416 infirmitatem
2700 4377 2812 4418 suae
2849 4363 3082 4419 actionis
3108 4364 3342 4432 erubuit,
3388 4372 3444 4420 et
3470 4362 3560 4419 illa

1965 4469 2085 4524 quae
2116 4455 2268 4526 prius
2313 4455 2366 4510 in
2399 4457 2608 4514 camelo
2639 4458 2807 4514 libere
2844 4459 3180 4530 gestabatur,
3227 4459 3563 4515 descendens

264 4549 460 4620 nisque
489 4550 545 4607 in
574 4565 636 4610 se
672 4561 730 4608 et
763 4553 1042 4624 patientiae
1076 4553 1322 4625 exempla
1353 4554 1695 4610 monstravit.
1745 4552 1943 4655 Me-D
1966 4546 2333 4616 postmodum.
2369 4547 2695 4604 verecundia
2724 4549 2943 4620 tegitur.
2979 4549 3132 4606 Unde
3158 4549 3334 4606 eidem
3378 4549 3565 4605 Eccle-

264 4641 458 4700 ditatio
484 4644 683 4718 quippe
711 4661 992 4704 armorum
1017 4653 1102 4704 est
1122 4647 1484 4718 frequentatio
1523 4645 1858 4718 passionum.

264 4733 372 4802 Qui
399 4736 546 4792 enim
575 4737 805 4795 verbera
850 4753 1147 4806 manuum,
1191 4737 1460 4804 lanceam,
1490 4753 1710 4795 crucem
1741 4752 1866 4808 per-

266 4826 414 4895 tulit,
450 4829 760 4899 passionem
812 4847 968 4888 suam
1011 4845 1184 4903 usque
1233 4831 1302 4887 ad
1341 4838 1572 4888 mortem
1607 4831 1864 4902 frequen-

265 4923 387 4973 tare
416 4920 685 4989 permisit.
735 4919 1028 4977 Passiones
1068 4935 1200 4978 vero
1238 4936 1390 4977 arma
1440 4921 1691 4988 dicimus,
1738 4922 1863 4994 quia

262 5026 367 5082 per
396 5010 543 5083 ipsas
571 5013 640 5068 ab
672 5013 987 5071 adversario
1013 5014 1227 5072 occulto
1257 5013 1573 5082 liberamur,
1602 5015 1744 5072 sicut
1767 5031 1867 5086 per

267 5101 510 5170 seipsum
537 5103 796 5162 Dominus
820 5106 954 5162 dicit
980 5122 994 5161 :
1023 5104 1094 5161 In
1127 5106 1381 5177 patientia
1424 5115 1594 5162 ucstra
1625 5106 1864 5178 posside-

269 5191 395 5247 bitis
421 5193 626 5250 animus
659 5208 857 5255 uestras
886 5197 1048 5272 (Luc.
1093 5197 1242 5270 XXI).
1267 5197 1371 5267 Qui
1397 5199 1466 5255 ad
1495 5199 1868 5257 meditandum

270 5283 332 5340 in
379 5299 513 5356 agro
566 5285 822 5342 inclinata
872 5287 988 5358 jam
1036 5288 1124 5346 die
1169 5289 1320 5357 exiit,
1373 5290 1501 5362 quia
1553 5291 1868 5362 passionum

270 5376 539 5434 exercitia
555 5376 712 5447 juxta
738 5379 902 5436 tinem
928 5381 1117 5438 mundi
1156 5381 1413 5453 suscepit,
1437 5383 1580 5439 sicut
1598 5398 1694 5455 per
1719 5383 1870 5440 Psal-

269 5466 497 5524 mistam
547 5469 614 5528 de
662 5470 1032 5529 cruciﬁxionis
1079 5487 1193 5531 sua:
1230 5474 1581 5544 expressione
1630 5474 1870 5545 loquitur

272 5559 470 5618 dicens
498 5581 512 5619 :
536 5562 778 5622 Elevatio
831 5581 1088 5622 manuum
1140 5583 1378 5624 mearum
1416 5568 1739 5639 sacriﬁcium
1781 5586 1870 5625 ve-

272 5654 568 5727 spertinum
615 5654 804 5728 (I'sul.
855 5659 1014 5732 exn).
1048 5658 1188 5728 Quid
1223 5670 1306 5717 est
1345 5670 1525 5718 autem
1571 5663 1716 5732 quod
1763 5662 1870 5718 Re-

272 5746 449 5804 becca
481 5747 549 5804 ad
587 5747 738 5805 Isaac
770 5747 934 5806 dorso
976 5751 1169 5804 cameli
1219 5752 1530 5818 deducitur,
1585 5754 1691 5810 nisi
1731 5753 1874 5824 quod

270 5836 394 5912 jam
418 5851 518 5916 per
543 5839 870 5914 Rebeccam,
920 5840 1064 5904 sicut
1102 5838 1317 5915 praefati
1345 5856 1555 5916 sumus,
1605 5844 1874 5919 Ecclesia,

1970 4641 2065 4697 sia:
2087 4655 2120 4696 a
2142 4641 2325 4714 priore
2350 4642 2585 4698 elatione
2611 4657 2909 4711 conversae,
2955 4660 3053 4714 per
3083 4643 3437 4714 apostolicam
3463 4659 3562 4700 vo-

1970 4747 2113 4799 cem,
2141 4733 2296 4804 quasi
2318 4733 2578 4790 Rebeccm
2603 4734 2669 4790 de
2697 4733 2908 4791 camelo
2944 4734 3320 4803 descendenti,
3354 4735 3566 4806 sibique

1969 4823 2194 4894 pallium
2239 4825 2642 4894 superducenti,
2694 4825 2895 4882 dicitur
2919 4844 2932 4880 :
2960 4825 3126 4893 Quem
3159 4828 3298 4883 enim
3331 4827 3565 4898 fructum

1972 4916 2228 4972 habuistis
2271 4927 2396 4972 tunc
2439 4918 2495 4972 in
2544 4918 2674 4985 illis,
2725 4921 2780 4974 in
2826 4920 3014 4992 quibus
3042 4919 3179 4993 tunc
3223 4917 3570 4975 erubescitis?

1975 5005 2158 5078 (Rom.
2204 5007 2324 5078 vr.)
2376 5007 2550 5076 Quam
2582 5009 2734 5066 lsaac
2769 5010 2828 5066 in
2856 5011 3264 5068 tabernaculum
3305 5026 3416 5067 suae
3446 5024 3565 5065 ma-

1973 5099 2071 5154 tris
2102 5099 2402 5156 introduxit
2431 5110 2594 5174 atque
2628 5119 2853 5160 uxorem
2881 5105 3122 5174 accepit,
3169 5103 3296 5176 quia
3321 5103 3441 5160 loco
3468 5101 3570 5176 Sy-

1971 5208 2194 5265 nagogae
2236 5193 2495 5252 Dominus
2537 5213 2603 5253 ex
2629 5213 2736 5268 qua
2762 5214 2861 5270 per
2900 5213 3120 5256 carnem
3147 5207 3308 5257 natus
3335 5207 3420 5256 est
3443 5215 3569 5257 san-

1973 5293 2120 5340 ctam
2177 5285 2474 5342 Ecclesiam
2521 5289 2740 5362 delegit,
2793 5305 3022 5362 eamque
3061 5290 3167 5348 sibi
3192 5293 3248 5348 in
3293 5307 3481 5350 amore
3514 5299 3570 5348 et

1973 5377 2433 5449 contemplatione
2482 5380 2781 5454 conjungit,
2827 5392 2890 5438 ut
2922 5398 3043 5454 quae
3070 5384 3222 5456 prius
3265 5401 3334 5443 ex
3363 5401 3566 5459 cogna-

1974 5471 2122 5528 tione
2143 5471 2410 5543 proxima,
2441 5472 2498 5529 id
2526 5483 2629 5540 est,
2661 5474 2878 5544 cognita
2905 5489 3006 5547 per
3033 5477 3569 5548 praedestinationem

1978 5562 2177 5630 fuerat,
2208 5565 2555 5636 postmodum
2589 5564 2703 5634 jam
2741 5565 3032 5638 conjuncta
3065 5569 3121 5624 in
3165 5585 3352 5628 amore
3389 5569 3570 5627 conti-

1978 5672 2086 5712 nuo
2113 5673 2251 5711 uxor
2277 5657 2391 5712 fiat.
2427 5657 2600 5724 Quam
2631 5658 2686 5712 in
2719 5667 2929 5716 tantum
2971 5661 3184 5729 dilexit,
3235 5671 3295 5720 ut
3325 5663 3566 5716 dolorem

1980 5750 2071 5819 qui
2099 5762 2164 5803 ex
2214 5758 2392 5804 morte
2437 5749 2627 5804 matris
2677 5759 3004 5817 accesserat,
3044 5759 3388 5822 temperaret,
3441 5751 3566 5822 quia

1981 5860 2050 5904 ex
2091 5844 2260 5925 lucro,
2282 5851 2487 5905 sanctae
2536 5841 2794 5903 Ecclesiae
2845 5843 3174 5920 Redemptor
3222 5852 3407 5907 noster
3448 5860 3568 5908 eam
