3946 6522
438 424 544 483 585

1099 415 1163 472 Β.
1202 413 1455 472 RABANI
1494 411 1713 471 MAURI
1748 409 2068 468 ARClllEP.
2109 408 2419 468 MOGUNT.
2458 408 2745 468 OPERUM
2781 407 2958 466 PARS
2995 409 3037 464 l.

3617 409 3722 466 584

439 544 584 614 rufa,
608 543 735 614 quia
759 538 945 612 oppido
971 537 1142 592 lassus
1167 551 1304 590 sum.
1338 533 1510 600 Quam
1533 533 1595 586 ob
1623 548 1837 586 causam
1863 547 2017 585 voca-
2044 531 2097 592 Α
2121 531 2238 596 stis,
2271 533 2394 601 quia
2422 548 2529 587 non
2560 533 2736 587 cibum
2754 574 2767 598 ,
2805 533 2897 588 scd
2925 532 3026 587 cibi
3055 530 3566 603 concupiscentiam
3605 547 3725 588 esse

439 643 551 688 tum
599 640 676 688 est
719 645 903 685 nomen
939 629 1053 698 ejus
1110 625 1301 681 Edam.
1355 623 1602 679 Rubcum
1654 623 1768 678 sive
1815 621 2019 676 fulvum

438 726 622 796 lingua
657 721 881 777 Hebraea
909 719 1108 774 dicitur
1130 717 1318 771 Edom.
1348 714 1431 770 Ab
1459 729 1523 770 eo
1561 715 1724 784 igitur
1751 713 1896 783 quod
1924 727 2019 767 ru-

436 818 542 873 beo
560 815 682 872 cibo
706 811 1010 869 vendiderit
1036 809 1311 881 primitiva
1337 823 1456 875 sua,
1481 806 1635 874 fulvi,
1657 807 1712 862 id
1731 814 1832 872 est,
1849 805 2020 861 Edom

437 907 660 965 sortitus
691 912 777 962 est
794 919 1012 960 nomen.

504 999 604 1056 Cui
626 999 761 1054 dixit
781 996 947 1054 Jacob
975 1011 994 1048 :
1028 994 1202 1050 Vende
1231 993 1360 1048 mihi
1394 992 1742 1065 primogenita
1772 997 1885 1044 tua.
1919 986 2021 1042 Ille

436 1090 700 1163 respondit
741 1104 760 1143 :
805 1088 891 1144 En
917 1089 1137 1152 morior,
1165 1087 1291 1157 quid
1330 1085 1459 1139 mihi
1487 1083 1774 1155 proderunt
1818 1080 2018 1152 primo-

434 1182 653 1254 genita?
683 1182 770 1237 Ait
796 1179 962 1235 Jacob
987 1195 1005 1234 :
1031 1179 1168 1234 Jura
1197 1194 1318 1248 ergo
1349 1176 1496 1229 mihi.
1527 1175 1734 1229 Juravit
1774 1171 1944 1236 Esau,
1971 1179 2021 1224 et

359 1299 362 1302 ~
431 1274 662 1329 vendidit
682 1273 1048 1344 primogenita,
1073 1279 1120 1324 et
1143 1271 1217 1324 sic
1248 1277 1458 1338 accepto
1479 1283 1612 1338 pane
1641 1274 1691 1320 et
1720 1265 1871 1320 lentis
1892 1263 2022 1318 edu-

431 1366 524 1434 lio,
548 1367 770 1422 comedit
801 1376 850 1422 et
883 1365 1041 1431 bibit,
1064 1373 1112 1418 et
1144 1363 1307 1428 abiit,
1343 1359 1718 1432 parvipendens
1746 1357 1885 1429 quod
1913 1357 2021 1427 pri-

434 1460 699 1531 mogenita
726 1457 1059 1513 vendidisset.
1094 1453 1277 1527 (Isid.)
1310 1451 1463 1519 Quod
1491 1452 1592 1506 iste
1638 1450 1781 1504 Esau
1823 1448 2023 1518 primo-

437 1551 622 1623 genita
648 1565 745 1606 sua
774 1557 996 1620 propter
1032 1561 1214 1602 escam
1262 1544 1440 1599 eidem
1486 1540 1639 1596 fratri
1690 1553 1788 1594 suo
1816 1536 2022 1608 juniori

438 1640 805 1706 venundavit,
855 1653 920 1694 ac
970 1638 1313 1709 postmodum
1364 1642 1591 1705 paterna
1642 1630 2023 1688 benedictione

433 1735 537 1793 sibi
562 1734 830 1805 promissa
851 1731 1098 1804 privatus
1119 1738 1222 1796 est,
1248 1727 1520 1801 signiﬁcat
1541 1725 1790 1782 eumdem
1811 1722 2024 1780 Israeli-

433 1826 601 1884 ticum
642 1824 892 1896 populum
932 1824 1027 1895 qui
1076 1839 1108 1878 a
1140 1823 1271 1888 Deo,
1317 1830 1376 1876 ut
1409 1818 1580 1875 Exodi
1623 1818 1761 1874 liber
1795 1817 2020 1882 indicat,

430 1915 824 1990 primogenitus
846 1913 990 1970 ﬁlius
1019 1920 1362 1983 nuncupatus
1386 1919 1492 1977 est,
1516 1909 1609 1980 qui
1631 1915 1850 1978 propter
1878 1921 2018 1978 prae-
2044 1905 2091 1967 B

431 2008 605 2066 sentis
624 2006 804 2064 saeculi
828 2006 1002 2074 lucra,
1024 2020 1133 2060 nou
1164 2003 1340 2060 solum
1360 2001 1625 2072 primatus
1650 2001 1734 2055 sui
1758 2000 2020 2054 honorem

432 2100 638 2166 amisit,
673 2112 866 2154 verum
890 2097 1058 2153 etiam
1090 2096 1243 2167 regni
1273 2093 1510 2150 cmlestis
1555 2091 1839 2162 praemium
1883 2104 2022 2160 prte-

427 2198 684 2262 paratum
719 2187 947 2260 adipisci
981 2203 1089 2243 non
1117 2184 1340 2251 meruit,
1367 2182 1595 2238 Domino
1627 2181 2024 2253 quodammodo

433 2280 492 2337 id
532 2280 707 2338 eidem
745 2279 1130 2352 exprobrante,
1171 2293 1296 2332 cum
1339 2275 1470 2331 dicit
1517 2292 1530 2327 :
1574 2272 1944 2341 Transferetur
1990 2290 2024 2327 a

433 2375 574 2430 vobis
609 2391 826 2446 regnum
861 2373 981 2441 Dei,
1019 2379 1069 2426 et
1107 2370 1318 2425 dabitur
1354 2368 1494 2439 genti
1535 2365 1749 2436 facienti
1796 2364 2024 2434 fructum

432 2465 546 2536 ejus
598 2463 814 2537 (Matth.
858 2463 1019 2535 χιιι).
1069 2458 1437 2530 Primogenita
1485 2464 1667 2512 autem
1707 2454 1825 2525 ipsa
1856 2452 2026 2508 vestis

434 2567 555 2614 erat
575 2556 948 2622 sacerdotalis,
983 2569 1147 2625 quam
1179 2550 1412 2621 majores
1457 2559 1588 2606 natu
1637 2563 1762 2604 cum
1807 2546 2026 2602 benedi-

434 2651 617 2706 ctione
654 2651 827 2721 patris
867 2648 1063 2715 induti,
1108 2647 1359 2702 victimas
1405 2645 1517 2699 Deo
1559 2642 1710 2699 velut
1744 2641 2027 2712 pontiﬁces

433 2741 752 2798 oll‘erebant.
782 2741 896 2797 Hoc
921 2741 1064 2797 dono
1084 2741 1290 2796 terreni
1311 2738 1516 2794 amoris
1540 2736 1813 2793 desiderio
1837 2750 2027 2792 carue-

435 2842 563 2890 runt
585 2832 938 2900 Judaei,cum
965 2832 1137 2905 gloria
1176 2831 1330 2902 regni
1368 2829 1570 2884 futura.
1610 2827 1902 2883 Sciendum
1944 2834 2030 2883 est

435 2924 565 2996 quia
609 2925 850 2996 quinque
896 2924 1071 2979 modis
1115 2937 1216 2978 nos
1271 2922 1407 2993 gulae
1450 2920 1644 2976 vitium
1686 2927 1874 2976 tentat.
1915 2918 2029 2973 Ali-

438 3016 653 3090 quando
678 3031 914 3088 namque
943 3014 1209 3086 praavenit
1245 3022 1490 3084 tempora
1535 3011 1903 3084 indulgentiae,
1931 3009 2030 3064 ali-

435 3109 652 3182 quando
677 3123 808 3165 vero
838 3115 1053 3179 tempus
1095 3123 1205 3163 non
1247 3106 1536 3176 prtevenit,
1566 3103 1660 3160 sed
1711 3104 1865 3159 cibos
1913 3101 2029 3156 lau-

2118 637 2335 677 causam
2363 624 2726 679 damnationis
2757 624 3026 693 intelligit,
3050 633 3106 679 et
3137 624 3374 694 primum
3401 625 3508 678 sibi
3544 623 3723 679 homi-

2118 728 2243 768 nem
2266 729 2372 769 non
2402 731 2564 771 carne
2593 717 2688 771 sed
2715 732 2874 786 pomo
2902 717 3153 781 subdidit,
3181 726 3236 772 et
3271 715 3588 771 secundum
3615 733 3724 776 non

2117 819 2302 872 carne,
2329 806 2421 861 sed
2447 822 2585 876 pane
2612 807 2856 862 tentavit.
2903 805 3037 863 Hinc
3077 814 3162 863 est
3201 808 3346 876 quod
3384 806 3723 878 plerumque

2117 894 2288 952 Adam
2316 898 2470 968 culpa
2491 900 2867 966 committitur,
2897 901 3058 955 etiam
3094 917 3219 956 cum
3249 901 3468 972 abiecta
3499 911 3561 957 et
3592 903 3719 959 vilia

2119 995 2424 1043 sumuntur.
2473 986 2658 1059 Neque
2689 989 2862 1044 Adam
2908 990 3069 1058 solus,
3103 999 3164 1045 ut
3194 1006 3226 1046 a
3258 993 3438 1047 vetito
3465 1007 3528 1048 se
3557 1008 3720 1062 pomo

2119 1079 2492 1148 suspenderet,
2525 1089 2854 1152 praeceptum
2885 1083 3259 1151 prohibitionis
3301 1085 3543 1155 accepit.
3582 1085 3718 1141 Nam

2119 1183 2240 1223 cum
2263 1169 2520 1226 alimenta
2549 1172 2790 1241 quaedam
2817 1172 2974 1227 saluti
2999 1182 3197 1229 nostrae
3240 1176 3385 1232 Deus
3433 1180 3716 1232 contraria

2119 1257 2340 1326 indicat,
2378 1262 2446 1316 ab
2472 1261 2556 1316 his
2585 1277 2682 1318 nos
2710 1263 2864 1332 quasi
2894 1279 2991 1333 per
3029 1267 3370 1334 praesentiam
3423 1277 3616 1333 vetat;
3669 1280 3716 1324 et

2120 1364 2242 1404 cum
2265 1355 2709 1421 concupiscentes
2737 1353 2895 1408 noxia
2925 1354 3258 1428 attingimus,
3289 1357 3549 1427 profecto
3591 1360 3715 1427 quid

2119 1443 2263 1499 aliud
2290 1459 2451 1514 quam
2478 1445 2643 1501 vetita
2675 1446 3059 1515 degustamus?
3101 1448 3176 1502 Ea
3206 1448 3392 1518 itaque
3450 1451 3714 1504 sumenda

2119 1544 2245 1592 sunt
2295 1553 2415 1608 quae
2470 1547 2678 1593 natura:
2724 1541 3017 1596 necessitas
3071 1541 3283 1611 quaerit,
3337 1549 3395 1596 et
3441 1557 3555 1597 non
3605 1558 3717 1612 qua:

2119 1628 2309 1684 edendi
2340 1628 2505 1684 libido
2535 1631 2794 1703 suggerit,
2841 1648 2908 1687 ne
2962 1634 3126 1688 etiam
3168 1633 3214 1688 si
3265 1633 3388 1688 baéc
3433 1635 3716 1690 moderata

2120 1721 2374 1779 discretio
2399 1724 2578 1780 minus
2608 1733 2765 1780 caute
2797 1727 3158 1798 prOSpexerit,
3200 1726 3408 1783 illicitae
3457 1729 3717 1800 concipi-

2121 1813 2338 1869 scentiae
2373 1814 2496 1885 quis
2527 1815 2582 1870 in
2620 1817 2928 1888 voraginem
2964 1831 3171 1891 vergat.

2737 1927 2965 1986 CAPUT
3003 1931 3093 1986 XI.

2121 2015 2202 2072 De
2222 2019 2446 2096 transitu
2468 2018 2626 2074 Isaac
2655 2021 2724 2075 ad
2750 2021 3042 2078 Abimelech
3068 2041 3238 2096 regem
3269 2023 3720 2095 Palestinorum,

2194 2088 2599 2169 ubilRebeccam
2627 2107 2845 2169 uxorem
2882 2088 3315 2169 sororem-suam
3377 2116 3498 2155 esse
3541 2088 3721 2169 ﬁnxit

2195 2168 2242 2213 et
2269 2159 2333 2214 de
2358 2161 2528 2231 puteis
2561 2179 2691 2232 quos
2716 2162 2851 2232 fodit
2880 2163 3058 2220 Isaac.

2196 2269 2346 2342 (CAP.
2383 2273 2558 2344 xxvr.)
2591 2272 2724 2328 Orta
2753 2283 2926 2330 autem
2968 2276 3107 2344 fame
3148 2294 3306 2349 super
3349 2289 3598 2348 terram,
3619 2292 3724 2350 post

2124 2378 2240 2418 eam
2265 2365 2594 2420 sterilitatem
2631 2383 2748 2438 qua:
2789 2369 3053 2424 acciderat
3095 2370 3152 2425 in
3195 2371 3389 2428 diebus
3425 2374 3722 2440 Abraham,

2125 2452 2255 2507 abiit
2301 2453 2460 2510 Isaac
2519 2457 2587 2510 ad
2635 2457 2930 2513 Abimelech
2976 2478 3145 2532 regem
3194 2461 3627 2518 Palaestinorum
3677 2468 3727 2519 in

2127 2543 2363 2611 Gerara;
2391 2550 2735 2619 apparuitque
2755 2551 2802 2607 ei
2822 2549 3079 2607 Dominus
3101 2563 3152 2607 et
3173 2555 3249 2608 ait
3275 2568 3293 2606 :
3320 2553 3414 2610 Ne
3436 2556 3728 2613 descendas

2126 2637 2184 2691 in
2211 2637 2520 2709 Egyptum,
2548 2641 2639 2695 sed
2677 2643 2882 2714 quiesce
2926 2645 2982 2699 in
3031 2656 3173 2701 terra
3198 2665 3366 2718 quam
3399 2650 3594 2705 dixero
3620 2652 3728 2719 tibi,

2127 2737 2176 2782 et
2205 2732 2537 2800 peregrinare
2559 2734 2614 2786 in
2642 2750 2742 2800 ea;
2785 2751 2974 2807 eraque
3001 2745 3173 2792 tecum
3201 2749 3250 2793 et
3277 2739 3603 2797 benedicam

2132 2816 2245 2872 Tibi
2272 2821 2408 2874 enim
2433 2831 2481 2876 et
2508 2823 2692 2877 semini
2717 2832 2806 2879 tuo
2831 2825 2966 2880 dabo
3006 2830 3276 2884 universas
3311 2831 3567 2902 regiones
3619 2835 3729 2900 bas,

2129 2915 2388 2986 complens
2401 2920 2768 2987 juramentunt
2797 2921 2937 2992 quod
2977 2924 3230 2995 spopondi
3272 2925 3560 2980 Abraham
3604 2929 3730 2998 patri

2132 3016 2242 3076 tuo,
2270 3020 2316 3064 et
2347 3011 2708 3084 multiplicabo
2738 3032 2912 3070 semen
2944 3027 3091 3072 tuum
3129 3021 3265 3074 sicut
3303 3022 3496 3078 stellas
3523 3023 3660 3088 cmli,
3684 3031 3734 3078 et

2131 3099 2359 3170 reliqua.
2395 3103 2576 3176 (Aug)
2603 3105 2662 3160 In
2691 3121 2756 3161 eo
2796 3109 2942 3177 quod
2980 3111 3246 3178 scriptum
3287 3119 3419 3166 est:
3447 3110 3620 3166 Facta
3663 3125 3731 3167 est

440 3202 610 3259 tiores
639 3202 835 3272 quaerit
863 3220 877 3255 :
911 3199 1199 3271 aliquando
1240 3215 1360 3269 qua:
1389 3197 1648 3253 sumenda
1674 3195 1786 3250 sint
1806 3209 2031 3250 accura-
2069 3270 2098 3274 _
2133 3200 2307 3247 autem
2340 3192 2504 3262 {antes
2525 3212 2680 3266 super
2701 3206 3047 3270 terram,post
3074 3201 3270 3270 [amem
3297 3219 3425 3274 qua:
3456 3214 3583 3258 ante
3601 3205 3732 3273 {ade

435 3296 545 3353 tius
574 3270 777 3366 expetit
801 3295 1134 3367 praeparari,
1165 3291 1458 3364 aliquando
1485 3298 1667 3346 autem
1687 3295 1743 3345 et
1769 3287 2028 3358 qualitate
2055 3270 2100 3335 Ο
2129 3292 2206 3336 est
2244 3284 2301 3337 in
2334 3293 2561 3356 tempore
2587 3288 2874 3345 Abraham.
2904 3293 3044 3349 Abiit
3074 3305 3248 3351 autem
3292 3270 3462 3352 Isaac
3503 3299 3582 3352 ad
3601 3270 3734 3352 ἈΗ-

435 3387 677 3445 ciborum
703 3395 760 3442 et
787 3395 1030 3456 tempore
1058 3383 1329 3456 congruit,
1360 3383 1457 3438 sed
1484 3383 1541 3437 in
1571 3383 1689 3452 ipsa
1723 3381 2031 3452 quantitate

434 3480 681 3537 sumendi
707 3477 1021 3536 mensuram
1041 3477 1356 3535 refectionis
1378 3476 1609 3533 excedit.
1633 3474 2031 3543 Nonnunquam

435 3586 566 3627 vero
587 3580 643 3626 et
668 3571 910 3640 abjectus
934 3581 1016 3627 est
1047 3571 1192 3640 quod
1219 3570 1513 3636 desiderat,
1529 3577 1586 3624 et
1615 3577 1796 3623 tamen
1827 3567 1882 3621 in
1913 3567 2032 3637 ipso

437 3671 572 3718 aestu
597 3664 847 3719 immensi
874 3664 1131 3719 desiderii
1165 3663 1404 3719 deterius
1438 3668 1647 3732 peccat.
1696 3659 1826 3727 Quae
1872 3659 2033 3715 vitio-

439 3771 560 3812 rum
595 3763 843 3826 tempora
888 3756 1084 3812 melius
1122 3756 1478 3820 ostendimus,
1509 3755 1555 3809 si
1600 3753 1719 3808 haec
1773 3751 2033 3823 exemplis

437 3849 863 3906 evidentioribus
892 3851 1272 3921 approbamus.
1330 3848 1518 3904 Mortis
1566 3847 1764 3918 quippe
1814 3856 2033 3903 senten-

439 3941 571 3996 tiam
598 3941 770 4012 patris
790 3956 885 3996 ore
914 3940 1189 3996 Jonathan
1225 3940 1446 4006 meruit,
1477 3938 1604 4009 quia
1631 3939 1688 3994 in
1712 3947 1873 4011 gustu
1900 3938 2034 3996 mel-

437 4033 506 4090 lis
521 4035 875 4090 constitutum
895 4033 1089 4089 edendi
1111 4040 1324 4103 tempus
1349 4033 1667 4088 antecessit.
1691 4032 1760 4086 Et
1780 4048 1847 4087 ex
1868 4031 2033 4103 {Eg—

437 4132 531 4195 pto
552 4125 778 4195 populus
805 4124 1022 4190 ductus,
1052 4125 1108 4178 in
1132 4139 1318 4180 eremo
1342 4125 1615 4191 occubuit,
1639 4125 1756 4194 qui,
1782 4125 2033 4194 despecto

443 4229 667 4281 manna,
695 4214 846 4270 cibos
873 4213 1119 4268 carnium
1145 4214 1317 4284 petiit,
1347 4229 1484 4284 quos
1519 4214 1776 4270 lautiores
1800 4215 2030 4284 putavit.

444 4304 513 4360 Et
543 4305 718 4376 prima
758 4303 996 4360 ﬁliorum
1018 4303 1138 4359 lleli
1170 4305 1326 4375 culpa
1362 4307 1584 4362 suborta
1615 4315 1716 4372 est,
1768 4307 1913 4376 quod
1965 4321 2033 4363 ex

443 4409 632 4451 eorum
655 4403 779 4451 voto
799 4395 1098 4454 sacerdotis
1123 4412 1257 4468 puer
1285 4412 1392 4453 non
1424 4398 1645 4468 antiquo
1676 4413 1827 4453 more
1853 4406 2034 4454 coctas

444 4487 606 4542 vellet
629 4487 696 4544 de
721 4488 990 4545 sacriﬁcio
1020 4505 1214 4546 carnes
1242 4490 1514 4560 accipere,
1539 4489 1636 4545 sed
1658 4489 1857 4544 crudas
1888 4504 2035 4559 qua:-

446 4586 608 4646 reret,
635 4594 772 4650 quas
795 4581 1100 4637 accuratius
1123 4581 1423 4637 exhiberet.
1453 4581 1522 4635 Et
1550 4595 1675 4635 cum
1703 4581 1772 4635 ad
1814 4579 2034 4637 Jerusa-

2133 3372 2327 3428 meleclt
2351 3392 2520 3447 regem
2541 3377 2953 3440 Palwstinorum
2977 3387 3033 3441 in
3064 3384 3287 3444 Gerara.
3333 3390 3622 3458 Quteritur
3640 3393 3734 3447 hoc

2132 3466 2348 3534 quando
2375 3469 2446 3524 sit
2473 3470 2706 3541 factum,
2731 3484 2914 3534 utrum
2953 3489 3139 3549 postea
3169 3483 3390 3552 quando
3424 3483 3578 3539 Esau
3607 3498 3732 3539 ven-

2134 3556 2270 3613 didit
2321 3561 2682 3647 primogenita
2743 3583 2842 3623 sua
2891 3570 3010 3625 cibo
3055 3571 3329 3628 lenticulae
3380 3572 3552 3644 (post
3592 3574 3731 3629 illam

2135 3650 2712 3723 quippejnarrationem
2749 3660 2852 3715 hoc
2887 3663 3100 3717 narrari
3124 3663 3496 3736 incipit)?an,
3532 3676 3597 3722 ut
3624 3667 3732 3722 ﬁeri

2135 3741 2296 3811 solet,
2319 3758 2420 3813 per
2436 3747 2934 3818 recapitulationem
2955 3763 3208 3810 narrator
3232 3756 3301 3811 ad
3323 3772 3455 3812 eam
3487 3773 3733 3814 reversus

2136 3836 2227 3903 sit,
2255 3853 2378 3893 cum
2404 3855 2726 3909 progressus
2751 3843 2818 3899 de
2846 3844 2970 3902 ﬁliis
2995 3845 3111 3915 ejus
3137 3849 3206 3904 ad
3235 3864 3362 3904 eum
3396 3850 3587 3907 locum
3616 3866 3734 3920 per-

2136 3930 2374 3986 venisset
2399 3933 2491 4002 qui
2520 3933 2588 3988 dc
2615 3932 2871 3991 lenticula
2909 3950 3370 3997 commemoratus
3409 3952 3526 3998 est.
3564 3941 3736 3998 Movet

2136 4029 2314 4077 autem
2339 4024 2385 4078 si
2412 4023 2525 4094 ipse
2552 4025 2826 4082 invenitur
2852 4028 3185 4097 Abimelech,
3212 4035 3305 4104 qui
3332 4035 3514 4091 etiam
3541 4035 3731 4091 Sanun

2137 4114 2539 4185 concupiverat,
2570 4117 2740 4188 ipsius
2774 4121 2919 4175 enim
2961 4125 3369 4196 paranymphus
3389 4137 3451 4182 et
3479 4129 3734 4199 princeps

2135 4205 2342 4261 militiae
2371 4208 2464 4277 qui
2496 4209 2571 4265 ibi
2605 4214 3014 4269 commemorati
3061 4223 3204 4280 sunt,
3245 4215 3414 4271 etiam
3460 4219 3554 4274 hic
3593 4235 3738 4274 com-

2136 4305 2546 4367 memorantur,
2600 4304 2874 4360 utrumvel
2939 4305 3121 4361 vivere
3176 4308 3439 4378 potuerit.
3510 4310 3733 4376 Quando

2137 4389 2284 4444 enim
2313 4389 2489 4447 factus
2516 4401 2600 4448 est
2625 4394 2833 4450 amicus
2859 4395 3092 4453 Abraha:
3109 4439 3124 4464 ,
3148 4399 3392 4454 nondum
3422 4409 3591 4456 natus
3619 4413 3734 4457 erat

2136 4479 2311 4548 Isaac,
2361 4483 2456 4538 sed
2491 4483 2605 4552 jam
2653 4486 2974 4556 promissus.
3023 4488 3296 4547 Ponamus
3344 4499 3478 4547 ante
3534 4507 3734 4548 annum

2139 4587 2303 4642 quam
2331 4583 2647 4632 nasceretur
2677 4577 2832 4634 Isaac
2871 4577 3002 4634 illud
3046 4579 3215 4636 fuisse
3253 4580 3463 4638 factum
3494 4602 3508 4638 :
3541 4583 3735 4639 deinde

445 4669 550 4725 lem
581 4670 818 4728 dicitur:
850 4671 982 4727 Htec
1014 4672 1114 4742 fuit
1138 4672 1388 4743 iniquitas
1413 4670 1659 4727 Sodoma:
1683 4672 1880 4725 sororis
1903 4679 2028 4739 tute,
2057 4655 2112 4715 D
2136 4665 2288 4723 Isaac
2315 4671 2554 4741 suscepit
2591 4670 2751 4738 ﬁlios,
2773 4688 2899 4728 cum
2945 4681 3089 4730 esset
3117 4689 3385 4731 annorum
3422 4677 3733 4750 sexaginta,

444 4762 685 4832 superbia
699 4771 747 4818 et
762 4763 1013 4818 saturitas
1033 4765 1209 4834 panis,
1230 4771 1277 4818 et
1299 4761 1626 4817 abundantia
1649 4761 1868 4833 (Ezeclt.
1891 4760 2028 4834 xvi),

447 4862 632 4926 aperte
658 4854 959 4910 ostenditur
980 4855 1124 4925 quod
1151 4854 1354 4910 idcirco
1375 4853 1608 4909 salutem
1631 4853 1888 4922 perdidit,
1904 4851 2030 4923 quia

448 4960 571 5000 cum
601 4945 864 5014 superbiae
888 4945 1024 5000 vitio
1054 4961 1363 5002 mensuram
1389 4945 1682 5001 moderatae
1717 4945 2032 5020 refectionis

447 5034 699 5092 excessit.
728 5034 864 5092 llinc
893 5036 1373 5108 primogenitorum
1403 5035 1630 5108 gloriam
1658 5037 1801 5092 Esau
1829 5036 2028 5103 amisit,

448 5129 573 5200 quia
600 5143 792 5201 magno
829 5137 963 5184 aestu
1012 5129 1426 5185 desiderabilem
1460 5131 1665 5196 cibum,
1696 5129 1751 5184 id
1781 5138 1883 5194 est,
1911 5128 2030 5183 len-

448 5217 667 5272 ticulam
713 5217 1041 5290 concupivit,
1081 5232 1244 5289 quam
1286 5218 1522 5275 venditis
1571 5219 1735 5274 etiam
1763 5217 2032 5289 primoge-

450 5305 580 5361 nitis
600 5308 856 5378 praetulit,
874 5325 982 5380 quo
1004 5310 1060 5366 in
1083 5309 1173 5366 illa
1196 5312 1437 5382 appetitu
1459 5311 1738 5365 anhelaret
1752 5308 2029 5365 indicavit.

451 5394 638 5467 Neque
669 5399 813 5453 enim
841 5400 1014 5467 cibus,
1046 5403 1142 5459 sed
1172 5405 1442 5475 appetitus
1469 5403 1524 5458 in
1553 5403 1683 5457 vitio
1722 5410 1826 5457 est.
1877 5401 2031 5459 Unde

448 5495 508 5546 et
534 5488 792 5548 lautiores
819 5491 968 5549 cibos
995 5493 1313 5566 plerumque
1341 5497 1458 5551 sine
1485 5494 1643 5565 culpa
1664 5493 1949 5560 sumimus,
1975 5500 2030 5549 et

448 5579 770 5653 abiectiores
796 5599 904 5640 non
938 5585 1056 5642 sine
1081 5596 1236 5643 reatu
1279 5587 1625 5644 conscientiae
1664 5588 2032 5658 degustamus.

447 5668 552 5729 Hic
579 5673 776 5746 quippe
800 5691 959 5748 quem
988 5678 1223 5736 diximus
1261 5681 1402 5736 Esau
1424 5721 1438 5747 ,
1464 5680 1759 5750 primatum
1786 5693 1883 5749 per
1923 5677 2038 5734 len-

451 5762 672 5818 ticulam
706 5769 959 5835 perdidit,
993 5780 1049 5827 et
1090 5772 1236 5828 Elias
1283 5773 1339 5828 in
1389 5787 1572 5827 eremo
1619 5773 1876 5826 virtutem
1922 5786 2038 5827 cor-

450 5858 599 5942 poris
626 5873 818 5921 carncs
843 5861 1050 5919 edendo
1086 5863 1337 5921 servavit.
1385 5864 1540 5926 Unde
1566 5876 1622 5925 ct
1652 5869 1905 5940 antiquus
1940 5868 2036 5926 ho-

2139 4757 2216 4813 illi
2243 4767 2424 4814 autem
2445 4757 2676 4827 juvenes
2707 4771 2886 4830 erant,
2916 4766 3133 4835 quando
3162 4765 3307 4822 Esau
3336 4769 3585 4824 vendidit
3621 4769 3735 4839 pri-

2138 4854 2409 4924 mogenita
2456 4870 2574 4910 sua.
2615 4855 2887 4913 Ponamus
2934 4859 3099 4914 etiam
3159 4860 3305 4932 ipsos
3347 4861 3500 4916 circa
3538 4861 3736 4931 viginti

2139 4957 2310 5000 annos
2345 4944 2531 5013 fuisse,
2564 4946 2700 5003 ﬁunt
2724 4949 2854 5004 anni
2889 4950 3066 5006 astatis
3093 4950 3245 5007 Isaac
3267 4967 3443 5023 usque
3477 4952 3548 5008 ad
3598 4952 3736 5007 illud

2139 5034 2343 5091 factum
2369 5037 2603 5093 ﬁliorum
2623 5041 2740 5110 ejus
2781 5041 3004 5098 circiter
3051 5043 3343 5114 octoginta.
3393 5043 3732 5100 Adolescen-

2141 5135 2249 5182 tem
2280 5129 2609 5199 accipiamus
2653 5129 2820 5186 fuisse
2848 5131 3186 5199 Abimelech,
3229 5134 3445 5203 quando
3471 5138 3732 5194 :matrem

2138 5219 2307 5289 ipsius
2331 5221 2660 5292 concupivit,
2681 5229 2736 5277 et
2774 5221 3006 5279 Abrahae
3034 5224 3242 5278 amicus
3284 5223 3461 5276 factus
3485 5229 3590 5274 est.
3625 5221 3733 5275 Po—

2138 5311 2241 5366 tuit
2263 5326 2393 5383 ergo
2414 5311 2529 5382 jam
2559 5328 2680 5369 esse
2726 5314 2881 5382 quasi
2928 5312 3290 5377 centenarius,
3339 5312 3384 5367 si
3427 5321 3551 5383 post
3592 5311 3733 5367 illud

2137 5403 2342 5459 factum
2366 5404 2598 5459 ﬁliorum
2617 5419 2840 5460 suorum
2859 5405 3100 5473 perrexit
3119 5403 3172 5458 in
3192 5418 3310 5458 eam
3333 5412 3538 5458 terram
3564 5401 3729 5457 famis

2137 5497 2460 5554 necessitate
2486 5497 2657 5558 Isaac.
2699 5496 2819 5552 Non
2845 5511 2974 5570 ergo
3000 5511 3067 5552 ex
3097 5498 3201 5552 hoc
3230 5496 3375 5567 cogit
3403 5495 3510 5549 ulla
3541 5510 3732 5550 neces-

2138 5591 2290 5656 sitas,
2314 5604 2412 5660 per
2451 5588 2953 5660 recapitulationem
2999 5595 3191 5659 putare
3226 5595 3503 5642 narratam
3548 5582 3728 5653 perfe-

2138 5684 2372 5739 ctionem
2409 5682 2563 5738 Isaac
2594 5680 2650 5736 in
2679 5680 2904 5735 Gerara.
2931 5679 3036 5735 Sed
3060 5679 3184 5744 quia
3206 5673 3278 5728 ibi
3307 5674 3562 5728 diuturno
3587 5682 3724 5727 tem-

2137 5789 2268 5843 pore
2299 5789 2418 5828 esse
2457 5775 2603 5826 Isaac
2627 5770 2884 5825 scribitur
2907 5775 2962 5822 et
2990 5774 3180 5836 puteos
3210 5766 3430 5831 fodisse,
3459 5773 3512 5820 et
3539 5765 3606 5820 dc
3633 5765 3722 5819 his

2139 5867 2498 5933 contendisse,
2529 5872 2584 5920 et
2619 5863 2847 5921 ditatum
2874 5859 3038 5918 fuisse
3080 5859 3330 5933 pecunia,
3375 5857 3574 5917 mirum
3610 5855 3716 5914 nisi
