3946 6452
160 387 273 452 585

1198 385 1552 447 COMMENT.
1591 385 1661 447 IN
1695 386 2024 449 GENESIM.
2060 419 2133 430 —
2167 386 2299 445 LIB.
2335 388 2423 446 ΙΙΙ.

3340 387 3453 450 686

162 505 575 579 recapitulando
599 504 707 563 ista
731 517 1272 561 commemorantur:
1316 519 1437 577 qua:
1482 502 1603 559 ideo
1642 502 1760 559 fue-
1784 508 1839 571 Α
1861 501 1999 558 Ecce
2020 503 2341 576 relinquetur
2359 502 2502 558 vobis
2530 502 2715 557 domus
2761 506 2933 557 vestra
2974 508 3181 557 asserta
3229 499 3449 575 (Matth.

160 612 287 659 rant
316 602 708 675 praetermissa,
731 608 789 654 ut
823 599 1057 670 primum
1094 600 1161 654 de
1189 598 1313 654 ﬁliis
1347 597 1463 668 ejus
1491 613 1663 669 usque
1691 596 1759 651 ad

150 686 317 754 [illum
350 696 528 752 locum
555 695 622 750 de
666 694 922 749 lenticula
969 694 1210 748 narratio
1254 693 1585 764 perveniret.
1635 692 1760 749 Ideo

147 780 308 861 quod
334 789 601 860 scriptum
625 795 711 843 est
736 787 802 842 de
820 786 969 843 Isaac
996 785 1301 841 :Benedixit
1316 794 1491 841 autem
1516 802 1635 842 eum
1652 786 1759 841 Do-

146 864 361 945 ‘minus,
376 888 425 935 et
447 879 709 935 esaltatus
731 889 808 934 est
829 879 984 935 homo
1006 887 1057 934 et
1079 880 1364 951 procedens
1387 879 1563 951 major
1573 879 1754 950 ﬁebat,

157 973 504 1046 quoadusque
529 989 752 1044 magnus
775 971 945 1037 factus
973 981 1049 1027 est
1072 971 1240 1035 valde,
1265 972 1561 1030 secundum
1587 979 1758 1028 terre-

146 1058 284 1125 'nam
314 1066 635 1124 felicitatem
659 1066 864 1123 dictum
885 1067 1166 1139 Sequentia
1188 1067 1401 1123 docent.
1428 1066 1758 1137 Exsequitur

144 1146 396 1233 namque
412 1169 669 1218 narrator
686 1160 905 1217 easdem
927 1159 1045 1230 ejus
1064 1160 1300 1227 divitias,
1316 1160 1513 1232 quibus
1527 1173 1756 1229 magnus

154 1256 332 1313 factus
358 1264 465 1321 est,
499 1265 556 1313 et
597 1255 728 1311 hinc
772 1264 956 1312 motus
999 1254 1335 1320 Abimelech,
1383 1254 1564 1311 timuit
1604 1252 1755 1308 illum

156 1348 229 1406 ibi
263 1359 411 1415 esse,
438 1363 509 1405 ne
542 1349 833 1420 praesentia
860 1346 977 1418 ejus
1003 1348 1105 1405 sibi
1129 1358 1274 1406 esset
1315 1346 1531 1404 infesta.
1577 1345 1756 1414 Quan-

1864 599 2047 670 χχιιι).
2076 597 2237 653 Fodit
2258 610 2389 668 ergo
2414 594 2565 651 Isaac
2614 609 2815 649 novum
2863 591 3109 664 puteum,
3146 593 3258 651 imo
3298 595 3455 666 pueri

1861 691 2014 747 Isaac
2040 690 2270 747 fodiunt.
2296 686 2457 744 Pueri
2497 694 2624 743 sunt
2662 685 2836 753 Isaac,
2860 683 3163 752 Matthatus,
3214 684 3454 752 Marcus,

1862 781 2038 838 Lucas
2064 789 2120 838 et
2145 780 2400 847 Joannes,
2437 778 2634 835 Petrus
2665 786 2722 835 et
2753 775 3009 844 Jacobus,
3030 774 3201 834 Iudas
3238 784 3296 833 et
3322 791 3456 848 apo-

1861 875 2032 931 stolus
2082 872 2304 941 Pa’ulus,
2342 873 2435 945 qui
2459 888 2652 929 omnes
2682 871 2819 928 Novi
2862 869 3199 927 Testamenti
3227 878 3454 941 puteum

1859 966 2131 1037 foderunt,
2156 977 2213 1025 et
2232 969 2558 1025 invenerunt
2596 980 2795 1037 aquam
2821 965 3028 1032 vivam,
3065 979 3188 1035 quae
3224 962 3287 1018 ﬁt
3332 961 3458 1020 fons

1858 1079 2010 1134 aqua:
2037 1061 2271 1117 salientis
2300 1060 2358 1115 in
2389 1060 2551 1115 vitam
2589 1068 2861 1115 aeternam.
2895 1056 3005 1114 Sed
3026 1072 3127 1130 pro
3153 1056 3242 1114 his
3276 1056 3457 1112 adhuc

1858 1153 2197 1211 altercantur
2226 1151 2303 1208 illi
2343 1153 2440 1223 qui
2478 1160 2695 1209 terrena
2728 1150 2969 1224 sapiunt,
2999 1164 3104 1206 nec
3126 1163 3267 1206 nova
3291 1146 3456 1205 condi

1850 1246 2167 1320 patiuntur,
2209 1259 2310 1301 nec
2359 1253 2543 1300 vetera
2594 1242 2846 1316 purgari,
2894 1241 3228 1316 evangelicis
3272 1241 3457 1315 puteis

1855 1337 2256 1403 contradicunt,
2306 1335 2564 1407 apostolis
2584 1336 2974 1402 adversantur;
3018 1346 3077 1391 et
3113 1334 3374 1406 quoniam
3396 1331 3457 1390 in

154 1457 317 1513 quam
360 1456 492 1514 ergo
526 1440 728 1512 aliquid
758 1440 1038 1511 spirituale
1070 1442 1177 1497 ista
1208 1440 1536 1513 signiﬁcent,
1567 1447 1752 1495 tamen
1855 1430 2110 1487 omnibus
2162 1429 2545 1486 contradicunt
2596 1427 2890 1500 litigantes,
2940 1426 3141 1483 dicitur
3181 1426 3251 1482 ad
3297 1440 3395 1482 eos
3435 1439 3452 1479 :

153 1532 454 1590 secundum
506 1531 564 1587 id
613 1531 759 1604 quod
812 1532 1180 1605 contigerunt,
1235 1533 1359 1589 ideo
1407 1531 1752 1604 prtemissum
1854 1521 2120 1590 Quoniam
2144 1522 2385 1593 indignos
2411 1538 2502 1576 vos
2532 1520 2729 1592 fecistis
2754 1519 2941 1593 gratia:
2963 1518 3084 1587 Dei,
3112 1532 3180 1575 ea:
3215 1517 3313 1573 hoc
3334 1514 3457 1588 jam

152 1633 271 1681 est:
301 1623 585 1680 Benediin
616 1641 734 1680 eum
758 1625 1051 1693 Dominus,
1095 1633 1157 1681 ut
1206 1641 1341 1682 sana
1375 1624 1482 1680 ﬁde
1540 1622 1742 1680 intelli-
1852 1615 1923 1670 ad
1940 1623 2115 1686 gentes
2137 1613 2329 1668 ibimus
2368 1611 2508 1687 (Act.
2538 1611 2718 1684 xvul).

152 1731 342 1787 gamus
364 1716 533 1773 etiam
570 1716 675 1772 ista
721 1717 1039 1788 temporalia
1083 1717 1225 1773 dona
1271 1732 1374 1775 nec
1406 1717 1524 1772 dari
1560 1731 1741 1789 posse,

1923 1703 2052 1760 Post
2079 1706 2190 1759 haec
2215 1705 2338 1776 jam
2357 1704 2492 1775 fodit
2517 1705 2729 1759 tertium
2749 1711 2966 1775 puteum
2992 1700 3174 1769 Isaac,
3195 1708 3246 1757 et
3268 1697 3452 1772 appel-

150 1823 253 1863 nec
277 1823 507 1880 sperare
533 1808 764 1877 debere,
789 1808 954 1865 etiam
983 1825 1105 1866 cum
1136 1810 1205 1866 ab
1232 1808 1622 1865 inﬁrmioribus
1649 1823 1747 1879 ap.
1849 1795 1975 1853 lavit
2007 1813 2199 1851 nomen
2235 1795 2338 1850 loci
2366 1795 2511 1850 illius
2544 1794 2814 1862 Latitudo,
2847 1794 3026 1850 dicens
3056 1808 3075 1847 :
3116 1793 3277 1849 Nunc
3314 1789 3454 1846 dila-

148 1907 429 1971 petumur,
464 1901 568 1956 nisi
595 1902 664 1958 ab
698 1917 805 1958 uno
828 1901 959 1968 Deo,
987 1910 1046 1957 ut
1073 1903 1166 1973 qui
1192 1903 1247 1957 in
1290 1903 1528 1959 minimis
1571 1901 1746 1958 ﬁdelis
1774 1910 1822 1970 Β
1850 1889 1979 1943 tavit
2004 1905 2098 1943 nos
2121 1886 2399 1953 Dominus,
2422 1896 2473 1942 et
2500 1886 2625 1958 fecit
2650 1902 2880 1942 crescere
2898 1902 3056 1957 super
3079 1894 3295 1939 terram.
3313 1882 3458 1939 Vere

148 2000 252 2060 est,
278 2001 335 2047 et
366 1997 421 2048 in
453 1994 662 2065 magnis
691 1993 865 2050 ﬁdelis
894 1993 999 2060 sit;
1027 2002 1083 2048 et
1107 1994 1198 2064 qui
1226 1994 1280 2049 in
1307 2009 1615 2050 mammona
1643 1993 1751 2048 ini-

146 2100 259 2157 quo
283 2084 464 2141 ﬁdelis
487 2086 734 2153 inventus
760 2093 864 2151 est,
889 2085 1055 2142 etiam
1098 2102 1293 2141 verum
1340 2087 1589 2163 accipere
1638 2101 1753 2142 me-

148 2183 357 2242 reatur,
372 2175 515 2232 sicut
532 2176 791 2232 Dominus
805 2177 862 2231 in
874 2175 1168 2248 Evangelia
1180 2177 1420 2249 loquitur
1437 2176 1593 2251 (Luc.
1612 2176 1749 2252 xvn).

146 2265 300 2323 Talia
322 2266 471 2322 enim
492 2266 559 2324 de
578 2266 857 2323 Abraham
883 2267 1030 2325 dicta
1056 2276 1205 2335 sunt,
1237 2269 1382 2341 quod
1422 2268 1475 2325 ei
1523 2285 1752 2325 munera

144 2356 241 2414 Dei
272 2359 647 2429 provenerint.
691 2356 845 2417 Unde
888 2375 1022 2416 non-
1044 2376 1236 2433 parum
1281 2361 1515 2417 asdiﬁcat
1559 2375 1753 2423 sanam

148 2446 327 2517 ﬁdem,
358 2451 455 2522 pie
504 2450 931 2523 intelligentibus
972 2452 1080 2508 ista
1133 2454 1401 2520 narratio,
1428 2453 1643 2510 etiamsi
1685 2452 1753 2510 de

145 2543 230 2601 his
252 2544 423 2601 rebus
450 2544 742 2617 allegorica
766 2544 1095 2617 signiﬁcatio
1116 2546 1265 2603 nulla
1278 2553 1465 2618 posset
1483 2544 1747 2618 exsculpi.

145 2631 280 2702 Quid
305 2644 499 2692 autem
526 2635 631 2691 sibi
659 2634 788 2693 velit
813 2635 955 2706 quod
970 2677 987 2703 ,
1010 2644 1132 2693 orta
1165 2634 1311 2695 fame
1334 2651 1500 2709 super
1522 2645 1748 2704 terram,

142 2725 288 2785 Isaac
343 2729 425 2785 ad
484 2728 803 2786 Abimelech
836 2744 1021 2801 regem
1066 2729 1481 2788 Paleestinorum
1529 2730 1611 2787 in.
1646 2729 1756 2787 Ge-

144 2832 264 2875 rara
287 2833 354 2875 ex
379 2829 666 2890 praecepto
694 2828 752 2876 et
794 2820 1173 2877 benedictione
1214 2822 1431 2878 Domini
1479 2821 1750 2894 perrexit,

143 2908 315 2982 ibique
342 2909 664 2967 Rebeccam
689 2925 918 2966 uxorem
950 2926 1103 2967 suam
1137 2911 1352 2967 timoris
1392 2926 1560 2968 causa
1592 2911 1751 2967 ﬁnxit

147 3014 406 3069 sororem,
437 3016 604 3073 quam
640 3017 739 3059 rex
774 3002 1077 3075 alienigena
1121 3002 1275 3060 Isaac
1302 3003 1588 3076 conjugem
1620 3012 1753 3061 tunc

149 3107 263 3150 esse
305 3096 587 3169 cognovit,
617 3096 835 3167 quando
865 3110 991 3151 eum
1023 3111 1148 3152 cum
1178 3113 1243 3153 ea
1279 3097 1553 3153 ludentem
1577 3097 1744 3165 vidit;

151 3184 273 3255 quid
296 3188 349 3239 in
378 3196 728 3244 sacramento
757 3187 961 3244 Christi
991 3196 1046 3244 et
1069 3188 1350 3256 Ecclesiae,
1380 3191 1524 3259 quod
1560 3199 1749 3248 tantus

1854 1981 2111 2037 dilatatus
2129 1987 2215 2036 est
2234 1980 2406 2048 Isaac,
2421 1988 2478 2036 et
2498 1978 2741 2049 implevit
2759 1991 2979 2033 omnem
3003 1983 3208 2031 terram
3225 1973 3455 2030 scientia

1855 2072 2163 2139 Trinitatis,
2195 2078 2252 2126 et
2280 2071 2335 2126 in
2366 2076 2483 2125 toto
2517 2069 2652 2124 orbe
2679 2066 3023 2123 latitudinem
3057 2063 3318 2121 Ecclesia:
3342 2061 3456 2119 col-

1853 2162 2069 2219 locavit.
2099 2161 2257 2218 Prius
2278 2169 2491 2216 tantum
2518 2160 2575 2215 in
2600 2159 2795 2214 Judma
2821 2166 2976 2212 notus
2998 2163 3111 2211 erat
3133 2153 3297 2220 Deus,
3322 2160 3371 2208 et
3395 2152 3453 2206 in

1852 2254 2024 2325 Israel
2079 2254 2454 2309 nominabatur
2501 2249 2675 2324 (Psal.
2716 2247 2912 2324 LXXV);
2975 2261 3124 2304 nunc
3167 2254 3351 2301 autem
3396 2245 3455 2300 in
3500 2288 3514 2295 -

1854 2362 2059 2406 omnem
2079 2358 2275 2405 terram
2304 2348 2431 2403 exiit
2457 2363 2617 2402 sonus
2660 2361 2876 2410 eorum,
2925 2350 2976 2398 et
3028 2341 3087 2395 in
3129 2340 3263 2411 ﬁnes
3311 2338 3454 2394 orbis

1852 2450 2008 2496 terra:
2028 2438 2185 2495 verba
2207 2454 2389 2493 eorum
2418 2435 2594 2511 (Psal.
2625 2436 2806 2503 xvm).
2825 2434 3104 2490 Exeuntes
3125 2431 3273 2487 enim
3293 2429 3453 2503 pueri

1851 2530 2006 2590 Isaac
2037 2545 2136 2604 per
2170 2531 2488 2588 universum
2531 2530 2723 2586 orbem
2752 2536 2932 2596 terrae,
2956 2526 3212 2584 foderunt
3236 2529 3453 2595 puteos,

1852 2635 1909 2682 et
1932 2639 2135 2698 aquam
2157 2624 2410 2682 omnibus
2436 2623 2840 2689 ostenderunt,
2900 2621 3227 2692 baptizantes
3274 2633 3454 2674 omnes

1851 2728 2051 2791 gentes,
2074 2719 2133 2775 in
2162 2718 2371 2774 nomine
2402 2715 2607 2783 Patris,
2629 2725 2678 2771 et
2708 2713 2862 2781 Filii,
2886 2722 2935 2769 et
2981 2711 3212 2785 Spiritus
3258 2710 3455 2767 sancti.

1854 2812 1966 2870 Sed
1995 2814 2125 2884 quid
2170 2821 2257 2869 est
2302 2811 2449 2884 quod
2493 2818 2690 2882 puteos
2733 2807 3009 2865 Abraham
3056 2820 3197 2879 quos
3241 2803 3457 2876 aperuit

1852 2906 2038 2973 Isaac,
2066 2906 2149 2962 sic
2175 2905 2395 2962 vocavit
2416 2919 2513 2961 eos
2543 2904 2686 2960 sicut
2720 2910 2776 2958 et
2810 2909 2967 2972 pater
3004 2899 3146 2970 ejus,
3174 2897 3282 2952 nisi
3324 2895 3454 2967 quia

1852 2995 2066 3069 Moyses
2104 2997 2248 3066 apud
2288 3011 2389 3052 nos
2427 2995 2595 3050 etiam
2636 2993 2850 3064 Moyses
2889 2988 3211 3062 appellatur,
3239 2994 3296 3043 et
3331 3000 3459 3058 pro-

1850 3088 2032 3161 pheta:
2084 3088 2462 3158 unusquisque
2508 3102 2608 3142 suo
2663 3084 2885 3141 nomine
2929 3077 3307 3154 appellantur?
3353 3091 3459 3134 nec

1852 3180 2319 3251 mutantur-quasi
2343 3179 2659 3235 eorumdem
2685 3176 2948 3233 vocabula
2970 3172 3281 3247 puteorum.
3327 3169 3459 3228 Haec

151 3275 458 3346 patriarcha
487 3289 612 3331 cum
650 3277 878 3349 conjuge
908 3280 1128 3345 luserit,
1160 3281 1580 3353 conjugiumque
1612 3283 1745 3340 illud
1772 3273 1819 3339 C
1848 3275 2097 3349 mystice.
2124 3274 2404 3329 Moraliter
2427 3280 2611 3328 autem
2637 3270 2790 3326 Isaac
2818 3269 2962 3340 apud
2983 3267 3218 3323 alienam
3238 3272 3460 3338 gentem
3544 3284 3556 3292 ·

153 3365 271 3422 inde
312 3368 387 3423 sit
413 3368 717 3440 cognitum;
741 3368 890 3424 videt
928 3369 1191 3440 profecto,
1226 3372 1495 3441 quisquis,
1535 3388 1605 3430 ne
1651 3374 1751 3432 ali-

151 3459 272 3529 quid
286 3460 561 3515 narrando
579 3460 637 3515 in
656 3459 955 3516 Ecclesiam
984 3470 1196 3531 peccet,
1224 3471 1493 3519 secretum
1514 3464 1618 3519 viri
1633 3463 1752 3533 ejus

142 3546 205 3627 in
244 3549 549 3622 Scripturis
572 3552 779 3619 sanctis
823 3552 1109 3624 diligenter
1158 3553 1421 3622 intuetur,
1447 3565 1503 3611 et
1547 3556 1756 3615 invenit

151 3651 270 3694 eum
297 3640 643 3709 maiestatem
675 3658 831 3699 suam
860 3659 968 3715 qua
1005 3644 1063 3699 in
1092 3645 1265 3701 forma
1294 3645 1392 3703 Dei
1418 3649 1643 3719 aequalis
1669 3659 1757 3707 est

150 3728 320 3799 Patri,
345 3731 624 3803 paulisper
652 3733 1004 3791 abscondisse
1031 3738 1090 3793 in
1117 3739 1293 3795 forma
1321 3741 1488 3809 servi,
1530 3750 1593 3798 ut
1636 3743 1756 3815 ejus

153 3841 328 3898 capax
359 3841 483 3883 esse
529 3827 768 3883 humana
815 3827 1103 3886 inﬁrmitas
1140 3840 1345 3902 posset,
1372 3848 1548 3905 eoque
1595 3835 1759 3893 modo

153 3933 209 3974 se
234 3917 475 3991 conjugii
505 3933 806 3991 congruum
836 3920 940 3975 iter
965 3928 1201 3993 aptaret.
1229 3923 1371 3991 Quid
1394 3924 1538 3980 enim
1570 3925 1759 3982 absur-

158 4012 280 4067 dum
301 4024 411 4080 est,
434 4013 545 4067 imo
565 4013 696 4083 quid
718 4013 1164 4072 inconvenienter
1184 4016 1496 4073 futurorum
1520 4033 1759 4090 pronun-

158 4100 377 4159 tiatione
441 4104 937 4172 accommodatum,
987 4107 1034 4161 si
1077 4108 1347 4185 propheta
1392 4102 1488 4163 Dei
1536 4108 1761 4166 carnale

159 4192 355 4264 aliquid
406 4194 560 4261 lusit,
593 4203 657 4249 ut
692 4208 819 4251 eum
868 4204 1091 4268 caperet
1130 4199 1358 4255 affectus
1394 4201 1602 4269 uxoris,
1634 4217 1760 4257 cum

160 4282 327 4353 ipsum
356 4285 600 4342 Verbum
612 4284 710 4342 Dei
740 4301 869 4343 caro
882 4286 1086 4344 factum
1107 4289 1180 4344 sit
1197 4300 1259 4344 ut
1285 4290 1562 4345 habitaret
1580 4291 1637 4347 in
1657 4306 1762 4348 no-

162 4373 273 4431 bis?
295 4376 479 4449 (Joan.
512 4378 582 4450 t.)
616 4379 747 4435 Post
771 4380 890 4437 haec
915 4379 1090 4436 refert
1116 4380 1402 4450 Scriptura
1431 4383 1575 4453 quod

229 4465 383 4523 Isaac
406 4475 686 4559 postquam
711 4469 972 4527 benedixit
994 4472 1148 4527 illum
1160 4472 1421 4531 Dominus
1444 4485 1495 4530 et
1520 4474 1767 4547 magniﬁ—

166 4563 305 4613 catus
319 4567 394 4614 est
405 4556 587 4624 ualde,
620 4572 900 4628 aggressus
920 4564 997 4612 est
1012 4571 1145 4626 opus
1158 4572 1207 4611 et
1221 4564 1369 4626 empti
1388 4564 1566 4626 fodere
1579 4574 1763 4627 puteos

1853 3375 2047 3441 puteos
2095 3365 2299 3421 fodisse
2356 3362 2703 3430 describitur,
2755 3376 2864 3432 quo
2909 3358 3164 3416 videlicet
3209 3355 3460 3426 exemplo

1856 3460 2137 3524 discimus,
2162 3465 2223 3512 ut
2249 3456 2305 3512 in
2337 3455 2442 3510 hac
2482 3451 2940 3525 peregrinationis
2984 3462 3228 3505 aerumna
3270 3444 3459 3518 positi,

1857 3551 2249 3624 cogitationum
2302 3556 2615 3604 nostrarum
2667 3543 2939 3616 profunda
2980 3548 3361 3615 penetremus;
3404 3545 3464 3594 et

1858 3657 2141 3716 quousque
2166 3639 2539 3712 intelligentiae
2562 3649 2693 3693 vere
2726 3635 2887 3692 nobis
2927 3648 3069 3704 aqua
3108 3628 3461 3703 respondeat,

1857 3748 2207 3806 nequaquam
2247 3738 2449 3787 nostrae
2498 3726 2866 3800 inquisitionis
2904 3737 3101 3780 manus
3149 3722 3220 3778 ad
3258 3719 3465 3777 exhau-

1858 3830 2108 3886 riendam
2135 3825 2319 3883 cordis
2340 3833 2543 3881 terram
2569 3827 2863 3893 torpescat.
2886 3818 3035 3888 Quos
3061 3824 3245 3872 tamen
3267 3820 3465 3886 puteos

1858 3917 2134 3991 A110phyli
2158 3915 2482 3973 insidiantes
2507 3912 2738 3984 replent,
2764 3907 2894 3982 quia
2912 3907 3174 3964 nimirum
3196 3904 3466 3963 immundi

1862 4012 2108 4084 spiritus,
2141 4024 2267 4065 cum
2292 4023 2394 4064 nos
2428 4004 2671 4062 studiose
2709 4001 2896 4058 fodere
2934 3997 3295 4071 conspiciunt,
3330 4010 3467 4052 con-

1856 4107 2034 4180 iectas
2061 4107 2218 4163 nobis
2239 4103 2602 4176 cogitationes
2643 4097 3011 4157 tentationum
3035 4092 3275 4164 erigunt.
3309 4086 3466 4180 Sarpe

1863 4179 1990 4258 cum
2017 4199 2248 4270 eloquiis
2273 4197 2446 4254 sacris
2489 4193 2847 4257 intendimus,
2890 4188 3259 4260 malignorum
3306 4179 3470 4251 spirl.

1863 4302 2020 4351 tuum
2040 4292 2265 4349 insidias
2287 4289 2507 4362 gravius
2537 4287 2856 4348 toleramus,
2882 4280 3010 4360 quia
3053 4275 3230 4335 menti
3265 4282 3470 4334 nostra

1865 4396 2208 4443 terrenarum
2230 4381 2624 4453 cogitationum
2643 4377 2925 4451 pulverem
2950 4376 3270 4446 aspergunt,
3297 4375 3361 4424 ut
3387 4368 3470 4424 in-

1866 4480 2127 4539 tentionis
2150 4486 2351 4534 nostra:
2385 4474 2571 4532 oculos
2608 4488 2641 4528 a
2681 4472 2802 4528 luce
2851 4469 3061 4525 intima:
3106 4464 3335 4522 visionis
3372 4461 3471 4519 ob-

1868 4581 2116 4632 scurent.
2141 4569 2299 4638 Quod
2340 4567 2506 4625 etiam
2545 4564 2700 4621 Isaac
2744 4575 2911 4637 opere
2951 4565 3009 4615 et
3052 4555 3470 4624 Allopbylorum

165 4662 284 4716 quos
312 4648 560 4720 foderant
580 4647 734 4719 pueri
755 4647 925 4719 patris
944 4645 1029 4702 sui
1057 4644 1347 4713 Abraham,
1360 4647 1451 4701 sed
1471 4645 1757 4701 incidentes

1862 4653 2137 4727 pravitate
2163 4649 2516 4721 cognovimus
2531 4640 2828 4717 designari,
2843 4642 2934 4714 qui
2955 4649 3149 4714 puteos
3159 4654 3298 4712 quos
3315 4640 3471 4698 Isaac

168 4735 211 4789 ei
237 4734 533 4802 Palwstini,
553 4738 927 4793 obstruxerunt
956 4752 1066 4804 eos,
1088 4734 1364 4806 implentes
1385 4735 1566 4802 humo,
1585 4743 1641 4790 et
1674 4749 1763 4792 re-

167 4824 321 4898 liqua.
351 4826 492 4897 Quis
515 4834 603 4884 est
632 4826 737 4885 iste
758 4829 932 4894 Isaac,
962 4827 1070 4884 nisi
1126 4827 1386 4884 Salvator
1428 4834 1638 4894 noster,
1666 4827 1762 4899 qui

172 4919 290 4977 dum
308 4920 682 4981 descendisset
710 4921 766 4976 in
800 4921 965 4976 istam
996 4928 1299 4977 torrentem
1329 4919 1558 4989 Gerara,
1583 4919 1762 4992 primo

176 5015 406 5074 omnium
430 5017 559 5073 illos
588 5024 782 5087 puteos
802 5014 988 5071 fodere
1011 5013 1143 5083 vult,
1173 5030 1312 5086 quos
1333 5014 1583 5073 foderant
1608 5016 1763 5089 pueri

174 5107 331 5175 patris
347 5110 467 5166 sui?
504 5108 650 5165 Idem
673 5108 887 5181 Moyses
905 5115 1130 5180 puteum
1152 5108 1289 5180 legis
1309 5109 1520 5167 foderat
1566 5110 1761 5179 David,

180 5194 441 5270 Salomon,
482 5209 541 5258 et
586 5203 898 5273 prophetae;
954 5200 1123 5258 libros
1171 5203 1511 5274 scripserunt
1548 5202 1763 5262 Veteris

181 5287 502 5352 Testamenti
519 5336 535 5363 ,
561 5309 700 5366 quos
731 5303 913 5350 tamen
942 5302 1165 5351 terrena
1194 5303 1249 5351 et
1277 5295 1495 5352 sordida
1523 5297 1764 5367 repleve-

183 5389 262 5436 rat
296 5385 650 5460 intelligentia
670 5384 1018 5455 Iudaeorum;
1068 5394 1124 5444 et
1152 5400 1343 5444 eorum
1368 5404 1431 5444 os
1456 5405 1580 5445 cum
1603 5388 1766 5447 vellet

183 5486 405 5546 purgare
428 5479 603 5545 Isaac,
627 5485 688 5533 ut
710 5479 1022 5536 ostenderet
1049 5480 1177 5551 quia
1215 5496 1553 5554 quaecunque
1590 5484 1676 5539 lex
1712 5492 1770 5540 et

185 5570 451 5639 propheta:
469 5572 744 5638 dixerunt,
769 5570 836 5626 de
862 5572 1275 5642 ipsoidixerunt,
1301 5574 1464 5631 rixati
1489 5584 1617 5631 sunt
1642 5591 1767 5632 cum

190 5673 252 5715 eo
275 5661 561 5733 Palaestini,
593 5668 648 5723 id
688 5673 773 5722 est
808 5663 979 5720 Judaei
1006 5681 1036 5720 a
1064 5682 1253 5739 regno,
1283 5669 1382 5724 Dei
1432 5669 1614 5725 alieni.
1658 5668 1768 5726 Sed

193 5751 459 5813 descendit
482 5759 550 5814 ab
571 5758 652 5814 eis
686 5774 700 5812 :
732 5773 841 5813 non
868 5765 1052 5828 potest
1096 5772 1217 5813 esse
1258 5774 1383 5814 cum
1432 5758 1520 5814 his
1567 5759 1661 5831 qui
1711 5759 1768 5816 in

194 5849 358 5913 puteis
385 5864 578 5921 aquam
600 5851 789 5907 nolunt
810 5850 1032 5917 habere,
1048 5852 1144 5909 sed
1172 5860 1396 5920 terram,
1413 5859 1468 5908 et
1492 5851 1623 5908 dicit
1643 5851 1723 5910 eis
1749 5868 1764 5906 :

497 5944 776 6009 Panos.
819 5941 1007 6008 CVII.

1864 4746 2079 4804 foderat
2105 4753 2269 4801 terrae
2291 4739 2545 4814 congerie
2565 4737 2871 4810 replebant.

1936 4837 2047 4895 Nos
2070 4838 2238 4904 enim,
2266 4850 2369 4891 nos
2390 4833 2647 4889 nimirum
2668 4839 2863 4905 puteos
2890 4829 3153 4899 fodimus,
3173 4845 3300 4887 cum
3324 4828 3474 4887 Scri-

1863 4940 2041 5006 ptura;
2065 4929 2265 4987 abditis
2288 4926 2541 4985 sensibus
2566 4926 2678 4981 alta
2704 4932 3059 4997 penetramus
3083 4940 3097 4978 :
3121 4937 3260 4995 quos
3284 4929 3467 4979 tamen

1864 5026 2078 5085 occulte
2106 5024 2317 5097 replent
2340 5021 2636 5095 Allophyli,
2664 5019 2883 5093 quando
2908 5018 3068 5076 nobis
3096 5017 3165 5074 ad
3196 5016 3307 5073 alta
3350 5024 3473 5074 ten-

1871 5118 2128 5178 dentibus
2158 5116 2424 5173 immundi
2454 5114 2680 5187 spiritus
2708 5121 2957 5168 terrenas
2994 5109 3353 5182 cogitationes
3385 5108 3472 5165 in-

1870 5221 2068 5288 gerunt
2102 5220 2160 5269 et
2197 5211 2354 5284 quasi
2403 5209 2683 5266 inventam
2733 5207 2932 5264 divinae
2973 5203 3219 5262 scientiae
3271 5216 3473 5272 aquam

1872 5304 2087 5361 tollunt.
2141 5302 2295 5371 Quod
2337 5302 2598 5357 nimirum
2654 5298 2946 5353 Psalmista
2993 5292 3299 5367 protulerat
3343 5307 3472 5350 cum

1872 5396 2088 5454 dicebat
2122 5414 2135 5451 :
2180 5394 2450 5450 Declinate
2472 5409 2506 5447 a
2542 5407 2648 5457 me,
2670 5387 2911 5460 maligni,
2932 5394 2983 5443 et
3021 5385 3297 5445 scrutabor
3319 5401 3475 5441 man-

1874 5490 1999 5544 data
2016 5488 2116 5544 Dei
2142 5488 2244 5543 mei
2278 5483 2452 5560 (Psal.
2483 5482 2698 5557 cxvm).
2740 5479 3005 5539 Videlicet
3041 5484 3295 5550 patenter
3337 5476 3474 5534 insi-
3521 5527 3530 5552 ἦ

1874 5597 2061 5641 nuans
2094 5581 2225 5653 quia
2268 5578 2525 5635 mandata
2562 5575 2662 5631 Dei
2706 5571 3043 5647 perscrutari
3087 5586 3197 5629 non
3227 5576 3467 5643 poterat,
3520 5560 3526 5568 ’

1875 5690 1999 5731 cum
2038 5674 2403 5746 malignorum
2436 5667 2726 5739 spirituum
2760 5665 2988 5724 insidias
3015 5664 3074 5722 in
3109 5669 3297 5721 mente
3330 5659 3472 5718 tole-

1873 5767 2047 5824 rabat.

3041 5932 3113 5998 19
