3946 6486
217 471 220 474 ’
239 469 350 526 589

1262 460 1614 518 acnuam.
1653 459 1722 516 lN
1759 457 2086 517 csussm.
2121 489 2194 501 --
2227 457 2357 515 LIB.
2396 426 2511 516 1n.

3393 460 3510 520 590

239 593 356 638 tua.
391 581 451 635 in
484 575 809 648 pinguedine
835 574 1022 645 utique
1067 584 1244 640 terrae,
1279 575 1336 630 in
1381 574 1712 630 fecunditate
1736 589 1828 630 re—
1853 578 1911 640 Α
1932 590 2040 645 gna
2065 582 2150 630 est
2172 575 2342 630 virtus
2374 574 2683 641 humilium,
2723 575 2816 645 qui
2854 589 2922 632 ex
2942 575 3211 632 desiderio
3238 573 3355 632 loca
3385 576 3513 632 ulti-

239 680 366 726 rum
397 677 453 724 et
483 665 724 737 potentia
760 663 935 736 regni,
957 678 1078 733 quae
1107 664 1165 719 in
1195 662 1282 719 illo
1318 664 1514 733 populo
1543 662 1664 729 fuit,
1689 673 1744 719 et
1771 664 1830 721 in

239 777 369 819 rore
396 761 521 817 eali
558 761 666 816 erit
695 757 996 814 benedictio
1019 766 1130 821 tua,
1156 757 1209 812 id
1237 764 1340 822 est,
1373 756 1429 810 in
1456 757 1682 827 eloquiis
1711 757 1828 813 Dei.

239 857 380 927 Ipsis
409 855 555 910 enim
583 850 788 908 credita
834 856 960 904 sunt
999 848 1213 918 ebquia
1242 848 1356 913 Dei,
1386 855 1441 902 et
1487 848 1621 919 legis
1663 856 1830 903 testa-

243 955 448 1003 menta.
492 943 641 998 Vives
678 941 876 1012 gladio,
924 939 1101 1004 idest,
1143 939 1271 1008 quia
1311 938 1560 1008 sanguini
1606 937 1833 1007 populus

243 1040 334 1093 ille
369 1037 580 1093 deditus
605 1047 798 1089 necem
826 1032 880 1084 in
899 1032 1116 1087 Christo
1145 1030 1229 1084 vel
1255 1029 1534 1099 prOphetis
1564 1028 1828 1082 exercuit.

243 1132 314 1185 Et
344 1131 499 1199 fratri
546 1138 636 1182 tuo
680 1125 870 1180 seruies
917 1125 1126 1188 minori,
1177 1122 1383 1177 scilicet
1430 1120 1628 1191 populo
1677 1120 1833 1175 Chri-

241 1222 442 1277 stiano.
503 1219 828 1287 Tempusque
880 1214 1042 1268 veniet
1112 1225 1230 1267 cum
1283 1214 1516 1267 excutias
1565 1221 1613 1266 et
1661 1210 1832 1265 solvas

234 1314 432 1384 iugum
471 1309 537 1364 de
585 1306 866 1362 cervicibus
895 1306 1020 1359 tuis.
1052 1303 1190 1358 Dum
1221 1318 1318 1372 per
1347 1304 1677 1374 agnitionem
1706 1301 1834 1357 ﬁdei

239 1407 314 1462 ad
351 1404 582 1478 gratiam
609 1401 811 1456 Christi
841 1414 1152 1463 conversus,
1181 1397 1496 1468 deposueris
1516 1413 1654 1452 onus
1674 1395 1833 1465 legis,

240 1496 586 1570 quandojam
608 1509 714 1550 non
743 1494 946 1549 servies
967 1491 1162 1562 populo
1196 1490 1412 1554 minori,
1437 1489 1530 1544 sed
1555 1505 1652 1559 per
1671 1488 1833 1544 ﬁdem

241 1589 414 1645 ffater
438 1586 742 1644 vocaberis.
792 1584 925 1640 item
970 1583 1078 1638 alio
1115 1581 1297 1638 modo.
1356 1580 1498 1649 Quid
1543 1589 1648 1647 est,
1685 1578 1834 1650 quod

239 1683 392 1739 lsaac
425 1682 494 1737 de
517 1681 742 1751 mjoris
767 1677 862 1733 filii
883 1677 968 1732 sui
990 1676 1274 1732 venatione
1302 1676 1446 1732 vesci
1474 1673 1834 1743 concupiscit,

235 1776 348 1830 nisi
373 1774 518 1845 quod
537 1768 885 1842 omnipotens
914 1769 1063 1824 Deus
1093 1767 1303 1823 Judaici
1337 1767 1519 1838 populi
1543 1768 1684 1823 bona
1706 1782 1835 1836 ope-

239 1870 456 1924 ratione
490 1867 642 1938 pasci
678 1863 1045 1920 desideravit?
1076 1862 1200 1927 Sed,
1239 1861 1332 1916 illo
1361 1862 1625 1927 tardante,
1660 1860 1834 1916 mino-

1933 680 2022 720 ma
2045 672 2286 722 tenentes
2305 679 2366 721 se
2386 679 2482 736 per
2507 664 2868 721 humilitatem
2895 680 2929 720 a
2965 673 3110 722 terra
3131 667 3189 723 in
3212 665 3383 723 altum
3403 681 3512 724 non

1930 753 2234 823 sublevant,
2265 764 2321 811 et
2345 755 2581 813 scelestis
2616 757 2769 829 regni
2795 772 3089 828 purpuram
3111 758 3169 812 in
3194 768 3377 816 mente
3399 773 3515 816 ser-

1933 856 2080 902 vant.
2117 846 2290 903 Aliter
2319 849 2525 905 redolet
2548 849 2716 921 spica,
2749 864 2873 905 cum
2903 849 2973 904 ad
3000 851 3368 907 maturitatem
3391 865 3515 922 per-

1932 939 2164 1007 ducitur,
2197 941 2322 1010 quia
2355 942 2616 999 bonorum
2657 959 2879 1014 operum
2906 943 3166 1014 perfectio
3208 945 3279 1000 ad
3317 944 3517 1001 saturi-

1933 1038 2100 1085 tatem
2121 1046 2310 1086 eorum
2334 1033 2427 1101 qui
2448 1033 2714 1104 justitiam
2733 1037 2981 1090 esuriunt
3001 1045 3354 1108 praeparatur.
3379 1036 3513 1104 Quia

1933 1136 2064 1193 ergo
2081 1124 2300 1194 gentilis
2337 1125 2567 1193 populus
2593 1126 2650 1180 in
2671 1127 2856 1182 electis
2878 1128 2991 1183 suis
3012 1128 3213 1199 ubique
3237 1143 3335 1200 per
3359 1143 3518 1184 mun-

1934 1214 2061 1269 dum
2091 1231 2314 1285 sparsus
2339 1223 2441 1281 est,
2465 1226 2522 1271 et
2542 1232 2611 1272 cx
2650 1217 2729 1273 eis
2757 1219 3046 1276 virtutibus
3079 1235 3211 1290 quas
3247 1219 3360 1290 agit
3396 1235 3516 1275 om-

1935 1323 2034 1364 nes
2060 1309 2151 1378 qui
2196 1309 2502 1380 intelligunt
2528 1311 2697 1366 odore
2733 1311 2888 1367 bona:
2928 1313 3198 1383 Opinionis
3219 1313 3410 1382 replet,
3441 1313 3520 1367 di-

1935 1411 2089 1459 catur
2126 1411 2272 1457 recte
2295 1422 2308 1457 :
2341 1401 2488 1458 Odor
2507 1403 2608 1472 ﬁlii
2645 1406 2748 1460 mei
2767 1407 2899 1460 sicut
2927 1407 3057 1460 odor
3085 1406 3198 1475 agri
3224 1405 3382 1476 pleni.
3415 1404 3521 1460 Sed

1935 1495 2063 1566 quia
2090 1495 2309 1550 easdem
2329 1497 2558 1552 virtutes
2577 1511 2648 1553 ex
2675 1498 2969 1567 semetipso
2993 1509 3100 1552 non
3125 1497 3308 1563 habet,
3335 1495 3524 1565 adjun-

1936 1584 2176 1656 git:Cui
2218 1587 2476 1642 benedixit
2499 1587 2757 1644 Dominus
2795 1589 2956 1644 Deus.
3004 1590 3072 1644 Et
3095 1589 3353 1659 quoniam
3379 1588 3523 1642 idem

1935 1677 2231 1734 electorum
2256 1678 2484 1748 populus
2512 1694 2610 1749 per
2629 1680 2896 1749 quosdam
2922 1680 3089 1736 etiam
3115 1679 3170 1734 in
3195 1677 3525 1747 contempla-

1942 1770 2149 1826 tionem
2191 1771 2386 1842 surgit,
2417 1787 2514 1841 per
2533 1772 2795 1840 quosdam
2821 1786 2951 1826 vero
2990 1772 3045 1827 in
3068 1773 3257 1827 activae
3286 1771 3408 1825 vitae
3437 1784 3526 1825 so-

1937 1863 2212 1919 lummodo
2233 1877 2396 1934 opera
2429 1864 2750 1933 pinguescit,
2785 1871 2931 1920 recte
2974 1864 3082 1919 illic
3124 1864 3370 1919 additur:
3424 1863 3524 1918 Det

241 1967 362 2014 rem
400 1959 642 2012 Rebecca
671 1955 970 2026 supposuit,
1009 1954 1135 2023 quia
1169 1952 1297 2007 dum
1319 1951 1580 2008 Iudaicus
1607 1952 1834 2024 p0pulus
1863 1945 1912 2005 B
1938 1956 2034 2010 tibi
2075 1955 2331 2010 Dominus
2373 1954 2437 2010 de
2488 1972 2603 2010 rore
2644 1955 2780 2022 caeli,
2828 1965 2876 2011 et
2918 1955 2984 2010 de
3032 1955 3342 2025 pinguedine
3371 1963 3526 2009 terra!

239 2052 385 2107 bona
413 2059 578 2120 opera
623 2049 754 2104 foris
802 2047 1016 2118 quierit,
1055 2046 1311 2117 gentilem
1355 2045 1613 2116 populum
1664 2053 1838 2100 mater

241 2143 421 2214 gratia
450 2141 767 2206 introduxit,
808 2148 870 2194 ut
907 2139 1265 2209 omnipotenti
1301 2137 1449 2193 Patri
1479 2139 1662 2194 cibum
1706 2138 1837 2193 boni

239 2236 424 2306 operis
449 2233 687 2299 offerret,
717 2240 772 2287 et
792 2231 1226 2291 benedictionem
1265 2229 1486 2300 majoris
1527 2228 1713 2283 fratris
1742 2243 1837 2282 ac-

235 2325 464 2398 ciperet.
494 2325 598 2394 Qui
627 2325 844 2380 eosdem
882 2323 1034 2380 cibos
1059 2339 1127 2378 ex
1159 2323 1472 2378 domesticis
1516 2321 1839 2376 animalibus

233 2415 493 2489 praebuit,
521 2417 649 2488 quia
691 2414 910 2487 gentilis
953 2414 1184 2485 populus
1227 2414 1440 2484 placere
1469 2414 1580 2468 Deo
1603 2412 1840 2467 exterio-

233 2511 392 2567 ribus
433 2510 718 2567 sacriﬂciis
744 2523 853 2565 non
897 2521 1167 2578 qtmzrens,
1197 2522 1294 2577 per
1341 2522 1526 2561 vocem
1555 2506 1838 2574 Propheta:

235 2603 408 2661 dicit:
431 2605 499 2658 In
527 2619 608 2658 me
629 2614 772 2668 sunt,
798 2603 960 2667 Dens,
984 2609 1102 2655 eota
1129 2610 1243 2666 tua,
1262 2617 1379 2669 qua?
1409 2600 1624 2652 reddam
1650 2597 1837 2651 lauda-

231 2697 406 2753 tiones
429 2699 520 2752 tibi
551 2695 726 2768 (Psal.
751 2697 860 2765 LV).
897 2694 1038 2760 Quid
1073 2701 1157 2748 est
1182 2691 1328 2762 quod
1360 2685 1503 2745 idem
1529 2689 1699 2745 Jacob
1723 2704 1839 2743 ma-

237 2801 343 2843 nus
375 2804 437 2843 ac
469 2789 694 2843 brachia
721 2795 777 2840 et
812 2785 1012 2841 collum
1036 2785 1266 2839 haedinis
1295 2783 1524 2854 pellibus
1553 2784 1710 2848 texit,
1733 2781 1840 2837 nisi

235 2879 389 2949 quod
435 2879 624 2934 haedus
652 2892 754 2949 pro
787 2885 1012 2948 peccato
1053 2874 1236 2930 olferri
1279 2874 1585 2938 consuevit,
1626 2881 1681 2927 et
1710 2887 1839 2942 geu-

237 2969 351 3026 tilis
380 2970 629 3040 populus,
671 2969 802 3024 dum
845 2983 904 3024 se
933 2977 1277 3039 peccatorem
1304 2966 1554 3023 conﬁteri
1582 2980 1691 3020 non
1716 2980 1840 3020 eru-

232 3059 434 3128 bescit,
461 3062 646 3118 carnis
669 3061 724 3116 in
745 3075 804 3116 se
829 3069 1052 3130 peccata
1078 3060 1380 3114 mactavit?
1409 3059 1550 3126 Quid
1577 3067 1662 3113 est
1696 3056 1842 3126 quod

233 3155 580 3209 vestimentis
618 3153 840 3223 majoris
861 3150 1048 3207 fratris
1075 3152 1336 3216 induitur,
1367 3151 1473 3206 nisi
1501 3150 1647 3220 quod
1672 3162 1842 3204 sacrae

231 3241 541 3314 Scriptura:
578 3247 882 3316 praeceptis,
929 3257 1048 3315 qua:
1091 3244 1286 3315 majori
1318 3243 1517 3315 papulo
1547 3245 1675 3299 data
1719 3242 1838 3297 fue-

235 3345 386 3403 rant,
415 3338 470 3391 in
499 3338 642 3394 bona
670 3339 985 3407 operatione
1023 3313 1253 3394 vestitus
1285 3313 1409 3405 est;
1444 3349 1501 3394 et
1539 3341 1620 3395 cis
1658 3340 1838 3395 ini-nor
1865 3313 1910 3376 Ο

234 3433 292 3488 in
324 3430 490 3484 domo
527 3429 722 3496 utitur,
752 3444 874 3498 quae
912 3429 1086 3498 major
1127 3428 1274 3483 foras
1303 3431 1492 3485 exiens
1521 3432 1665 3485 intus
1708 3430 1836 3484 reli-

237 3521 399 3592 quit?
427 3521 559 3588 Quae
590 3510 679 3574 ille
723 3517 978 3574 Judaieus
1009 3519 1238 3587 populus
1257 3520 1478 3588 habere
1504 3534 1613 3573 non
1643 3519 1838 3588 potuit,

239 3611 373 3667 dum
401 3613 574 3668 solam
601 3612 656 3665 in
678 3611 760 3665 eis
789 3612 1026 3665 nnciam
1050 3610 1297 3664 attendit.
1329 3611 1397 3665 Et
1417 3595 1544 3681 quid
1571 3620 1670 3674 est,
1699 3611 1840 3681 quod

233 3701 394 3757 Isaac
434 3703 684 3755 eumdem
725 3700 898 3754 illium
943 3701 1138 3765 nescit,
1181 3707 1344 3769 quem
1392 3701 1688 3766 benedixit,
1735 3700 1841 3754 nisi

237 3791 372 3854 hoc,
396 3795 539 3857 (tuon
560 3788 626 3842 de
654 3786 839 3857 gentili
861 3788 1060 3857 pepqu
1084 3788 1344 3842 Dominus
1372 3804 1470 3857 per
1495 3789 1841 3845 Psalmistam

239 3881 381 3935 dicit
406 3897 418 3933 :
463 3878 697 3948 Populus
719 3892 870 3948 quem
896 3895 1000 3932 non
1022 3879 1236 3948 cognoui
1258 3880 1441 3933 serviet
1463 3880 1589 3933 mihi
1613 3881 1637 3933 Ρ
1667 3878 1838 3950 (Ρειιι.

240 3971 406 4042 xvn.)
443 3971 582 4038 Quid
615 3979 721 4035 est,
752 3971 896 4040 quod
915 3979 1238 4039 praesentem
1265 3987 1372 4025 non
1399 3971 1551 4036 vidit,
1583 3978 1637 4026 et
1661 3980 1842 4026 tamen

240 4079 367 4135 quae
388 4065 437 4119 ei
468 4063 524 4116 in
546 4062 728 4117 futuro
753 4062 1007 4116 eveniant
1030 4063 1182 4129 vidit,
1209 4063 1313 4118 nisi
1331 4065 1478 4133 quod
1505 4065 1845 4133 omnipotens

242 4157 407 4220 Deus,
445 4169 567 4210 cum
595 4167 692 4225 per
722 4156 1016 4224 pmphetas
1045 4172 1172 4211 suos
1197 4157 1514 4226 praediceret
1559 4158 1844 4229 gentilitati

238 4250 475 4321 gratiam
505 4248 934 4318 praerogandam,
983 4263 1105 4302 eam
1147 4257 1203 4303 et
1233 4248 1288 4302 in
1315 4250 1569 4318 praesenti
1597 4265 1694 4319 per
1723 4264 1846 4317 gra—

245 4343 378 4395 tiam
407 4353 516 4395 nou
546 4339 701 4405 vidit,
760 4341 888 4410 quia
935 4348 1063 4395 tunc
1119 4341 1174 4394 in
1205 4357 1393 4396 errore
1442 4341 1760 4412 dereliquit;
1791 4349 1847 4396 et

244 4437 430 4485 tamen
477 4433 601 4499 quia
636 4433 774 4487 hanc
815 4433 1143 4502 quandoque
1198 4433 1524 4488 collecturus
1575 4441 1714 4499 erat,
1747 4448 1845 4503 per

245 4519 642 4575 benedictionis
670 4522 898 4588 gratiam
928 4522 1219 4586 praevidit?
1265 4523 1420 4579 Unde
1447 4533 1504 4579 et
1549 4524 1726 4579 eidem
1755 4522 1847 4578 Ja-

245 4613 350 4668 cob
375 4612 588 4682 gentilis
614 4610 796 4683 populi
839 4609 1068 4679 ﬁguram
1117 4607 1338 4671 tenenti,
1386 4615 1441 4660 in
1467 4615 1843 4666 benedictione

247 4703 484 4758 dicitur:
517 4703 652 4758 Ecce
681 4703 812 4756 odor
833 4700 931 4770 ﬁlii
973 4701 1071 4754 mei
1097 4701 1231 4753 sicut
1259 4699 1390 4753 odor
1418 4699 1534 4768 agri
1571 4697 1732 4768 pleni,
1758 4699 1843 4752 cui

249 4794 513 4850 benedixit
553 4797 808 4849 Dominus
832 4791 995 4847 Deus.
1042 4792 1198 4848 Sicut
1223 4792 1279 4846 in
1312 4791 1602 4862 Evangelio
1629 4790 1844 4848 Veritas

253 4877 419 4943 dicit:
469 4885 605 4957 Ager
651 4894 728 4938 est
770 4884 854 4937 hic
885 4884 1111 4938 mundus
1163 4883 1381 4956 (Matth.
1422 4883 1568 4955 xm).
1612 4883 1680 4937 Et
1712 4883 1843 4952 quia

252 4978 547 5034 electorum
603 4976 829 5048 populus
884 4975 938 5031 in
988 4977 1241 5032 universo
1292 4976 1494 5031 mundo
1546 4975 1842 5032 virtutibus

253 5071 484 5137 redolet,
513 5070 647 5126 odor
676 5070 801 5124 ﬁdei
832 5070 966 5126 odor
995 5078 1080 5125 est
1100 5070 1216 5140 agri
1247 5068 1411 5139 pleni.

319 5165 492 5220 Aliter
518 5171 751 5232 namque
769 5164 877 5218 olet
905 5162 1003 5219 llos
1029 5178 1165 5228 uvae,
1194 5162 1321 5232 quia
1349 5176 1543 5233 magna
1561 5171 1648 5218 est
1669 5160 1846 5217 virtus

256 5261 306 5308 et
343 5256 526 5327 opinio
565 5256 998 5327 praedicatorum,
1049 5257 1142 5327 qui
1187 5256 1456 5312 inebriant
1504 5263 1714 5310 mentes
1743 5268 1842 5310 au—

257 5346 537 5406 dientium.

323 5441 496 5498 Aliter
522 5441 622 5498 ﬂos
669 5440 843 5505 olivae,
887 5439 1012 5510 quia
1043 5454 1206 5496 suave
1235 5447 1320 5495 est
1366 5453 1502 5510 opus
1535 5440 1844 5498 misericor-

261 5530 376 5600 diae,
411 5535 555 5605 quod
582 5547 732 5589 more
763 5533 868 5588 olei
893 5532 1096 5587 refovet
1131 5541 1186 5587 et
1219 5533 1378 5588 lucet.

327 5627 495 5685 Aliter
520 5627 618 5684 llos
649 5641 802 5692 rosae,
832 5627 959 5697 quia
994 5628 1128 5681 mira
1158 5636 1240 5681 est
1270 5626 1586 5698 fragrantia,
1612 5643 1733 5699 quae
1761 5644 1846 5683 ru-

265 5715 378 5774 tilat
403 5729 458 5776 ct
485 5721 692 5776 redolet
716 5737 782 5776 ex
809 5733 999 5774 cruore
1030 5727 1346 5790 martyrum.

329 5814 498 5870 Aliter
518 5814 615 5869 llos
639 5814 761 5880 lilii,
795 5815 918 5884 quia
947 5813 1173 5867 candida
1223 5815 1329 5868 vita
1355 5816 1532 5871 carnis
1560 5825 1642 5870 est
1666 5816 1731 5870 de
1759 5814 1874 5868 ιιι--

271 5907 611 5979 corruptione
637 5907 978 5979 virginitatis.
1029 5905 1199 5963 Aliter
1226 5905 1322 5965 llos
1351 5909 1521 5976 viola),
1575 5908 1700 5980 quia
1733 5923 1846 5964 ma-

1939 2047 2339 2102 abundantiam.
2364 2046 2477 2103 Bos
2501 2048 2647 2102 enim
2668 2048 2896 2118 desuper
2919 2045 3114 2102 leniter
3141 2045 3306 2112 venit,
3333 2052 3389 2100 et
3407 2045 3530 2101 sub-

1941 2141 2106 2197 tiliter
2131 2142 2313 2208 cadit;
2343 2151 2399 2197 et
2423 2143 2584 2198 toties
2606 2143 2674 2197 de
2709 2157 2833 2196 rore
2871 2140 2992 2196 coeli
3034 2140 3354 2211 accipimus,
3393 2154 3528 2208 quo-

1939 2235 2043 2291 ties
2084 2249 2183 2306 per
2225 2234 2550 2291 inlusionem
2581 2234 3055 2305 contemplationis
3102 2233 3305 2288 intimae
3348 2233 3416 2287 de
3441 2247 3532 2286 su-

1939 2326 2125 2397 pernis
2176 2326 2381 2395 aliquid
2435 2326 2672 2381 tenuiter
2709 2326 2975 2381 videmus.
3029 2323 3164 2380 Cum
3214 2340 3346 2380 vero
3389 2324 3530 2378 bona

1939 2431 2108 2486 opera
2135 2417 2299 2471 etiam
2349 2430 2450 2485 per
2501 2431 2698 2485 corpus
2735 2415 2967 2486 agimus,
3011 2415 3078 2470 de
3116 2423 3274 2469 terra:
3309 2413 3532 2484 pingue-

1941 2509 2066 2563 dine
2119 2508 2371 2562 ditamur.
2427 2506 2566 2573 Quid
2603 2515 2688 2562 cst
2731 2513 2913 2562 autem
2950 2507 3094 2576 quod
3119 2506 3264 2560 Esau
3291 2506 3444 2560 tarde
3464 2506 3534 2561 ad

1939 2609 2150 2672 patrem
2176 2601 2334 2665 redit,
2370 2601 2475 2655 nisi
2498 2600 2642 2671 quod
2684 2599 2940 2655 Judaicus
2970 2599 3196 2670 populus
3225 2599 3292 2654 ad
3317 2599 3536 2668 placan-

1941 2694 2068 2749 dum
2104 2692 2390 2748 Dominum
2411 2707 2536 2747 sero
2561 2692 2889 2746 revertitur?
2917 2689 3015 2746 Cui
3054 2698 3109 2744 et
3136 2689 3240 2745 hoc
3268 2689 3322 2743 in
3368 2690 3534 2744 bene-

1942 2783 2177 2839 dictione
2203 2783 2404 2838 dicitur
2428 2801 2441 2836 :
2477 2781 2800 2853 Tempusque
2821 2783 2918 2836 erit
2948 2798 3066 2835 cum
3095 2781 3329 2836 solvatur
3345 2781 3536 2851 jugu-m

1940 2875 2006 2931 de
2048 2874 2181 2931 collo
2212 2886 2324 2942 tuo,
2363 2875 2489 2944 quia
2544 2890 2576 2928 a
2615 2875 2878 2930 servitute
2909 2872 3119 2944 peccati
3164 2871 3419 2927 Iudaicus
3443 2886 3536 2938 po-

1939 2968 2100 3039 pulus
2129 2969 2186 3022 in
2231 2968 2342 3022 line
2385 2967 2669 3032 liberatur,
2717 2966 2860 3022 sicut
2903 2966 3164 3034 scriptum
3203 2971 3327 3018 est:
3361 2962 3536 3016 Donec

1941 3059 2209 3130 plenitudo
2231 3059 2462 3128 gentium
2505 3058 2766 3123 introiret,
2815 3057 2891 3111 sic
2941 3055 3110 3111 omnis
3161 3054 3334 3110 Israel
3362 3053 3536 3109 salvus

1941 3151 2088 3221 ﬁeret
2117 3149 2294 3222 (Rom.
2320 3149 2416 3221 in).

2018 3241 2215 3298 Oderat
2240 3259 2361 3313 ergo
2405 3257 2604 3311 semper
2634 3239 2782 3294 Esau
2826 3239 2989 3294 Jacob
3033 3255 3127 3308 pro
3178 3238 3533 3292 benedictione

1940 3353 2044 3405 qua
2080 3335 2413 3388 beneditcerat
2440 3334 2487 3386 ei
2515 3341 2687 3402 pater,
2728 3331 2964 3402 dixitque
2995 3330 3048 3383 in
3079 3329 3233 3384 corde
3263 3345 3359 3383 suo
3385 3346 3401 3381 .'
3442 3327 3538 3380 Ve-

1944 3427 2085 3480 nicnt
2120 3425 2229 3479 dies
2253 3424 2423 3478 luctus
2443 3424 2607 3494 patris
2633 3423 2756 3488 mei,
2794 3430 2844 3474 et
2867 3420 3102 3474 occidam
3125 3418 3291 3472 Iacob
3320 3418 3538 3486 fratrem

1941 3536 2133 3575 meum.
2179 3517 2440 3572 Nuntiata
2467 3526 2587 3572 sunt
2635 3517 2747 3570 haec
2777 3513 3036 3568 Rebeccae.
3084 3510 3214 3576 Qua:
3244 3510 3448 3564 mittens
3490 3517 3539 3563 et

1943 3628 2135 3666 vocans
2158 3609 2324 3664 Iacob
2348 3608 2519 3678 ﬁlium
2544 3621 2718 3673 suum,
2765 3605 2898 3660 dixit
2936 3603 3003 3657 ad
3030 3619 3148 3657 eum
3171 3619 3189 3656 :
3224 3600 3360 3656 Ecce
3389 3599 3539 3655 Esau

1944 3705 2110 3775 frater
2155 3711 2274 3757 tuus
2323 3701 2556 3756 minatur
2600 3709 2656 3753 ut
2683 3698 2885 3752 occidat
2923 3705 2992 3750 te.
3042 3694 3200 3749 Nunc
3244 3709 3384 3764 ergo,
3433 3691 3538 3761 ﬁli,

1946 3796 2071 3850 audi
2095 3811 2266 3850 vocem
2291 3811 2484 3860 meam,
2529 3802 2577 3848 et
2622 3806 2937 3861 consurgens
2967 3788 3087 3859 fuge
3113 3785 3182 3842 ad
3205 3786 3386 3840 Laban
3414 3784 3530 3853 fra-

1947 3894 2078 3940 trem
2107 3902 2280 3939 meum
2301 3885 2358 3938 in
2394 3883 2584 3937 Ilarcm
2607 3900 2626 3947 ;
2649 3881 3013 3950 Itabitabisque
3042 3895 3159 3931 cum
3179 3893 3240 3930 eo
3267 3876 3376 3929 dies
3403 3892 3538 3945 pau—

1947 3995 2054 4044 cos,
2087 3979 2251 4032 donec
2276 3977 2510 4048 quiescat
2531 3976 2684 4046 furor
2719 3974 2902 4045 fratris
2923 3973 3024 4038 tui,
3045 3981 3092 4026 et
3113 3980 3271 4026 cesset
3297 3970 3540 4041 indigna-

1947 4074 2019 4126 tio
2047 4073 2180 4143 ejus,
2225 4071 2659 4140 obliviscnturque
2707 4084 2888 4122 eorum
2931 4083 3048 4138 quae
3098 4065 3261 4134 fecisti
3291 4064 3345 4118 in
3375 4080 3539 4130 eum;

1945 4177 2124 4237 postea
2170 4165 2371 4218 mittam
2405 4171 2453 4217 et
2484 4161 2746 4216 adducam
2789 4167 2837 4213 te
2882 4158 3003 4212 inde
3049 4157 3172 4223 huc,
3217 4163 3323 4211 etc.
3357 4152 3537 4226 (Aug.)

1949 4256 2228 4321 Quomodo
2254 4253 2576 4308 annuntiata
2605 4251 2690 4306 vel
2726 4248 3036 4304 renuntiata
3058 4254 3183 4302 sunt
3206 4247 3372 4300 verba
3395 4245 3540 4300 Esau

1949 4347 2227 4410 Rebeccae,
2271 4345 2468 4415 quibus
2510 4341 2873 4398 comminatus
2908 4347 2992 4393 est
3035 4338 3284 4393 occidere
3314 4337 3539 4392 fratrem

1949 4456 2132 4507 suum,
2160 4455 2283 4495 cum
2307 4438 2588 4508 Scriptura
2617 4436 2764 4491 dicat
2799 4436 2904 4490 hoc
2932 4449 3056 4489 eum
3103 4432 3158 4487 in
3192 4446 3289 4488 sua
3329 4430 3540 4501 cogita-

1948 4534 2097 4590 tione
2141 4533 2364 4598 dixisse,
2405 4532 2508 4587 nisi
2563 4531 2692 4600 quia
2741 4529 2870 4582 hinc
2914 4527 3070 4582 nobis
3111 4527 3270 4581 datur
3314 4523 3542 4594 intelligi

1949 4624 2095 4686 quad
2123 4625 2381 4681 divinitus
2400 4624 2451 4678 ei
2487 4621 2866 4679 revelabantur
2888 4616 3112 4670 ommit?
3138 4614 3291 4666 Unde
3315 4613 3384 4665 ad
3425 4627 3541 4666 ma.

1945 4725 2112 4782 gnum
2137 4709 2454 4779 mysterium
2487 4705 2721 4776 pertinet
2775 4703 2917 4772 quod
2955 4701 3124 4755 lilium
3167 4717 3322 4756 suum
3365 4703 3542 4759 mino-

1946 4814 2062 4856 rem
2092 4814 2190 4870 pro
2219 4797 2424 4868 majore
2468 4795 2641 4851 voluit
2684 4793 2948 4850 benedici.
3003 4793 3173 4865 Igitur
3224 4794 3370 4848 Esau
3415 4803 3543 4864 post

1945 4891 2380 4949 benedictionem
2433 4887 2606 4961 patris
2661 4885 2878 4943 invidiae
2929 4885 3163 4941 stimulis
3211 4884 3538 4950 concitatus,

1943 5002 2134 5044 necem
2161 4985 2315 5042 fratri
2340 5001 2437 5042 suo
2458 4984 2626 5040 Jacob
2651 4983 2924 5054 excogitat
2942 4980 3331 5037 fraudulenter.
3353 4980 3538 5053 (Ιδίιι.)

1944 5080 2059 5137 Hoc
2095 5079 2349 5135 nimirum
2396 5088 2451 5135 et
2493 5076 2750 5134 Iudaicus
2795 5075 3022 5147 populus
3064 5075 3119 5129 in
3158 5073 3375 5130 Christo
3403 5089 3540 5144 prae-

1947 5173 2258 5238 meditatus,
2293 5186 2399 5226 non
2436 5171 2611 5227 solum
2638 5168 2878 5240 patibulo
2906 5165 3193 5223 Dominum
3223 5164 3402 5220 crucis
3433 5172 3540 5219 tra-

1945 5266 2104 5334 didit,
2134 5280 2320 5322 verum
2340 5265 2504 5321 etiam
2535 5263 2818 5319 credentes
2842 5261 2896 5315 in
2923 5260 3014 5315 illo
3033 5272 3204 5327 usque
3233 5258 3300 5311 ad
3323 5255 3538 5313 effusio-

1947 5365 2073 5416 nem
2095 5357 2371 5429 sanguinis
2405 5361 2723 5426 persecutus
2747 5358 2849 5405 cst.

2019 5449 2171 5522 (CAP.
2194 5447 2412 5520 xxvui.)
2449 5444 2663 5501 Vocaeit
2686 5444 2866 5512 itaque
2891 5439 3048 5494 Isaac
3070 5438 3263 5508 Jacob,
3299 5448 3345 5494 et
3385 5439 3536 5494 bene-

1949 5543 2104 5609 dixit,
2131 5542 2479 5612 prmccpitque
2499 5537 2574 5601 ei,
2607 5535 2814 5586 dicens:
2849 5531 2974 5585 Noli
3005 5530 3236 5600 accipere
3265 5529 3535 5600 conjugem

1948 5635 2012 5689 de
2040 5649 2222 5706 genere
2262 5633 2515 5687 Chanaan
2540 5646 2557 5692 ;
2606 5627 2694 5680 sed
2736 5625 2862 5679 vade
2890 5637 2934 5679 et
2983 5624 3309 5694 proficiscere
3337 5623 3389 5676 in
3419 5620 3532 5674 Me-

1946 5727 2292 5794 sopottttniam
2327 5723 2496 5791 Syria:
2520 5718 2588 5772 ad
2613 5718 2826 5770 domum
2850 5716 3070 5769 Batlmet
3114 5726 3313 5780 patrem
3353 5712 3534 5765 matris

1945 5826 2072 5882 tuw,
2122 5827 2170 5870 et
2223 5816 2393 5883 accipe
2435 5811 2528 5866 tibi
2577 5809 2698 5864 inde
2743 5823 2954 5863 uxorem
2999 5804 3062 5859 de
3111 5804 3319 5875 ﬁliabus
3353 5801 3534 5858 ιαιαη

1950 5907 2192 5962 avunculi
2227 5906 2321 5961 tui.
2382 5903 2564 5977 (Aug)
2616 5901 2770 5970 Quod
2817 5901 3017 5961 habent
3064 5896 3243 5956 Latini
3297 5893 3529 5961 codices,
