  <div class='ocr_page' id='page_1' title='image "/cluster/home/n/w/nwhite01/storage/ocr_20150623/107/hvd.32044015466832/301.png"; bbox 0 0 3946 6438; ppageno 0'>
   <div class='ocr_carea' id='block_1_1' title="bbox 437 336 3732 417">
    <p class='ocr_par' dir='ltr' id='par_1_1' title="bbox 437 336 3732 417">
     <span class='ocr_line' id='line_1_1' title="bbox 437 336 3732 417; baseline -0.001 -17"><span class='ocrx_word' id='word_1_1' title='bbox 437 342 570 417; x_wconf 28' lang='grc'><strong>591,</strong></span> <span class='ocrx_word' id='word_1_2' title='bbox 1109 340 1174 397; x_wconf 86' lang='grc' dir='ltr'><strong>Β.</strong></span> <span class='ocrx_word' id='word_1_3' title='bbox 1210 337 1464 395; x_wconf 79' lang='lat' dir='ltr'><strong>BABANI</strong></span> <span class='ocrx_word' id='word_1_4' title='bbox 1501 336 1720 395; x_wconf 82' lang='lat' dir='ltr'><strong>MAURI</strong></span> <span class='ocrx_word' id='word_1_5' title='bbox 1753 337 2074 396; x_wconf 82' lang='lat' dir='ltr'><strong>ARCHIEP.</strong></span> <span class='ocrx_word' id='word_1_6' title='bbox 2115 339 2423 398; x_wconf 82' lang='lat' dir='ltr'><strong>MOGUNT.</strong></span> <span class='ocrx_word' id='word_1_7' title='bbox 2465 338 2748 398; x_wconf 79' lang='lat' dir='ltr'><strong>OPERUM</strong></span> <span class='ocrx_word' id='word_1_8' title='bbox 2785 339 2965 397; x_wconf 80' lang='lat' dir='ltr'><strong>PARS</strong></span> <span class='ocrx_word' id='word_1_9' title='bbox 3000 341 3044 396; x_wconf 85' lang='grc' dir='ltr'><strong>ι.</strong></span> <span class='ocrx_word' id='word_1_10' title='bbox 3616 341 3732 398; x_wconf 66' lang='lat'><strong>59%</strong></span> 
     </span>
    </p>
   </div>
   <div class='ocr_carea' id='block_1_2' title="bbox 441 452 3728 527">
    <p class='ocr_par' dir='ltr' id='par_1_2' title="bbox 441 452 3728 527">
     <span class='ocr_line' id='line_1_2' title="bbox 441 452 3728 527; baseline -0 -16"><span class='ocrx_word' id='word_1_11' title='bbox 441 453 596 511; x_wconf 80' lang='lat' dir='ltr'><strong>Isaac</strong></span> <span class='ocrx_word' id='word_1_12' title='bbox 621 452 832 510; x_wconf 78' lang='lat' dir='ltr'><strong>dicente</strong></span> <span class='ocrx_word' id='word_1_13' title='bbox 873 455 985 510; x_wconf 93' lang='lat' dir='ltr'><strong>ﬁlio</strong></span> <span class='ocrx_word' id='word_1_14' title='bbox 1030 470 1166 510; x_wconf 92' lang='lat' dir='ltr'><strong>suo:</strong></span> <span class='ocrx_word' id='word_1_15' title='bbox 1217 455 1364 510; x_wconf 83' lang='lat' dir='ltr'><strong>Vade</strong></span> <span class='ocrx_word' id='word_1_16' title='bbox 1392 456 1446 509; x_wconf 92' lang='lat' dir='ltr'><strong>in</strong></span> <span class='ocrx_word' id='word_1_17' title='bbox 1499 455 1934 525; x_wconf 80' lang='lat' dir='ltr'><strong>Mesopotamiam</strong></span> <span class='ocrx_word' id='word_1_18' title='bbox 1963 455 2016 509; x_wconf 92' lang='lat' dir='ltr'><strong>in</strong></span> <span class='ocrx_word' id='word_1_19' title='bbox 2045 457 2094 516; x_wconf 80' lang='grc' dir='ltr'><strong>Α</strong></span> <span class='ocrx_word' id='word_1_20' title='bbox 2120 456 2214 509; x_wconf 92' lang='lat' dir='ltr'><strong>sub</strong></span> <span class='ocrx_word' id='word_1_21' title='bbox 2252 455 2379 527; x_wconf 85' lang='lat' dir='ltr'><strong>lege,</strong></span> <span class='ocrx_word' id='word_1_22' title='bbox 2429 465 2487 510; x_wconf 89' lang='lat' dir='ltr'><strong>ut</strong></span> <span class='ocrx_word' id='word_1_23' title='bbox 2536 472 2622 510; x_wconf 90' lang='lat' dir='ltr'><strong>eos</strong></span> <span class='ocrx_word' id='word_1_24' title='bbox 2665 456 2754 526; x_wconf 98' lang='lat' dir='ltr'><strong>qui</strong></span> <span class='ocrx_word' id='word_1_25' title='bbox 2785 455 2880 510; x_wconf 90' lang='lat' dir='ltr'><strong>sub</strong></span> <span class='ocrx_word' id='word_1_26' title='bbox 2925 453 3032 525; x_wconf 83' lang='lat' dir='ltr'><strong>lege</strong></span> <span class='ocrx_word' id='word_1_27' title='bbox 3084 463 3234 510; x_wconf 88' lang='lat' dir='ltr'><strong>erant</strong></span> <span class='ocrx_word' id='word_1_28' title='bbox 3284 456 3596 511; x_wconf 77' lang='lat' dir='ltr'><strong>redimeret.</strong></span> <span class='ocrx_word' id='word_1_29' title='bbox 3629 455 3728 510; x_wconf 79' lang='lat' dir='ltr'><strong>Illa</strong></span> 
     </span>
    </p>
   </div>
   <div class='ocr_carea' id='block_1_3' title="bbox 437 545 3729 616">
    <p class='ocr_par' dir='ltr' id='par_1_3' title="bbox 437 545 3729 616">
     <span class='ocr_line' id='line_1_3' title="bbox 437 545 3729 616; baseline 0 -14"><span class='ocrx_word' id='word_1_30' title='bbox 437 545 656 602; x_wconf 90' lang='lat' dir='ltr'><strong>domum</strong></span> <span class='ocrx_word' id='word_1_31' title='bbox 685 546 909 601; x_wconf 88' lang='lat' dir='ltr'><strong>Bathuel</strong></span> <span class='ocrx_word' id='word_1_32' title='bbox 939 547 1108 616; x_wconf 89' lang='lat' dir='ltr'><strong>patris</strong></span> <span class='ocrx_word' id='word_1_33' title='bbox 1132 548 1322 602; x_wconf 90' lang='lat' dir='ltr'><strong>matris</strong></span> <span class='ocrx_word' id='word_1_34' title='bbox 1346 557 1470 612; x_wconf 84' lang='lat' dir='ltr'><strong>tuae,</strong></span> <span class='ocrx_word' id='word_1_35' title='bbox 1503 555 1558 602; x_wconf 90' lang='lat' dir='ltr'><strong>et</strong></span> <span class='ocrx_word' id='word_1_36' title='bbox 1596 563 1745 601; x_wconf 91' lang='lat' dir='ltr'><strong>sume</strong></span> <span class='ocrx_word' id='word_1_37' title='bbox 1769 547 1864 602; x_wconf 88' lang='lat' dir='ltr'><strong>tibi</strong></span> <span class='ocrx_word' id='word_1_38' title='bbox 1890 547 2014 602; x_wconf 88' lang='lat' dir='ltr'><strong>inde</strong></span> <span class='ocrx_word' id='word_1_39' title='bbox 2114 547 2255 602; x_wconf 90' lang='lat' dir='ltr'><strong>enim</strong></span> <span class='ocrx_word' id='word_1_40' title='bbox 2287 546 2428 602; x_wconf 90' lang='lat' dir='ltr'><strong>scala</strong></span> <span class='ocrx_word' id='word_1_41' title='bbox 2465 563 2497 601; x_wconf 86' lang='lat' dir='ltr'><strong>a</strong></span> <span class='ocrx_word' id='word_1_42' title='bbox 2519 554 2666 602; x_wconf 86' lang='lat' dir='ltr'><strong>terra</strong></span> <span class='ocrx_word' id='word_1_43' title='bbox 2703 562 2874 616; x_wconf 91' lang='lat' dir='ltr'><strong>usque</strong></span> <span class='ocrx_word' id='word_1_44' title='bbox 2902 547 2955 600; x_wconf 91' lang='lat' dir='ltr'><strong>in</strong></span> <span class='ocrx_word' id='word_1_45' title='bbox 2993 545 3214 611; x_wconf 68' lang='lat' dir='ltr'><strong>coelum,</strong></span> <span class='ocrx_word' id='word_1_46' title='bbox 3258 561 3289 600; x_wconf 91' lang='lat' dir='ltr'><strong>a</strong></span> <span class='ocrx_word' id='word_1_47' title='bbox 3333 561 3509 602; x_wconf 87' lang='lat' dir='ltr'><strong>carne</strong></span> <span class='ocrx_word' id='word_1_48' title='bbox 3542 560 3729 615; x_wconf 87' lang='lat' dir='ltr'><strong>usque</strong></span> 
     </span>
    </p>
   </div>
   <div class='ocr_carea' id='block_1_4' title="bbox 433 637 2010 708">
    <p class='ocr_par' dir='ltr' id='par_1_4' title="bbox 433 637 2010 708">
     <span class='ocr_line' id='line_1_4' title="bbox 433 637 2010 708; baseline 0.001 -16"><span class='ocrx_word' id='word_1_49' title='bbox 433 653 682 704; x_wconf 87' lang='lat' dir='ltr'><strong>uxorem,</strong></span> <span class='ocrx_word' id='word_1_50' title='bbox 714 637 884 694; x_wconf 63' lang='lat' dir='ltr'><strong>Graeci</strong></span> <span class='ocrx_word' id='word_1_51' title='bbox 937 638 1149 693; x_wconf 84' lang='lat' dir='ltr'><strong>codices</strong></span> <span class='ocrx_word' id='word_1_52' title='bbox 1193 654 1297 692; x_wconf 92' lang='lat' dir='ltr'><strong>non</strong></span> <span class='ocrx_word' id='word_1_53' title='bbox 1329 639 1529 693; x_wconf 85' lang='lat' dir='ltr'><strong>habent</strong></span> <span class='ocrx_word' id='word_1_54' title='bbox 1573 639 1717 703; x_wconf 77' lang='lat' dir='ltr'><strong>vade,</strong></span> <span class='ocrx_word' id='word_1_55' title='bbox 1747 639 1840 693; x_wconf 90' lang='lat' dir='ltr'><strong>sed</strong></span> <span class='ocrx_word' id='word_1_56' title='bbox 1869 638 2010 708; x_wconf 84' lang='lat' dir='ltr'><strong><em>fuge,</em></strong></span> 
     </span>
    </p>
   </div>
   <div class='ocr_carea' id='block_1_5' title="bbox 433 726 2018 806">
    <p class='ocr_par' dir='ltr' id='par_1_5' title="bbox 433 726 2018 806">
     <span class='ocr_line' id='line_1_5' title="bbox 433 726 2018 806; baseline 0.001 -25"><span class='ocrx_word' id='word_1_57' title='bbox 433 726 539 783; x_wconf 86' lang='lat' dir='ltr'><strong>hoc</strong></span> <span class='ocrx_word' id='word_1_58' title='bbox 558 736 662 792; x_wconf 89' lang='lat' dir='ltr'><strong>est,</strong></span> <span class='ocrx_word' id='word_1_59' title='bbox 688 727 953 806; x_wconf 74' lang='grc' dir='ltr'><strong>ἀπόδραθι.</strong></span> <span class='ocrx_word' id='word_1_60' title='bbox 1003 728 1153 784; x_wconf 88' lang='lat' dir='ltr'><strong>Unde</strong></span> <span class='ocrx_word' id='word_1_61' title='bbox 1196 727 1512 799; x_wconf 77' lang='lat' dir='ltr'><strong>intelligitur</strong></span> <span class='ocrx_word' id='word_1_62' title='bbox 1536 727 1698 783; x_wconf 89' lang='lat' dir='ltr'><strong>etiam</strong></span> <span class='ocrx_word' id='word_1_63' title='bbox 1739 728 1887 783; x_wconf 87' lang='lat' dir='ltr'><strong>Isaac</strong></span> <span class='ocrx_word' id='word_1_64' title='bbox 1922 743 2018 783; x_wconf 88' lang='lat' dir='ltr'><strong>co-</strong></span> 
     </span>
    </p>
   </div>
   <div class='ocr_carea' id='block_1_6' title="bbox 431 819 2014 891">
    <p class='ocr_par' dir='ltr' id='par_1_6' title="bbox 431 819 2014 891">
     <span class='ocr_line' id='line_1_6' title="bbox 431 819 2014 891; baseline 0.004 -21"><span class='ocrx_word' id='word_1_65' title='bbox 431 819 680 888; x_wconf 73' lang='lat' dir='ltr'><strong>gnovisse</strong></span> <span class='ocrx_word' id='word_1_66' title='bbox 705 819 849 890; x_wconf 89' lang='lat' dir='ltr'><strong>quod</strong></span> <span class='ocrx_word' id='word_1_67' title='bbox 875 820 1016 876; x_wconf 92' lang='lat' dir='ltr'><strong>ﬁlius</strong></span> <span class='ocrx_word' id='word_1_68' title='bbox 1045 819 1161 890; x_wconf 86' lang='lat' dir='ltr'><strong>ejus</strong></span> <span class='ocrx_word' id='word_1_69' title='bbox 1200 820 1341 876; x_wconf 88' lang='lat' dir='ltr'><strong>Esau</strong></span> <span class='ocrx_word' id='word_1_70' title='bbox 1366 822 1432 877; x_wconf 90' lang='lat' dir='ltr'><strong>de</strong></span> <span class='ocrx_word' id='word_1_71' title='bbox 1455 819 1624 876; x_wconf 81' lang='lat' dir='ltr'><strong>fratre</strong></span> <span class='ocrx_word' id='word_1_72' title='bbox 1651 836 1749 877; x_wconf 90' lang='lat' dir='ltr'><strong>suo</strong></span> <span class='ocrx_word' id='word_1_73' title='bbox 1786 821 1842 876; x_wconf 91' lang='lat' dir='ltr'><strong>in</strong></span> <span class='ocrx_word' id='word_1_74' title='bbox 1866 821 2014 891; x_wconf 86' lang='lat' dir='ltr'><strong>cogi-</strong></span> 
     </span>
    </p>
   </div>
   <div class='ocr_carea' id='block_1_7' title="bbox 428 909 995 968">
    <p class='ocr_par' dir='ltr' id='par_1_7' title="bbox 428 909 995 968">
     <span class='ocr_line' id='line_1_7' title="bbox 428 909 995 968; baseline 0.007 -6"><span class='ocrx_word' id='word_1_75' title='bbox 428 909 632 964; x_wconf 86' lang='lat' dir='ltr'><strong>tatione</strong></span> <span class='ocrx_word' id='word_1_76' title='bbox 659 926 757 966; x_wconf 88' lang='lat' dir='ltr'><strong>sua</strong></span> <span class='ocrx_word' id='word_1_77' title='bbox 781 912 995 968; x_wconf 80' lang='lat' dir='ltr'><strong>dixerit.</strong></span> 
     </span>
    </p>
   </div>
   <div class='ocr_carea' id='block_1_8' title="bbox 497 997 2012 1072">
    <p class='ocr_par' dir='ltr' id='par_1_8' title="bbox 497 997 2012 1072">
     <span class='ocr_line' id='line_1_8' title="bbox 497 997 2012 1072; baseline 0.006 -20"><span class='ocrx_word' id='word_1_78' title='bbox 497 997 641 1052; x_wconf 88' lang='lat' dir='ltr'><strong>Deus</strong></span> <span class='ocrx_word' id='word_1_79' title='bbox 663 1009 836 1054; x_wconf 90' lang='lat' dir='ltr'><strong>autem</strong></span> <span class='ocrx_word' id='word_1_80' title='bbox 870 1003 1191 1072; x_wconf 88' lang='lat' dir='ltr'><strong>omnipotens</strong></span> <span class='ocrx_word' id='word_1_81' title='bbox 1239 1001 1505 1057; x_wconf 88' lang='lat' dir='ltr'><strong>benedicat</strong></span> <span class='ocrx_word' id='word_1_82' title='bbox 1545 1001 1660 1069; x_wconf 94' lang='lat' dir='ltr'><strong>tibi,</strong></span> <span class='ocrx_word' id='word_1_83' title='bbox 1706 1011 1755 1056; x_wconf 90' lang='lat' dir='ltr'><strong>et</strong></span> <span class='ocrx_word' id='word_1_84' title='bbox 1783 1019 2012 1061; x_wconf 75' lang='lat' dir='ltr'><strong>crescere</strong></span> 
     </span>
    </p>
   </div>
   <div class='ocr_carea' id='block_1_9' title="bbox 425 1089 2008 1167">
    <p class='ocr_par' dir='ltr' id='par_1_9' title="bbox 425 1089 2008 1167">
     <span class='ocr_line' id='line_1_9' title="bbox 425 1089 2008 1167; baseline 0.006 -25"><span class='ocrx_word' id='word_1_85' title='bbox 425 1099 475 1143; x_wconf 90' lang='lat' dir='ltr'><strong>te</strong></span> <span class='ocrx_word' id='word_1_86' title='bbox 500 1089 660 1159; x_wconf 84' lang='lat' dir='ltr'><strong>faciat</strong></span> <span class='ocrx_word' id='word_1_87' title='bbox 679 1101 834 1163; x_wconf 85' lang='lat' dir='ltr'><strong>atque</strong></span> <span class='ocrx_word' id='word_1_88' title='bbox 857 1093 1181 1163; x_wconf 85' lang='lat' dir='ltr'><strong>multiplicet,</strong></span> <span class='ocrx_word' id='word_1_89' title='bbox 1208 1104 1263 1148; x_wconf 88' lang='lat' dir='ltr'><strong>ut</strong></span> <span class='ocrx_word' id='word_1_90' title='bbox 1286 1095 1359 1148; x_wconf 87' lang='lat' dir='ltr'><strong>sis</strong></span> <span class='ocrx_word' id='word_1_91' title='bbox 1379 1095 1434 1148; x_wconf 91' lang='lat' dir='ltr'><strong>in</strong></span> <span class='ocrx_word' id='word_1_92' title='bbox 1456 1096 1634 1149; x_wconf 80' lang='lat' dir='ltr'><strong>turbas</strong></span> <span class='ocrx_word' id='word_1_93' title='bbox 1658 1094 1966 1167; x_wconf 83' lang='lat' dir='ltr'><strong>populorum</strong></span> <span class='ocrx_word' id='word_1_94' title='bbox 1988 1113 2008 1152; x_wconf 89' lang='lat'><strong>:</strong></span> 
     </span>
    </p>
   </div>
   <div class='ocr_carea' id='block_1_10' title="bbox 422 1180 2008 1257">
    <p class='ocr_par' dir='ltr' id='par_1_10' title="bbox 422 1180 2008 1257">
     <span class='ocr_line' id='line_1_10' title="bbox 422 1180 2008 1257; baseline 0.006 -25"><span class='ocrx_word' id='word_1_95' title='bbox 422 1188 472 1232; x_wconf 90' lang='lat' dir='ltr'><strong>et</strong></span> <span class='ocrx_word' id='word_1_96' title='bbox 493 1180 577 1234; x_wconf 88' lang='lat' dir='ltr'><strong>det</strong></span> <span class='ocrx_word' id='word_1_97' title='bbox 609 1181 699 1236; x_wconf 91' lang='lat' dir='ltr'><strong>tibi</strong></span> <span class='ocrx_word' id='word_1_98' title='bbox 729 1182 1133 1238; x_wconf 83' lang='lat' dir='ltr'><strong>benedictionem</strong></span> <span class='ocrx_word' id='word_1_99' title='bbox 1164 1185 1450 1249; x_wconf 79' lang='lat' dir='ltr'><strong>Abraham,</strong></span> <span class='ocrx_word' id='word_1_100' title='bbox 1487 1194 1535 1239; x_wconf 90' lang='lat' dir='ltr'><strong>et</strong></span> <span class='ocrx_word' id='word_1_101' title='bbox 1562 1187 1748 1240; x_wconf 83' lang='lat' dir='ltr'><strong>semini</strong></span> <span class='ocrx_word' id='word_1_102' title='bbox 1786 1195 1874 1240; x_wconf 90' lang='lat' dir='ltr'><strong>tuo</strong></span> <span class='ocrx_word' id='word_1_103' title='bbox 1895 1195 2008 1257; x_wconf 87' lang='lat' dir='ltr'><strong>post</strong></span> 
     </span>
    </p>
   </div>
   <div class='ocr_carea' id='block_1_11' title="bbox 421 1273 2010 1348">
    <p class='ocr_par' dir='ltr' id='par_1_11' title="bbox 421 1273 2010 1348">
     <span class='ocr_line' id='line_1_11' title="bbox 421 1273 2010 1348; baseline 0.005 -26"><span class='ocrx_word' id='word_1_104' title='bbox 421 1279 490 1336; x_wconf 92' lang='lat' dir='ltr'><strong>te,</strong></span> <span class='ocrx_word' id='word_1_105' title='bbox 519 1279 577 1324; x_wconf 87' lang='lat' dir='ltr'><strong>ut</strong></span> <span class='ocrx_word' id='word_1_106' title='bbox 601 1273 866 1341; x_wconf 82' lang='lat' dir='ltr'><strong>possideas</strong></span> <span class='ocrx_word' id='word_1_107' title='bbox 887 1285 1080 1328; x_wconf 89' lang='lat' dir='ltr'><strong>terram</strong></span> <span class='ocrx_word' id='word_1_108' title='bbox 1109 1277 1538 1346; x_wconf 67' lang='lat' dir='ltr'><strong>peregrinationis</strong></span> <span class='ocrx_word' id='word_1_109' title='bbox 1561 1285 1684 1342; x_wconf 60' lang='lat' dir='ltr'><strong>tuae,</strong></span> <span class='ocrx_word' id='word_1_110' title='bbox 1715 1294 1874 1348; x_wconf 90' lang='lat' dir='ltr'><strong>quam</strong></span> <span class='ocrx_word' id='word_1_111' title='bbox 1896 1277 2010 1348; x_wconf 87' lang='lat' dir='ltr'><strong>pol-</strong></span> 
     </span>
    </p>
   </div>
   <div class='ocr_carea' id='block_1_12' title="bbox 417 1358 2010 1438">
    <p class='ocr_par' dir='ltr' id='par_1_12' title="bbox 417 1358 2010 1438">
     <span class='ocr_line' id='line_1_12' title="bbox 417 1358 2010 1438; baseline 0.008 -27"><span class='ocrx_word' id='word_1_112' title='bbox 417 1358 596 1415; x_wconf 88' lang='lat' dir='ltr'><strong>licitus</strong></span> <span class='ocrx_word' id='word_1_113' title='bbox 618 1371 692 1416; x_wconf 89' lang='lat' dir='ltr'><strong>est</strong></span> <span class='ocrx_word' id='word_1_114' title='bbox 718 1379 813 1416; x_wconf 87' lang='lat' dir='ltr'><strong>avo</strong></span> <span class='ocrx_word' id='word_1_115' title='bbox 835 1372 946 1418; x_wconf 91' lang='lat' dir='ltr'><strong>tuo.</strong></span> <span class='ocrx_word' id='word_1_116' title='bbox 978 1363 1209 1436; x_wconf 85' lang='lat' dir='ltr'><strong>Cumque</strong></span> <span class='ocrx_word' id='word_1_117' title='bbox 1233 1366 1508 1420; x_wconf 85' lang='lat' dir='ltr'><strong>dimisisset</strong></span> <span class='ocrx_word' id='word_1_118' title='bbox 1535 1384 1651 1420; x_wconf 91' lang='lat' dir='ltr'><strong>eum</strong></span> <span class='ocrx_word' id='word_1_119' title='bbox 1687 1366 1862 1434; x_wconf 86' lang='lat' dir='ltr'><strong>Isaac,</strong></span> <span class='ocrx_word' id='word_1_120' title='bbox 1887 1385 2010 1438; x_wconf 88' lang='lat' dir='ltr'><strong>pro-</strong></span> 
     </span>
    </p>
   </div>
   <div class='ocr_carea' id='block_1_13' title="bbox 417 1449 2005 1528">
    <p class='ocr_par' dir='ltr' id='par_1_13' title="bbox 417 1449 2005 1528">
     <span class='ocr_line' id='line_1_13' title="bbox 417 1449 2005 1528; baseline 0.006 -25"><span class='ocrx_word' id='word_1_121' title='bbox 417 1449 584 1518; x_wconf 81' lang='lat' dir='ltr'><strong>fectus</strong></span> <span class='ocrx_word' id='word_1_122' title='bbox 606 1454 739 1505; x_wconf 83' lang='lat' dir='ltr'><strong>venit</strong></span> <span class='ocrx_word' id='word_1_123' title='bbox 763 1454 817 1507; x_wconf 90' lang='lat' dir='ltr'><strong>in</strong></span> <span class='ocrx_word' id='word_1_124' title='bbox 849 1453 1279 1526; x_wconf 79' lang='lat' dir='ltr'><strong>Mesopotamiam</strong></span> <span class='ocrx_word' id='word_1_125' title='bbox 1309 1456 1502 1527; x_wconf 63' lang='lat' dir='ltr'><strong>Syriae,</strong></span> <span class='ocrx_word' id='word_1_126' title='bbox 1525 1458 1593 1511; x_wconf 89' lang='lat' dir='ltr'><strong>ad</strong></span> <span class='ocrx_word' id='word_1_127' title='bbox 1631 1457 1812 1512; x_wconf 88' lang='lat' dir='ltr'><strong>Laban</strong></span> <span class='ocrx_word' id='word_1_128' title='bbox 1835 1459 2005 1528; x_wconf 81' lang='lat' dir='ltr'><strong>[ilium</strong></span> 
     </span>
    </p>
   </div>
   <div class='ocr_carea' id='block_1_14' title="bbox 417 1541 2000 1623">
    <p class='ocr_par' dir='ltr' id='par_1_14' title="bbox 417 1541 2000 1623">
     <span class='ocr_line' id='line_1_14' title="bbox 417 1541 2000 1623; baseline 0.007 -28"><span class='ocrx_word' id='word_1_129' title='bbox 417 1541 644 1598; x_wconf 87' lang='lat' dir='ltr'><strong>Batlmel</strong></span> <span class='ocrx_word' id='word_1_130' title='bbox 666 1544 810 1615; x_wconf 84' lang='lat' dir='ltr'><strong>Syri,</strong></span> <span class='ocrx_word' id='word_1_131' title='bbox 832 1547 1049 1616; x_wconf 79' lang='lat' dir='ltr'><strong>fratrem</strong></span> <span class='ocrx_word' id='word_1_132' title='bbox 1078 1549 1314 1604; x_wconf 73' lang='lat' dir='ltr'><strong>Rebecca:</strong></span> <span class='ocrx_word' id='word_1_133' title='bbox 1329 1553 1513 1604; x_wconf 87' lang='lat' dir='ltr'><strong>matris</strong></span> <span class='ocrx_word' id='word_1_134' title='bbox 1536 1568 1665 1618; x_wconf 70' lang='lat' dir='ltr'><strong>sate,</strong></span> <span class='ocrx_word' id='word_1_135' title='bbox 1691 1559 1746 1606; x_wconf 89' lang='lat' dir='ltr'><strong>et</strong></span> <span class='ocrx_word' id='word_1_136' title='bbox 1773 1552 2000 1623; x_wconf 90' lang='lat' dir='ltr'><strong>reliqua.</strong></span> 
     </span>
    </p>
   </div>
   <div class='ocr_carea' id='block_1_15' title="bbox 411 1631 2005 1718">
    <p class='ocr_par' dir='ltr' id='par_1_15' title="bbox 411 1631 2005 1718">
     <span class='ocr_line' id='line_1_15' title="bbox 411 1631 2005 1718; baseline 0.008 -30"><span class='ocrx_word' id='word_1_137' title='bbox 411 1631 580 1689; x_wconf 72' lang='lat' dir='ltr'><strong>Iacob</strong></span> <span class='ocrx_word' id='word_1_138' title='bbox 609 1644 788 1718; x_wconf 81' lang='lat' dir='ltr'><strong>autem</strong></span> <span class='ocrx_word' id='word_1_139' title='bbox 818 1639 965 1694; x_wconf 85' lang='lat' dir='ltr'><strong>dolos</strong></span> <span class='ocrx_word' id='word_1_140' title='bbox 1003 1639 1212 1711; x_wconf 77' lang='lat' dir='ltr'><strong>fugiens</strong></span> <span class='ocrx_word' id='word_1_141' title='bbox 1251 1641 1454 1709; x_wconf 80' lang='lat' dir='ltr'><strong>fratris,</strong></span> <span class='ocrx_word' id='word_1_142' title='bbox 1511 1644 1696 1700; x_wconf 87' lang='lat' dir='ltr'><strong>relicta</strong></span> <span class='ocrx_word' id='word_1_143' title='bbox 1727 1645 1885 1699; x_wconf 91' lang='lat' dir='ltr'><strong>domo</strong></span> <span class='ocrx_word' id='word_1_144' title='bbox 1911 1661 2005 1715; x_wconf 88' lang='lat' dir='ltr'><strong>pa-</strong></span> 
     </span>
    </p>
   </div>
   <div class='ocr_carea' id='block_1_16' title="bbox 411 1726 1998 1808">
    <p class='ocr_par' dir='ltr' id='par_1_16' title="bbox 411 1726 1998 1808">
     <span class='ocr_line' id='line_1_16' title="bbox 411 1726 1998 1808; baseline 0.009 -30"><span class='ocrx_word' id='word_1_145' title='bbox 411 1726 516 1779; x_wconf 91' lang='lat' dir='ltr'><strong>tria</strong></span> <span class='ocrx_word' id='word_1_146' title='bbox 548 1726 632 1781; x_wconf 91' lang='lat' dir='ltr'><strong>vel</strong></span> <span class='ocrx_word' id='word_1_147' title='bbox 658 1731 992 1797; x_wconf 89' lang='lat' dir='ltr'><strong>parentibus,</strong></span> <span class='ocrx_word' id='word_1_148' title='bbox 1039 1734 1186 1788; x_wconf 86' lang='lat' dir='ltr'><strong>vadit</strong></span> <span class='ocrx_word' id='word_1_149' title='bbox 1227 1734 1280 1789; x_wconf 91' lang='lat' dir='ltr'><strong>in</strong></span> <span class='ocrx_word' id='word_1_150' title='bbox 1316 1737 1587 1806; x_wconf 80' lang='lat' dir='ltr'><strong>regionem</strong></span> <span class='ocrx_word' id='word_1_151' title='bbox 1632 1736 1998 1808; x_wconf 89' lang='lat' dir='ltr'><strong>longinquam,</strong></span> 
     </span>
    </p>
   </div>
   <div class='ocr_carea' id='block_1_17' title="bbox 2113 636 3723 709">
    <p class='ocr_par' dir='ltr' id='par_1_17' title="bbox 2113 636 3723 709">
     <span class='ocr_line' id='line_1_17' title="bbox 2113 636 3723 709; baseline 0.001 -19"><span class='ocrx_word' id='word_1_152' title='bbox 2113 637 2180 690; x_wconf 92' lang='lat' dir='ltr'><strong>ad</strong></span> <span class='ocrx_word' id='word_1_153' title='bbox 2207 637 2475 707; x_wconf 90' lang='lat' dir='ltr'><strong>spiritum,</strong></span> <span class='ocrx_word' id='word_1_154' title='bbox 2512 639 2638 709; x_wconf 89' lang='lat' dir='ltr'><strong>quia</strong></span> <span class='ocrx_word' id='word_1_155' title='bbox 2677 638 2729 693; x_wconf 93' lang='lat' dir='ltr'><strong>in</strong></span> <span class='ocrx_word' id='word_1_156' title='bbox 2757 637 2848 693; x_wconf 92' lang='lat' dir='ltr'><strong>illo</strong></span> <span class='ocrx_word' id='word_1_157' title='bbox 2872 636 3137 702; x_wconf 84' lang='lat' dir='ltr'><strong>carnales,</strong></span> <span class='ocrx_word' id='word_1_158' title='bbox 3176 637 3538 707; x_wconf 87' lang='lat' dir='ltr'><strong>proﬁciendo,</strong></span> <span class='ocrx_word' id='word_1_159' title='bbox 3569 638 3723 693; x_wconf 80' lang='lat' dir='ltr'><strong>velut</strong></span> 
     </span>
    </p>
   </div>
   <div class='ocr_carea' id='block_1_18' title="bbox 2111 727 3724 798">
    <p class='ocr_par' dir='ltr' id='par_1_18' title="bbox 2111 727 3724 798">
     <span class='ocr_line' id='line_1_18' title="bbox 2111 727 3724 798; baseline 0.002 -18"><span class='ocrx_word' id='word_1_160' title='bbox 2111 727 2450 783; x_wconf 83' lang='lat' dir='ltr'><strong>ascendendo</strong></span> <span class='ocrx_word' id='word_1_161' title='bbox 2476 727 2780 798; x_wconf 89' lang='lat' dir='ltr'><strong>spirituales</strong></span> <span class='ocrx_word' id='word_1_162' title='bbox 2801 728 2953 794; x_wconf 89' lang='lat' dir='ltr'><strong>ﬁunt,</strong></span> <span class='ocrx_word' id='word_1_163' title='bbox 2977 731 3045 783; x_wconf 89' lang='lat' dir='ltr'><strong>ad</strong></span> <span class='ocrx_word' id='word_1_164' title='bbox 3067 743 3202 798; x_wconf 93' lang='lat' dir='ltr'><strong>quos</strong></span> <span class='ocrx_word' id='word_1_165' title='bbox 3224 727 3367 784; x_wconf 89' lang='lat' dir='ltr'><strong>lacte</strong></span> <span class='ocrx_word' id='word_1_166' title='bbox 3386 729 3724 785; x_wconf 75' lang='lat' dir='ltr'><strong>nutriendos</strong></span> 
     </span>
    </p>
   </div>
   <div class='ocr_carea' id='block_1_19' title="bbox 2110 817 3721 889">
    <p class='ocr_par' dir='ltr' id='par_1_19' title="bbox 2110 817 3721 889">
     <span class='ocr_line' id='line_1_19' title="bbox 2110 817 3721 889; baseline 0.003 -19"><span class='ocrx_word' id='word_1_167' title='bbox 2110 817 2408 888; x_wconf 85' lang='lat' dir='ltr'><strong>etiam&#39;ipsi</strong></span> <span class='ocrx_word' id='word_1_168' title='bbox 2441 818 2748 888; x_wconf 87' lang='lat' dir='ltr'><strong>spirituales</strong></span> <span class='ocrx_word' id='word_1_169' title='bbox 2776 819 3110 874; x_wconf 91' lang='lat' dir='ltr'><strong>descendunt</strong></span> <span class='ocrx_word' id='word_1_170' title='bbox 3128 819 3559 889; x_wconf 88' lang='lat' dir='ltr'><strong>quodammodo,</strong></span> <span class='ocrx_word' id='word_1_171' title='bbox 3597 835 3721 875; x_wconf 87' lang='lat' dir='ltr'><strong>cum</strong></span> 
     </span>
    </p>
   </div>
   <div class='ocr_carea' id='block_1_20' title="bbox 2110 908 3719 981">
    <p class='ocr_par' dir='ltr' id='par_1_20' title="bbox 2110 908 3719 981">
     <span class='ocr_line' id='line_1_20' title="bbox 2110 908 3719 981; baseline 0.001 -17"><span class='ocrx_word' id='word_1_172' title='bbox 2110 908 2189 964; x_wconf 87' lang='lat' dir='ltr'><strong>eis</strong></span> <span class='ocrx_word' id='word_1_173' title='bbox 2225 923 2331 963; x_wconf 92' lang='lat' dir='ltr'><strong>non</strong></span> <span class='ocrx_word' id='word_1_174' title='bbox 2377 919 2601 980; x_wconf 91' lang='lat' dir='ltr'><strong>possunt</strong></span> <span class='ocrx_word' id='word_1_175' title='bbox 2624 910 2770 981; x_wconf 89' lang='lat' dir='ltr'><strong>loqui</strong></span> <span class='ocrx_word' id='word_1_176' title='bbox 2796 911 2952 981; x_wconf 86' lang='lat' dir='ltr'><strong>quasi</strong></span> <span class='ocrx_word' id='word_1_177' title='bbox 2980 909 3373 981; x_wconf 88' lang='lat' dir='ltr'><strong>spiritualibus,</strong></span> <span class='ocrx_word' id='word_1_178' title='bbox 3406 910 3514 965; x_wconf 83' lang='lat' dir='ltr'><strong>sed</strong></span> <span class='ocrx_word' id='word_1_179' title='bbox 3556 912 3719 981; x_wconf 80' lang='lat' dir='ltr'><strong>quasi</strong></span> 
     </span>
    </p>
   </div>
   <div class='ocr_carea' id='block_1_21' title="bbox 2109 997 3719 1074">
    <p class='ocr_par' dir='ltr' id='par_1_21' title="bbox 2109 997 3719 1074">
     <span class='ocr_line' id='line_1_21' title="bbox 2109 997 3719 1074; baseline 0.002 -20"><span class='ocrx_word' id='word_1_180' title='bbox 2109 997 2438 1055; x_wconf 86' lang='lat' dir='ltr'><strong>carnalibus.</strong></span> <span class='ocrx_word' id='word_1_181' title='bbox 2469 1001 2587 1069; x_wconf 87' lang='lat' dir='ltr'><strong>Ipse</strong></span> <span class='ocrx_word' id='word_1_182' title='bbox 2613 1009 2699 1057; x_wconf 89' lang='lat' dir='ltr'><strong>est</strong></span> <span class='ocrx_word' id='word_1_183' title='bbox 2723 1017 2936 1057; x_wconf 89' lang='lat' dir='ltr'><strong>sursum</strong></span> <span class='ocrx_word' id='word_1_184' title='bbox 2968 1003 3024 1056; x_wconf 89' lang='lat' dir='ltr'><strong>in</strong></span> <span class='ocrx_word' id='word_1_185' title='bbox 3053 1002 3229 1073; x_wconf 87' lang='lat' dir='ltr'><strong>capite</strong></span> <span class='ocrx_word' id='word_1_186' title='bbox 3258 1018 3380 1068; x_wconf 90' lang='lat' dir='ltr'><strong>suo,</strong></span> <span class='ocrx_word' id='word_1_187' title='bbox 3407 1003 3533 1074; x_wconf 86' lang='lat' dir='ltr'><strong>ipse</strong></span> <span class='ocrx_word' id='word_1_188' title='bbox 3558 1003 3719 1058; x_wconf 82' lang='lat' dir='ltr'><strong>deor-</strong></span> 
     </span>
    </p>
   </div>
   <div class='ocr_carea' id='block_1_22' title="bbox 2108 1091 3720 1166">
    <p class='ocr_par' dir='ltr' id='par_1_22' title="bbox 2108 1091 3720 1166">
     <span class='ocr_line' id='line_1_22' title="bbox 2108 1091 3720 1166; baseline 0.004 -22"><span class='ocrx_word' id='word_1_189' title='bbox 2108 1105 2228 1145; x_wconf 92' lang='lat' dir='ltr'><strong>sum</strong></span> <span class='ocrx_word' id='word_1_190' title='bbox 2261 1091 2315 1146; x_wconf 92' lang='lat' dir='ltr'><strong>in</strong></span> <span class='ocrx_word' id='word_1_191' title='bbox 2347 1106 2575 1162; x_wconf 88' lang='lat' dir='ltr'><strong>corpore</strong></span> <span class='ocrx_word' id='word_1_192' title='bbox 2599 1108 2719 1159; x_wconf 90' lang='lat' dir='ltr'><strong>suo,</strong></span> <span class='ocrx_word' id='word_1_193' title='bbox 2746 1093 2803 1148; x_wconf 90' lang='lat' dir='ltr'><strong>id</strong></span> <span class='ocrx_word' id='word_1_194' title='bbox 2830 1101 2913 1148; x_wconf 90' lang='lat' dir='ltr'><strong>est</strong></span> <span class='ocrx_word' id='word_1_195' title='bbox 2936 1093 3195 1149; x_wconf 88' lang='lat' dir='ltr'><strong>Ecclesia.</strong></span> <span class='ocrx_word' id='word_1_196' title='bbox 3224 1093 3408 1164; x_wconf 83' lang='lat' dir='ltr'><strong>Ipsum</strong></span> <span class='ocrx_word' id='word_1_197' title='bbox 3431 1109 3572 1166; x_wconf 86' lang='lat' dir='ltr'><strong>ergo</strong></span> <span class='ocrx_word' id='word_1_198' title='bbox 3603 1109 3720 1150; x_wconf 74' lang='lat' dir='ltr'><strong>sca-</strong></span> 
     </span>
    </p>
   </div>
   <div class='ocr_carea' id='block_1_23' title="bbox 2107 1175 3719 1258">
    <p class='ocr_par' dir='ltr' id='par_1_23' title="bbox 2107 1175 3719 1258">
     <span class='ocr_line' id='line_1_23' title="bbox 2107 1175 3719 1258; baseline 0.007 -26"><span class='ocrx_word' id='word_1_199' title='bbox 2107 1175 2214 1236; x_wconf 92' lang='lat' dir='ltr'><strong>lam</strong></span> <span class='ocrx_word' id='word_1_200' title='bbox 2248 1183 2619 1256; x_wconf 78' lang='lat' dir='ltr'><strong>intelligimus,</strong></span> <span class='ocrx_word' id='word_1_201' title='bbox 2649 1185 2777 1257; x_wconf 89' lang='lat' dir='ltr'><strong>quia</strong></span> <span class='ocrx_word' id='word_1_202' title='bbox 2822 1186 2937 1256; x_wconf 88' lang='lat' dir='ltr'><strong>ipse</strong></span> <span class='ocrx_word' id='word_1_203' title='bbox 2983 1185 3157 1242; x_wconf 85' lang='lat' dir='ltr'><strong>dixit:</strong></span> <span class='ocrx_word' id='word_1_204' title='bbox 3191 1185 3305 1258; x_wconf 83' lang='lat' dir='ltr'><strong>Ego</strong></span> <span class='ocrx_word' id='word_1_205' title='bbox 3333 1203 3456 1242; x_wconf 82' lang='lat' dir='ltr'><strong>sum</strong></span> <span class='ocrx_word' id='word_1_206' title='bbox 3640 1187 3719 1243; x_wconf 76' lang='lat' dir='ltr'><strong>Ad</strong></span> 
     </span>
    </p>
   </div>
   <div class='ocr_carea' id='block_1_24' title="bbox 2107 1271 3718 1347">
    <p class='ocr_par' dir='ltr' id='par_1_24' title="bbox 2107 1271 3718 1347">
     <span class='ocr_line' id='line_1_24' title="bbox 2107 1271 3718 1347; baseline 0.003 -20"><span class='ocrx_word' id='word_1_207' title='bbox 2107 1271 2281 1344; x_wconf 91' lang='lat' dir='ltr'><strong>ipsum</strong></span> <span class='ocrx_word' id='word_1_208' title='bbox 2309 1289 2440 1346; x_wconf 91' lang='lat' dir='ltr'><strong>ergo</strong></span> <span class='ocrx_word' id='word_1_209' title='bbox 2476 1277 2808 1343; x_wconf 86' lang='lat' dir='ltr'><strong>ascenditur,</strong></span> <span class='ocrx_word' id='word_1_210' title='bbox 2845 1286 2908 1331; x_wconf 93' lang='lat' dir='ltr'><strong>ut</strong></span> <span class='ocrx_word' id='word_1_211' title='bbox 2951 1277 3005 1332; x_wconf 91' lang='lat' dir='ltr'><strong>in</strong></span> <span class='ocrx_word' id='word_1_212' title='bbox 3054 1277 3283 1333; x_wconf 81' lang='lat' dir='ltr'><strong>excelsis</strong></span> <span class='ocrx_word' id='word_1_213' title='bbox 3329 1277 3718 1347; x_wconf 79' lang='lat' dir='ltr'><strong>intelligatur;</strong></span> 
     </span>
    </p>
   </div>
   <div class='ocr_carea' id='block_1_25' title="bbox 2103 1365 3722 1440">
    <p class='ocr_par' dir='ltr' id='par_1_25' title="bbox 2103 1365 3722 1440">
     <span class='ocr_line' id='line_1_25' title="bbox 2103 1365 3722 1440; baseline 0.005 -22"><span class='ocrx_word' id='word_1_214' title='bbox 2103 1371 2160 1418; x_wconf 89' lang='lat' dir='ltr'><strong>et</strong></span> <span class='ocrx_word' id='word_1_215' title='bbox 2179 1365 2246 1420; x_wconf 90' lang='lat' dir='ltr'><strong>ad</strong></span> <span class='ocrx_word' id='word_1_216' title='bbox 2279 1366 2451 1437; x_wconf 91' lang='lat' dir='ltr'><strong>ipsum</strong></span> <span class='ocrx_word' id='word_1_217' title='bbox 2499 1368 2856 1434; x_wconf 76' lang='lat' dir='ltr'><strong>descenditur,</strong></span> <span class='ocrx_word' id='word_1_218' title='bbox 2901 1377 2961 1424; x_wconf 92' lang='lat' dir='ltr'><strong>ut</strong></span> <span class='ocrx_word' id='word_1_219' title='bbox 2999 1370 3264 1425; x_wconf 88' lang='lat' dir='ltr'><strong>imbribus</strong></span> <span class='ocrx_word' id='word_1_220' title='bbox 3296 1370 3413 1425; x_wconf 89' lang='lat' dir='ltr'><strong>suis</strong></span> <span class='ocrx_word' id='word_1_221' title='bbox 3453 1371 3722 1440; x_wconf 72' lang='lat' dir='ltr'><strong>parvulus</strong></span> 
     </span>
    </p>
   </div>
   <div class='ocr_carea' id='block_1_26' title="bbox 2105 1456 3718 1529">
    <p class='ocr_par' dir='ltr' id='par_1_26' title="bbox 2105 1456 3718 1529">
     <span class='ocr_line' id='line_1_26' title="bbox 2105 1456 3718 1529; baseline 0.005 -21"><span class='ocrx_word' id='word_1_222' title='bbox 2105 1456 2393 1510; x_wconf 85' lang='lat' dir='ltr'><strong>nutriatur.</strong></span> <span class='ocrx_word' id='word_1_223' title='bbox 2443 1457 2510 1511; x_wconf 91' lang='lat' dir='ltr'><strong>Et</strong></span> <span class='ocrx_word' id='word_1_224' title='bbox 2554 1474 2654 1528; x_wconf 89' lang='lat' dir='ltr'><strong>per</strong></span> <span class='ocrx_word' id='word_1_225' title='bbox 2701 1459 2852 1514; x_wconf 91' lang='lat' dir='ltr'><strong>illum</strong></span> <span class='ocrx_word' id='word_1_226' title='bbox 2891 1459 3066 1515; x_wconf 88' lang='lat' dir='ltr'><strong>solum</strong></span> <span class='ocrx_word' id='word_1_227' title='bbox 3117 1475 3176 1516; x_wconf 90' lang='lat' dir='ltr'><strong>se</strong></span> <span class='ocrx_word' id='word_1_228' title='bbox 3203 1461 3449 1529; x_wconf 77' lang='lat' dir='ltr'><strong>erigunt,</strong></span> <span class='ocrx_word' id='word_1_229' title='bbox 3490 1471 3551 1515; x_wconf 88' lang='lat' dir='ltr'><strong>ut</strong></span> <span class='ocrx_word' id='word_1_230' title='bbox 3589 1477 3718 1516; x_wconf 83' lang='lat' dir='ltr'><strong>eu</strong></span> 
     </span>
    </p>
   </div>
   <div class='ocr_carea' id='block_1_27' title="bbox 2107 1547 3716 1620">
    <p class='ocr_par' dir='ltr' id='par_1_27' title="bbox 2107 1547 3716 1620">
     <span class='ocr_line' id='line_1_27' title="bbox 2107 1547 3716 1620; baseline 0.003 -19"><span class='ocrx_word' id='word_1_231' title='bbox 2107 1547 2408 1603; x_wconf 87' lang='lat' dir='ltr'><strong>sublimiter</strong></span> <span class='ocrx_word' id='word_1_232' title='bbox 2427 1559 2760 1620; x_wconf 80' lang='lat' dir='ltr'><strong>exspectent.</strong></span> <span class='ocrx_word' id='word_1_233' title='bbox 2791 1549 2894 1606; x_wconf 90' lang='lat' dir='ltr'><strong>Per</strong></span> <span class='ocrx_word' id='word_1_234' title='bbox 2920 1551 3093 1620; x_wconf 91' lang='lat' dir='ltr'><strong>ipsum</strong></span> <span class='ocrx_word' id='word_1_235' title='bbox 3117 1567 3175 1607; x_wconf 90' lang='lat' dir='ltr'><strong>se</strong></span> <span class='ocrx_word' id='word_1_236' title='bbox 3199 1552 3366 1607; x_wconf 88' lang='lat' dir='ltr'><strong>etiam</strong></span> <span class='ocrx_word' id='word_1_237' title='bbox 3390 1553 3716 1618; x_wconf 79' lang='lat' dir='ltr'><strong>bumiliant,</strong></span> 
     </span>
    </p>
   </div>
   <div class='ocr_carea' id='block_1_28' title="bbox 2104 1639 3719 1713">
    <p class='ocr_par' dir='ltr' id='par_1_28' title="bbox 2104 1639 3719 1713">
     <span class='ocr_line' id='line_1_28' title="bbox 2104 1639 3719 1713; baseline 0.004 -21"><span class='ocrx_word' id='word_1_238' title='bbox 2104 1646 2163 1692; x_wconf 88' lang='lat' dir='ltr'><strong>ut</strong></span> <span class='ocrx_word' id='word_1_239' title='bbox 2186 1654 2308 1693; x_wconf 91' lang='lat' dir='ltr'><strong>eum</strong></span> <span class='ocrx_word' id='word_1_240' title='bbox 2343 1639 2648 1696; x_wconf 88' lang='lat' dir='ltr'><strong>sublimiter</strong></span> <span class='ocrx_word' id='word_1_241' title='bbox 2680 1658 2745 1697; x_wconf 89' lang='lat' dir='ltr'><strong>ac</strong></span> <span class='ocrx_word' id='word_1_242' title='bbox 2788 1649 3151 1713; x_wconf 88' lang='lat' dir='ltr'><strong>temperanter</strong></span> <span class='ocrx_word' id='word_1_243' title='bbox 3188 1643 3543 1698; x_wconf 91' lang='lat' dir='ltr'><strong>annuntient.</strong></span> <span class='ocrx_word' id='word_1_244' title='bbox 3584 1643 3719 1698; x_wconf 83' lang='lat' dir='ltr'><strong>Tro-</strong></span> 
     </span>
    </p>
   </div>
   <div class='ocr_carea' id='block_1_29' title="bbox 2102 1731 3718 1802">
    <p class='ocr_par' dir='ltr' id='par_1_29' title="bbox 2102 1731 3718 1802">
     <span class='ocr_line' id='line_1_29' title="bbox 2102 1731 3718 1802; baseline 0.002 -17"><span class='ocrx_word' id='word_1_245' title='bbox 2102 1731 2346 1802; x_wconf 83' lang='lat' dir='ltr'><strong>pologice</strong></span> <span class='ocrx_word' id='word_1_246' title='bbox 2375 1747 2502 1786; x_wconf 85' lang='lat' dir='ltr'><strong>vero</strong></span> <span class='ocrx_word' id='word_1_247' title='bbox 2531 1733 2585 1787; x_wconf 91' lang='lat' dir='ltr'><strong>in</strong></span> <span class='ocrx_word' id='word_1_248' title='bbox 2614 1732 2807 1788; x_wconf 87' lang='lat' dir='ltr'><strong>itinere</strong></span> <span class='ocrx_word' id='word_1_249' title='bbox 2849 1733 3108 1797; x_wconf 88' lang='lat' dir='ltr'><strong>dormire,</strong></span> <span class='ocrx_word' id='word_1_250' title='bbox 3137 1741 3220 1790; x_wconf 89' lang='lat' dir='ltr'><strong>est</strong></span> <span class='ocrx_word' id='word_1_251' title='bbox 3249 1733 3302 1787; x_wconf 93' lang='lat' dir='ltr'><strong>in</strong></span> <span class='ocrx_word' id='word_1_252' title='bbox 3330 1734 3438 1788; x_wconf 90' lang='lat' dir='ltr'><strong>hoc</strong></span> <span class='ocrx_word' id='word_1_253' title='bbox 3468 1748 3718 1802; x_wconf 61' lang='lat' dir='ltr'><strong>prmu-</strong></span> 
     </span>
    </p>
   </div>
   <div class='ocr_carea' id='block_1_30' title="bbox 408 1815 3717 1899">
    <p class='ocr_par' dir='ltr' id='par_1_30' title="bbox 408 1815 3717 1899">
     <span class='ocr_line' id='line_1_30' title="bbox 408 1815 3717 1899; baseline 0.006 -28"><span class='ocrx_word' id='word_1_254' title='bbox 408 1825 471 1872; x_wconf 92' lang='lat' dir='ltr'><strong>ut</strong></span> <span class='ocrx_word' id='word_1_255' title='bbox 501 1819 770 1889; x_wconf 88' lang='lat' dir='ltr'><strong>acciperet</strong></span> <span class='ocrx_word' id='word_1_256' title='bbox 799 1822 904 1877; x_wconf 87' lang='lat' dir='ltr'><strong>sibi</strong></span> <span class='ocrx_word' id='word_1_257' title='bbox 926 1840 1171 1880; x_wconf 83' lang='lat' dir='ltr'><strong>uxorem.</strong></span> <span class='ocrx_word' id='word_1_258' title='bbox 1204 1827 1385 1899; x_wconf 86' lang='lat' dir='ltr'><strong>(lsid.)</strong></span> <span class='ocrx_word' id='word_1_259' title='bbox 1423 1829 1538 1884; x_wconf 90' lang='lat' dir='ltr'><strong>Non</strong></span> <span class='ocrx_word' id='word_1_260' title='bbox 1571 1829 1728 1886; x_wconf 80' lang='lat' dir='ltr'><strong>aliter</strong></span> <span class='ocrx_word' id='word_1_261' title='bbox 1751 1830 1999 1889; x_wconf 81' lang='lat' dir='ltr'><strong>Christus</strong></span> <span class='ocrx_word' id='word_1_262' title='bbox 2027 1815 2074 1874; x_wconf 89' lang='grc' dir='ltr'>Β</span> <span class='ocrx_word' id='word_1_263' title='bbox 2103 1823 2171 1880; x_wconf 78' lang='lat' dir='ltr'><strong>tis</strong></span> <span class='ocrx_word' id='word_1_264' title='bbox 2193 1825 2318 1880; x_wconf 78' lang='lat' dir='ltr'><strong>vitae</strong></span> <span class='ocrx_word' id='word_1_265' title='bbox 2348 1826 2671 1881; x_wconf 73' lang='lat' dir='ltr'><strong>transitoria:</strong></span> <span class='ocrx_word' id='word_1_266' title='bbox 2699 1842 2882 1881; x_wconf 87' lang='lat' dir='ltr'><strong>rerum</strong></span> <span class='ocrx_word' id='word_1_267' title='bbox 2918 1825 3294 1896; x_wconf 77' lang='lat' dir='ltr'><strong>temporalium</strong></span> <span class='ocrx_word' id='word_1_268' title='bbox 3329 1841 3533 1881; x_wconf 84' lang='lat' dir='ltr'><strong>amore</strong></span> <span class='ocrx_word' id='word_1_269' title='bbox 3560 1827 3717 1896; x_wconf 80' lang='lat' dir='ltr'><strong>quie-</strong></span> 
     </span>
    </p>
   </div>
   <div class='ocr_carea' id='block_1_31' title="bbox 406 1907 2000 1996">
    <p class='ocr_par' dir='ltr' id='par_1_31' title="bbox 406 1907 2000 1996">
     <span class='ocr_line' id='line_1_31' title="bbox 406 1907 2000 1996; baseline 0.013 -36"><span class='ocrx_word' id='word_1_270' title='bbox 406 1907 609 1965; x_wconf 87' lang='lat' dir='ltr'><strong>relictis</strong></span> <span class='ocrx_word' id='word_1_271' title='bbox 633 1913 949 1981; x_wconf 89' lang='lat' dir='ltr'><strong>parentibus</strong></span> <span class='ocrx_word' id='word_1_272' title='bbox 976 1920 1272 1974; x_wconf 90' lang='lat' dir='ltr'><strong>secundum</strong></span> <span class='ocrx_word' id='word_1_273' title='bbox 1300 1935 1536 1985; x_wconf 86' lang='lat' dir='ltr'><strong>carnem,</strong></span> <span class='ocrx_word' id='word_1_274' title='bbox 1584 1921 1639 1977; x_wconf 92' lang='lat' dir='ltr'><strong>id</strong></span> <span class='ocrx_word' id='word_1_275' title='bbox 1674 1931 1775 1988; x_wconf 91' lang='lat' dir='ltr'><strong>est,</strong></span> <span class='ocrx_word' id='word_1_276' title='bbox 1804 1925 2000 1996; x_wconf 92' lang='lat' dir='ltr'><strong>populo</strong></span> 
     </span>
    </p>
   </div>
   <div class='ocr_carea' id='block_1_32' title="bbox 406 2000 2000 2086">
    <p class='ocr_par' dir='ltr' id='par_1_32' title="bbox 406 2000 2000 2086">
     <span class='ocr_line' id='line_1_32' title="bbox 406 2000 2000 2086; baseline 0.012 -33"><span class='ocrx_word' id='word_1_277' title='bbox 406 2000 593 2066; x_wconf 86' lang='lat' dir='ltr'><strong>lsrael,</strong></span> <span class='ocrx_word' id='word_1_278' title='bbox 623 2012 676 2056; x_wconf 91' lang='lat' dir='ltr'><strong>et</strong></span> <span class='ocrx_word' id='word_1_279' title='bbox 702 2005 902 2074; x_wconf 88' lang='lat' dir='ltr'><strong>patria,</strong></span> <span class='ocrx_word' id='word_1_280' title='bbox 932 2007 984 2061; x_wconf 92' lang='lat' dir='ltr'><strong>id</strong></span> <span class='ocrx_word' id='word_1_281' title='bbox 1013 2018 1116 2074; x_wconf 89' lang='lat' dir='ltr'><strong>est,</strong></span> <span class='ocrx_word' id='word_1_282' title='bbox 1141 2007 1496 2082; x_wconf 87' lang='lat' dir='ltr'><strong>Jerosolyma,</strong></span> <span class='ocrx_word' id='word_1_283' title='bbox 1527 2020 1583 2067; x_wconf 91' lang='lat' dir='ltr'><strong>et</strong></span> <span class='ocrx_word' id='word_1_284' title='bbox 1607 2013 1754 2068; x_wconf 87' lang='lat' dir='ltr'><strong>omni</strong></span> <span class='ocrx_word' id='word_1_285' title='bbox 1779 2016 2000 2086; x_wconf 78' lang='lat' dir='ltr'><strong>regione</strong></span> 
     </span>
    </p>
   </div>
   <div class='ocr_carea' id='block_1_33' title="bbox 405 2090 2000 2174">
    <p class='ocr_par' dir='ltr' id='par_1_33' title="bbox 405 2090 2000 2174">
     <span class='ocr_line' id='line_1_33' title="bbox 405 2090 2000 2174; baseline 0.013 -29"><span class='ocrx_word' id='word_1_286' title='bbox 405 2090 624 2158; x_wconf 65' lang='lat' dir='ltr'><strong>Judaun,</strong></span> <span class='ocrx_word' id='word_1_287' title='bbox 653 2095 786 2152; x_wconf 90' lang='lat' dir='ltr'><strong>abiit</strong></span> <span class='ocrx_word' id='word_1_288' title='bbox 825 2099 878 2153; x_wconf 92' lang='lat' dir='ltr'><strong>in</strong></span> <span class='ocrx_word' id='word_1_289' title='bbox 922 2102 1172 2171; x_wconf 87' lang='lat' dir='ltr'><strong>gentibus</strong></span> <span class='ocrx_word' id='word_1_290' title='bbox 1222 2104 1492 2174; x_wconf 87' lang='lat' dir='ltr'><strong>accipiens</strong></span> <span class='ocrx_word' id='word_1_291' title='bbox 1534 2105 1634 2160; x_wconf 90' lang='lat' dir='ltr'><strong>sibi</strong></span> <span class='ocrx_word' id='word_1_292' title='bbox 1666 2105 1790 2162; x_wconf 90' lang='lat' dir='ltr'><strong>inde</strong></span> <span class='ocrx_word' id='word_1_293' title='bbox 1813 2107 2000 2164; x_wconf 85' lang='lat' dir='ltr'><strong>Eccle-</strong></span> 
     </span>
    </p>
   </div>
   <div class='ocr_carea' id='block_1_34' title="bbox 405 2185 1998 2265">
    <p class='ocr_par' dir='ltr' id='par_1_34' title="bbox 405 2185 1998 2265">
     <span class='ocr_line' id='line_1_34' title="bbox 405 2185 1998 2265; baseline 0.011 -26"><span class='ocrx_word' id='word_1_294' title='bbox 405 2185 564 2252; x_wconf 77' lang='lat' dir='ltr'><strong>sium,</strong></span> <span class='ocrx_word' id='word_1_295' title='bbox 597 2196 656 2242; x_wconf 91' lang='lat' dir='ltr'><strong>ut</strong></span> <span class='ocrx_word' id='word_1_296' title='bbox 689 2190 1004 2260; x_wconf 89' lang='lat' dir='ltr'><strong>impleretur</strong></span> <span class='ocrx_word' id='word_1_297' title='bbox 1042 2197 1184 2265; x_wconf 90' lang='lat' dir='ltr'><strong>quod</strong></span> <span class='ocrx_word' id='word_1_298' title='bbox 1217 2197 1421 2252; x_wconf 86' lang='lat' dir='ltr'><strong>dictum</strong></span> <span class='ocrx_word' id='word_1_299' title='bbox 1467 2208 1588 2254; x_wconf 90' lang='lat' dir='ltr'><strong>est:</strong></span> <span class='ocrx_word' id='word_1_300' title='bbox 1640 2199 1846 2255; x_wconf 84' lang='lat' dir='ltr'><strong>Vocabo</strong></span> <span class='ocrx_word' id='word_1_301' title='bbox 1891 2218 1998 2257; x_wconf 86' lang='lat' dir='ltr'><strong>non</strong></span> 
     </span>
    </p>
   </div>
   <div class='ocr_carea' id='block_1_35' title="bbox 405 2275 1995 2360">
    <p class='ocr_par' dir='ltr' id='par_1_35' title="bbox 405 2275 1995 2360">
     <span class='ocr_line' id='line_1_35' title="bbox 405 2275 1995 2360; baseline 0.013 -33"><span class='ocrx_word' id='word_1_302' title='bbox 405 2275 602 2344; x_wconf 83' lang='lat' dir='ltr'><strong>plebem</strong></span> <span class='ocrx_word' id='word_1_303' title='bbox 623 2295 788 2335; x_wconf 88' lang='lat' dir='ltr'><strong>meam</strong></span> <span class='ocrx_word' id='word_1_304' title='bbox 810 2282 1006 2352; x_wconf 84' lang='lat' dir='ltr'><strong>plebem</strong></span> <span class='ocrx_word' id='word_1_305' title='bbox 1029 2303 1218 2353; x_wconf 89' lang='lat' dir='ltr'><strong>meam,</strong></span> <span class='ocrx_word' id='word_1_306' title='bbox 1243 2298 1289 2342; x_wconf 91' lang='lat' dir='ltr'><strong>et</strong></span> <span class='ocrx_word' id='word_1_307' title='bbox 1318 2306 1421 2342; x_wconf 85' lang='lat' dir='ltr'><strong>non</strong></span> <span class='ocrx_word' id='word_1_308' title='bbox 1444 2289 1686 2344; x_wconf 83' lang='lat' dir='ltr'><strong>dilectam</strong></span> <span class='ocrx_word' id='word_1_309' title='bbox 1716 2291 1995 2360; x_wconf 88' lang='lat' dir='ltr'><strong>dilectam;</strong></span> 
     </span>
    </p>
   </div>
   <div class='ocr_carea' id='block_1_36' title="bbox 407 2367 1998 2451">
    <p class='ocr_par' dir='ltr' id='par_1_36' title="bbox 407 2367 1998 2451">
     <span class='ocr_line' id='line_1_36' title="bbox 407 2367 1998 2451; baseline 0.013 -33"><span class='ocrx_word' id='word_1_310' title='bbox 407 2376 454 2418; x_wconf 90' lang='lat' dir='ltr'><strong>et</strong></span> <span class='ocrx_word' id='word_1_311' title='bbox 481 2367 576 2421; x_wconf 89' lang='lat' dir='ltr'><strong>erit</strong></span> <span class='ocrx_word' id='word_1_312' title='bbox 607 2369 659 2423; x_wconf 88' lang='lat' dir='ltr'><strong>in</strong></span> <span class='ocrx_word' id='word_1_313' title='bbox 687 2370 800 2425; x_wconf 93' lang='lat' dir='ltr'><strong>loco</strong></span> <span class='ocrx_word' id='word_1_314' title='bbox 841 2374 928 2427; x_wconf 92' lang='lat' dir='ltr'><strong>ubi</strong></span> <span class='ocrx_word' id='word_1_315' title='bbox 958 2376 1154 2430; x_wconf 87' lang='lat' dir='ltr'><strong>dictum</strong></span> <span class='ocrx_word' id='word_1_316' title='bbox 1180 2389 1278 2444; x_wconf 84' lang='lat' dir='ltr'><strong>est,</strong></span> <span class='ocrx_word' id='word_1_317' title='bbox 1315 2379 1438 2435; x_wconf 88' lang='lat' dir='ltr'><strong>Non</strong></span> <span class='ocrx_word' id='word_1_318' title='bbox 1480 2380 1622 2451; x_wconf 85' lang='lat' dir='ltr'><strong>plebs</strong></span> <span class='ocrx_word' id='word_1_319' title='bbox 1651 2398 1767 2437; x_wconf 88' lang='lat' dir='ltr'><strong>mea</strong></span> <span class='ocrx_word' id='word_1_320' title='bbox 1794 2399 1900 2451; x_wconf 71' lang='lat' dir='ltr'><strong>vos,</strong></span> <span class='ocrx_word' id='word_1_321' title='bbox 1923 2384 1998 2438; x_wconf 86' lang='lat' dir='ltr'><strong>ibi</strong></span> 
     </span>
    </p>
   </div>
   <div class='ocr_carea' id='block_1_37' title="bbox 403 2460 1428 2541">
    <p class='ocr_par' dir='ltr' id='par_1_37' title="bbox 403 2460 1428 2541">
     <span class='ocr_line' id='line_1_37' title="bbox 403 2460 1428 2541; baseline 0.014 -31"><span class='ocrx_word' id='word_1_322' title='bbox 403 2460 723 2515; x_wconf 77' lang='lat' dir='ltr'><strong>vocabuntur</strong></span> <span class='ocrx_word' id='word_1_323' title='bbox 747 2462 848 2532; x_wconf 79' lang='lat' dir='ltr'><strong>ﬁlii</strong></span> <span class='ocrx_word' id='word_1_324' title='bbox 872 2464 968 2520; x_wconf 89' lang='lat' dir='ltr'><strong>Dei</strong></span> <span class='ocrx_word' id='word_1_325' title='bbox 993 2469 1088 2521; x_wconf 82' lang='lat' dir='ltr'><strong>vivi</strong></span> <span class='ocrx_word' id='word_1_326' title='bbox 1127 2467 1299 2540; x_wconf 85' lang='lat' dir='ltr'><strong>(Rom.</strong></span> <span class='ocrx_word' id='word_1_327' title='bbox 1333 2469 1428 2541; x_wconf 79' lang='lat' dir='ltr'><strong>ix).</strong></span> 
     </span>
    </p>
   </div>
   <div class='ocr_carea' id='block_1_38' title="bbox 999 2581 1407 2640">
    <p class='ocr_par' dir='ltr' id='par_1_38' title="bbox 999 2581 1407 2640">
     <span class='ocr_line' id='line_1_38' title="bbox 999 2581 1407 2640; baseline 0.002 -4"><span class='ocrx_word' id='word_1_328' title='bbox 999 2581 1228 2639; x_wconf 83' lang='lat' dir='ltr'>CAPUT</span> <span class='ocrx_word' id='word_1_329' title='bbox 1267 2581 1407 2640; x_wconf 81' lang='lat' dir='ltr'><strong>XIV.</strong></span> 
     </span>
    </p>
   </div>
   <div class='ocr_carea' id='block_1_39' title="bbox 400 2663 1992 2757">
    <p class='ocr_par' dir='ltr' id='par_1_39' title="bbox 400 2663 1992 2757">
     <span class='ocr_line' id='line_1_39' title="bbox 400 2663 1992 2757; baseline 0.011 -39"><span class='ocrx_word' id='word_1_330' title='bbox 400 2663 480 2720; x_wconf 89' lang='lat' dir='ltr'><strong>De</strong></span> <span class='ocrx_word' id='word_1_331' title='bbox 514 2667 710 2722; x_wconf 84' lang='lat' dir='ltr'><strong>visione</strong></span> <span class='ocrx_word' id='word_1_332' title='bbox 729 2668 918 2738; x_wconf 85' lang='lat' dir='ltr'><strong>Jacob,</strong></span> <span class='ocrx_word' id='word_1_333' title='bbox 948 2672 1072 2728; x_wconf 87' lang='lat' dir='ltr'><strong>dum</strong></span> <span class='ocrx_word' id='word_1_334' title='bbox 1101 2675 1200 2757; x_wconf 72' lang='lat' dir='ltr'><strong>iret</strong></span> <span class='ocrx_word' id='word_1_335' title='bbox 1235 2676 1291 2729; x_wconf 90' lang='lat' dir='ltr'><strong>in</strong></span> <span class='ocrx_word' id='word_1_336' title='bbox 1319 2674 1777 2748; x_wconf 77' lang='lat' dir='ltr'><strong>Mesopotamiam,</strong></span> <span class='ocrx_word' id='word_1_337' title='bbox 1803 2687 1854 2734; x_wconf 86' lang='lat' dir='ltr'><strong>et</strong></span> <span class='ocrx_word' id='word_1_338' title='bbox 1873 2687 1992 2735; x_wconf 78' lang='lat' dir='ltr'><strong>uoto</strong></span> 
     </span>
    </p>
   </div>
   <div class='ocr_carea' id='block_1_40' title="bbox 1101 2762 1285 2815">
    <p class='ocr_par' dir='ltr' id='par_1_40' title="bbox 1101 2762 1285 2815">
     <span class='ocr_line' id='line_1_40' title="bbox 1101 2762 1285 2815; baseline 0.011 -17"><span class='ocrx_word' id='word_1_339' title='bbox 1101 2762 1285 2815; x_wconf 76' lang='lat' dir='ltr'><strong>ipsius.</strong></span> 
     </span>
    </p>
   </div>
   <div class='ocr_carea' id='block_1_41' title="bbox 465 2826 1989 2912">
    <p class='ocr_par' dir='ltr' id='par_1_41' title="bbox 465 2826 1989 2912">
     <span class='ocr_line' id='line_1_41' title="bbox 465 2826 1989 2912; baseline 0.012 -33"><span class='ocrx_word' id='word_1_340' title='bbox 465 2826 630 2896; x_wconf 84' lang='lat' dir='ltr'><strong>Igitur</strong></span> <span class='ocrx_word' id='word_1_341' title='bbox 654 2844 903 2901; x_wconf 85' lang='lat' dir='ltr'><strong>egressus</strong></span> <span class='ocrx_word' id='word_1_342' title='bbox 944 2833 1111 2890; x_wconf 86' lang='lat' dir='ltr'><strong>Jacoh</strong></span> <span class='ocrx_word' id='word_1_343' title='bbox 1158 2837 1225 2892; x_wconf 86' lang='lat' dir='ltr'><strong>de</strong></span> <span class='ocrx_word' id='word_1_344' title='bbox 1254 2837 1541 2906; x_wconf 89' lang='lat' dir='ltr'><strong>Bersabee,</strong></span> <span class='ocrx_word' id='word_1_345' title='bbox 1589 2842 1848 2912; x_wconf 88' lang='lat' dir='ltr'><strong>pergebat</strong></span> <span class='ocrx_word' id='word_1_346' title='bbox 1876 2841 1989 2897; x_wconf 86' lang='lat' dir='ltr'><strong>Ha-</strong></span> 
     </span>
    </p>
   </div>
   <div class='ocr_carea' id='block_1_42' title="bbox 397 2919 1990 2999">
    <p class='ocr_par' dir='ltr' id='par_1_42' title="bbox 397 2919 1990 2999">
     <span class='ocr_line' id='line_1_42' title="bbox 397 2919 1990 2999; baseline 0.013 -29"><span class='ocrx_word' id='word_1_347' title='bbox 397 2933 514 2972; x_wconf 90' lang='lat' dir='ltr'><strong>ran.</strong></span> <span class='ocrx_word' id='word_1_348' title='bbox 547 2919 776 2991; x_wconf 79' lang='lat' dir='ltr'><strong>Cumque</strong></span> <span class='ocrx_word' id='word_1_349' title='bbox 804 2926 1020 2979; x_wconf 84' lang='lat' dir='ltr'><strong>venisset</strong></span> <span class='ocrx_word' id='word_1_350' title='bbox 1053 2928 1121 2980; x_wconf 89' lang='lat' dir='ltr'><strong>ad</strong></span> <span class='ocrx_word' id='word_1_351' title='bbox 1143 2931 1420 2999; x_wconf 90' lang='lat' dir='ltr'><strong>quemdam</strong></span> <span class='ocrx_word' id='word_1_352' title='bbox 1442 2932 1638 2999; x_wconf 86' lang='lat' dir='ltr'><strong>locum,</strong></span> <span class='ocrx_word' id='word_1_353' title='bbox 1662 2945 1710 2988; x_wconf 91' lang='lat' dir='ltr'><strong>et</strong></span> <span class='ocrx_word' id='word_1_354' title='bbox 1745 2934 1894 2989; x_wconf 83' lang='lat' dir='ltr'><strong>vellet</strong></span> <span class='ocrx_word' id='word_1_355' title='bbox 1933 2937 1990 2991; x_wconf 89' lang='lat' dir='ltr'><strong>in</strong></span> 
     </span>
    </p>
   </div>
   <div class='ocr_carea' id='block_1_43' title="bbox 391 3011 1988 3093">
    <p class='ocr_par' dir='ltr' id='par_1_43' title="bbox 391 3011 1988 3093">
     <span class='ocr_line' id='line_1_43' title="bbox 391 3011 1988 3093; baseline 0.011 -33"><span class='ocrx_word' id='word_1_356' title='bbox 391 3025 451 3061; x_wconf 89' lang='lat' dir='ltr'><strong>eo</strong></span> <span class='ocrx_word' id='word_1_357' title='bbox 482 3011 796 3080; x_wconf 84' lang='lat' dir='ltr'><strong>requiescere</strong></span> <span class='ocrx_word' id='word_1_358' title='bbox 821 3025 934 3083; x_wconf 83' lang='lat' dir='ltr'><strong>post</strong></span> <span class='ocrx_word' id='word_1_359' title='bbox 971 3016 1096 3070; x_wconf 89' lang='lat' dir='ltr'><strong>solis</strong></span> <span class='ocrx_word' id='word_1_360' title='bbox 1127 3019 1443 3086; x_wconf 86' lang='lat' dir='ltr'><strong>accubitum,</strong></span> <span class='ocrx_word' id='word_1_361' title='bbox 1487 3021 1607 3075; x_wconf 89' lang='lat' dir='ltr'><strong>tulit</strong></span> <span class='ocrx_word' id='word_1_362' title='bbox 1633 3022 1698 3077; x_wconf 88' lang='lat' dir='ltr'><strong>de</strong></span> <span class='ocrx_word' id='word_1_363' title='bbox 1725 3022 1988 3093; x_wconf 85' lang='lat' dir='ltr'><strong>lapidibus</strong></span> 
     </span>
    </p>
   </div>
   <div class='ocr_carea' id='block_1_44' title="bbox 389 3101 1988 3180">
    <p class='ocr_par' dir='ltr' id='par_1_44' title="bbox 389 3101 1988 3180">
     <span class='ocr_line' id='line_1_44' title="bbox 389 3101 1988 3180; baseline 0.009 -26"><span class='ocrx_word' id='word_1_364' title='bbox 389 3101 481 3170; x_wconf 88' lang='lat' dir='ltr'><strong>qui</strong></span> <span class='ocrx_word' id='word_1_365' title='bbox 507 3101 777 3171; x_wconf 88' lang='lat' dir='ltr'><strong>jacebant,</strong></span> <span class='ocrx_word' id='word_1_366' title='bbox 815 3115 864 3158; x_wconf 91' lang='lat' dir='ltr'><strong>et</strong></span> <span class='ocrx_word' id='word_1_367' title='bbox 889 3124 1182 3178; x_wconf 88' lang='lat' dir='ltr'><strong>supponens</strong></span> <span class='ocrx_word' id='word_1_368' title='bbox 1211 3111 1368 3180; x_wconf 89' lang='lat' dir='ltr'><strong>capiti</strong></span> <span class='ocrx_word' id='word_1_369' title='bbox 1399 3128 1512 3179; x_wconf 83' lang='lat' dir='ltr'><strong>suo,</strong></span> <span class='ocrx_word' id='word_1_370' title='bbox 1546 3111 1789 3167; x_wconf 87' lang='lat' dir='ltr'><strong>dormivit</strong></span> <span class='ocrx_word' id='word_1_371' title='bbox 1823 3115 1878 3168; x_wconf 91' lang='lat' dir='ltr'><strong>in</strong></span> <span class='ocrx_word' id='word_1_372' title='bbox 1899 3132 1988 3170; x_wconf 89' lang='lat' dir='ltr'><strong>eo-</strong></span> 
     </span>
    </p>
   </div>
   <div class='ocr_carea' id='block_1_45' title="bbox 2103 1915 3718 1989">
    <p class='ocr_par' dir='ltr' id='par_1_45' title="bbox 2103 1915 3718 1989">
     <span class='ocr_line' id='line_1_45' title="bbox 2103 1915 3718 1989; baseline -0.001 -16"><span class='ocrx_word' id='word_1_373' title='bbox 2103 1931 2272 1974; x_wconf 86' lang='lat' dir='ltr'><strong>scere.</strong></span> <span class='ocrx_word' id='word_1_374' title='bbox 2322 1915 2526 1989; x_wconf 85' lang='lat' dir='ltr'><strong>(Greg.)</strong></span> <span class='ocrx_word' id='word_1_375' title='bbox 2572 1918 2630 1973; x_wconf 88' lang='lat' dir='ltr'><strong>In</strong></span> <span class='ocrx_word' id='word_1_376' title='bbox 2676 1918 2870 1974; x_wconf 88' lang='lat' dir='ltr'><strong>itinere</strong></span> <span class='ocrx_word' id='word_1_377' title='bbox 2916 1918 3170 1983; x_wconf 90' lang='lat' dir='ltr'><strong>dormire,</strong></span> <span class='ocrx_word' id='word_1_378' title='bbox 3198 1917 3360 1973; x_wconf 89' lang='lat' dir='ltr'><strong>estin</strong></span> <span class='ocrx_word' id='word_1_379' title='bbox 3386 1918 3611 1972; x_wconf 88' lang='lat' dir='ltr'><strong>dierum</strong></span> <span class='ocrx_word' id='word_1_380' title='bbox 3641 1916 3718 1971; x_wconf 79' lang='lat' dir='ltr'><strong>la-</strong></span> 
     </span>
    </p>
   </div>
   <div class='ocr_carea' id='block_1_46' title="bbox 2101 2009 3716 2082">
    <p class='ocr_par' dir='ltr' id='par_1_46' title="bbox 2101 2009 3716 2082">
     <span class='ocr_line' id='line_1_46' title="bbox 2101 2009 3716 2082; baseline -0.001 -16"><span class='ocrx_word' id='word_1_381' title='bbox 2101 2011 2345 2066; x_wconf 85' lang='lat' dir='ltr'><strong>bentium</strong></span> <span class='ocrx_word' id='word_1_382' title='bbox 2368 2027 2532 2068; x_wconf 89' lang='lat' dir='ltr'><strong>cursu</strong></span> <span class='ocrx_word' id='word_1_383' title='bbox 2567 2012 2636 2068; x_wconf 88' lang='lat' dir='ltr'><strong>ab</strong></span> <span class='ocrx_word' id='word_1_384' title='bbox 2679 2012 2917 2082; x_wconf 89' lang='lat' dir='ltr'><strong>appetitu</strong></span> <span class='ocrx_word' id='word_1_385' title='bbox 2945 2009 3239 2065; x_wconf 86' lang='lat' dir='ltr'><strong>visibilium</strong></span> <span class='ocrx_word' id='word_1_386' title='bbox 3287 2010 3498 2065; x_wconf 88' lang='lat' dir='ltr'><strong>mentis</strong></span> <span class='ocrx_word' id='word_1_387' title='bbox 3527 2009 3716 2064; x_wconf 82' lang='lat' dir='ltr'><strong>oculos</strong></span> 
     </span>
    </p>
   </div>
   <div class='ocr_carea' id='block_1_47' title="bbox 2101 2104 3714 2178">
    <p class='ocr_par' dir='ltr' id='par_1_47' title="bbox 2101 2104 3714 2178">
     <span class='ocr_line' id='line_1_47' title="bbox 2101 2104 3714 2178; baseline -0.003 -15"><span class='ocrx_word' id='word_1_388' title='bbox 2101 2108 2376 2174; x_wconf 87' lang='lat' dir='ltr'><strong>claudere,</strong></span> <span class='ocrx_word' id='word_1_389' title='bbox 2405 2123 2544 2178; x_wconf 89' lang='lat' dir='ltr'><strong>quos</strong></span> <span class='ocrx_word' id='word_1_390' title='bbox 2591 2107 2784 2177; x_wconf 87' lang='lat' dir='ltr'><strong>primis</strong></span> <span class='ocrx_word' id='word_1_391' title='bbox 2826 2104 3136 2161; x_wconf 87' lang='lat' dir='ltr'><strong>hominibus</strong></span> <span class='ocrx_word' id='word_1_392' title='bbox 3183 2104 3444 2160; x_wconf 86' lang='lat' dir='ltr'><strong>seductor</strong></span> <span class='ocrx_word' id='word_1_393' title='bbox 3473 2105 3714 2175; x_wconf 79' lang='lat' dir='ltr'><strong>aperuit,</strong></span> 
     </span>
    </p>
   </div>
   <div class='ocr_carea' id='block_1_48' title="bbox 2101 2194 3715 2270">
    <p class='ocr_par' dir='ltr' id='par_1_48' title="bbox 2101 2194 3715 2270">
     <span class='ocr_line' id='line_1_48' title="bbox 2101 2194 3715 2270; baseline -0.003 -17"><span class='ocrx_word' id='word_1_394' title='bbox 2101 2199 2192 2270; x_wconf 91' lang='lat' dir='ltr'><strong>qui</strong></span> <span class='ocrx_word' id='word_1_395' title='bbox 2222 2198 2337 2253; x_wconf 88' lang='lat' dir='ltr'><strong>ait:</strong></span> <span class='ocrx_word' id='word_1_396' title='bbox 2371 2197 2483 2253; x_wconf 86' lang='lat' dir='ltr'><strong>Scit</strong></span> <span class='ocrx_word' id='word_1_397' title='bbox 2505 2198 2643 2252; x_wconf 88' lang='lat' dir='ltr'><strong>enim</strong></span> <span class='ocrx_word' id='word_1_398' title='bbox 2665 2197 2807 2252; x_wconf 90' lang='lat' dir='ltr'><strong>Deus</strong></span> <span class='ocrx_word' id='word_1_399' title='bbox 2829 2197 2969 2268; x_wconf 83' lang='lat' dir='ltr'><strong>quod</strong></span> <span class='ocrx_word' id='word_1_400' title='bbox 2999 2197 3055 2249; x_wconf 91' lang='lat' dir='ltr'><strong>in</strong></span> <span class='ocrx_word' id='word_1_401' title='bbox 3076 2195 3402 2266; x_wconf 79' lang='lat' dir='ltr'><strong>quocunque</strong></span> <span class='ocrx_word' id='word_1_402' title='bbox 3439 2194 3535 2248; x_wconf 86' lang='lat' dir='ltr'><strong>die</strong></span> <span class='ocrx_word' id='word_1_403' title='bbox 3575 2211 3715 2248; x_wconf 65' lang='lat' dir='ltr'><strong>cm</strong></span> 
     </span>
    </p>
   </div>
   <div class='ocr_carea' id='block_1_49' title="bbox 2098 2283 3715 2358">
    <p class='ocr_par' dir='ltr' id='par_1_49' title="bbox 2098 2283 3715 2358">
     <span class='ocr_line' id='line_1_49' title="bbox 2098 2283 3715 2358; baseline -0.003 -14"><span class='ocrx_word' id='word_1_404' title='bbox 2098 2289 2310 2345; x_wconf 86' lang='lat' dir='ltr'><strong>ederitis</strong></span> <span class='ocrx_word' id='word_1_405' title='bbox 2338 2305 2403 2343; x_wconf 75' lang='lat' dir='ltr'><strong>ex</strong></span> <span class='ocrx_word' id='word_1_406' title='bbox 2437 2305 2518 2354; x_wconf 90' lang='lat' dir='ltr'><strong>eo,</strong></span> <span class='ocrx_word' id='word_1_407' title='bbox 2552 2288 2856 2358; x_wconf 89' lang='lat' dir='ltr'><strong>aperientur</strong></span> <span class='ocrx_word' id='word_1_408' title='bbox 2875 2285 3017 2341; x_wconf 90' lang='lat' dir='ltr'><strong>oculi</strong></span> <span class='ocrx_word' id='word_1_409' title='bbox 3055 2286 3228 2339; x_wconf 86' lang='lat' dir='ltr'><strong>vestri.</strong></span> <span class='ocrx_word' id='word_1_410' title='bbox 3262 2284 3422 2340; x_wconf 86' lang='lat' dir='ltr'><strong>Unde</strong></span> <span class='ocrx_word' id='word_1_411' title='bbox 3461 2291 3524 2338; x_wconf 87' lang='lat' dir='ltr'><strong>et</strong></span> <span class='ocrx_word' id='word_1_412' title='bbox 3557 2283 3715 2354; x_wconf 82' lang='lat' dir='ltr'><strong>paulo</strong></span> 
     </span>
    </p>
   </div>
   <div class='ocr_carea' id='block_1_50' title="bbox 2096 2377 3717 2453">
    <p class='ocr_par' dir='ltr' id='par_1_50' title="bbox 2096 2377 3717 2453">
     <span class='ocr_line' id='line_1_50' title="bbox 2096 2377 3717 2453; baseline -0.005 -15"><span class='ocrx_word' id='word_1_413' title='bbox 2096 2392 2223 2453; x_wconf 88' lang='lat' dir='ltr'><strong>post</strong></span> <span class='ocrx_word' id='word_1_414' title='bbox 2248 2382 2495 2438; x_wconf 88' lang='lat' dir='ltr'><strong>subditur</strong></span> <span class='ocrx_word' id='word_1_415' title='bbox 2519 2399 2532 2435; x_wconf 91' lang='lat'><strong>:</strong></span> <span class='ocrx_word' id='word_1_416' title='bbox 2564 2380 2706 2435; x_wconf 86' lang='lat' dir='ltr'><strong>Tulit</strong></span> <span class='ocrx_word' id='word_1_417' title='bbox 2735 2381 2800 2436; x_wconf 90' lang='lat' dir='ltr'><strong>de</strong></span> <span class='ocrx_word' id='word_1_418' title='bbox 2842 2381 3020 2450; x_wconf 79' lang='lat' dir='ltr'><strong>fructu</strong></span> <span class='ocrx_word' id='word_1_419' title='bbox 3048 2377 3212 2445; x_wconf 85' lang='lat' dir='ltr'><strong>illius,</strong></span> <span class='ocrx_word' id='word_1_420' title='bbox 3243 2387 3293 2432; x_wconf 89' lang='lat' dir='ltr'><strong>et</strong></span> <span class='ocrx_word' id='word_1_421' title='bbox 3321 2378 3562 2432; x_wconf 84' lang='lat' dir='ltr'><strong>comedit</strong></span> <span class='ocrx_word' id='word_1_422' title='bbox 3584 2417 3600 2442; x_wconf 91' lang='lat'><strong>,</strong></span> <span class='ocrx_word' id='word_1_423' title='bbox 3629 2377 3717 2431; x_wconf 67' lang='lat' dir='ltr'><strong>deo</strong></span> 
     </span>
    </p>
   </div>
   <div class='ocr_carea' id='block_1_51' title="bbox 2097 2467 3713 2545">
    <p class='ocr_par' dir='ltr' id='par_1_51' title="bbox 2097 2467 3713 2545">
     <span class='ocr_line' id='line_1_51' title="bbox 2097 2467 3713 2545; baseline -0.006 -17"><span class='ocrx_word' id='word_1_424' title='bbox 2097 2475 2276 2545; x_wconf 86' lang='lat' dir='ltr'><strong>ditque</strong></span> <span class='ocrx_word' id='word_1_425' title='bbox 2306 2474 2416 2528; x_wconf 82' lang='lat' dir='ltr'><strong>viro</strong></span> <span class='ocrx_word' id='word_1_426' title='bbox 2440 2489 2560 2539; x_wconf 88' lang='lat' dir='ltr'><strong>suo,</strong></span> <span class='ocrx_word' id='word_1_427' title='bbox 2587 2472 2677 2544; x_wconf 89' lang='lat' dir='ltr'><strong>qui</strong></span> <span class='ocrx_word' id='word_1_428' title='bbox 2699 2471 2923 2526; x_wconf 86' lang='lat' dir='ltr'><strong>comedit</strong></span> <span class='ocrx_word' id='word_1_429' title='bbox 2947 2487 2966 2534; x_wconf 90' lang='lat'><strong><em>;</em></strong></span> <span class='ocrx_word' id='word_1_430' title='bbox 2988 2478 3038 2525; x_wconf 87' lang='lat' dir='ltr'><strong>et</strong></span> <span class='ocrx_word' id='word_1_431' title='bbox 3058 2469 3226 2540; x_wconf 88' lang='lat' dir='ltr'><strong>aperti</strong></span> <span class='ocrx_word' id='word_1_432' title='bbox 3249 2475 3373 2522; x_wconf 82' lang='lat' dir='ltr'><strong>sunt</strong></span> <span class='ocrx_word' id='word_1_433' title='bbox 3421 2467 3575 2522; x_wconf 79' lang='lat' dir='ltr'><strong>oculi</strong></span> <span class='ocrx_word' id='word_1_434' title='bbox 3598 2483 3713 2520; x_wconf 77' lang='lat' dir='ltr'><strong>am-</strong></span> 
     </span>
    </p>
   </div>
   <div class='ocr_carea' id='block_1_52' title="bbox 2098 2558 3712 2635">
    <p class='ocr_par' dir='ltr' id='par_1_52' title="bbox 2098 2558 3712 2635">
     <span class='ocr_line' id='line_1_52' title="bbox 2098 2558 3712 2635; baseline -0.005 -15"><span class='ocrx_word' id='word_1_435' title='bbox 2098 2565 2301 2620; x_wconf 91' lang='lat' dir='ltr'><strong>borum.</strong></span> <span class='ocrx_word' id='word_1_436' title='bbox 2333 2562 2502 2635; x_wconf 88' lang='lat' dir='ltr'><strong>Culpa</strong></span> <span class='ocrx_word' id='word_1_437' title='bbox 2525 2564 2724 2635; x_wconf 90' lang='lat' dir='ltr'><strong>quippe</strong></span> <span class='ocrx_word' id='word_1_438' title='bbox 2749 2561 2938 2618; x_wconf 89' lang='lat' dir='ltr'><strong>oculos</strong></span> <span class='ocrx_word' id='word_1_439' title='bbox 2977 2558 3441 2631; x_wconf 70' lang='lat' dir='ltr'><strong>concupiscentia:</strong></span> <span class='ocrx_word' id='word_1_440' title='bbox 3471 2559 3712 2630; x_wconf 84' lang='lat' dir='ltr'><strong>aperuit,</strong></span> 
     </span>
    </p>
   </div>
   <div class='ocr_carea' id='block_1_53' title="bbox 2097 2651 3718 2726">
    <p class='ocr_par' dir='ltr' id='par_1_53' title="bbox 2097 2651 3718 2726">
     <span class='ocr_line' id='line_1_53' title="bbox 2097 2651 3718 2726; baseline -0.003 -15"><span class='ocrx_word' id='word_1_441' title='bbox 2097 2669 2236 2726; x_wconf 91' lang='lat' dir='ltr'><strong>quos</strong></span> <span class='ocrx_word' id='word_1_442' title='bbox 2262 2655 2572 2712; x_wconf 88' lang='lat' dir='ltr'><strong>innocentia</strong></span> <span class='ocrx_word' id='word_1_443' title='bbox 2593 2655 2806 2711; x_wconf 91' lang='lat' dir='ltr'><strong>clausos</strong></span> <span class='ocrx_word' id='word_1_444' title='bbox 2833 2652 3069 2710; x_wconf 89' lang='lat' dir='ltr'><strong>tenebat.</strong></span> <span class='ocrx_word' id='word_1_445' title='bbox 3100 2651 3339 2724; x_wconf 75' lang='lat' dir='ltr'><strong>Angelos</strong></span> <span class='ocrx_word' id='word_1_446' title='bbox 3360 2666 3499 2706; x_wconf 82' lang='lat' dir='ltr'><strong>vero</strong></span> <span class='ocrx_word' id='word_1_447' title='bbox 3532 2666 3718 2707; x_wconf 82' lang='lat' dir='ltr'><strong>ascen-</strong></span> 
     </span>
    </p>
   </div>
   <div class='ocr_carea' id='block_1_54' title="bbox 2094 2743 3716 2810">
    <p class='ocr_par' dir='ltr' id='par_1_54' title="bbox 2094 2743 3716 2810">
     <span class='ocr_line' id='line_1_54' title="bbox 2094 2743 3716 2810; baseline -0.004 -8"><span class='ocrx_word' id='word_1_448' title='bbox 2094 2747 2285 2803; x_wconf 84' lang='lat' dir='ltr'><strong>dentes</strong></span> <span class='ocrx_word' id='word_1_449' title='bbox 2312 2756 2368 2802; x_wconf 87' lang='lat' dir='ltr'><strong>et</strong></span> <span class='ocrx_word' id='word_1_450' title='bbox 2411 2745 2804 2802; x_wconf 89' lang='lat' dir='ltr'><strong>descendentes</strong></span> <span class='ocrx_word' id='word_1_451' title='bbox 2848 2757 3091 2807; x_wconf 90' lang='lat' dir='ltr'><strong>cernere,</strong></span> <span class='ocrx_word' id='word_1_452' title='bbox 3140 2751 3225 2798; x_wconf 88' lang='lat' dir='ltr'><strong>est</strong></span> <span class='ocrx_word' id='word_1_453' title='bbox 3275 2743 3430 2797; x_wconf 81' lang='lat' dir='ltr'><strong>cives</strong></span> <span class='ocrx_word' id='word_1_454' title='bbox 3461 2755 3716 2810; x_wconf 66' lang='lat' dir='ltr'><strong>superne</strong></span> 
     </span>
    </p>
   </div>
   <div class='ocr_carea' id='block_1_55' title="bbox 2093 2829 3712 2909">
    <p class='ocr_par' dir='ltr' id='par_1_55' title="bbox 2093 2829 3712 2909">
     <span class='ocr_line' id='line_1_55' title="bbox 2093 2829 3712 2909; baseline -0.005 -17"><span class='ocrx_word' id='word_1_455' title='bbox 2093 2837 2287 2909; x_wconf 76' lang='lat' dir='ltr'><strong>patria:</strong></span> <span class='ocrx_word' id='word_1_456' title='bbox 2311 2834 2708 2906; x_wconf 86' lang='lat' dir='ltr'><strong>contemplari;</strong></span> <span class='ocrx_word' id='word_1_457' title='bbox 2760 2833 2846 2890; x_wconf 90' lang='lat' dir='ltr'><strong>vel</strong></span> <span class='ocrx_word' id='word_1_458' title='bbox 2875 2843 3080 2905; x_wconf 88' lang='lat' dir='ltr'><strong>quanto</strong></span> <span class='ocrx_word' id='word_1_459' title='bbox 3123 2847 3311 2887; x_wconf 88' lang='lat' dir='ltr'><strong>amore</strong></span> <span class='ocrx_word' id='word_1_460' title='bbox 3345 2847 3453 2887; x_wconf 90' lang='lat' dir='ltr'><strong>suo</strong></span> <span class='ocrx_word' id='word_1_461' title='bbox 3497 2829 3712 2886; x_wconf 86' lang='lat' dir='ltr'><strong>auctori</strong></span> 
     </span>
    </p>
   </div>
   <div class='ocr_carea' id='block_1_56' title="bbox 2093 2923 3714 3000">
    <p class='ocr_par' dir='ltr' id='par_1_56' title="bbox 2093 2923 3714 3000">
     <span class='ocr_line' id='line_1_56' title="bbox 2093 2923 3714 3000; baseline -0.006 -15"><span class='ocrx_word' id='word_1_462' title='bbox 2093 2944 2258 3000; x_wconf 89' lang='lat' dir='ltr'><strong>super</strong></span> <span class='ocrx_word' id='word_1_463' title='bbox 2280 2928 2602 2997; x_wconf 87' lang='lat' dir='ltr'><strong>semetipsos</strong></span> <span class='ocrx_word' id='word_1_464' title='bbox 2634 2926 2957 2991; x_wconf 70' lang='lat' dir='ltr'><strong>inhaereant,</strong></span> <span class='ocrx_word' id='word_1_465' title='bbox 2980 2925 3066 2980; x_wconf 90' lang='lat' dir='ltr'><strong>vel</strong></span> <span class='ocrx_word' id='word_1_466' title='bbox 3095 2931 3300 2995; x_wconf 86' lang='lat' dir='ltr'><strong>quanta</strong></span> <span class='ocrx_word' id='word_1_467' title='bbox 3325 2923 3714 2993; x_wconf 82' lang='lat' dir='ltr'><strong>compassioue</strong></span> 
     </span>
    </p>
   </div>
   <div class='ocr_carea' id='block_1_57' title="bbox 2093 3016 3714 3076">
    <p class='ocr_par' dir='ltr' id='par_1_57' title="bbox 2093 3016 3714 3076">
     <span class='ocr_line' id='line_1_57' title="bbox 2093 3016 3714 3076; baseline -0.004 -1"><span class='ocrx_word' id='word_1_468' title='bbox 2093 3019 2377 3076; x_wconf 84' lang='lat' dir='ltr'><strong>cbaritatis</strong></span> <span class='ocrx_word' id='word_1_469' title='bbox 2411 3020 2612 3075; x_wconf 86' lang='lat' dir='ltr'><strong>nostris</strong></span> <span class='ocrx_word' id='word_1_470' title='bbox 2661 3018 3070 3074; x_wconf 88' lang='lat' dir='ltr'><strong>inﬁrmitatibus</strong></span> <span class='ocrx_word' id='word_1_471' title='bbox 3117 3017 3590 3073; x_wconf 89' lang='lat' dir='ltr'><strong>condescendant.</strong></span> <span class='ocrx_word' id='word_1_472' title='bbox 3648 3016 3714 3070; x_wconf 82' lang='lat' dir='ltr'><strong>Et</strong></span> 
     </span>
    </p>
   </div>
   <div class='ocr_carea' id='block_1_58' title="bbox 2094 3109 3718 3180">
    <p class='ocr_par' dir='ltr' id='par_1_58' title="bbox 2094 3109 3718 3180">
     <span class='ocr_line' id='line_1_58' title="bbox 2094 3109 3718 3180; baseline -0.002 -14"><span class='ocrx_word' id='word_1_473' title='bbox 2094 3113 2395 3168; x_wconf 89' lang='lat' dir='ltr'><strong>notandum</strong></span> <span class='ocrx_word' id='word_1_474' title='bbox 2421 3111 2576 3168; x_wconf 87' lang='lat' dir='ltr'><strong>valde</strong></span> <span class='ocrx_word' id='word_1_475' title='bbox 2600 3118 2685 3167; x_wconf 91' lang='lat' dir='ltr'><strong>est</strong></span> <span class='ocrx_word' id='word_1_476' title='bbox 2725 3111 2870 3180; x_wconf 92' lang='lat' dir='ltr'><strong>quod</strong></span> <span class='ocrx_word' id='word_1_477' title='bbox 2899 3110 2990 3164; x_wconf 90' lang='lat' dir='ltr'><strong>ille</strong></span> <span class='ocrx_word' id='word_1_478' title='bbox 3019 3110 3299 3166; x_wconf 90' lang='lat' dir='ltr'><strong>dormiens</strong></span> <span class='ocrx_word' id='word_1_479' title='bbox 3327 3109 3562 3178; x_wconf 83' lang='lat' dir='ltr'><strong>angelos</strong></span> <span class='ocrx_word' id='word_1_480' title='bbox 3584 3124 3718 3164; x_wconf 85' lang='lat' dir='ltr'><strong>eon-</strong></span> 
     </span>
    </p>
   </div>
   <div class='ocr_carea' id='block_1_59' title="bbox 391 3193 3714 3278">
    <p class='ocr_par' dir='ltr' id='par_1_59' title="bbox 391 3193 3714 3278">
     <span class='ocr_line' id='line_1_59' title="bbox 391 3193 3714 3278; baseline 0 -31"><span class='ocrx_word' id='word_1_481' title='bbox 391 3195 508 3250; x_wconf 88' lang='lat' dir='ltr'><strong>dem</strong></span> <span class='ocrx_word' id='word_1_482' title='bbox 533 3195 668 3251; x_wconf 89' lang='lat' dir='ltr'><strong>loco.</strong></span> <span class='ocrx_word' id='word_1_483' title='bbox 704 3197 948 3271; x_wconf 85' lang='lat' dir='ltr'><strong>Viditque</strong></span> <span class='ocrx_word' id='word_1_484' title='bbox 972 3201 1028 3255; x_wconf 88' lang='lat' dir='ltr'><strong>in</strong></span> <span class='ocrx_word' id='word_1_485' title='bbox 1073 3204 1269 3257; x_wconf 86' lang='lat' dir='ltr'><strong>somnis</strong></span> <span class='ocrx_word' id='word_1_486' title='bbox 1313 3203 1512 3259; x_wconf 90' lang='lat' dir='ltr'><strong>scalam</strong></span> <span class='ocrx_word' id='word_1_487' title='bbox 1558 3214 1783 3260; x_wconf 82' lang='lat' dir='ltr'><strong>stantem</strong></span> <span class='ocrx_word' id='word_1_488' title='bbox 1830 3225 1988 3278; x_wconf 86' lang='lat' dir='ltr'><strong>super</strong></span> <span class='ocrx_word' id='word_1_489' title='bbox 2015 3193 2060 3257; x_wconf 87' lang='lat' dir='ltr'><strong>C</strong></span> <span class='ocrx_word' id='word_1_490' title='bbox 2092 3201 2271 3273; x_wconf 85' lang='lat' dir='ltr'><strong>spicit,</strong></span> <span class='ocrx_word' id='word_1_491' title='bbox 2317 3202 2410 3274; x_wconf 88' lang='lat' dir='ltr'><strong>qui</strong></span> <span class='ocrx_word' id='word_1_492' title='bbox 2459 3203 2514 3256; x_wconf 90' lang='lat' dir='ltr'><strong>iu</strong></span> <span class='ocrx_word' id='word_1_493' title='bbox 2550 3201 2784 3273; x_wconf 90' lang='lat' dir='ltr'><strong>lapidem</strong></span> <span class='ocrx_word' id='word_1_494' title='bbox 2819 3207 2982 3271; x_wconf 86' lang='lat' dir='ltr'><strong>caput</strong></span> <span class='ocrx_word' id='word_1_495' title='bbox 3030 3199 3205 3270; x_wconf 87' lang='lat' dir='ltr'><strong>ponit,</strong></span> <span class='ocrx_word' id='word_1_496' title='bbox 3260 3200 3390 3269; x_wconf 84' lang='lat' dir='ltr'><strong>quia</strong></span> <span class='ocrx_word' id='word_1_497' title='bbox 3443 3198 3714 3250; x_wconf 85' lang='lat' dir='ltr'><strong>nimirum</strong></span> 
     </span>
    </p>
   </div>
   <div class='ocr_carea' id='block_1_60' title="bbox 389 3293 1988 3371">
    <p class='ocr_par' dir='ltr' id='par_1_60' title="bbox 389 3293 1988 3371">
     <span class='ocr_line' id='line_1_60' title="bbox 389 3293 1988 3371; baseline 0.009 -32"><span class='ocrx_word' id='word_1_498' title='bbox 389 3295 606 3353; x_wconf 86' lang='lat' dir='ltr'><strong>terram,</strong></span> <span class='ocrx_word' id='word_1_499' title='bbox 637 3300 686 3344; x_wconf 91' lang='lat' dir='ltr'><strong>et</strong></span> <span class='ocrx_word' id='word_1_500' title='bbox 712 3308 961 3347; x_wconf 88' lang='lat' dir='ltr'><strong>cacumen</strong></span> <span class='ocrx_word' id='word_1_501' title='bbox 987 3293 1131 3348; x_wconf 90' lang='lat' dir='ltr'><strong>illius</strong></span> <span class='ocrx_word' id='word_1_502' title='bbox 1158 3305 1376 3366; x_wconf 82' lang='lat' dir='ltr'><strong>tangens</strong></span> <span class='ocrx_word' id='word_1_503' title='bbox 1401 3296 1608 3363; x_wconf 78' lang='lat' dir='ltr'><strong>ctelum;</strong></span> <span class='ocrx_word' id='word_1_504' title='bbox 1632 3298 1843 3370; x_wconf 90' lang='lat' dir='ltr'><strong>angelos</strong></span> <span class='ocrx_word' id='word_1_505' title='bbox 1858 3317 1988 3371; x_wconf 87' lang='lat' dir='ltr'><strong>quo-</strong></span> 
     </span>
    </p>
   </div>
   <div class='ocr_carea' id='block_1_61' title="bbox 387 3379 1988 3458">
    <p class='ocr_par' dir='ltr' id='par_1_61' title="bbox 387 3379 1988 3458">
     <span class='ocr_line' id='line_1_61' title="bbox 387 3379 1988 3458; baseline 0.009 -29"><span class='ocrx_word' id='word_1_506' title='bbox 387 3395 486 3446; x_wconf 87' lang='lat' dir='ltr'><strong>que</strong></span> <span class='ocrx_word' id='word_1_507' title='bbox 511 3379 604 3433; x_wconf 88' lang='lat' dir='ltr'><strong>Dei</strong></span> <span class='ocrx_word' id='word_1_508' title='bbox 627 3383 958 3438; x_wconf 87' lang='lat' dir='ltr'><strong>ascendentes</strong></span> <span class='ocrx_word' id='word_1_509' title='bbox 985 3393 1032 3438; x_wconf 89' lang='lat' dir='ltr'><strong>et</strong></span> <span class='ocrx_word' id='word_1_510' title='bbox 1070 3385 1434 3442; x_wconf 84' lang='lat' dir='ltr'><strong>descendentes</strong></span> <span class='ocrx_word' id='word_1_511' title='bbox 1458 3405 1551 3458; x_wconf 89' lang='lat' dir='ltr'><strong>per</strong></span> <span class='ocrx_word' id='word_1_512' title='bbox 1571 3405 1707 3454; x_wconf 91' lang='lat' dir='ltr'><strong>eam,</strong></span> <span class='ocrx_word' id='word_1_513' title='bbox 1731 3400 1779 3444; x_wconf 91' lang='lat' dir='ltr'><strong>et</strong></span> <span class='ocrx_word' id='word_1_514' title='bbox 1805 3389 1988 3444; x_wconf 88' lang='lat' dir='ltr'><strong>Domi-</strong></span> 
     </span>
    </p>
   </div>
   <div class='ocr_carea' id='block_1_62' title="bbox 389 3471 1985 3550">
    <p class='ocr_par' dir='ltr' id='par_1_62' title="bbox 389 3471 1985 3550">
     <span class='ocr_line' id='line_1_62' title="bbox 389 3471 1985 3550; baseline 0.009 -30"><span class='ocrx_word' id='word_1_515' title='bbox 389 3486 513 3521; x_wconf 83' lang='lat' dir='ltr'><strong>num</strong></span> <span class='ocrx_word' id='word_1_516' title='bbox 569 3471 806 3525; x_wconf 72' lang='lat' dir='ltr'><strong>innixum</strong></span> <span class='ocrx_word' id='word_1_517' title='bbox 850 3473 1006 3528; x_wconf 76' lang='lat' dir='ltr'><strong>scala:</strong></span> <span class='ocrx_word' id='word_1_518' title='bbox 1035 3475 1287 3530; x_wconf 87' lang='lat' dir='ltr'><strong>dicentem</strong></span> <span class='ocrx_word' id='word_1_519' title='bbox 1335 3478 1433 3531; x_wconf 90' lang='lat' dir='ltr'><strong>sibi</strong></span> <span class='ocrx_word' id='word_1_520' title='bbox 1471 3494 1489 3531; x_wconf 93' lang='lat'><strong>:</strong></span> <span class='ocrx_word' id='word_1_521' title='bbox 1543 3478 1655 3550; x_wconf 86' lang='lat' dir='ltr'><strong>Ego</strong></span> <span class='ocrx_word' id='word_1_522' title='bbox 1684 3496 1799 3533; x_wconf 90' lang='lat' dir='ltr'><strong>sum</strong></span> <span class='ocrx_word' id='word_1_523' title='bbox 1844 3480 1985 3534; x_wconf 89' lang='lat' dir='ltr'><strong>Deus</strong></span> 
     </span>
    </p>
   </div>
   <div class='ocr_carea' id='block_1_63' title="bbox 389 3561 1984 3641">
    <p class='ocr_par' dir='ltr' id='par_1_63' title="bbox 389 3561 1984 3641">
     <span class='ocr_line' id='line_1_63' title="bbox 389 3561 1984 3641; baseline 0.008 -29"><span class='ocrx_word' id='word_1_524' title='bbox 389 3561 654 3616; x_wconf 80' lang='lat' dir='ltr'><strong>Abraham</strong></span> <span class='ocrx_word' id='word_1_525' title='bbox 677 3566 842 3634; x_wconf 87' lang='lat' dir='ltr'><strong>patris</strong></span> <span class='ocrx_word' id='word_1_526' title='bbox 868 3567 964 3632; x_wconf 89' lang='lat' dir='ltr'><strong>tui,</strong></span> <span class='ocrx_word' id='word_1_527' title='bbox 983 3576 1029 3620; x_wconf 92' lang='lat' dir='ltr'><strong>et</strong></span> <span class='ocrx_word' id='word_1_528' title='bbox 1057 3567 1199 3622; x_wconf 91' lang='lat' dir='ltr'><strong>Deus</strong></span> <span class='ocrx_word' id='word_1_529' title='bbox 1222 3567 1409 3622; x_wconf 88' lang='lat' dir='ltr'><strong>Isaac:</strong></span> <span class='ocrx_word' id='word_1_530' title='bbox 1432 3579 1646 3635; x_wconf 87' lang='lat' dir='ltr'><strong>terram,</strong></span> <span class='ocrx_word' id='word_1_531' title='bbox 1663 3572 1834 3641; x_wconf 89' lang='lat' dir='ltr'><strong>inqua</strong></span> <span class='ocrx_word' id='word_1_532' title='bbox 1857 3572 1984 3624; x_wconf 88' lang='lat' dir='ltr'><strong>dor-</strong></span> 
     </span>
    </p>
   </div>
   <div class='ocr_carea' id='block_1_64' title="bbox 385 3653 1986 3732">
    <p class='ocr_par' dir='ltr' id='par_1_64' title="bbox 385 3653 1986 3732">
     <span class='ocr_line' id='line_1_64' title="bbox 385 3653 1986 3732; baseline 0.009 -29"><span class='ocrx_word' id='word_1_533' title='bbox 385 3653 508 3718; x_wconf 87' lang='lat' dir='ltr'><strong>mis,</strong></span> <span class='ocrx_word' id='word_1_534' title='bbox 555 3653 650 3707; x_wconf 86' lang='lat' dir='ltr'><strong>tibi</strong></span> <span class='ocrx_word' id='word_1_535' title='bbox 691 3654 825 3709; x_wconf 88' lang='lat' dir='ltr'><strong>dabo</strong></span> <span class='ocrx_word' id='word_1_536' title='bbox 858 3673 905 3709; x_wconf 85' lang='lat' dir='ltr'><strong>et</strong></span> <span class='ocrx_word' id='word_1_537' title='bbox 952 3659 1138 3712; x_wconf 87' lang='lat' dir='ltr'><strong>semini</strong></span> <span class='ocrx_word' id='word_1_538' title='bbox 1167 3669 1280 3724; x_wconf 90' lang='lat' dir='ltr'><strong>tuo,</strong></span> <span class='ocrx_word' id='word_1_539' title='bbox 1330 3668 1435 3715; x_wconf 89' lang='lat' dir='ltr'><strong>etc.</strong></span> <span class='ocrx_word' id='word_1_540' title='bbox 1484 3659 1668 3732; x_wconf 87' lang='lat' dir='ltr'><strong>(Isid.)</strong></span> <span class='ocrx_word' id='word_1_541' title='bbox 1721 3660 1986 3731; x_wconf 84' lang='lat' dir='ltr'><strong>Pergente</strong></span> 
     </span>
    </p>
   </div>
   <div class='ocr_carea' id='block_1_65' title="bbox 387 3744 1984 3821">
    <p class='ocr_par' dir='ltr' id='par_1_65' title="bbox 387 3744 1984 3821">
     <span class='ocr_line' id='line_1_65' title="bbox 387 3744 1984 3821; baseline 0.007 -26"><span class='ocrx_word' id='word_1_542' title='bbox 387 3753 569 3798; x_wconf 88' lang='lat' dir='ltr'><strong>autem</strong></span> <span class='ocrx_word' id='word_1_543' title='bbox 601 3744 767 3803; x_wconf 86' lang='lat' dir='ltr'><strong>Jaeob</strong></span> <span class='ocrx_word' id='word_1_544' title='bbox 810 3748 864 3802; x_wconf 92' lang='lat' dir='ltr'><strong>in</strong></span> <span class='ocrx_word' id='word_1_545' title='bbox 897 3747 1362 3821; x_wconf 85' lang='lat' dir='ltr'><strong>Mesopotamiam,</strong></span> <span class='ocrx_word' id='word_1_546' title='bbox 1402 3752 1555 3806; x_wconf 89' lang='lat' dir='ltr'><strong>venit</strong></span> <span class='ocrx_word' id='word_1_547' title='bbox 1585 3752 1640 3806; x_wconf 93' lang='lat' dir='ltr'><strong>in</strong></span> <span class='ocrx_word' id='word_1_548' title='bbox 1688 3751 1862 3807; x_wconf 91' lang='lat' dir='ltr'><strong>locum</strong></span> <span class='ocrx_word' id='word_1_549' title='bbox 1891 3753 1984 3821; x_wconf 90' lang='lat' dir='ltr'><strong>qui</strong></span> 
     </span>
    </p>
   </div>
   <div class='ocr_carea' id='block_1_66' title="bbox 383 3838 1982 3916">
    <p class='ocr_par' dir='ltr' id='par_1_66' title="bbox 383 3838 1982 3916">
     <span class='ocr_line' id='line_1_66' title="bbox 383 3838 1982 3916; baseline 0.006 -24"><span class='ocrx_word' id='word_1_550' title='bbox 383 3851 529 3892; x_wconf 85' lang='lat' dir='ltr'><strong>nunc</strong></span> <span class='ocrx_word' id='word_1_551' title='bbox 561 3838 747 3896; x_wconf 90' lang='lat' dir='ltr'><strong>Bethcl</strong></span> <span class='ocrx_word' id='word_1_552' title='bbox 778 3852 1022 3910; x_wconf 87' lang='lat' dir='ltr'><strong>vocatur,</strong></span> <span class='ocrx_word' id='word_1_553' title='bbox 1059 3854 1114 3900; x_wconf 90' lang='lat' dir='ltr'><strong>et</strong></span> <span class='ocrx_word' id='word_1_554' title='bbox 1138 3847 1317 3915; x_wconf 92' lang='lat' dir='ltr'><strong>posuit</strong></span> <span class='ocrx_word' id='word_1_555' title='bbox 1367 3844 1468 3899; x_wconf 90' lang='lat' dir='ltr'><strong>sub</strong></span> <span class='ocrx_word' id='word_1_556' title='bbox 1508 3845 1684 3914; x_wconf 89' lang='lat' dir='ltr'><strong>capite</strong></span> <span class='ocrx_word' id='word_1_557' title='bbox 1722 3861 1820 3900; x_wconf 93' lang='lat' dir='ltr'><strong>suo</strong></span> <span class='ocrx_word' id='word_1_558' title='bbox 1845 3845 1982 3916; x_wconf 88' lang='lat' dir='ltr'><strong>lapi-</strong></span> 
     </span>
    </p>
   </div>
   <div class='ocr_carea' id='block_1_67' title="bbox 383 3931 1984 4004">
    <p class='ocr_par' dir='ltr' id='par_1_67' title="bbox 383 3931 1984 4004">
     <span class='ocr_line' id='line_1_67' title="bbox 383 3931 1984 4004; baseline 0.004 -19"><span class='ocrx_word' id='word_1_559' title='bbox 383 3931 506 3986; x_wconf 91' lang='lat' dir='ltr'><strong>dem</strong></span> <span class='ocrx_word' id='word_1_560' title='bbox 555 3949 831 4004; x_wconf 82' lang='lat' dir='ltr'><strong>magnum,</strong></span> <span class='ocrx_word' id='word_1_561' title='bbox 867 3946 923 3990; x_wconf 89' lang='lat' dir='ltr'><strong>et</strong></span> <span class='ocrx_word' id='word_1_562' title='bbox 955 3937 1230 3992; x_wconf 89' lang='lat' dir='ltr'><strong>dormiens</strong></span> <span class='ocrx_word' id='word_1_563' title='bbox 1273 3937 1403 3990; x_wconf 76' lang='lat' dir='ltr'><strong>vidit</strong></span> <span class='ocrx_word' id='word_1_564' title='bbox 1446 3935 1648 3991; x_wconf 85' lang='lat' dir='ltr'><strong>scalam</strong></span> <span class='ocrx_word' id='word_1_565' title='bbox 1697 3937 1984 3991; x_wconf 83' lang='lat' dir='ltr'><strong>subnixam</strong></span> 
     </span>
    </p>
   </div>
   <div class='ocr_carea' id='block_1_68' title="bbox 383 4025 1983 4101">
    <p class='ocr_par' dir='ltr' id='par_1_68' title="bbox 383 4025 1983 4101">
     <span class='ocr_line' id='line_1_68' title="bbox 383 4025 1983 4101; baseline 0.005 -23"><span class='ocrx_word' id='word_1_566' title='bbox 383 4025 706 4083; x_wconf 85' lang='lat' dir='ltr'><strong>innitentcm</strong></span> <span class='ocrx_word' id='word_1_567' title='bbox 738 4031 897 4096; x_wconf 76' lang='lat' dir='ltr'><strong>curio,</strong></span> <span class='ocrx_word' id='word_1_568' title='bbox 937 4040 991 4086; x_wconf 90' lang='lat' dir='ltr'><strong>et</strong></span> <span class='ocrx_word' id='word_1_569' title='bbox 1029 4033 1250 4101; x_wconf 83' lang='lat' dir='ltr'><strong>angelos</strong></span> <span class='ocrx_word' id='word_1_570' title='bbox 1295 4033 1389 4086; x_wconf 83' lang='lat' dir='ltr'><strong>Dei</strong></span> <span class='ocrx_word' id='word_1_571' title='bbox 1420 4032 1772 4090; x_wconf 87' lang='lat' dir='ltr'><strong>ascendentes</strong></span> <span class='ocrx_word' id='word_1_572' title='bbox 1797 4041 1851 4086; x_wconf 89' lang='lat' dir='ltr'><strong>et</strong></span> <span class='ocrx_word' id='word_1_573' title='bbox 1886 4033 1983 4086; x_wconf 88' lang='lat' dir='ltr'><strong>de-</strong></span> 
     </span>
    </p>
   </div>
   <div class='ocr_carea' id='block_1_69' title="bbox 388 4119 1983 4194">
    <p class='ocr_par' dir='ltr' id='par_1_69' title="bbox 388 4119 1983 4194">
     <span class='ocr_line' id='line_1_69' title="bbox 388 4119 1983 4194; baseline 0.005 -25"><span class='ocrx_word' id='word_1_574' title='bbox 388 4119 728 4174; x_wconf 80' lang='lat' dir='ltr'><strong>scendentes.</strong></span> <span class='ocrx_word' id='word_1_575' title='bbox 780 4120 892 4176; x_wconf 86' lang='lat' dir='ltr'><strong>Hoc</strong></span> <span class='ocrx_word' id='word_1_576' title='bbox 934 4123 1051 4176; x_wconf 89' lang='lat' dir='ltr'><strong>viso</strong></span> <span class='ocrx_word' id='word_1_577' title='bbox 1101 4123 1396 4194; x_wconf 82' lang='lat' dir='ltr'><strong>evigilavit,</strong></span> <span class='ocrx_word' id='word_1_578' title='bbox 1428 4123 1691 4193; x_wconf 80' lang='lat' dir='ltr'><strong>unxitque</strong></span> <span class='ocrx_word' id='word_1_579' title='bbox 1746 4123 1983 4192; x_wconf 88' lang='lat' dir='ltr'><strong>lapidem</strong></span> 
     </span>
    </p>
   </div>
   <div class='ocr_carea' id='block_1_70' title="bbox 386 4209 1986 4284">
    <p class='ocr_par' dir='ltr' id='par_1_70' title="bbox 386 4209 1986 4284">
     <span class='ocr_line' id='line_1_70' title="bbox 386 4209 1986 4284; baseline 0.004 -23"><span class='ocrx_word' id='word_1_580' title='bbox 386 4209 608 4262; x_wconf 82' lang='lat' dir='ltr'><strong>dicens:</strong></span> <span class='ocrx_word' id='word_1_581' title='bbox 663 4209 802 4265; x_wconf 84' lang='lat' dir='ltr'><strong>Vere</strong></span> <span class='ocrx_word' id='word_1_582' title='bbox 832 4212 920 4264; x_wconf 91' lang='lat' dir='ltr'><strong>hic</strong></span> <span class='ocrx_word' id='word_1_583' title='bbox 955 4212 1148 4267; x_wconf 91' lang='lat' dir='ltr'><strong>domus</strong></span> <span class='ocrx_word' id='word_1_584' title='bbox 1179 4213 1271 4267; x_wconf 91' lang='lat' dir='ltr'><strong>Dei</strong></span> <span class='ocrx_word' id='word_1_585' title='bbox 1319 4223 1404 4269; x_wconf 89' lang='lat' dir='ltr'><strong>est</strong></span> <span class='ocrx_word' id='word_1_586' title='bbox 1430 4223 1485 4268; x_wconf 92' lang='lat' dir='ltr'><strong>et</strong></span> <span class='ocrx_word' id='word_1_587' title='bbox 1527 4225 1686 4284; x_wconf 87' lang='lat' dir='ltr'><strong>porta</strong></span> <span class='ocrx_word' id='word_1_588' title='bbox 1713 4215 1878 4280; x_wconf 73' lang='lat' dir='ltr'><strong>cmli;</strong></span> <span class='ocrx_word' id='word_1_589' title='bbox 1929 4220 1986 4269; x_wconf 85' lang='lat' dir='ltr'><strong>et</strong></span> 
     </span>
    </p>
   </div>
   <div class='ocr_carea' id='block_1_71' title="bbox 385 4299 1984 4364">
    <p class='ocr_par' dir='ltr' id='par_1_71' title="bbox 385 4299 1984 4364">
     <span class='ocr_line' id='line_1_71' title="bbox 385 4299 1984 4364; baseline 0.004 -13"><span class='ocrx_word' id='word_1_590' title='bbox 385 4299 472 4352; x_wconf 90' lang='lat' dir='ltr'><strong>his</strong></span> <span class='ocrx_word' id='word_1_591' title='bbox 523 4299 699 4364; x_wconf 82' lang='lat' dir='ltr'><strong>dictis,</strong></span> <span class='ocrx_word' id='word_1_592' title='bbox 729 4301 996 4355; x_wconf 89' lang='lat' dir='ltr'><strong>discessit.</strong></span> <span class='ocrx_word' id='word_1_593' title='bbox 1047 4299 1281 4356; x_wconf 90' lang='lat' dir='ltr'><strong>Somnus</strong></span> <span class='ocrx_word' id='word_1_594' title='bbox 1320 4303 1422 4357; x_wconf 86' lang='lat' dir='ltr'><strong>iste</strong></span> <span class='ocrx_word' id='word_1_595' title='bbox 1472 4301 1642 4358; x_wconf 81' lang='lat' dir='ltr'><strong>Jacob</strong></span> <span class='ocrx_word' id='word_1_596' title='bbox 1687 4319 1834 4359; x_wconf 92' lang='lat' dir='ltr'><strong>mors</strong></span> <span class='ocrx_word' id='word_1_597' title='bbox 1869 4303 1984 4358; x_wconf 85' lang='lat' dir='ltr'><strong>sive</strong></span> 
     </span>
    </p>
   </div>
   <div class='ocr_carea' id='block_1_72' title="bbox 383 4392 1984 4466">
    <p class='ocr_par' dir='ltr' id='par_1_72' title="bbox 383 4392 1984 4466">
     <span class='ocr_line' id='line_1_72' title="bbox 383 4392 1984 4466; baseline 0.004 -22"><span class='ocrx_word' id='word_1_598' title='bbox 383 4392 567 4460; x_wconf 80' lang='lat' dir='ltr'><strong>passio</strong></span> <span class='ocrx_word' id='word_1_599' title='bbox 595 4399 679 4445; x_wconf 88' lang='lat' dir='ltr'><strong>est</strong></span> <span class='ocrx_word' id='word_1_600' title='bbox 700 4392 921 4447; x_wconf 82' lang='lat' dir='ltr'><strong>Christi.</strong></span> <span class='ocrx_word' id='word_1_601' title='bbox 950 4392 1111 4464; x_wconf 90' lang='lat' dir='ltr'><strong>Lapis</strong></span> <span class='ocrx_word' id='word_1_602' title='bbox 1151 4394 1218 4448; x_wconf 87' lang='lat' dir='ltr'><strong>ad</strong></span> <span class='ocrx_word' id='word_1_603' title='bbox 1242 4404 1407 4463; x_wconf 89' lang='lat' dir='ltr'><strong>caput</strong></span> <span class='ocrx_word' id='word_1_604' title='bbox 1448 4393 1584 4464; x_wconf 85' lang='lat' dir='ltr'><strong>ejus,</strong></span> <span class='ocrx_word' id='word_1_605' title='bbox 1615 4396 1707 4466; x_wconf 91' lang='lat' dir='ltr'><strong>qui</strong></span> <span class='ocrx_word' id='word_1_606' title='bbox 1737 4395 1984 4450; x_wconf 88' lang='lat' dir='ltr'><strong>nomina-</strong></span> 
     </span>
    </p>
   </div>
   <div class='ocr_carea' id='block_1_73' title="bbox 386 4483 1983 4552">
    <p class='ocr_par' dir='ltr' id='par_1_73' title="bbox 386 4483 1983 4552">
     <span class='ocr_line' id='line_1_73' title="bbox 386 4483 1983 4552; baseline 0.004 -18"><span class='ocrx_word' id='word_1_607' title='bbox 386 4483 482 4535; x_wconf 86' lang='lat' dir='ltr'><strong>tim</strong></span> <span class='ocrx_word' id='word_1_608' title='bbox 517 4485 914 4552; x_wconf 87' lang='lat' dir='ltr'><strong>quodammodo</strong></span> <span class='ocrx_word' id='word_1_609' title='bbox 953 4485 1128 4540; x_wconf 90' lang='lat' dir='ltr'><strong>dictus</strong></span> <span class='ocrx_word' id='word_1_610' title='bbox 1174 4494 1280 4551; x_wconf 93' lang='lat' dir='ltr'><strong>est,</strong></span> <span class='ocrx_word' id='word_1_611' title='bbox 1312 4485 1478 4541; x_wconf 86' lang='lat' dir='ltr'><strong>etiam</strong></span> <span class='ocrx_word' id='word_1_612' title='bbox 1510 4495 1706 4542; x_wconf 90' lang='lat' dir='ltr'><strong>unctus</strong></span> <span class='ocrx_word' id='word_1_613' title='bbox 1733 4485 1983 4542; x_wconf 84' lang='lat' dir='ltr'><strong>Christus</strong></span> 
     </span>
    </p>
   </div>
   <div class='ocr_carea' id='block_1_74' title="bbox 387 4544 2062 4642">
    <p class='ocr_par' dir='ltr' id='par_1_74' title="bbox 387 4544 2062 4642">
     <span class='ocr_line' id='line_1_74' title="bbox 387 4544 2062 4642; baseline 0.002 -16"><span class='ocrx_word' id='word_1_614' title='bbox 387 4572 738 4642; x_wconf 77' lang='lat' dir='ltr'><strong>signiﬁcatur.</strong></span> <span class='ocrx_word' id='word_1_615' title='bbox 767 4573 940 4639; x_wconf 82' lang='lat' dir='ltr'><strong>Caput</strong></span> <span class='ocrx_word' id='word_1_616' title='bbox 963 4576 1109 4628; x_wconf 88' lang='lat' dir='ltr'><strong>enim</strong></span> <span class='ocrx_word' id='word_1_617' title='bbox 1135 4575 1235 4629; x_wconf 86' lang='lat' dir='ltr'><strong>viri</strong></span> <span class='ocrx_word' id='word_1_618' title='bbox 1266 4575 1515 4630; x_wconf 88' lang='lat' dir='ltr'><strong>Christus</strong></span> <span class='ocrx_word' id='word_1_619' title='bbox 1543 4584 1647 4630; x_wconf 88' lang='lat' dir='ltr'><strong>est.</strong></span> <span class='ocrx_word' id='word_1_620' title='bbox 1685 4575 1816 4640; x_wconf 84' lang='lat' dir='ltr'><strong>Quis</strong></span> <span class='ocrx_word' id='word_1_621' title='bbox 1838 4576 1982 4631; x_wconf 90' lang='lat' dir='ltr'><strong>enim</strong></span> <span class='ocrx_word' id='word_1_622' title='bbox 2007 4544 2062 4604; x_wconf 82' lang='lat' dir='ltr'><strong>D</strong></span> 
     </span>
    </p>
   </div>
   <div class='ocr_carea' id='block_1_75' title="bbox 386 4657 1985 4729">
    <p class='ocr_par' dir='ltr' id='par_1_75' title="bbox 386 4657 1985 4729">
     <span class='ocr_line' id='line_1_75' title="bbox 386 4657 1985 4729; baseline -0.004 -10"><span class='ocrx_word' id='word_1_623' title='bbox 386 4664 561 4719; x_wconf 87' lang='lat' dir='ltr'><strong>nescit</strong></span> <span class='ocrx_word' id='word_1_624' title='bbox 589 4660 867 4718; x_wconf 90' lang='lat' dir='ltr'><strong>Christum</strong></span> <span class='ocrx_word' id='word_1_625' title='bbox 910 4662 978 4716; x_wconf 91' lang='lat' dir='ltr'><strong>ab</strong></span> <span class='ocrx_word' id='word_1_626' title='bbox 1011 4659 1265 4715; x_wconf 85' lang='lat' dir='ltr'><strong>unctione</strong></span> <span class='ocrx_word' id='word_1_627' title='bbox 1309 4658 1615 4729; x_wconf 85' lang='lat' dir='ltr'><strong>appellari?</strong></span> <span class='ocrx_word' id='word_1_628' title='bbox 1661 4657 1862 4714; x_wconf 91' lang='lat' dir='ltr'><strong>Domus</strong></span> <span class='ocrx_word' id='word_1_629' title='bbox 1886 4673 1985 4712; x_wconf 87' lang='lat' dir='ltr'><strong>au-</strong></span> 
     </span>
    </p>
   </div>
   <div class='ocr_carea' id='block_1_76' title="bbox 390 4747 1979 4826">
    <p class='ocr_par' dir='ltr' id='par_1_76' title="bbox 390 4747 1979 4826">
     <span class='ocr_line' id='line_1_76' title="bbox 390 4747 1979 4826; baseline -0.006 -14"><span class='ocrx_word' id='word_1_630' title='bbox 390 4765 497 4812; x_wconf 89' lang='lat' dir='ltr'><strong>tem</strong></span> <span class='ocrx_word' id='word_1_631' title='bbox 528 4755 644 4822; x_wconf 89' lang='lat' dir='ltr'><strong>Dei,</strong></span> <span class='ocrx_word' id='word_1_632' title='bbox 688 4755 816 4826; x_wconf 87' lang='lat' dir='ltr'><strong>quia</strong></span> <span class='ocrx_word' id='word_1_633' title='bbox 856 4753 931 4808; x_wconf 91' lang='lat' dir='ltr'><strong>ibi</strong></span> <span class='ocrx_word' id='word_1_634' title='bbox 962 4762 1124 4807; x_wconf 87' lang='lat' dir='ltr'><strong>natus</strong></span> <span class='ocrx_word' id='word_1_635' title='bbox 1147 4759 1234 4808; x_wconf 90' lang='lat' dir='ltr'><strong>est</strong></span> <span class='ocrx_word' id='word_1_636' title='bbox 1256 4748 1509 4806; x_wconf 89' lang='lat' dir='ltr'><strong>Christus</strong></span> <span class='ocrx_word' id='word_1_637' title='bbox 1547 4749 1601 4803; x_wconf 89' lang='lat' dir='ltr'><strong>in</strong></span> <span class='ocrx_word' id='word_1_638' title='bbox 1646 4747 1979 4804; x_wconf 89' lang='lat' dir='ltr'><strong>Bethlcbem.</strong></span> 
     </span>
    </p>
   </div>
   <div class='ocr_carea' id='block_1_77' title="bbox 391 4843 1984 4917">
    <p class='ocr_par' dir='ltr' id='par_1_77' title="bbox 391 4843 1984 4917">
     <span class='ocr_line' id='line_1_77' title="bbox 391 4843 1984 4917; baseline -0.003 -12"><span class='ocrx_word' id='word_1_639' title='bbox 391 4850 554 4906; x_wconf 82' lang='lat' dir='ltr'><strong>Porta</strong></span> <span class='ocrx_word' id='word_1_640' title='bbox 589 4863 720 4904; x_wconf 91' lang='lat' dir='ltr'><strong>vero</strong></span> <span class='ocrx_word' id='word_1_641' title='bbox 749 4846 896 4912; x_wconf 76' lang='lat' dir='ltr'><strong>cmli,</strong></span> <span class='ocrx_word' id='word_1_642' title='bbox 929 4845 1058 4917; x_wconf 86' lang='lat' dir='ltr'><strong>quia</strong></span> <span class='ocrx_word' id='word_1_643' title='bbox 1105 4845 1178 4900; x_wconf 91' lang='lat' dir='ltr'><strong>ibi</strong></span> <span class='ocrx_word' id='word_1_644' title='bbox 1213 4845 1267 4898; x_wconf 92' lang='lat' dir='ltr'><strong>in</strong></span> <span class='ocrx_word' id='word_1_645' title='bbox 1322 4852 1527 4898; x_wconf 90' lang='lat' dir='ltr'><strong>terram</strong></span> <span class='ocrx_word' id='word_1_646' title='bbox 1575 4843 1876 4909; x_wconf 90' lang='lat' dir='ltr'><strong>descendit,</strong></span> <span class='ocrx_word' id='word_1_647' title='bbox 1907 4843 1984 4900; x_wconf 89' lang='lat' dir='ltr'><strong>ibi</strong></span> 
     </span>
    </p>
   </div>
   <div class='ocr_carea' id='block_1_78' title="bbox 391 4935 1986 5005">
    <p class='ocr_par' dir='ltr' id='par_1_78' title="bbox 391 4935 1986 5005">
     <span class='ocr_line' id='line_1_78' title="bbox 391 4935 1986 5005; baseline -0.004 -9"><span class='ocrx_word' id='word_1_648' title='bbox 391 4943 587 4996; x_wconf 89' lang='lat' dir='ltr'><strong>iterum</strong></span> <span class='ocrx_word' id='word_1_649' title='bbox 616 4939 684 4993; x_wconf 87' lang='lat' dir='ltr'><strong>ad</strong></span> <span class='ocrx_word' id='word_1_650' title='bbox 713 4937 910 4993; x_wconf 83' lang='lat' dir='ltr'><strong>coelum</strong></span> <span class='ocrx_word' id='word_1_651' title='bbox 935 4936 1270 4993; x_wconf 90' lang='lat' dir='ltr'><strong>conscendit.</strong></span> <span class='ocrx_word' id='word_1_652' title='bbox 1317 4935 1530 4991; x_wconf 86' lang='lat' dir='ltr'><strong>Erectio</strong></span> <span class='ocrx_word' id='word_1_653' title='bbox 1569 4943 1748 4990; x_wconf 91' lang='lat' dir='ltr'><strong>autem</strong></span> <span class='ocrx_word' id='word_1_654' title='bbox 1793 4935 1986 5005; x_wconf 89' lang='lat' dir='ltr'><strong>lapidis</strong></span> 
     </span>
    </p>
   </div>
   <div class='ocr_carea' id='block_1_79' title="bbox 391 5025 1983 5096">
    <p class='ocr_par' dir='ltr' id='par_1_79' title="bbox 391 5025 1983 5096">
     <span class='ocr_line' id='line_1_79' title="bbox 391 5025 1983 5096; baseline -0.005 -8"><span class='ocrx_word' id='word_1_655' title='bbox 391 5032 720 5092; x_wconf 88' lang='lat' dir='ltr'><strong>resurrectio</strong></span> <span class='ocrx_word' id='word_1_656' title='bbox 741 5031 944 5087; x_wconf 90' lang='lat' dir='ltr'><strong>Christi</strong></span> <span class='ocrx_word' id='word_1_657' title='bbox 967 5040 1067 5086; x_wconf 92' lang='lat' dir='ltr'><strong>est.</strong></span> <span class='ocrx_word' id='word_1_658' title='bbox 1099 5030 1270 5086; x_wconf 87' lang='lat' dir='ltr'><strong>Porro</strong></span> <span class='ocrx_word' id='word_1_659' title='bbox 1299 5028 1443 5084; x_wconf 91' lang='lat' dir='ltr'><strong>scala</strong></span> <span class='ocrx_word' id='word_1_660' title='bbox 1484 5025 1732 5083; x_wconf 90' lang='lat' dir='ltr'><strong>Christus</strong></span> <span class='ocrx_word' id='word_1_661' title='bbox 1761 5035 1866 5092; x_wconf 91' lang='lat' dir='ltr'><strong>est,</strong></span> <span class='ocrx_word' id='word_1_662' title='bbox 1888 5027 1983 5096; x_wconf 87' lang='lat' dir='ltr'><strong>qui</strong></span> 
     </span>
    </p>
   </div>
   <div class='ocr_carea' id='block_1_80' title="bbox 390 5118 1981 5197">
    <p class='ocr_par' dir='ltr' id='par_1_80' title="bbox 390 5118 1981 5197">
     <span class='ocr_line' id='line_1_80' title="bbox 390 5118 1981 5197; baseline -0.005 -17"><span class='ocrx_word' id='word_1_663' title='bbox 390 5128 564 5181; x_wconf 84' lang='lat' dir='ltr'><strong>dixit:</strong></span> <span class='ocrx_word' id='word_1_664' title='bbox 593 5126 708 5197; x_wconf 87' lang='lat' dir='ltr'><strong>Ego</strong></span> <span class='ocrx_word' id='word_1_665' title='bbox 731 5143 848 5181; x_wconf 91' lang='lat' dir='ltr'><strong>sum</strong></span> <span class='ocrx_word' id='word_1_666' title='bbox 875 5126 960 5179; x_wconf 85' lang='lat' dir='ltr'><strong>via</strong></span> <span class='ocrx_word' id='word_1_667' title='bbox 1007 5123 1190 5196; x_wconf 82' lang='lat' dir='ltr'><strong>(Joan.</strong></span> <span class='ocrx_word' id='word_1_668' title='bbox 1230 5121 1363 5194; x_wconf 78' lang='lat' dir='ltr'><strong>xiv).</strong></span> <span class='ocrx_word' id='word_1_669' title='bbox 1417 5121 1522 5176; x_wconf 88' lang='lat' dir='ltr'><strong>Per</strong></span> <span class='ocrx_word' id='word_1_670' title='bbox 1553 5122 1694 5176; x_wconf 89' lang='lat' dir='ltr'><strong>hanc</strong></span> <span class='ocrx_word' id='word_1_671' title='bbox 1719 5118 1981 5175; x_wconf 89' lang='lat' dir='ltr'><strong>ascende-</strong></span> 
     </span>
    </p>
   </div>
   <div class='ocr_carea' id='block_1_81' title="bbox 393 5209 1984 5287">
    <p class='ocr_par' dir='ltr' id='par_1_81' title="bbox 393 5209 1984 5287">
     <span class='ocr_line' id='line_1_81' title="bbox 393 5209 1984 5287; baseline -0.004 -17"><span class='ocrx_word' id='word_1_672' title='bbox 393 5216 524 5270; x_wconf 90' lang='lat' dir='ltr'><strong>bant</strong></span> <span class='ocrx_word' id='word_1_673' title='bbox 554 5219 750 5287; x_wconf 89' lang='lat' dir='ltr'><strong>angeli,</strong></span> <span class='ocrx_word' id='word_1_674' title='bbox 793 5225 851 5272; x_wconf 88' lang='lat' dir='ltr'><strong>et</strong></span> <span class='ocrx_word' id='word_1_675' title='bbox 889 5214 1310 5280; x_wconf 88' lang='lat' dir='ltr'><strong>descendebant,</strong></span> <span class='ocrx_word' id='word_1_676' title='bbox 1343 5213 1398 5267; x_wconf 92' lang='lat' dir='ltr'><strong>in</strong></span> <span class='ocrx_word' id='word_1_677' title='bbox 1449 5212 1646 5281; x_wconf 88' lang='lat' dir='ltr'><strong>quibus</strong></span> <span class='ocrx_word' id='word_1_678' title='bbox 1693 5209 1984 5282; x_wconf 81' lang='lat' dir='ltr'><strong>signiﬁcati</strong></span> 
     </span>
    </p>
   </div>
   <div class='ocr_carea' id='block_1_82' title="bbox 395 5301 1985 5376">
    <p class='ocr_par' dir='ltr' id='par_1_82' title="bbox 395 5301 1985 5376">
     <span class='ocr_line' id='line_1_82' title="bbox 395 5301 1985 5376; baseline -0.003 -14"><span class='ocrx_word' id='word_1_679' title='bbox 395 5316 522 5362; x_wconf 89' lang='lat' dir='ltr'><strong>sunt</strong></span> <span class='ocrx_word' id='word_1_680' title='bbox 551 5305 891 5376; x_wconf 68' lang='lat' dir='ltr'><strong>evangelistze</strong></span> <span class='ocrx_word' id='word_1_681' title='bbox 945 5304 1327 5376; x_wconf 71' lang='lat' dir='ltr'><strong>praedicatores</strong></span> <span class='ocrx_word' id='word_1_682' title='bbox 1371 5301 1597 5368; x_wconf 88' lang='lat' dir='ltr'><strong>Christi,</strong></span> <span class='ocrx_word' id='word_1_683' title='bbox 1629 5301 1985 5357; x_wconf 89' lang='lat' dir='ltr'><strong>ascendentes</strong></span> 
     </span>
    </p>
   </div>
   <div class='ocr_carea' id='block_1_83' title="bbox 396 5391 1984 5467">
    <p class='ocr_par' dir='ltr' id='par_1_83' title="bbox 396 5391 1984 5467">
     <span class='ocr_line' id='line_1_83' title="bbox 396 5391 1984 5467; baseline -0.004 -13"><span class='ocrx_word' id='word_1_684' title='bbox 396 5400 605 5467; x_wconf 87' lang='lat' dir='ltr'><strong>utique,</strong></span> <span class='ocrx_word' id='word_1_685' title='bbox 636 5414 758 5452; x_wconf 93' lang='lat' dir='ltr'><strong>cum</strong></span> <span class='ocrx_word' id='word_1_686' title='bbox 805 5397 874 5451; x_wconf 87' lang='lat' dir='ltr'><strong>ad</strong></span> <span class='ocrx_word' id='word_1_687' title='bbox 916 5395 1312 5467; x_wconf 89' lang='lat' dir='ltr'><strong>intelligendam</strong></span> <span class='ocrx_word' id='word_1_688' title='bbox 1346 5394 1461 5464; x_wconf 86' lang='lat' dir='ltr'><strong>ejus</strong></span> <span class='ocrx_word' id='word_1_689' title='bbox 1507 5391 1984 5462; x_wconf 87' lang='lat' dir='ltr'><strong>supereminentis-</strong></span> 
     </span>
    </p>
   </div>
   <div class='ocr_carea' id='block_1_84' title="bbox 399 5486 1981 5550">
    <p class='ocr_par' dir='ltr' id='par_1_84' title="bbox 399 5486 1981 5550">
     <span class='ocr_line' id='line_1_84' title="bbox 399 5486 1981 5550; baseline -0.005 -3"><span class='ocrx_word' id='word_1_690' title='bbox 399 5493 480 5547; x_wconf 85' lang='lat' dir='ltr'><strong>sin</strong></span> <span class='ocrx_word' id='word_1_691' title='bbox 508 5507 591 5544; x_wconf 79' lang='lat' dir='ltr'><strong>am</strong></span> <span class='ocrx_word' id='word_1_692' title='bbox 621 5490 953 5544; x_wconf 80' lang='lat' dir='ltr'><strong>divinitatem</strong></span> <span class='ocrx_word' id='word_1_693' title='bbox 997 5489 1263 5544; x_wconf 81' lang='lat' dir='ltr'><strong>excedunt</strong></span> <span class='ocrx_word' id='word_1_694' title='bbox 1297 5486 1606 5540; x_wconf 87' lang='lat' dir='ltr'><strong>universam</strong></span> <span class='ocrx_word' id='word_1_695' title='bbox 1652 5493 1981 5550; x_wconf 85' lang='lat' dir='ltr'><strong>creaturam,</strong></span> 
     </span>
    </p>
   </div>
   <div class='ocr_carea' id='block_1_85' title="bbox 399 5575 1984 5650">
    <p class='ocr_par' dir='ltr' id='par_1_85' title="bbox 399 5575 1984 5650">
     <span class='ocr_line' id='line_1_85' title="bbox 399 5575 1984 5650; baseline -0.006 -11"><span class='ocrx_word' id='word_1_696' title='bbox 399 5594 458 5639; x_wconf 91' lang='lat' dir='ltr'><strong>ut</strong></span> <span class='ocrx_word' id='word_1_697' title='bbox 493 5601 607 5638; x_wconf 64' lang='lat' dir='ltr'><strong>sum</strong></span> <span class='ocrx_word' id='word_1_698' title='bbox 652 5584 924 5637; x_wconf 86' lang='lat' dir='ltr'><strong>inveniant</strong></span> <span class='ocrx_word' id='word_1_699' title='bbox 970 5581 1036 5635; x_wconf 90' lang='lat' dir='ltr'><strong>In</strong></span> <span class='ocrx_word' id='word_1_700' title='bbox 1081 5579 1334 5650; x_wconf 87' lang='lat' dir='ltr'><strong>principio</strong></span> <span class='ocrx_word' id='word_1_701' title='bbox 1373 5575 1598 5631; x_wconf 85' lang='lat' dir='ltr'><strong>Verbum</strong></span> <span class='ocrx_word' id='word_1_702' title='bbox 1630 5577 1771 5645; x_wconf 87' lang='lat' dir='ltr'><strong>apud</strong></span> <span class='ocrx_word' id='word_1_703' title='bbox 1791 5576 1984 5642; x_wconf 89' lang='lat' dir='ltr'><strong>Deum,</strong></span> 
     </span>
    </p>
   </div>
   <div class='ocr_carea' id='block_1_86' title="bbox 396 5670 1987 5750">
    <p class='ocr_par' dir='ltr' id='par_1_86' title="bbox 396 5670 1987 5750">
     <span class='ocr_line' id='line_1_86' title="bbox 396 5670 1987 5750; baseline -0.006 -15"><span class='ocrx_word' id='word_1_704' title='bbox 396 5693 492 5750; x_wconf 87' lang='lat' dir='ltr'><strong>per</strong></span> <span class='ocrx_word' id='word_1_705' title='bbox 521 5693 680 5748; x_wconf 88' lang='lat' dir='ltr'><strong>quem</strong></span> <span class='ocrx_word' id='word_1_706' title='bbox 726 5676 868 5732; x_wconf 84' lang='lat' dir='ltr'><strong>facta</strong></span> <span class='ocrx_word' id='word_1_707' title='bbox 902 5684 1028 5731; x_wconf 89' lang='lat' dir='ltr'><strong>sunt</strong></span> <span class='ocrx_word' id='word_1_708' title='bbox 1071 5673 1251 5727; x_wconf 88' lang='lat' dir='ltr'><strong>omnia</strong></span> <span class='ocrx_word' id='word_1_709' title='bbox 1284 5670 1557 5742; x_wconf 51' lang='lat' dir='ltr'><strong>(Joann);</strong></span> <span class='ocrx_word' id='word_1_710' title='bbox 1600 5671 1987 5725; x_wconf 80' lang='lat' dir='ltr'><strong>descendentes</strong></span> 
     </span>
    </p>
   </div>
   <div class='ocr_carea' id='block_1_87' title="bbox 402 5762 1986 5839">
    <p class='ocr_par' dir='ltr' id='par_1_87' title="bbox 402 5762 1986 5839">
     <span class='ocr_line' id='line_1_87' title="bbox 402 5762 1986 5839; baseline -0.004 -13"><span class='ocrx_word' id='word_1_711' title='bbox 402 5784 605 5839; x_wconf 81' lang='lat' dir='ltr'><strong>autem,</strong></span> <span class='ocrx_word' id='word_1_712' title='bbox 626 5781 684 5828; x_wconf 93' lang='lat' dir='ltr'><strong>ut</strong></span> <span class='ocrx_word' id='word_1_713' title='bbox 703 5786 829 5829; x_wconf 89' lang='lat' dir='ltr'><strong>eum</strong></span> <span class='ocrx_word' id='word_1_714' title='bbox 858 5767 1136 5825; x_wconf 87' lang='lat' dir='ltr'><strong>inveniant</strong></span> <span class='ocrx_word' id='word_1_715' title='bbox 1177 5768 1376 5836; x_wconf 76' lang='lat' dir='ltr'><strong>factum</strong></span> <span class='ocrx_word' id='word_1_716' title='bbox 1413 5779 1479 5820; x_wconf 79' lang='lat' dir='ltr'><strong>ea:</strong></span> <span class='ocrx_word' id='word_1_717' title='bbox 1515 5763 1754 5832; x_wconf 86' lang='lat' dir='ltr'><strong>muliere,</strong></span> <span class='ocrx_word' id='word_1_718' title='bbox 1784 5762 1986 5834; x_wconf 79' lang='lat' dir='ltr'><strong>factum</strong></span> 
     </span>
    </p>
   </div>
   <div class='ocr_carea' id='block_1_88' title="bbox 2093 3290 3796 3372">
    <p class='ocr_par' dir='ltr' id='par_1_88' title="bbox 2093 3290 3796 3372">
     <span class='ocr_line' id='line_1_88' title="bbox 2093 3290 3796 3372; baseline -0.009 -17"><span class='ocrx_word' id='word_1_719' title='bbox 2093 3301 2220 3372; x_wconf 91' lang='lat' dir='ltr'><strong>ipsi,</strong></span> <span class='ocrx_word' id='word_1_720' title='bbox 2253 3299 2347 3370; x_wconf 91' lang='lat' dir='ltr'><strong>qui</strong></span> <span class='ocrx_word' id='word_1_721' title='bbox 2377 3299 2445 3353; x_wconf 89' lang='lat' dir='ltr'><strong>ab</strong></span> <span class='ocrx_word' id='word_1_722' title='bbox 2489 3297 2855 3353; x_wconf 81' lang='lat' dir='ltr'><strong>exterioribus</strong></span> <span class='ocrx_word' id='word_1_723' title='bbox 2899 3295 3153 3365; x_wconf 88' lang='lat' dir='ltr'><strong>operibus</strong></span> <span class='ocrx_word' id='word_1_724' title='bbox 3192 3298 3430 3353; x_wconf 89' lang='lat' dir='ltr'><strong>cessant,</strong></span> <span class='ocrx_word' id='word_1_725' title='bbox 3485 3290 3715 3343; x_wconf 80' lang='lat' dir='ltr'><strong>interna</strong></span> <span class='ocrx_word' id='word_1_726' title='bbox 3789 3341 3796 3348; x_wconf 82' lang='grc'><em>,</em></span> 
     </span>
    </p>
   </div>
   <div class='ocr_carea' id='block_1_89' title="bbox 2090 3379 3715 3463">
    <p class='ocr_par' dir='ltr' id='par_1_89' title="bbox 2090 3379 3715 3463">
     <span class='ocr_line' id='line_1_89' title="bbox 2090 3379 3715 3463; baseline -0.007 -16"><span class='ocrx_word' id='word_1_727' title='bbox 2090 3400 2398 3463; x_wconf 87' lang='lat' dir='ltr'><strong>penetrant,</strong></span> <span class='ocrx_word' id='word_1_728' title='bbox 2447 3390 2540 3458; x_wconf 92' lang='lat' dir='ltr'><strong>qui</strong></span> <span class='ocrx_word' id='word_1_729' title='bbox 2589 3389 2799 3442; x_wconf 88' lang='lat' dir='ltr'><strong>intenta</strong></span> <span class='ocrx_word' id='word_1_730' title='bbox 2846 3394 3051 3450; x_wconf 89' lang='lat' dir='ltr'><strong>mente,</strong></span> <span class='ocrx_word' id='word_1_731' title='bbox 3103 3398 3224 3454; x_wconf 66' lang='lat' dir='ltr'><strong>quae</strong></span> <span class='ocrx_word' id='word_1_732' title='bbox 3271 3379 3581 3452; x_wconf 85' lang='lat' dir='ltr'><strong>principale</strong></span> <span class='ocrx_word' id='word_1_733' title='bbox 3630 3389 3715 3435; x_wconf 85' lang='lat' dir='ltr'><strong>est</strong></span> 
     </span>
    </p>
   </div>
   <div class='ocr_carea' id='block_1_90' title="bbox 2090 3473 3710 3551">
    <p class='ocr_par' dir='ltr' id='par_1_90' title="bbox 2090 3473 3710 3551">
     <span class='ocr_line' id='line_1_90' title="bbox 2090 3473 3710 3551; baseline -0.01 -11"><span class='ocrx_word' id='word_1_734' title='bbox 2090 3484 2350 3551; x_wconf 85' lang='lat' dir='ltr'><strong>hominis,</strong></span> <span class='ocrx_word' id='word_1_735' title='bbox 2403 3481 2764 3537; x_wconf 88' lang='lat' dir='ltr'><strong>imitationem</strong></span> <span class='ocrx_word' id='word_1_736' title='bbox 2815 3479 2902 3535; x_wconf 90' lang='lat' dir='ltr'><strong>sui</strong></span> <span class='ocrx_word' id='word_1_737' title='bbox 2952 3474 3330 3546; x_wconf 81' lang='lat' dir='ltr'><strong>Redemptoris</strong></span> <span class='ocrx_word' id='word_1_738' title='bbox 3378 3473 3710 3528; x_wconf 75' lang='lat' dir='ltr'><strong>observant.</strong></span> 
     </span>
    </p>
   </div>
   <div class='ocr_carea' id='block_1_91' title="bbox 2089 3563 3712 3649">
    <p class='ocr_par' dir='ltr' id='par_1_91' title="bbox 2089 3563 3712 3649">
     <span class='ocr_line' id='line_1_91' title="bbox 2089 3563 3712 3649; baseline -0.009 -16"><span class='ocrx_word' id='word_1_739' title='bbox 2089 3577 2267 3649; x_wconf 90' lang='lat' dir='ltr'><strong>Caput</strong></span> <span class='ocrx_word' id='word_1_740' title='bbox 2289 3576 2488 3647; x_wconf 90' lang='lat' dir='ltr'><strong>quippe</strong></span> <span class='ocrx_word' id='word_1_741' title='bbox 2539 3575 2593 3629; x_wconf 91' lang='lat' dir='ltr'><strong>in</strong></span> <span class='ocrx_word' id='word_1_742' title='bbox 2645 3571 2822 3644; x_wconf 88' lang='lat' dir='ltr'><strong>lapide</strong></span> <span class='ocrx_word' id='word_1_743' title='bbox 2875 3583 3102 3642; x_wconf 90' lang='lat' dir='ltr'><strong>ponere,</strong></span> <span class='ocrx_word' id='word_1_744' title='bbox 3131 3576 3216 3623; x_wconf 90' lang='lat' dir='ltr'><strong>est</strong></span> <span class='ocrx_word' id='word_1_745' title='bbox 3258 3575 3443 3622; x_wconf 89' lang='lat' dir='ltr'><strong>mente</strong></span> <span class='ocrx_word' id='word_1_746' title='bbox 3478 3563 3712 3618; x_wconf 86' lang='lat' dir='ltr'><strong>Christo</strong></span> 
     </span>
    </p>
   </div>
   <div class='ocr_carea' id='block_1_92' title="bbox 2091 3655 3710 3736">
    <p class='ocr_par' dir='ltr' id='par_1_92' title="bbox 2091 3655 3710 3736">
     <span class='ocr_line' id='line_1_92' title="bbox 2091 3655 3710 3736; baseline -0.012 -10"><span class='ocrx_word' id='word_1_747' title='bbox 2091 3671 2375 3728; x_wconf 64' lang='lat' dir='ltr'><strong>inbaarere.</strong></span> <span class='ocrx_word' id='word_1_748' title='bbox 2406 3668 2508 3736; x_wconf 92' lang='lat' dir='ltr'><strong>Qui</strong></span> <span class='ocrx_word' id='word_1_749' title='bbox 2533 3668 2680 3722; x_wconf 91' lang='lat' dir='ltr'><strong>enim</strong></span> <span class='ocrx_word' id='word_1_750' title='bbox 2718 3683 2750 3720; x_wconf 91' lang='lat' dir='ltr'><strong>a</strong></span> <span class='ocrx_word' id='word_1_751' title='bbox 2770 3663 3054 3736; x_wconf 66' lang='lat' dir='ltr'><strong>praesentis</strong></span> <span class='ocrx_word' id='word_1_752' title='bbox 3081 3662 3208 3716; x_wconf 63' lang='lat' dir='ltr'><strong>vita:</strong></span> <span class='ocrx_word' id='word_1_753' title='bbox 3245 3659 3458 3712; x_wconf 85' lang='lat' dir='ltr'><strong>actione</strong></span> <span class='ocrx_word' id='word_1_754' title='bbox 3497 3655 3710 3710; x_wconf 88' lang='lat' dir='ltr'><strong>remoti</strong></span> 
     </span>
    </p>
   </div>
   <div class='ocr_carea' id='block_1_93' title="bbox 2090 3748 3711 3827">
    <p class='ocr_par' dir='ltr' id='par_1_93' title="bbox 2090 3748 3711 3827">
     <span class='ocr_line' id='line_1_93' title="bbox 2090 3748 3711 3827; baseline -0.01 -9"><span class='ocrx_word' id='word_1_755' title='bbox 2090 3770 2237 3827; x_wconf 88' lang='lat' dir='ltr'><strong>sunt,</strong></span> <span class='ocrx_word' id='word_1_756' title='bbox 2270 3762 2364 3816; x_wconf 90' lang='lat' dir='ltr'><strong>sed</strong></span> <span class='ocrx_word' id='word_1_757' title='bbox 2389 3761 2456 3815; x_wconf 93' lang='lat' dir='ltr'><strong>ad</strong></span> <span class='ocrx_word' id='word_1_758' title='bbox 2477 3771 2712 3827; x_wconf 89' lang='lat' dir='ltr'><strong>superna</strong></span> <span class='ocrx_word' id='word_1_759' title='bbox 2737 3755 2883 3808; x_wconf 91' lang='lat' dir='ltr'><strong>nullo</strong></span> <span class='ocrx_word' id='word_1_760' title='bbox 2913 3765 3098 3807; x_wconf 90' lang='lat' dir='ltr'><strong>amore</strong></span> <span class='ocrx_word' id='word_1_761' title='bbox 3125 3750 3432 3820; x_wconf 90' lang='lat' dir='ltr'><strong>rapiuntur,</strong></span> <span class='ocrx_word' id='word_1_762' title='bbox 3457 3748 3711 3803; x_wconf 85' lang='lat' dir='ltr'><strong>dormire</strong></span> 
     </span>
    </p>
   </div>
   <div class='ocr_carea' id='block_1_94' title="bbox 2087 3839 3709 3924">
    <p class='ocr_par' dir='ltr' id='par_1_94' title="bbox 2087 3839 3709 3924">
     <span class='ocr_line' id='line_1_94' title="bbox 2087 3839 3709 3924; baseline -0.009 -16"><span class='ocrx_word' id='word_1_763' title='bbox 2087 3860 2341 3924; x_wconf 90' lang='lat' dir='ltr'><strong>possunt,</strong></span> <span class='ocrx_word' id='word_1_764' title='bbox 2369 3850 2464 3905; x_wconf 88' lang='lat' dir='ltr'><strong>sed</strong></span> <span class='ocrx_word' id='word_1_765' title='bbox 2491 3848 2676 3903; x_wconf 89' lang='lat' dir='ltr'><strong>videre</strong></span> <span class='ocrx_word' id='word_1_766' title='bbox 2703 3843 2925 3916; x_wconf 85' lang='lat' dir='ltr'><strong>angelos</strong></span> <span class='ocrx_word' id='word_1_767' title='bbox 2954 3850 3250 3913; x_wconf 89' lang='lat' dir='ltr'><strong>nequeunt,</strong></span> <span class='ocrx_word' id='word_1_768' title='bbox 3281 3840 3405 3910; x_wconf 89' lang='lat' dir='ltr'><strong>quia</strong></span> <span class='ocrx_word' id='word_1_769' title='bbox 3438 3846 3612 3907; x_wconf 88' lang='lat' dir='ltr'><strong>caput</strong></span> <span class='ocrx_word' id='word_1_770' title='bbox 3653 3839 3709 3893; x_wconf 91' lang='lat' dir='ltr'><strong>in</strong></span> 
     </span>
    </p>
   </div>
   <div class='ocr_carea' id='block_1_95' title="bbox 2089 3930 3712 4016">
    <p class='ocr_par' dir='ltr' id='par_1_95' title="bbox 2089 3930 3712 4016">
     <span class='ocr_line' id='line_1_95' title="bbox 2089 3930 3712 4016; baseline -0.01 -15"><span class='ocrx_word' id='word_1_771' title='bbox 2089 3946 2266 4016; x_wconf 89' lang='lat' dir='ltr'><strong>lapide</strong></span> <span class='ocrx_word' id='word_1_772' title='bbox 2316 3954 2503 3999; x_wconf 88' lang='lat' dir='ltr'><strong>tenere</strong></span> <span class='ocrx_word' id='word_1_773' title='bbox 2547 3945 2921 3997; x_wconf 89' lang='lat' dir='ltr'><strong>contemnunt.</strong></span> <span class='ocrx_word' id='word_1_774' title='bbox 2983 3935 3125 3991; x_wconf 90' lang='lat' dir='ltr'><strong>Sunt</strong></span> <span class='ocrx_word' id='word_1_775' title='bbox 3167 3947 3401 4002; x_wconf 90' lang='lat' dir='ltr'><strong>namque</strong></span> <span class='ocrx_word' id='word_1_776' title='bbox 3447 3930 3712 3985; x_wconf 88' lang='lat' dir='ltr'><strong>nonnulli</strong></span> 
     </span>
    </p>
   </div>
   <div class='ocr_carea' id='block_1_96' title="bbox 2089 4023 3714 4110">
    <p class='ocr_par' dir='ltr' id='par_1_96' title="bbox 2089 4023 3714 4110">
     <span class='ocr_line' id='line_1_96' title="bbox 2089 4023 3714 4110; baseline -0.01 -17"><span class='ocrx_word' id='word_1_777' title='bbox 2089 4040 2181 4110; x_wconf 90' lang='lat' dir='ltr'><strong>qui</strong></span> <span class='ocrx_word' id='word_1_778' title='bbox 2218 4037 2402 4092; x_wconf 91' lang='lat' dir='ltr'><strong>mundi</strong></span> <span class='ocrx_word' id='word_1_779' title='bbox 2433 4035 2654 4106; x_wconf 89' lang='lat' dir='ltr'><strong>quidem</strong></span> <span class='ocrx_word' id='word_1_780' title='bbox 2679 4032 2924 4088; x_wconf 90' lang='lat' dir='ltr'><strong>actiones</strong></span> <span class='ocrx_word' id='word_1_781' title='bbox 2950 4025 3302 4100; x_wconf 85' lang='lat' dir='ltr'><strong>fugiunt,-sed</strong></span> <span class='ocrx_word' id='word_1_782' title='bbox 3338 4023 3498 4079; x_wconf 91' lang='lat' dir='ltr'><strong>nullis</strong></span> <span class='ocrx_word' id='word_1_783' title='bbox 3523 4023 3714 4076; x_wconf 80' lang='lat' dir='ltr'><strong>virtu-</strong></span> 
     </span>
    </p>
   </div>
   <div class='ocr_carea' id='block_1_97' title="bbox 2093 4113 3709 4187">
    <p class='ocr_par' dir='ltr' id='par_1_97' title="bbox 2093 4113 3709 4187">
     <span class='ocr_line' id='line_1_97' title="bbox 2093 4113 3709 4187; baseline -0.01 -3"><span class='ocrx_word' id='word_1_784' title='bbox 2093 4131 2235 4184; x_wconf 88' lang='lat' dir='ltr'><strong>tibus</strong></span> <span class='ocrx_word' id='word_1_785' title='bbox 2259 4134 2606 4182; x_wconf 85' lang='lat' dir='ltr'><strong>exercentur.</strong></span> <span class='ocrx_word' id='word_1_786' title='bbox 2657 4123 2724 4178; x_wconf 83' lang='lat' dir='ltr'><strong>Ili</strong></span> <span class='ocrx_word' id='word_1_787' title='bbox 2752 4122 3011 4176; x_wconf 91' lang='lat' dir='ltr'><strong>nimirum</strong></span> <span class='ocrx_word' id='word_1_788' title='bbox 3060 4127 3296 4187; x_wconf 86' lang='lat' dir='ltr'><strong>torpore,</strong></span> <span class='ocrx_word' id='word_1_789' title='bbox 3337 4130 3444 4169; x_wconf 90' lang='lat' dir='ltr'><strong>non</strong></span> <span class='ocrx_word' id='word_1_790' title='bbox 3489 4113 3709 4179; x_wconf 86' lang='lat' dir='ltr'><strong>studio,</strong></span> 
     </span>
    </p>
   </div>
   <div class='ocr_carea' id='block_1_98' title="bbox 2090 4207 3710 4283">
    <p class='ocr_par' dir='ltr' id='par_1_98' title="bbox 2090 4207 3710 4283">
     <span class='ocr_line' id='line_1_98' title="bbox 2090 4207 3710 4283; baseline -0.009 -8"><span class='ocrx_word' id='word_1_791' title='bbox 2090 4221 2367 4276; x_wconf 86' lang='lat' dir='ltr'><strong>dormiunt</strong></span> <span class='ocrx_word' id='word_1_792' title='bbox 2393 4235 2407 4283; x_wconf 90' lang='lat'><strong>;</strong></span> <span class='ocrx_word' id='word_1_793' title='bbox 2463 4225 2517 4272; x_wconf 88' lang='lat' dir='ltr'><strong>et</strong></span> <span class='ocrx_word' id='word_1_794' title='bbox 2546 4217 2749 4272; x_wconf 89' lang='lat' dir='ltr'><strong>idcirco</strong></span> <span class='ocrx_word' id='word_1_795' title='bbox 2778 4214 2994 4268; x_wconf 85' lang='lat' dir='ltr'><strong>interna</strong></span> <span class='ocrx_word' id='word_1_796' title='bbox 3032 4225 3140 4266; x_wconf 92' lang='lat' dir='ltr'><strong>non</strong></span> <span class='ocrx_word' id='word_1_797' title='bbox 3170 4207 3533 4279; x_wconf 87' lang='lat' dir='ltr'><strong>conspiciunt,</strong></span> <span class='ocrx_word' id='word_1_798' title='bbox 3569 4207 3710 4276; x_wconf 86' lang='lat' dir='ltr'><strong>quia</strong></span> 
     </span>
    </p>
   </div>
   <div class='ocr_carea' id='block_1_99' title="bbox 2087 4299 3712 4384">
    <p class='ocr_par' dir='ltr' id='par_1_99' title="bbox 2087 4299 3712 4384">
     <span class='ocr_line' id='line_1_99' title="bbox 2087 4299 3712 4384; baseline -0.009 -16"><span class='ocrx_word' id='word_1_799' title='bbox 2087 4321 2252 4384; x_wconf 89' lang='lat' dir='ltr'><strong>caput</strong></span> <span class='ocrx_word' id='word_1_800' title='bbox 2281 4327 2390 4366; x_wconf 91' lang='lat' dir='ltr'><strong>non</strong></span> <span class='ocrx_word' id='word_1_801' title='bbox 2418 4310 2473 4365; x_wconf 93' lang='lat' dir='ltr'><strong>in</strong></span> <span class='ocrx_word' id='word_1_802' title='bbox 2503 4309 2703 4380; x_wconf 89' lang='lat' dir='ltr'><strong>lapide,</strong></span> <span class='ocrx_word' id='word_1_803' title='bbox 2742 4306 2837 4362; x_wconf 89' lang='lat' dir='ltr'><strong>sed</strong></span> <span class='ocrx_word' id='word_1_804' title='bbox 2867 4306 2920 4360; x_wconf 90' lang='lat' dir='ltr'><strong>in</strong></span> <span class='ocrx_word' id='word_1_805' title='bbox 2951 4313 3097 4359; x_wconf 88' lang='lat' dir='ltr'><strong>terra</strong></span> <span class='ocrx_word' id='word_1_806' title='bbox 3138 4310 3458 4374; x_wconf 87' lang='lat' dir='ltr'><strong>posuerunt.</strong></span> <span class='ocrx_word' id='word_1_807' title='bbox 3486 4299 3712 4366; x_wconf 82' lang='lat' dir='ltr'><strong>Quibus</strong></span> 
     </span>
    </p>
   </div>
   <div class='ocr_carea' id='block_1_100' title="bbox 2085 4392 3711 4476">
    <p class='ocr_par' dir='ltr' id='par_1_100' title="bbox 2085 4392 3711 4476">
     <span class='ocr_line' id='line_1_100' title="bbox 2085 4392 3711 4476; baseline -0.007 -18"><span class='ocrx_word' id='word_1_808' title='bbox 2085 4404 2406 4476; x_wconf 87' lang='lat' dir='ltr'><strong>plerumque</strong></span> <span class='ocrx_word' id='word_1_809' title='bbox 2433 4400 2718 4471; x_wconf 90' lang='lat' dir='ltr'><strong>contingit,</strong></span> <span class='ocrx_word' id='word_1_810' title='bbox 2748 4407 2810 4454; x_wconf 90' lang='lat' dir='ltr'><strong>ut</strong></span> <span class='ocrx_word' id='word_1_811' title='bbox 2843 4406 3047 4469; x_wconf 87' lang='lat' dir='ltr'><strong>quanto</strong></span> <span class='ocrx_word' id='word_1_812' title='bbox 3071 4395 3314 4451; x_wconf 88' lang='lat' dir='ltr'><strong>securius</strong></span> <span class='ocrx_word' id='word_1_813' title='bbox 3343 4395 3410 4446; x_wconf 87' lang='lat' dir='ltr'><strong>ab</strong></span> <span class='ocrx_word' id='word_1_814' title='bbox 3449 4392 3711 4448; x_wconf 86' lang='lat' dir='ltr'><strong>externis</strong></span> 
     </span>
    </p>
   </div>
   <div class='ocr_carea' id='block_1_101' title="bbox 2087 4481 3708 4556">
    <p class='ocr_par' dir='ltr' id='par_1_101' title="bbox 2087 4481 3708 4556">
     <span class='ocr_line' id='line_1_101' title="bbox 2087 4481 3708 4556; baseline -0.007 -8"><span class='ocrx_word' id='word_1_815' title='bbox 2087 4493 2394 4548; x_wconf 88' lang='lat' dir='ltr'><strong>actionibus</strong></span> <span class='ocrx_word' id='word_1_816' title='bbox 2421 4499 2661 4556; x_wconf 88' lang='lat' dir='ltr'><strong>cessant,</strong></span> <span class='ocrx_word' id='word_1_817' title='bbox 2695 4497 2848 4545; x_wconf 87' lang='lat' dir='ltr'><strong>tanto</strong></span> <span class='ocrx_word' id='word_1_818' title='bbox 2883 4487 3048 4538; x_wconf 74' lang='lat' dir='ltr'><strong>latius</strong></span> <span class='ocrx_word' id='word_1_819' title='bbox 3090 4481 3384 4538; x_wconf 67' lang='lat' dir='ltr'><strong>Immundas</strong></span> <span class='ocrx_word' id='word_1_820' title='bbox 3408 4481 3466 4536; x_wconf 92' lang='lat' dir='ltr'><strong>in</strong></span> <span class='ocrx_word' id='word_1_821' title='bbox 3501 4496 3560 4536; x_wconf 89' lang='lat' dir='ltr'><strong>se</strong></span> <span class='ocrx_word' id='word_1_822' title='bbox 3604 4497 3708 4538; x_wconf 88' lang='lat' dir='ltr'><strong>co-</strong></span> 
     </span>
    </p>
   </div>
   <div class='ocr_carea' id='block_1_102' title="bbox 2087 4572 3708 4646">
    <p class='ocr_par' dir='ltr' id='par_1_102' title="bbox 2087 4572 3708 4646">
     <span class='ocr_line' id='line_1_102' title="bbox 2087 4572 3708 4646; baseline -0.002 -16"><span class='ocrx_word' id='word_1_823' title='bbox 2087 4585 2366 4646; x_wconf 72' lang='lat' dir='ltr'><strong>gitationis</strong></span> <span class='ocrx_word' id='word_1_824' title='bbox 2420 4578 2705 4644; x_wconf 67' lang='lat' dir='ltr'><strong>sti-cpitum</strong></span> <span class='ocrx_word' id='word_1_825' title='bbox 2754 4574 3077 4645; x_wconf 81' lang='lat' dir='ltr'><strong>pepulerum</strong></span> <span class='ocrx_word' id='word_1_826' title='bbox 3131 4581 3485 4646; x_wconf 86' lang='lat' dir='ltr'><strong>congregant.</strong></span> <span class='ocrx_word' id='word_1_827' title='bbox 3539 4572 3708 4629; x_wconf 88' lang='lat' dir='ltr'><strong>Unde</strong></span> 
     </span>
    </p>
   </div>
   <div class='ocr_carea' id='block_1_103' title="bbox 2086 4664 3707 4736">
    <p class='ocr_par' dir='ltr' id='par_1_103' title="bbox 2086 4664 3707 4736">
     <span class='ocr_line' id='line_1_103' title="bbox 2086 4664 3707 4736; baseline -0.002 -15"><span class='ocrx_word' id='word_1_828' title='bbox 2086 4667 2186 4721; x_wconf 92' lang='lat' dir='ltr'><strong>sub</strong></span> <span class='ocrx_word' id='word_1_829' title='bbox 2207 4664 2407 4721; x_wconf 64' lang='lat' dir='ltr'><strong>Iudaeae</strong></span> <span class='ocrx_word' id='word_1_830' title='bbox 2441 4664 2626 4735; x_wconf 86' lang='lat' dir='ltr'><strong>specie</strong></span> <span class='ocrx_word' id='word_1_831' title='bbox 2652 4677 2749 4735; x_wconf 88' lang='lat' dir='ltr'><strong>per</strong></span> <span class='ocrx_word' id='word_1_832' title='bbox 2774 4665 3100 4736; x_wconf 85' lang='lat' dir='ltr'><strong>prophetam</strong></span> <span class='ocrx_word' id='word_1_833' title='bbox 3139 4672 3391 4736; x_wconf 89' lang='lat' dir='ltr'><strong>torpente</strong></span> <span class='ocrx_word' id='word_1_834' title='bbox 3427 4665 3545 4720; x_wconf 90' lang='lat' dir='ltr'><strong>otio</strong></span> <span class='ocrx_word' id='word_1_835' title='bbox 3571 4665 3707 4718; x_wconf 81' lang='lat' dir='ltr'><strong>ani-</strong></span> 
     </span>
    </p>
   </div>
   <div class='ocr_carea' id='block_1_104' title="bbox 2087 4754 3708 4821">
    <p class='ocr_par' dir='ltr' id='par_1_104' title="bbox 2087 4754 3708 4821">
     <span class='ocr_line' id='line_1_104' title="bbox 2087 4754 3708 4821; baseline -0.002 -7"><span class='ocrx_word' id='word_1_836' title='bbox 2087 4772 2175 4814; x_wconf 89' lang='lat' dir='ltr'><strong>ma</strong></span> <span class='ocrx_word' id='word_1_837' title='bbox 2216 4754 2464 4821; x_wconf 83' lang='lat' dir='ltr'><strong>deﬂetur,</strong></span> <span class='ocrx_word' id='word_1_838' title='bbox 2513 4770 2639 4811; x_wconf 92' lang='lat' dir='ltr'><strong>cum</strong></span> <span class='ocrx_word' id='word_1_839' title='bbox 2667 4754 2904 4811; x_wconf 90' lang='lat' dir='ltr'><strong>dicitur:</strong></span> <span class='ocrx_word' id='word_1_840' title='bbox 2965 4755 3219 4812; x_wconf 84' lang='lat' dir='ltr'><strong>Viderunt</strong></span> <span class='ocrx_word' id='word_1_841' title='bbox 3255 4773 3371 4811; x_wconf 74' lang='lat' dir='ltr'><strong>eam</strong></span> <span class='ocrx_word' id='word_1_842' title='bbox 3417 4755 3623 4819; x_wconf 75' lang='lat' dir='ltr'><strong>hostes,</strong></span> <span class='ocrx_word' id='word_1_843' title='bbox 3652 4764 3708 4811; x_wconf 75' lang='lat' dir='ltr'><strong>et</strong></span> 
     </span>
    </p>
   </div>
   <div class='ocr_carea' id='block_1_105' title="bbox 2071 4845 3706 4920">
    <p class='ocr_par' dir='ltr' id='par_1_105' title="bbox 2071 4845 3706 4920">
     <span class='ocr_line' id='line_1_105' title="bbox 2071 4845 3706 4920; baseline -0.002 -13"><span class='ocrx_word' id='word_1_844' title='bbox 2071 4851 2386 4906; x_wconf 86' lang='lat' dir='ltr'><strong>deriserunt</strong></span> <span class='ocrx_word' id='word_1_845' title='bbox 2433 4849 2654 4904; x_wconf 92' lang='lat' dir='ltr'><strong>sabbata</strong></span> <span class='ocrx_word' id='word_1_846' title='bbox 2703 4849 2819 4919; x_wconf 84' lang='lat' dir='ltr'><strong>ejus</strong></span> <span class='ocrx_word' id='word_1_847' title='bbox 2861 4847 3078 4920; x_wconf 80' lang='lat' dir='ltr'><strong>(Thren.</strong></span> <span class='ocrx_word' id='word_1_848' title='bbox 3120 4846 3184 4918; x_wconf 80' lang='grc' dir='ltr'><strong>ι).</strong></span> <span class='ocrx_word' id='word_1_849' title='bbox 3237 4845 3519 4916; x_wconf 59' lang='lat' dir='ltr'><strong>Praecpta</strong></span> <span class='ocrx_word' id='word_1_850' title='bbox 3545 4847 3706 4904; x_wconf 81' lang='lat' dir='ltr'><strong>enim</strong></span> 
     </span>
    </p>
   </div>
   <div class='ocr_carea' id='block_1_106' title="bbox 2087 4937 3705 5013">
    <p class='ocr_par' dir='ltr' id='par_1_106' title="bbox 2087 4937 3705 5013">
     <span class='ocr_line' id='line_1_106' title="bbox 2087 4937 3705 5013; baseline -0.002 -16"><span class='ocrx_word' id='word_1_851' title='bbox 2087 4941 2224 5013; x_wconf 89' lang='lat' dir='ltr'><strong>legis</strong></span> <span class='ocrx_word' id='word_1_852' title='bbox 2249 4943 2316 4998; x_wconf 91' lang='lat' dir='ltr'><strong>ab</strong></span> <span class='ocrx_word' id='word_1_853' title='bbox 2338 4940 2609 4998; x_wconf 86' lang='lat' dir='ltr'><strong>exteriore</strong></span> <span class='ocrx_word' id='word_1_854' title='bbox 2645 4955 2811 5009; x_wconf 89' lang='lat' dir='ltr'><strong>opere</strong></span> <span class='ocrx_word' id='word_1_855' title='bbox 2846 4939 2900 4994; x_wconf 93' lang='lat' dir='ltr'><strong>in</strong></span> <span class='ocrx_word' id='word_1_856' title='bbox 2936 4938 3172 4994; x_wconf 87' lang='lat' dir='ltr'><strong>Sabbato</strong></span> <span class='ocrx_word' id='word_1_857' title='bbox 3194 4946 3457 4994; x_wconf 86' lang='lat' dir='ltr'><strong>cessatur.</strong></span> <span class='ocrx_word' id='word_1_858' title='bbox 3495 4937 3705 4994; x_wconf 79' lang='lat' dir='ltr'><strong>Hostes</strong></span> 
     </span>
    </p>
   </div>
   <div class='ocr_carea' id='block_1_107' title="bbox 2087 5029 3704 5106">
    <p class='ocr_par' dir='ltr' id='par_1_107' title="bbox 2087 5029 3704 5106">
     <span class='ocr_line' id='line_1_107' title="bbox 2087 5029 3704 5106; baseline -0.002 -16"><span class='ocrx_word' id='word_1_859' title='bbox 2087 5050 2216 5106; x_wconf 86' lang='lat' dir='ltr'><strong>ergo</strong></span> <span class='ocrx_word' id='word_1_860' title='bbox 2253 5034 2478 5089; x_wconf 89' lang='lat' dir='ltr'><strong>sabbata</strong></span> <span class='ocrx_word' id='word_1_861' title='bbox 2505 5031 2752 5087; x_wconf 89' lang='lat' dir='ltr'><strong>videntes</strong></span> <span class='ocrx_word' id='word_1_862' title='bbox 2782 5031 3030 5095; x_wconf 89' lang='lat' dir='ltr'><strong>irrident,</strong></span> <span class='ocrx_word' id='word_1_863' title='bbox 3055 5046 3181 5086; x_wconf 91' lang='lat' dir='ltr'><strong>cum</strong></span> <span class='ocrx_word' id='word_1_864' title='bbox 3206 5029 3429 5101; x_wconf 87' lang='lat' dir='ltr'><strong>maligni</strong></span> <span class='ocrx_word' id='word_1_865' title='bbox 3463 5029 3704 5099; x_wconf 81' lang='lat' dir='ltr'><strong>spiritus</strong></span> 
     </span>
    </p>
   </div>
   <div class='ocr_carea' id='block_1_108' title="bbox 2087 5119 3699 5194">
    <p class='ocr_par' dir='ltr' id='par_1_108' title="bbox 2087 5119 3699 5194">
     <span class='ocr_line' id='line_1_108' title="bbox 2087 5119 3699 5194; baseline -0.002 -15"><span class='ocrx_word' id='word_1_866' title='bbox 2087 5125 2205 5194; x_wconf 89' lang='lat' dir='ltr'><strong>ipsa</strong></span> <span class='ocrx_word' id='word_1_867' title='bbox 2232 5123 2535 5179; x_wconf 86' lang='lat' dir='ltr'><strong>vocationis</strong></span> <span class='ocrx_word' id='word_1_868' title='bbox 2563 5121 2673 5176; x_wconf 88' lang='lat' dir='ltr'><strong>otia</strong></span> <span class='ocrx_word' id='word_1_869' title='bbox 2705 5122 2772 5176; x_wconf 91' lang='lat' dir='ltr'><strong>ad</strong></span> <span class='ocrx_word' id='word_1_870' title='bbox 2812 5121 3168 5192; x_wconf 87' lang='lat' dir='ltr'><strong>cogitationes</strong></span> <span class='ocrx_word' id='word_1_871' title='bbox 3215 5119 3434 5175; x_wconf 87' lang='lat' dir='ltr'><strong>illicitas</strong></span> <span class='ocrx_word' id='word_1_872' title='bbox 3470 5130 3699 5188; x_wconf 78' lang='lat' dir='ltr'><strong>pertra-</strong></span> 
     </span>
    </p>
   </div>
   <div class='ocr_carea' id='block_1_109' title="bbox 2088 5211 3695 5284">
    <p class='ocr_par' dir='ltr' id='par_1_109' title="bbox 2088 5211 3695 5284">
     <span class='ocr_line' id='line_1_109' title="bbox 2088 5211 3695 5284; baseline -0.002 -12"><span class='ocrx_word' id='word_1_873' title='bbox 2088 5217 2244 5281; x_wconf 91' lang='lat' dir='ltr'><strong>hunt,</strong></span> <span class='ocrx_word' id='word_1_874' title='bbox 2278 5223 2339 5270; x_wconf 91' lang='lat' dir='ltr'><strong>ut</strong></span> <span class='ocrx_word' id='word_1_875' title='bbox 2363 5229 2702 5284; x_wconf 71' lang='lat' dir='ltr'><strong>unaquaeque</strong></span> <span class='ocrx_word' id='word_1_876' title='bbox 2731 5214 2913 5267; x_wconf 88' lang='lat' dir='ltr'><strong>anima</strong></span> <span class='ocrx_word' id='word_1_877' title='bbox 2941 5227 3049 5282; x_wconf 90' lang='lat' dir='ltr'><strong>quo</strong></span> <span class='ocrx_word' id='word_1_878' title='bbox 3083 5220 3293 5268; x_wconf 87' lang='lat' dir='ltr'><strong>remota</strong></span> <span class='ocrx_word' id='word_1_879' title='bbox 3327 5211 3397 5267; x_wconf 91' lang='lat' dir='ltr'><strong>ab</strong></span> <span class='ocrx_word' id='word_1_880' title='bbox 3439 5214 3695 5269; x_wconf 86' lang='lat' dir='ltr'><strong>externis</strong></span> 
     </span>
    </p>
   </div>
   <div class='ocr_carea' id='block_1_110' title="bbox 2087 5301 3695 5372">
    <p class='ocr_par' dir='ltr' id='par_1_110' title="bbox 2087 5301 3695 5372">
     <span class='ocr_line' id='line_1_110' title="bbox 2087 5301 3695 5372; baseline -0.001 -11"><span class='ocrx_word' id='word_1_881' title='bbox 2087 5305 2394 5362; x_wconf 88' lang='lat' dir='ltr'><strong>actionibus</strong></span> <span class='ocrx_word' id='word_1_882' title='bbox 2444 5305 2555 5360; x_wconf 89' lang='lat' dir='ltr'><strong>Deo</strong></span> <span class='ocrx_word' id='word_1_883' title='bbox 2603 5303 2810 5359; x_wconf 86' lang='lat' dir='ltr'><strong>servire</strong></span> <span class='ocrx_word' id='word_1_884' title='bbox 2847 5302 3109 5367; x_wconf 88' lang='lat' dir='ltr'><strong>creditur,</strong></span> <span class='ocrx_word' id='word_1_885' title='bbox 3163 5318 3229 5357; x_wconf 90' lang='lat' dir='ltr'><strong>eo</strong></span> <span class='ocrx_word' id='word_1_886' title='bbox 3278 5301 3452 5372; x_wconf 86' lang='lat' dir='ltr'><strong>magis</strong></span> <span class='ocrx_word' id='word_1_887' title='bbox 3492 5318 3695 5359; x_wconf 85' lang='lat' dir='ltr'><strong>eorum</strong></span> 
     </span>
    </p>
   </div>
   <div class='ocr_carea' id='block_1_111' title="bbox 2089 5391 3693 5468">
    <p class='ocr_par' dir='ltr' id='par_1_111' title="bbox 2089 5391 3693 5468">
     <span class='ocr_line' id='line_1_111' title="bbox 2089 5391 3693 5468; baseline -0.002 -16"><span class='ocrx_word' id='word_1_888' title='bbox 2089 5396 2362 5468; x_wconf 86' lang='lat' dir='ltr'><strong>tyrannidi</strong></span> <span class='ocrx_word' id='word_1_889' title='bbox 2391 5395 2575 5450; x_wconf 86' lang='lat' dir='ltr'><strong>illicita</strong></span> <span class='ocrx_word' id='word_1_890' title='bbox 2605 5393 2892 5464; x_wconf 90' lang='lat' dir='ltr'><strong>cogitando</strong></span> <span class='ocrx_word' id='word_1_891' title='bbox 2938 5391 3245 5447; x_wconf 84' lang='lat' dir='ltr'><strong>famuletur.</strong></span> <span class='ocrx_word' id='word_1_892' title='bbox 3279 5392 3462 5449; x_wconf 86' lang='lat' dir='ltr'><strong>Sancti</strong></span> <span class='ocrx_word' id='word_1_893' title='bbox 3502 5403 3693 5449; x_wconf 82' lang='lat' dir='ltr'><strong>autem</strong></span> 
     </span>
    </p>
   </div>
   <div class='ocr_carea' id='block_1_112' title="bbox 2086 5483 3696 5561">
    <p class='ocr_par' dir='ltr' id='par_1_112' title="bbox 2086 5483 3696 5561">
     <span class='ocr_line' id='line_1_112' title="bbox 2086 5483 3696 5561; baseline -0.003 -16"><span class='ocrx_word' id='word_1_894' title='bbox 2086 5493 2191 5547; x_wconf 83' lang='lat' dir='ltr'><strong>viri</strong></span> <span class='ocrx_word' id='word_1_895' title='bbox 2220 5490 2346 5561; x_wconf 88' lang='lat' dir='ltr'><strong>quia</strong></span> <span class='ocrx_word' id='word_1_896' title='bbox 2391 5487 2576 5543; x_wconf 92' lang='lat' dir='ltr'><strong>mundi</strong></span> <span class='ocrx_word' id='word_1_897' title='bbox 2625 5486 2882 5556; x_wconf 91' lang='lat' dir='ltr'><strong>operibus</strong></span> <span class='ocrx_word' id='word_1_898' title='bbox 2927 5500 3036 5540; x_wconf 92' lang='lat' dir='ltr'><strong>non</strong></span> <span class='ocrx_word' id='word_1_899' title='bbox 3069 5494 3306 5554; x_wconf 88' lang='lat' dir='ltr'><strong>torpore,</strong></span> <span class='ocrx_word' id='word_1_900' title='bbox 3351 5483 3446 5538; x_wconf 85' lang='lat' dir='ltr'><strong>sed</strong></span> <span class='ocrx_word' id='word_1_901' title='bbox 3481 5485 3696 5540; x_wconf 84' lang='lat' dir='ltr'><strong>virtute</strong></span> 
     </span>
    </p>
   </div>
   <div class='ocr_carea' id='block_1_113' title="bbox 2087 5577 3694 5655">
    <p class='ocr_par' dir='ltr' id='par_1_113' title="bbox 2087 5577 3694 5655">
     <span class='ocr_line' id='line_1_113' title="bbox 2087 5577 3694 5655; baseline -0.005 -14"><span class='ocrx_word' id='word_1_902' title='bbox 2087 5586 2389 5655; x_wconf 88' lang='lat' dir='ltr'><strong>sopiuntur,</strong></span> <span class='ocrx_word' id='word_1_903' title='bbox 2438 5580 2759 5636; x_wconf 87' lang='lat' dir='ltr'><strong>laboriosius</strong></span> <span class='ocrx_word' id='word_1_904' title='bbox 2807 5579 3096 5643; x_wconf 91' lang='lat' dir='ltr'><strong>dormiunt,</strong></span> <span class='ocrx_word' id='word_1_905' title='bbox 3127 5593 3290 5649; x_wconf 87' lang='lat' dir='ltr'><strong>quam</strong></span> <span class='ocrx_word' id='word_1_906' title='bbox 3333 5577 3562 5649; x_wconf 85' lang='lat' dir='ltr'><strong>vigilare</strong></span> <span class='ocrx_word' id='word_1_907' title='bbox 3590 5591 3694 5648; x_wconf 80' lang='lat' dir='ltr'><strong>po-</strong></span> 
     </span>
    </p>
   </div>
   <div class='ocr_carea' id='block_1_114' title="bbox 2087 5668 3692 5741">
    <p class='ocr_par' dir='ltr' id='par_1_114' title="bbox 2087 5668 3692 5741">
     <span class='ocr_line' id='line_1_114' title="bbox 2087 5668 3692 5741; baseline -0.003 -12"><span class='ocrx_word' id='word_1_908' title='bbox 2087 5682 2326 5730; x_wconf 89' lang='lat' dir='ltr'><strong>tuerunt.</strong></span> <span class='ocrx_word' id='word_1_909' title='bbox 2356 5671 2494 5740; x_wconf 85' lang='lat' dir='ltr'><strong>Quia</strong></span> <span class='ocrx_word' id='word_1_910' title='bbox 2532 5672 2589 5726; x_wconf 91' lang='lat' dir='ltr'><strong>in</strong></span> <span class='ocrx_word' id='word_1_911' title='bbox 2614 5686 2700 5737; x_wconf 91' lang='lat' dir='ltr'><strong>eo,</strong></span> <span class='ocrx_word' id='word_1_912' title='bbox 2731 5671 2874 5741; x_wconf 90' lang='lat' dir='ltr'><strong>quod</strong></span> <span class='ocrx_word' id='word_1_913' title='bbox 2905 5670 3145 5725; x_wconf 87' lang='lat' dir='ltr'><strong>actiones</strong></span> <span class='ocrx_word' id='word_1_914' title='bbox 3185 5668 3348 5740; x_wconf 90' lang='lat' dir='ltr'><strong>hujus</strong></span> <span class='ocrx_word' id='word_1_915' title='bbox 3375 5669 3564 5724; x_wconf 68' lang='lat' dir='ltr'><strong>smeuli</strong></span> <span class='ocrx_word' id='word_1_916' title='bbox 3592 5670 3692 5724; x_wconf 83' lang='lat' dir='ltr'><strong>de-</strong></span> 
     </span>
    </p>
   </div>
   <div class='ocr_carea' id='block_1_115' title="bbox 2090 5761 3688 5834">
    <p class='ocr_par' dir='ltr' id='par_1_115' title="bbox 2090 5761 3688 5834">
     <span class='ocr_line' id='line_1_115' title="bbox 2090 5761 3688 5834; baseline -0.006 -12"><span class='ocrx_word' id='word_1_917' title='bbox 2090 5774 2335 5823; x_wconf 86' lang='lat' dir='ltr'><strong>serentes</strong></span> <span class='ocrx_word' id='word_1_918' title='bbox 2366 5772 2645 5833; x_wconf 86' lang='lat' dir='ltr'><strong>superant,</strong></span> <span class='ocrx_word' id='word_1_919' title='bbox 2679 5763 2899 5820; x_wconf 84' lang='lat' dir='ltr'><strong>robusto</strong></span> <span class='ocrx_word' id='word_1_920' title='bbox 2934 5761 3188 5820; x_wconf 83' lang='lat' dir='ltr'><strong>conﬂictu</strong></span> <span class='ocrx_word' id='word_1_921' title='bbox 3214 5761 3457 5834; x_wconf 77' lang='lat' dir='ltr'><strong>quotidie</strong></span> <span class='ocrx_word' id='word_1_922' title='bbox 3485 5768 3688 5818; x_wconf 81' lang='lat' dir='ltr'><strong>contra</strong></span> 
     </span>
    </p>
   </div>
  </div>
