3946 6494
255 497 362 556 593

1286 494 1640 553 COMMENT.
1679 494 1748 551 1N
1787 492 2110 551 GENESIM.
2147 523 2219 535 —
2255 492 2382 550 LIB.
2425 493 2509 550 lll.

3407 493 3509 551 594

250 613 575 684 semetipsos
599 620 854 686 pugnant,
900 580 969 670 ne
993 628 1146 670 mens
1172 627 1268 685 per
1310 613 1688 686 negligentiam
1717 619 1830 666 tor-
1859 611 1914 671 Α
1938 616 2070 674 tum,
2101 623 2220 677 qua:
2241 607 2475 678 pertinet
2502 606 2570 662 ad
2609 605 2934 662 unctionem.
2990 604 3144 664 Unde
3177 605 3380 662 Christi
3415 622 3512 664 no-

247 715 397 776 peat,
426 721 496 760 ne
525 706 747 760 subacta
772 704 906 768 otio,
947 721 1011 760 ac
1037 705 1301 761 desiderio
1343 704 1639 768 immunda,
1669 702 1833 773 frige-

247 805 390 862 scat,
423 811 492 850 ne
520 796 686 867 ipsius
709 794 864 851 bonis
885 797 1164 852 desideriis
1187 795 1306 866 plus
1330 797 1478 865 justo
1515 793 1832 857 inserviant,

246 901 320 940 ne
347 886 448 941 sub
471 885 812 942 discretionis
840 886 1018 956 specie
1046 893 1100 942 et
1130 887 1400 957 parcendo
1437 902 1468 940 a
1503 883 1836 954 perfectione

246 975 622 1046 languescant.
653 977 780 1048 Agit
808 977 922 1032 haec
941 1018 957 1043 ,
988 985 1041 1031 et
1085 977 1153 1032 ab
1188 977 1347 1047 hujus
1379 977 1563 1030 mundi
1593 974 1834 1045 inquieta

247 1067 686 1138 concupiscentia
717 1083 775 1123 se
812 1068 1026 1137 penitus
1051 1067 1340 1131 subtrahit,
1387 1084 1451 1122 ac
1494 1076 1834 1122 terrenarum

245 1158 526 1212 actionum
577 1159 860 1229 strepitum
887 1159 1102 1226 deserit,
1131 1166 1188 1214 et
1225 1174 1324 1229 per
1366 1158 1565 1229 quietis
1594 1157 1834 1213 studium

243 1250 539 1307 virtutibus
566 1251 793 1316 intenta,
837 1251 1067 1323 vigilans
1111 1251 1328 1306 dormit.
1379 1250 1562 1322 Neque
1591 1251 1734 1306 enim
1765 1248 1836 1304 ad

244 1341 660 1413 contemplanda
708 1343 918 1396 interna
961 1341 1296 1412 perducitur,
1340 1342 1444 1396 nisi
1488 1342 1556 1397 ab
1602 1341 1688 1397 his
1714 1355 1835 1412 qua:

243 1436 486 1491 exterius
523 1436 802 1506 implicant
853 1435 1090 1491 studiose
1139 1435 1510 1491 subtrahatur.
1568 1435 1707 1490 Hinc
1749 1441 1834 1491 est

243 1529 392 1584 enim
414 1531 555 1600 quod
576 1545 674 1600 per
698 1530 1040 1599 semetipsam
1079 1529 1294 1584 Veritas
1320 1529 1456 1584 dixit
1481 1546 1493 1582 :
1542 1527 1711 1583 Nemo
1734 1545 1832 1600 po-

243 1629 344 1674 test
377 1621 577 1675 duobus
605 1621 830 1676 dominis
868 1622 1062 1676 servire
1086 1620 1299 1692 (Matth.
1325 1621 1426 1691 vr).
1460 1619 1599 1675 Hinc
1630 1621 1832 1676 Paulus

242 1711 360 1765 ait:
395 1711 563 1766 Nemo
587 1711 820 1767 militans
861 1710 970 1766 Deo
1013 1711 1247 1783 implicat
1287 1729 1342 1767 se
1370 1711 1588 1782 negotiis
1614 1710 1833 1766 secula-

241 1803 409 1870 ribus,
446 1813 502 1859 ut
523 1805 573 1860 ei
596 1803 818 1875 placeat,
847 1805 932 1858 cui
957 1821 1012 1858 se
1036 1804 1270 1875 probavit
1295 1803 1379 1876 (11
1413 1803 1546 1858 Tim.
1573 1803 1656 1875 ιι).
1695 1803 1830 1858 Hinc

238 1909 343 1963 per
378 1894 693 1966 prophetam
748 1895 1008 1951 Dominus
1052 1894 1306 1950 admonet
1352 1895 1578 1950 dicens:
1636 1891 1830 1948 Vacate

1937 715 2060 755 men
2084 715 2114 753 a
2143 700 2435 755 chrismate
2462 708 2544 755 est
2577 698 2923 769 appellatum.

2005 789 2389 861 Appellavitque
2417 806 2600 844 nomen
2628 789 2770 844 urbis
2799 789 2998 856 Bethel,
3034 806 3151 862 qua:
3189 790 3334 862 prius
3365 789 3515 848 Luza

1935 883 2236 937 vocabatur.
2287 881 2438 937 Nunc
2466 881 2586 938 loco
2613 897 2811 938 nomen
2840 881 3098 954 imponit,
3121 891 3178 940 et
3203 893 3360 940 vocat
3389 898 3514 940 eum

1933 972 2144 1040 Bethel,
2170 974 2387 1029 domum
2419 973 2513 1028 Dei
2537 992 2549 1026 :
2569 974 2660 1043 qui
2680 973 2830 1031 locus
2848 976 3142 1031 vocabatur
3167 983 3324 1032 antea
3343 975 3510 1044 Luza,

1935 1063 2076 1134 quod
2100 1064 2487 1135 interpretatur
2517 1081 2624 1119 nua:
2661 1065 2774 1121 sive
2807 1067 3142 1138 amygdalon.
3192 1065 3345 1122 Unde
3384 1066 3516 1121 ridi-

1932 1158 2050 1215 cule
2093 1160 2310 1230 quidam
2346 1161 2569 1216 verbum
2601 1159 2925 1215 Hebraicum
2972 1159 3118 1214 utam
3160 1175 3357 1215 nomen
3392 1173 3514 1214 esse

1931 1249 2082 1305 urbis
2108 1258 2319 1320 putant,
2367 1266 2490 1307 cum
2535 1251 2681 1306 ulam
2723 1252 3110 1322 interpretetur
3153 1253 3318 1322 prius.
3369 1249 3515 1306 Ordo

1932 1341 2112 1412 itaque
2139 1341 2240 1398 iste
2261 1349 2344 1396 est
2372 1342 2618 1398 lectionis
2647 1361 2659 1397 :
2690 1343 2758 1398 Et
2785 1345 2981 1399 vocavit
3019 1360 3206 1399 nomen
3241 1344 3341 1398 loci
3371 1343 3513 1400 illius

1931 1433 2133 1500 Bethel,
2181 1443 2229 1488 et
2269 1435 2415 1504 prius
2453 1433 2598 1489 Luza
2643 1434 2948 1489 vocabulum
2993 1435 3212 1488 civitatis
3258 1435 3512 1504 antiqute.

1931 1522 2131 1578 Omnes
2158 1522 2451 1595 Scriptura:
2479 1525 2642 1580 verbo
2669 1525 2836 1590 utam,
2863 1526 2976 1580 sive
2995 1523 3151 1590 elam,
3173 1525 3344 1596 plena:
3366 1534 3513 1591 sunt,

1933 1614 2075 1684 quod
2105 1615 2238 1669 nihil
2268 1615 2412 1670 aliud
2452 1616 2737 1684 signiﬁcat,
2783 1616 2885 1670 nisi
2935 1626 3054 1671 ante
3090 1625 3182 1671 aut
3222 1619 3389 1687 prius,
3429 1617 3516 1673 vel

1931 1706 2254 1773 vestibulum,
2283 1707 2396 1762 sive
2421 1707 2836 1778 superliminare,
2861 1709 2944 1764 vel
2971 1719 3158 1780 postes.

2009 1797 2156 1853 Vovit
2187 1799 2341 1853 etiam
2362 1809 2533 1853 votum
2561 1799 2739 1854 dicens
2763 1817 2782 1853 :
2810 1799 2867 1855 Si
2893 1801 3048 1869 fuerit
3080 1800 3220 1855 Deus
3239 1818 3384 1856 meus
3408 1817 3516 1855 me-

1931 1904 2070 1953 cum,
2097 1898 2145 1942 et
2165 1891 2464 1944 custodierit
2491 1907 2571 1944 me
2596 1891 2651 1944 in
2682 1892 2763 1944 via
2788 1908 2878 1962 per
2904 1909 3062 1963 quam
3097 1892 3329 1960 ambulo,
3351 1904 3398 1947 et
3422 1894 3516 1948 de-

238 1994 291 2038 et
324 1985 507 2052 videte,
555 1985 802 2056 quoniam
831 2002 922 2056 ego
951 2002 1067 2039 sum
1110 1984 1252 2038 Deus
1299 1984 1469 2054 (Psal.
1499 1984 1644 2055 ην).
1677 1983 1832 2052 Quod
1857 1981 1906 2040 B
1931 1978 2069 2034 derit
2112 1980 2240 2034 mihi
2276 1997 2461 2051 panem
2502 1982 2572 2035 ad
2608 1983 2931 2048 vescendum,
2969 1992 3016 2037 et
3058 1987 3412 2039 vestimentum
3442 1986 3512 2040 ad

239 2084 428 2130 autem
475 2076 683 2133 locutus
720 2086 806 2132 est
851 2077 1110 2132 Dominus
1135 2078 1202 2132 ad
1227 2076 1390 2133 Jacob
1422 2077 1636 2132 innixus
1671 2076 1828 2132 scalae

238 2167 434 2222 dicens
457 2167 537 2222 ei:
568 2167 680 2239 Ego
720 2184 838 2222 sum
879 2167 1137 2222 Dominus
1181 2167 1318 2222 Deus
1352 2167 1615 2222 Abraham
1661 2169 1827 2239 patris

237 2260 325 2312 tui
342 2300 356 2325 ,
387 2268 435 2313 et
455 2259 594 2314 Deus
631 2257 808 2315 Isaac.
834 2258 1060 2314 Terram.
1085 2260 1139 2314 in
1165 2275 1269 2329 qua
1295 2259 1494 2313 dormis
1524 2258 1618 2312 tibi
1653 2259 1824 2326 dabo,

235 2359 288 2406 et
322 2351 505 2404 semini
537 2360 646 2416 tuo,
672 2351 867 2422 eritque
899 2367 1109 2422 germen
1150 2361 1299 2405 tuum
1336 2351 1486 2421 quasi
1529 2347 1700 2420 pulvis
1725 2357 1831 2404 ter-

239 2456 338 2497 rw.
362 2441 676 2497 Dilataberis
706 2442 773 2496 ad
822 2439 1151 2496 Occidentem
1180 2450 1230 2495 et
1273 2439 1562 2506 Orientem,
1608 2437 1829 2510 Septen-

235 2532 460 2588 trionem
510 2543 559 2588 et
605 2532 898 2598 Meridiem,
947 2543 993 2587 et
1024 2530 1468 2586 benedicentur'in
1511 2540 1560 2584 te
1597 2531 1722 2584 et'in
1750 2546 1830 2584 se-

234 2629 378 2683 mine
417 2638 506 2682 tuo
535 2638 734 2682 cuncta:
762 2629 926 2682 tribus
952 2638 1123 2692 terraz,
1150 2635 1284 2692 etc.,
1307 2626 1535 2698 mystice
1560 2623 1825 2696 designat,

234 2721 552 2776 mandatum
580 2721 876 2776 divinitatis
905 2720 972 2775 ad
1016 2721 1407 2776 humanitatem
1452 2719 1657 2775 Christi
1686 2720 1832 2774 dire-

237 2820 412 2878 ctum,
440 2814 524 2867 cui
549 2822 695 2868 terra
723 2813 977 2868 Ecclesiae
1005 2813 1342 2884 promittitur
1362 2821 1416 2868 et
1437 2811 1631 2869 semini
1662 2810 1827 2876 illius,

238 2902 296 2958 id
321 2911 420 2969 est,
446 2903 639 2976 populo
663 2903 972 2961 Christiano
1009 2921 1179 2974 usque
1212 2907 1266 2961 in
1290 2906 1698 2976 sempiternum.
1732 2901 1830 2958 Cui

237 2992 374 3046 dicit
408 2993 598 3048 Pater:
645 2991 867 3050 Postula
891 3013 921 3049 a
953 3013 1052 3062 me,
1082 3005 1130 3050 et
1165 2995 1299 3050 dabo
1341 2996 1434 3050 tibi
1462 3005 1636 3067 gentes
1665 2996 1831 3049 htere-

235 3084 454 3139 ditatem
485 3094 650 3153 tuam,
700 3096 748 3140 et
794 3089 1169 3158 possessionem
1218 3098 1362 3142 tuam
1404 3089 1649 3143 terminos
1678 3096 1830 3141 terra:

236 3166 413 3245 (Psal.
438 3176 519 3245 ιι).
547 3176 740 3244 Aliter,
779 3178 1040 3235 Occidens
1077 3179 1131 3234 in
1171 3181 1274 3235 hoc
1303 3180 1422 3235 loco
1467 3195 1717 3235 occasum
1744 3177 1827 3233 vi-

237 3266 436 3320 tiorum
481 3278 536 3322 et
576 3279 922 3337 peccatorum
957 3272 1218 3343 designat,
1251 3272 1444 3328 Oriens
1487 3272 1662 3328 lucem
1703 3270 1828 3325 ﬁdei

235 3359 328 3414 vel
347 3369 520 3415 ortum
563 3361 829 3417 bonorum
866 3380 1110 3434 operum,
1155 3365 1462 3436 Septentrio
1491 3366 1828 3421 constrictio.
1854 3347 1899 3409 Ο

238 3470 365 3510 nem
391 3455 680 3528 voluptatis
703 3465 760 3513 et
783 3457 1257 3514 mortiﬁcationem
1279 3458 1688 3514 desideriorum.
1719 3457 1829 3513 Me-

238 3548 408 3603 ridies
444 3549 744 3605 claritatem
792 3551 1068 3622 sapientiae
1117 3559 1173 3606 et
1231 3550 1497 3606 fervorem
1549 3550 1829 3606 cbaritatis

236 3652 348 3693 non
391 3639 835 3696 inconvenienter
861 3641 1118 3697 ostendit.
1164 3641 1370 3696 Taliter
1395 3642 1539 3696 enim
1574 3641 1688 3696 veri
1732 3656 1828 3710 po-

239 3740 412 3787 testas
463 3729 631 3786 Jacob
663 3732 935 3798 dilatatur,
984 3737 1089 3790 hoc
1115 3742 1218 3802 est,
1271 3733 1576 3790 inﬁdelibus
1603 3735 1828 3806 reg‘num

233 3825 446 3882 Christi
473 3833 816 3898 propagatur.
870 3826 974 3882 Per
1023 3841 1277 3884 occasum
1322 3830 1512 3899 utique
1565 3829 1827 3885 vitiorum

237 3927 295 3974 et
324 3924 694 3988 peccatorum,
727 3927 781 3974 et
809 3934 904 3990 per
932 3928 1110 3974 ortum
1151 3919 1274 3975 ﬁdei
1303 3935 1368 3975 ac
1403 3919 1670 3977 bonorum
1701 3937 1828 3992 ope-

237 4024 384 4074 rum,
417 4023 514 4078 per
539 4007 925 4065 continentiam
952 4009 1308 4080 voluptatum,
1358 4025 1567 4066 necnon
1593 4026 1690 4082 per
1716 4025 1830 4068 me-

237 4101 562 4156 ditationem
603 4103 877 4172 sapientiae
903 4112 958 4160 et
1001 4103 1270 4161 fervorem
1297 4103 1624 4162 dilectionis.
1666 4104 1818 4163 Bene

237 4206 423 4251 autem
453 4195 731 4252 subditur:

317 4307 446 4363 Cum
475 4309 766 4381 evigilasset
792 4312 957 4368 Iacob
996 4314 1058 4369 de
1094 4331 1276 4370 somno
1312 4315 1432 4370 ait:
1461 4315 1592 4371 Vere
1638 4315 1826 4372 Domi-

239 4417 341 4454 nus
383 4411 456 4454 est
503 4403 558 4455 in
588 4401 700 4458 loco
736 4406 858 4471 isto,
899 4415 947 4459 et
983 4423 1075 4476 ego
1105 4405 1413 4461 nesciebant.
1467 4404 1772 4480 Pavensque
1804 4420 1824 4460 :

240 4491 418 4558 Quam
468 4493 710 4548 terribilis
759 4507 854 4560 est,
897 4499 1088 4565 inquit,
1137 4499 1281 4554 locus
1329 4500 1467 4554 iste:
1496 4516 1600 4555 non
1632 4510 1706 4554 est
1742 4500 1828 4554 hic

237 4583 392 4637 aliud
431 4585 533 4638 nisi
578 4585 764 4640 domus
810 4583 908 4638 Dei
957 4594 1003 4640 et
1045 4593 1195 4654 porta
1231 4589 1363 4638 caeli.
1414 4589 1541 4640 llaac
1565 4591 1731 4657 verba
1758 4591 1827 4663 ad

236 4675 585 4743 prophetiam
625 4676 917 4746 pertinent,
959 4675 1086 4746 quia
1123 4676 1195 4730 ibi
1231 4674 1472 4729 futurum
1503 4683 1624 4729 erat
1648 4675 1828 4729 taber-

239 4765 519 4832 naculum,
547 4769 690 4836 quod
717 4767 995 4824 constituit
1019 4767 1159 4822 Deus
1177 4765 1230 4820 in
1251 4765 1556 4820 hominibus
1578 4764 1631 4819 in
1654 4765 1827 4835 primo

239 4857 442 4928 populo
468 4871 584 4916 suo.
638 4857 857 4912 Portam
882 4858 1006 4912 caeli
1030 4866 1209 4912 autem
1238 4859 1316 4912 sic
1341 4856 1639 4928 intelligere
1665 4856 1826 4912 debe-
1858 4905 1861 4908 .

241 4963 393 5013 nius,
433 4957 689 5020 tanquam
726 4947 850 5003 inde
883 4947 977 5003 ﬁat
1003 4949 1179 5005 aditus
1199 4948 1544 5005 credentibus
1571 4949 1640 5004 ad
1669 4963 1828 5019 cape-

243 5038 506 5094 ssendum
553 5053 778 5109 regnum
834 5037 1114 5095 caelorum.
1178 5038 1544 5110 Spiritualiter
1598 5048 1779 5096 autem
1809 5079 1828 5108 ,

243 5130 494 5202 quisquis
535 5139 657 5203 post
697 5143 967 5201 torporem
1008 5131 1216 5187 inertiae
1255 5131 1356 5186 rite
1391 5131 1746 5204 evigilaverit,
1775 5141 1832 5190 et

244 5238 348 5294 per
370 5223 685 5278 exercitium
707 5223 834 5279 boni
856 5225 1034 5294 operis
1047 5239 1173 5280 vere
1194 5227 1573 5292 resurrexerit,
1591 5229 1708 5282 sine
1725 5225 1827 5282 du-

244 5315 339 5369 bio
379 5314 435 5368 in
476 5314 717 5372 Ecclesia
756 5317 1243 5386 supereminentem
1285 5317 1515 5387 gratiam
1539 5317 1635 5373 Dei
1661 5325 1717 5373 et
1752 5317 1830 5373 in-

246 5407 476 5460 troitum
511 5407 659 5477 regni
687 5406 928 5463 cmlestis
967 5422 1089 5463 esse
1133 5407 1402 5479 intelligit.
1445 5407 1598 5475 Quod
1644 5409 1834 5466 statuit

245 5497 482 5566 lapidem
508 5496 694 5564 Jacob,
721 5514 882 5569 quem
909 5499 1010 5554 sibi
1045 5501 1114 5554 ad
1140 5508 1302 5569 caput
1321 5508 1591 5570 posuerat,
1617 5508 1674 5555 et
1698 5516 1833 5556 eon-

246 5589 429 5645 stituit
450 5605 572 5645 eum
600 5589 654 5644 in
682 5589 920 5653 titulum,
945 5598 1001 5644 et
1024 5590 1256 5658 perfudit
1281 5606 1404 5645 eum
1430 5591 1569 5657 oleo,
1601 5606 1706 5646 non
1735 5590 1833 5646 ali-

246 5683 384 5753 quid
409 5683 722 5739 idololatria:
749 5683 923 5738 simile
951 5681 1098 5748 fecit,
1131 5698 1236 5739 non
1261 5683 1343 5739 vel
1367 5691 1493 5740 tunc
1531 5685 1614 5740 vel
1649 5692 1833 5754 postea

249 5777 618 5847 frequentavit
646 5778 876 5847 lapidem
913 5775 1188 5832 adorando
1231 5784 1324 5832 aut
1367 5778 1418 5832 ei
1456 5778 1833 5843 sacriﬁcando,

250 5866 353 5923 sed
377 5867 590 5939 signum
625 5866 725 5924 fuit
753 5869 807 5924 in
837 5867 1116 5940 prophetia
1143 5867 1543 5928 evidentissime
1568 5870 1830 5928 constitu-

1927 2071 2272 2138 induendum,
2302 2089 2632 2144 reversusque
2659 2073 2806 2142 fuero
2827 2091 3067 2146 prospere
3095 2076 3163 2129 ad
3185 2076 3394 2131 domum
3425 2094 3516 2146 pu-

1931 2171 2026 2216 trts
2047 2166 2170 2230 mei,
2193 2163 2289 2217 erit
2315 2165 2441 2218 mihi
2465 2165 2718 2220 Dominus
2742 2167 2797 2220 in
2813 2166 3064 2239 Deum,fet
3084 2167 3217 2238 lapis
3243 2169 3339 2222 iste
3359 2185 3511 2239 quem

1927 2257 2068 2310 erexi
2093 2256 2148 2308 in
2175 2254 2407 2322 titulum,
2436 2255 2706 2311 vocabitur
2730 2256 2930 2312 Domus
2954 2258 3069 2325 Dei,
3103 2267 3207 2314 etc.
3243 2258 3516 2331 (Augusti-

1928 2353 2071 2420 nus.)
2127 2347 2282 2415 Quod
2334 2357 2515 2403 autem
2565 2350 2712 2405 vovit
2758 2358 2941 2406 votum
3000 2351 3044 2407 si
3099 2357 3512 2422 prosperaretur

1928 2439 2104 2496 eundo
2141 2449 2197 2496 et
2234 2440 2527 2508 redeundo,
2565 2449 2621 2497 et
2651 2442 2887 2498 decimas
2923 2444 3172 2512 promisit
3205 2443 3385 2498 domui
3416 2443 3512 2498 Dei

1928 2533 2123 2589 futura:
2163 2534 2218 2588 in
2261 2532 2377 2589 loco
2416 2533 2526 2599 illo,
2567 2535 2849 2605 prophetia
2873 2536 3169 2590 estdomus
3191 2535 3306 2603 Dei,
3335 2535 3426 2591 ubi
3457 2542 3514 2589 et

1909 2627 2043 2714 .ipse
2079 2628 2296 2683 rediens
2331 2626 2442 2682 Deo
2470 2629 2724 2695 sacravit,
2753 2646 2858 2685 non
2899 2629 3048 2685 illum
3079 2631 3312 2701 lapidem
3342 2629 3513 2684 Deum

1929 2719 2226 2790 appellans,
2275 2721 2372 2776 sed
2412 2721 2628 2775 domum
2669 2721 2786 2789 Dei,
2825 2723 2878 2778 id
2909 2731 3011 2790 est,
3037 2724 3164 2794 quia
3193 2723 3249 2779 in
3276 2721 3368 2778 illo
3394 2721 3515 2778 loco

1929 2811 2110 2868 futura
2131 2822 2246 2868 erat
2273 2814 2464 2869 domus
2487 2813 2604 2868 Dei.

2523 2925 2749 2984 CAPUT
2793 2927 2910 2986 XV.

1930 3021 2010 3076 De
2034 3023 2255 3077 adventu
2279 3021 2445 3076 Iacob
2474 3023 2541 3098 in_
2552 3023 3004 3098 Mesopotamiam,
3024 3027 3112 3082 ubi
3119 3027 3278 3098 juxta
3302 3034 3516 3098 puteum

2499 3093 2707 3148 Rachel
2719 3099 2942 3166 agnovit.

2001 3185 2152 3258 (CAP.
2187 3185 2360 3258 xxxx.)
2401 3185 2678 3257 Profectus
2716 3207 2837 3259 ergo
2866 3190 3029 3245 Jacob
3060 3194 3190 3247 venit
3227 3193 3295 3247 ad
3323 3201 3517 3247 terram

1933 3275 2287 3343 Orientalem;
2330 3287 2376 3333 et
2425 3281 2549 3334 vidit
2595 3292 2806 3351 puteum
2846 3283 2900 3337 in
2935 3302 3083 3354 agro,
3116 3294 3319 3357 tresque
3343 3301 3519 3356 greges

1931 3369 2103 3423 ovium
2134 3371 2446 3426 accubantes
2473 3372 2630 3441 juxta
2668 3391 2804 3427 eum.
2865 3373 3004 3428 Nam
3051 3394 3115 3430 ea:
3154 3377 3244 3430 illo
3285 3377 3521 3446 adaqua-

1932 3458 2123 3511 bantur
2163 3476 2374 3530 pecora,
2411 3471 2459 3515 et
2497 3480 2553 3516 os
2578 3463 2693 3531 eius
2729 3465 2917 3534 grandi
2946 3465 3119 3536 lapide
3154 3467 3519 3534 claudebatur,

1930 3557 2036 3605 etc.
2088 3550 2397 3624 (Isidorus.)
2429 3553 2756 3625 Figuraliter
2779 3572 2877 3627 per
2896 3573 3026 3614 oves
3038 3557 3307 3628 justorum
3336 3559 3522 3630 populi

1932 3643 2325 3713 signiﬁcantur,
2350 3645 2490 3701 sicut
2517 3646 2666 3712 illud,
2697 3649 2840 3718 quod
2865 3649 3067 3705 dictum
3092 3662 3176 3708 est
3203 3653 3257 3706 in
3277 3650 3523 3724 Evange-

1931 3731 2004 3790 lio
2033 3752 2045 3788 :
2073 3733 2278 3790 Statuet
2320 3752 2435 3791 oves
2470 3737 2540 3791 ad
2580 3737 2846 3793 dexteram
2881 3740 3099 3811 (Matth.
3127 3739 3279 3807 xxv).
3334 3741 3524 3798 Pasto-

1930 3844 2020 3884 res
2046 3844 2177 3884 vero
2199 3831 2477 3900 prophetae
2505 3841 2649 3897 sunt,
2682 3832 2774 3903 qui
2804 3849 2974 3904 usque
2998 3835 3064 3890 ad
3092 3836 3380 3890 adventum
3411 3832 3522 3890 Do-

1930 3919 2084 3985 mini,
2113 3919 2318 3990 Spiritu
2347 3929 2537 3977 sancto
2567 3921 2828 3989 mundati,
2860 3923 3116 3994 populum
3141 3923 3308 3980 Israel
3333 3924 3525 3996 guber-

1930 4013 2149 4068 nabant.
2199 4012 2361 4084 Lapis
2415 4020 2578 4085 puteo
2629 4017 2997 4086 superpositus
3041 4015 3267 4087 ﬁguram
3308 4015 3523 4072 Domini

1928 4103 2251 4174 praeferebat
2274 4121 2287 4169 ;
2323 4111 2534 4175 puteus,
2570 4105 2797 4177 gratiam
2820 4105 3052 4176 Spiritus
3072 4107 3243 4164 sancti
3267 4123 3364 4179 per
3384 4124 3524 4178 prac-

1930 4193 2254 4248 dicationem
2290 4193 2490 4250 Christi
2521 4203 2806 4251 venturam
2832 4199 2898 4252 ad
2926 4198 3226 4254 Ecelesiam
3254 4213 3322 4254 ex
3350 4197 3523 4270 genti-

1928 4287 2051 4350 bus,
2075 4303 2194 4356 qum
2223 4289 2438 4343 obtecta
2458 4299 2597 4354 erat,
2621 4290 2861 4344 nondum
2891 4291 3211 4346 adveniente
3227 4297 3284 4346 et
3304 4290 3524 4346 homine
3562 4329 3565 4332 -

1929 4373 2077 4432 facto
2112 4378 2348 4434 Christo.
2400 4379 2594 4445 Aliter,
2643 4393 2740 4449 per
2775 4391 2994 4450 puteum
3042 4381 3363 4453 baptismus,
3426 4393 3524 4452 per

1931 4487 2119 4543 agrum
2161 4471 2251 4526 hic
2296 4473 2530 4528 mundus
2571 4473 2914 4542 exprimitur.
2974 4472 3127 4539 Quod
3174 4483 3356 4528 autem
3409 4481 3523 4530 tres

1929 4579 2120 4636 greges
2151 4565 2330 4619 ovium
2361 4565 2628 4620 accubare
2671 4565 2923 4619 dicuntur
2945 4565 3100 4634 juxta
3151 4574 3393 4634 puteum,
3444 4567 3522 4618 si-

1857 4665 1878 4723 '_
1933 4656 2152 4718 gniﬁcat
2194 4670 2308 4712 eos,
2347 4656 2440 4718 qui
2475 4655 2542 4702 ad
2579 4662 2780 4703 sancta:
2813 4653 3096 4705 Trinitatis
3122 4652 3282 4706 ﬁdem
3305 4653 3526 4723 capien-

1852 4721 1906 4782 D
1933 4738 2057 4793 dam
2081 4739 2376 4809 pertinent,
2404 4738 2459 4791 in
2485 4738 2790 4794 humilitate
2815 4749 3070 4811 expetere
3111 4721 3525 4815 baptismi—gra-

1931 4830 2084 4884 tiam.
2122 4829 2316 4900 Lapis,
2357 4829 2486 4900 quia
2513 4829 2795 4886 claudebat
2822 4847 2884 4888 os
2911 4832 3082 4903 putei,
3115 4834 3367 4891 duritiam
3400 4835 3522 4890 inﬁ-

1936 4923 2169 4979 delitatis
2191 4922 2446 4990 insinuat,
2478 4938 2586 4994 qua
2616 4923 2845 4994 abjeeta,
2881 4927 3130 4984 homines
3165 4936 3391 5000 possunt
3421 4927 3523 4984 rite

1935 5013 2258 5084 baptismum
2288 5014 2584 5086 percipere.
2635 5015 2886 5074 Pastores
2908 5027 3088 5075 autem
3123 5018 3371 5075 doctores
3397 5028 3523 5076 sunt

1933 5105 2209 5173 Ecclesiae,
2241 5108 2386 5178 quia,
2427 5115 2610 5163 amoto
2635 5108 2812 5180 lapide
2832 5127 2928 5181 per
2953 5109 3142 5177 Jacob,
3174 5109 3523 5179 adaquabant

1934 5212 2152 5269 greges;
2184 5196 2564 5268 quia,Christo
2594 5199 2871 5256 auferente
2897 5215 3111 5256 omnem
3146 5199 3521 5256 inﬁdelitatem

1936 5290 2005 5344 ab
2050 5305 2239 5345 eorum
2288 5291 2542 5349 cordibus
2584 5309 2720 5363 quos
2749 5294 3154 5363 praedestinavit
3175 5294 3243 5348 ad
3266 5293 3522 5364 baptismi

1939 5389 2334 5438 sacramentum
2385 5384 2692 5454 pertinere,
2743 5385 2845 5439 rite
2897 5384 3182 5457 credentes
3229 5384 3524 5442 abluuntur

1937 5473 2078 5527 unda
2108 5472 2518 5542 puriﬁeationis.
2553 5474 2686 5528 ltem
2711 5489 2849 5544 aqua
2877 5474 3025 5543 putei
3053 5473 3320 5547 signiﬁcat
3347 5476 3524 5532 scien-

1935 5563 2068 5618 tiam
2098 5563 2311 5619 Veteris
2343 5561 2692 5628 Testamenti,
2721 5579 2879 5633 quam
2908 5564 3042 5636 lapis
3067 5564 3367 5632 claudebat,
3395 5566 3522 5638 quia

1937 5653 2119 5710 littera
2145 5655 2277 5726 legis
2309 5671 2524 5712 sensum
2561 5656 2890 5726 spiritualem
2937 5658 2992 5711 in
3036 5673 3101 5714 eo
3139 5657 3376 5722 celabat;
3427 5656 3521 5712 sed

1936 5749 2186 5804 veniente
2223 5749 2439 5804 Christo
2481 5747 2618 5818 lapis
2658 5758 2897 5805 remotus
2926 5757 3032 5816 est,
3059 5765 3182 5806 cum
3207 5765 3304 5820 per
3329 5749 3521 5817 praedi-

1936 5844 2202 5899 cationem
2235 5842 2364 5897 Novi
2407 5844 2734 5898 Testamenti
2786 5844 2976 5899 umbra
3018 5843 3148 5916 legis
3189 5842 3427 5908 exclusa,
3465 5849 3523 5904 et

1943 5936 2141 5993 veritas
2169 5935 2443 6006 Evangelii
2469 5935 2737 6006 patefacta
2764 5945 2868 5993 est.
