3946 6458
447 398 554 456 595

1115 395 1176 450 B.
1218 394 1471 452 RABANI
1508 395 1728 453 MAURI
1765 394 2083 453 ARCHIEP.
2123 394 2435 454 MOGUNT.
2478 391 2762 451 OPERUM
2797 391 2978 448 PARS
3017 390 3059 446 l.

3612 386 3728 445 506

518 506 702 563 Adhuc
739 507 1102 578 loquebantur,
1150 514 1199 561 et
1235 523 1348 560 ecce
1389 506 1583 561 Rachel
1626 507 1855 562 veniebat
1902 524 2020 561 cum
2046 508 2101 570 Α
2123 504 2539 576 contemplativa
2565 503 2674 557 vita
2700 502 2983 575 signatur?
3023 499 3118 556 Lia
3153 500 3353 572 quippe
3382 500 3729 570 interpreta-

446 599 628 655 ovibus
668 597 833 669 patris
869 596 973 663 sui,
1014 611 1137 649 nam
1169 612 1371 667 gregem
1403 598 1519 667 ipsa
1544 596 1805 668 pascebat.
1850 597 2024 663 Quam

448 708 570 748 cum
591 687 998 756 vidissetlacob,
1028 697 1078 744 et
1100 689 1254 744 sciret
1281 690 1641 745 consobrinam
1670 707 1846 757 suam,
1883 706 2026 745 oves-

445 798 548 856 que
569 781 752 837 Laban
775 779 1018 837 avunculi
1051 781 1157 849 sui,
1191 782 1380 836 amovit
1412 780 1659 853 lapidem,
1701 798 1802 853 quo
1840 790 2025 851 puteus

446 873 805 939 claudebatur,
833 883 880 929 et
905 873 1168 945 adaguato
1186 889 1356 944 grege,
1378 873 1644 930 osculatus
1663 883 1739 930 est
1757 890 1905 938 eam;
1925 873 2027 928 ele-

446 974 670 1038 uatague
689 983 810 1022 uoce
836 968 994 1038 ﬂeuit,
1023 975 1071 1022 et
1093 966 1342 1022 indicauit
1369 967 1418 1021 ei
1438 967 1580 1039 quod
1603 968 1768 1038 frater
1783 975 1913 1022 esset
1931 983 2028 1037 pa-

448 1059 545 1114 tris
572 1059 707 1129 ejus,
737 1068 785 1114 et
814 1059 957 1131 ﬁlius
984 1058 1250 1127 Rebecca,
1278 1066 1385 1116 etc.
1441 1059 1832 1132 (Augustinus.)
1873 1057 2029 1127 Quod

445 1149 595 1204 venit
626 1149 827 1206 Rachel
868 1165 994 1207 eum
1039 1150 1231 1207 ovibus
1270 1150 1442 1221 patris
1487 1152 1590 1216 sui,
1632 1160 1687 1207 et
1721 1152 1856 1207 dicit
1883 1150 2029 1207 Scri-

445 1248 607 1310 ptura
632 1242 775 1312 quod
800 1258 925 1297 cum
956 1242 1181 1298 vidisset
1215 1240 1382 1298 Iacob
1418 1241 1623 1298 Rachel
1652 1241 1817 1298 tiliam
1841 1240 2029 1297 Laban

449 1329 635 1387 fratris
683 1333 874 1389 matris
905 1348 1040 1400 suae,
1075 1335 1304 1390 accessit
1339 1342 1394 1388 et
1422 1334 1650 1389 revolvit
1691 1335 1918 1405 lapidem
1961 1335 2029 1389 ab

446 1435 544 1476 ore
578 1422 748 1490 putei,
794 1422 969 1494 magis
1016 1424 1313 1479 notandum
1352 1432 1438 1480 est
1475 1424 1676 1494 aliquid
1698 1423 2029 1496 Scripturam

446 1515 883 1585 praetermittere,
919 1517 1062 1588 quod
1093 1518 1390 1590 intelligere
1421 1519 1697 1583 debemus,
1736 1534 1897 1590 quam
1923 1516 2031 1572 ulla

446 1607 673 1677 quaestio
692 1611 1093 1666 commovenda.
1140 1610 1457 1683 lntelligitur
1478 1613 1620 1667 enim
1646 1612 1788 1682 quod
1810 1610 1885 1665 illi
1907 1625 2030 1665 cum

448 1699 659 1768 quibus
698 1702 872 1770 primo
930 1701 1252 1772 loquebatur
1294 1700 1490 1771 Iacob,
1541 1702 1859 1773 interrogati
1911 1718 2031 1774 quae

446 1798 592 1844 esset
616 1805 735 1860 quae
762 1791 1012 1848 veniebat
1034 1809 1156 1849 cum
1186 1794 1396 1861 ovibus,
1440 1793 1541 1866 ipsi
1573 1796 1825 1851 dixerunt
1864 1793 2030 1850 tiliam

2125 606 2216 653 tur
2238 598 2520 664 laboriosa,
2543 596 2745 651 Rachel
2773 611 2903 651 vero
2931 595 3060 660 ovis,
3087 594 3172 649 vel
3194 595 3336 649 uisus
3367 593 3725 665 principium.

2125 690 2313 745 Activa
2359 696 2537 745 autem
2579 690 2691 743 vita
2734 688 3002 744 laboriosa
3044 695 3164 752 est,
3208 687 3338 758 quia
3385 686 3631 742 desudat
3670 686 3727 741 in

2124 796 2309 851 opere.
2357 780 2781 852 Contemplativa
2807 796 2937 835 vero
2961 779 3205 851 simplex,
3229 780 3297 835 ad
3328 778 3511 834 solum
3536 779 3733 834 viden-

2128 872 2252 927 dum
2292 872 2615 944 principium
2673 871 2923 938 anhelat,
2962 870 3212 927 videlicet
3253 871 3430 941 ipsum
3470 870 3570 940 qui
3607 870 3727 924 ait:

2128 962 2243 1036 Ego
2282 966 2615 1036 principium,
2657 974 2868 1036 propter
2892 965 3031 1035 quod
3058 973 3104 1019 et
3144 963 3327 1035 loquor
3357 961 3509 1017 nobis
3536 960 3728 1032 (lacn.

2126 1055 2269 1131 νιιι).
2320 1055 2517 1111 Beatus
2552 1062 2728 1110 autem
2758 1053 2925 1111 Iacob
2951 1053 3152 1110 Rachel
3177 1054 3397 1124 quidem
3419 1053 3729 1123 concupie-

2128 1156 2236 1212 rat,
2264 1148 2357 1201 sed
2390 1148 2442 1201 in
2465 1156 2621 1202 nocte
2647 1147 2853 1218 accepit
2878 1146 3052 1213 Liam,
3098 1146 3225 1216 quia
3261 1145 3528 1200 videlicet
3549 1144 3733 1199 omnis

2129 1242 2221 1312 qui
2242 1243 2578 1298 convertitur
2610 1243 2675 1297 ad
2708 1242 2992 1298 Dominum
3034 1242 3521 1312 oontemplativam
3563 1240 3731 1294 vitam

2130 1337 2423 1403 desiderat,
2448 1338 2684 1406 quietem
2710 1347 2925 1392 aeterna:
2946 1337 3134 1408 patriae
3166 1337 3392 1407 appetit,
3436 1335 3542 1391 sed
3580 1334 3735 1395 prius

2130 1446 2352 1487 necesse
2376 1440 2539 1486 estut
2561 1431 2614 1484 in
2637 1440 2795 1486 nocte
2821 1430 2945 1484 vita:
2979 1430 3263 1500 praesentis
3290 1436 3566 1499 operetur
3592 1426 3734 1480 bona

2133 1536 2252 1592 quae
2275 1530 2474 1592 potest,
2500 1521 2726 1577 desudet
2761 1523 2816 1576 in
2850 1520 3056 1585 labore,
3084 1520 3139 1575 id
3159 1528 3264 1583 est,
3287 1517 3444 1574 Liam
3472 1516 3732 1585 accipiat,

2131 1621 2193 1669 ut
2214 1621 2356 1683 post,
2386 1613 2452 1669 ad
2474 1613 2761 1670 videndum
2784 1611 3128 1683 principium,
3153 1612 3209 1666 in
3228 1609 3437 1666 Rachel
3460 1608 3734 1681 amplexi—

2130 1707 2234 1761 bus
2257 1706 2580 1779 requiescat.

2206 1799 2340 1853 Erat
2382 1809 2556 1853 autem
2594 1796 2792 1852 Rachel
2831 1796 3006 1852 videns
3046 1804 3096 1851 et
3140 1794 3370 1859 sterilis;
3412 1792 3520 1848 Lia
3562 1802 3735 1847 cum

444 1893 566 1935 esse
599 1879 802 1938 Laban.
844 1883 1033 1953 ‘Quam
1069 1886 1255 1957 utique
1294 1886 1462 1943 Iacob
1507 1903 1616 1943 non
1651 1896 1897 1955 noverat,
1935 1888 2029 1944 sed
2055 1872 2104 1933 Β
2133 1891 2293 1963 lippa,
2325 1892 2415 1947 sed
2440 1891 2684 1961 fecunda.
2707 1888 2911 1946 Rachel
2936 1888 3159 1960 pulchra
3183 1895 3236 1941 et
3262 1886 3587 1949 infecunda,
3610 1885 3736 1955 quia

444 1968 587 2027 illius
612 1973 1091 2047 interrogationem
1110 1979 1625 2049 responsionemque
1646 1978 1860 2035 illorum
1882 1980 2031 2035 Scri-

445 2069 603 2130 ptura
636 2068 1057 2135 praetermittens
1088 2068 1328 2142 intelligi
1362 2071 1537 2125 voluit
1570 2072 1711 2141 quod
1766 2072 2029 2144 scriptum

446 2162 573 2209 est:

517 2244 797 2306 Osculatus
832 2261 909 2306 est
949 2251 1117 2308 Iacob
1158 2253 1372 2321 Rachel,
1398 2264 1445 2310 et
1467 2257 1767 2312 exclamans
1791 2274 1911 2313 voce
1932 2275 2031 2313 sua

442 2336 600 2405 ﬂevit,
632 2347 681 2393 et
708 2339 956 2396 indicavit
985 2344 1125 2415 quod
1154 2344 1320 2414 frater
1337 2356 1467 2401 esset
1485 2350 1648 2418 patris
1679 2349 1815 2419 ejus,
1839 2359 1887 2403 et
1906 2351 2031 2421 quia

443 2427 584 2497 ﬁlius
612 2430 874 2488 Rebeccae.
916 2434 1333 2493 Consuetudinis
1372 2439 1589 2509 quidem
1629 2440 1750 2506 fuit,
1796 2442 2030 2497 maxime

444 2520 500 2574 in
536 2520 624 2575 illa
654 2523 998 2593 simplicitate
1018 2529 1386 2598 antiquorum,
1419 2539 1477 2585 ut
1503 2533 1787 2604 propinqui
1809 2534 2028 2604 propin-

445 2627 582 2683 quos
605 2617 1003 2688 oscularentur,
1034 2629 1089 2678 et
1114 2622 1215 2679 hoc
1253 2624 1414 2681 hodie
1446 2625 1507 2680 ﬁt
1546 2626 1601 2681 in
1647 2627 1830 2683 multis
1874 2628 2025 2683 locis.

444 2707 552 2766 Sed
578 2714 765 2782 ,quaari
804 2723 986 2784 potest
1020 2718 1289 2787 quomodo
1328 2722 1397 2777 ab
1436 2722 1707 2793 incognito
1744 2724 1834 2778 illa
1871 2739 2029 2779 oscu-

442 2800 557 2857 lum
595 2808 886 2877 acceperit,
920 2810 1012 2865 sed
1034 2819 1219 2879 postea
1244 2812 1690 2871 indicavitlacob
1716 2816 2032 2886 propinqui-

444 2903 610 2951 tatem
643 2914 815 2953 suam.
860 2900 1002 2973 Ergo
1031 2902 1432 2975 intelligendum
1468 2917 1552 2962 est
1589 2915 1682 2961 aut
1726 2907 1894 2973 illum,
1937 2907 2031 2977 qui

435 2983 553 3055 jam
575 2988 810 3045 audierit
828 3005 948 3061 qua
968 2990 1064 3048 illa
1084 3003 1259 3059 esset,
1293 2997 1628 3052 conﬁdenter
1652 2997 1706 3053 in
1729 2997 1849 3067 ejus
1873 3014 2032 3053 oscu-

446 3076 557 3131 lum
584 3078 828 3146 irruisse,
855 3089 949 3135 aut
976 3091 1163 3153 postea
1186 3085 1523 3157 Scripturam
1553 3104 1805 3144 narrasse
1828 3103 1927 3160 per
1948 3104 2033 3144 re-

446 3169 907 3239 capitulatioaem,
930 3175 1074 3243 quod
1094 3176 1273 3245 primo
1294 3175 1499 3234 factum
1524 3187 1660 3245 erat,
1686 3179 1739 3234 id
1758 3188 1861 3247 est,
1886 3180 2032 3249 quod

445 3260 783 3319 indimverat
815 3264 986 3322 Iacob
1006 3268 1131 3338 quis
1154 3277 1320 3336 esset,
1342 3271 1484 3327 sicut
1519 3272 1584 3327 de
1612 3270 1866 3340 paradiso
1885 3280 2033 3341 post-

440 3369 507 3410 ea
534 3358 754 3424 dicitur,
782 3362 1055 3430 quomodo
1088 3363 1231 3419 Deus
1256 3380 1382 3421 eum
1422 3365 1751 3430 instituerit,
1780 3379 1904 3420 cum
1920 3365 2035 3435 jam

442 3445 644 3502 dictum
678 3458 827 3505 esset
860 3453 1004 3521 quod
1041 3453 1303 3523 plantavit
1341 3457 1676 3527 paradisum,
1707 3465 1763 3511 ct
1792 3457 2037 3527 posuerit

440 3535 552 3593 illic
577 3538 876 3608 hominem,
904 3559 1067 3614 quem
1094 3546 1347 3615 ﬁnxerat,
1368 3556 1424 3603 et
1441 3548 1608 3604 multa
1634 3563 1734 3619 per
1764 3550 2037 3621 recapitu-

444 3626 707 3685 lationem
726 3629 874 3689 dicta
901 3634 1294 3707 meum.

1028 3747 1257 3809 CAPUT
1304 3751 1445 3809 XVI.

443 3832 810 3926 Deﬁgerloitute.
835 3838 1038 3926 Iacob,
1078 3847 1434 3926 quauseruivit
1478 3847 1662 3926 Labda
1693 3867 1789 3922 pro
1824 3851 2033 3926 duabus

902 3952 919 3979 ,
966 3906 1029 3967 et
1058 3906 1441 3985 signiﬁcatione
1474 3906 1706 3990 mystica'
1730 3906 2035 3978 earumdem

516 4093 754 4150 Habebat
798 4113 923 4152 uero
969 4096 1154 4155 Labsn
1199 4100 1341 4170 ﬁlias
1378 4104 1517 4160 duas
1547 4126 1566 4162 :
1594 4124 1781 4164 nomen
1812 4110 2035 4181 majoris

445 4183 573 4249 Lia,
598 4188 777 4241 ntinor
795 4187 1160 4259 appellabatur
1177 4190 1390 4250 Rachel.
1445 4195 1551 4253 Sed
1591 4197 1691 4253 Lia
1730 4200 1884 4271 lippis
1921 4209 2038 4255 erat

443 4276 629 4331 oculis.
670 4275 866 4334 Rachel
888 4280 1080 4336 decora
1101 4283 1237 4353 facie
1263 4296 1313 4341 et
1339 4299 1552 4344 venusto
1574 4302 1807 4361 aspectu.
1858 4292 2036 4359 Quam

444 4369 666 4474 diligens
689 4370 878 4440 Iacob,
910 4376 1027 4429 ait:
1054 4373 1291 4433 Servium
1320 4381 1414 4435 tibi
1449 4398 1543 4452 pro
1574 4381 1767 4438 Rachel
1791 4384 1909 4454 [ilia
1941 4396 2034 4440 tua

443 4467 645 4517 minore
685 4473 879 4536 septem
922 4468 1098 4523 annis.
1137 4467 1424 4541 Respondit
1465 4471 1648 4529 Laban
1678 4491 1697 4529 :
1728 4473 1919 4531 Melius
1958 4486 2035 4533 est

2132 1986 2389 2041 nimirum
2420 1999 2570 2040 mens
2598 1998 2716 2055 quae
2742 1982 3154 2053 contemplando
3190 1982 3300 2037 otia
3341 1981 3580 2053 appetit,
3620 1979 3736 2050 plus

2131 2082 2297 2147 videt,
2327 2080 2418 2136 sed
2440 2080 2617 2134 minus
2645 2080 2756 2133 Deo
2788 2078 2927 2133 ﬁlios
2952 2085 3194 2149 generat.
3236 2076 3372 2132 Cum
3405 2090 3549 2130 vero
3570 2074 3639 2128 ad
3662 2074 3739 2127 la-

2131 2173 2319 2229 borem
2347 2188 2403 2228 se
2426 2170 2823 2243 praedicationis
2847 2170 3048 2241 dirigit,
3077 2170 3257 2224 minus
3291 2168 3465 2231 videt,
3499 2166 3601 2222 sed
3627 2181 3739 2219 am-

2132 2265 2272 2337 plius
2313 2266 2475 2338 parit.
2527 2263 2953 2333 Contemplativa
2994 2278 3121 2332 ergo
3147 2263 3255 2317 vita
3291 2262 3549 2331 speciosa
3578 2267 3660 2315 est
3688 2260 3738 2312 in

2134 2360 2346 2425 animo;
2394 2357 2489 2412 sed
2528 2356 2653 2411 dum
2696 2358 2977 2427 quiescere
3008 2355 3064 2410 in
3097 2354 3314 2411 silentio
3335 2354 3576 2425 appetit,
3604 2352 3739 2406 ﬁlios

2133 2466 2241 2506 non
2291 2456 2514 2521 generat
2558 2463 2622 2502 ex
2669 2447 3068 2520 przcdicalione.
3117 2445 3275 2500 Videt
3319 2456 3376 2503 et
3425 2462 3540 2501 non
3580 2445 3737 2515 parit,

2134 2545 2261 2617 quia
2290 2543 2486 2615 quietis
2512 2557 2621 2598 sua:
2642 2541 2820 2595 studio
2848 2540 3025 2595 minus
3049 2555 3105 2594 se
3131 2539 3183 2594 in
3206 2539 3441 2594 aliorum
3466 2538 3742 2593 collectio-

2134 2654 2259 2693 nem
2282 2636 2576 2701 succcndit,
2600 2644 2653 2691 et
2674 2641 2939 2705 quantum
2967 2633 3263 2687 introrsum
3287 2632 3595 2702 conspicit,
3620 2645 3743 2700 ape-

2134 2731 2244 2786 rire
2266 2730 2386 2785 aliis
2409 2728 2749 2788 praedicando
2787 2742 2893 2781 non
2932 2722 3145 2781 suﬂicit.
3190 2724 3286 2778 Lia
3326 2739 3467 2779 vero
3506 2724 3656 2794 lippa
3693 2727 3745 2775 et

2135 2820 2364 2879 lecunda
2388 2830 2488 2885 est,
2517 2821 2642 2892 quia
2668 2820 2842 2875 activa
2865 2819 2977 2874 vita
3003 2818 3129 2872 dum
3151 2826 3456 2887 occupatur
3476 2815 3535 2869 in
3559 2828 3740 2884 opere,

2136 2915 2315 2971 minus
2341 2914 2508 2979 videt,
2540 2913 2632 2968 sed
2660 2913 2788 2967 dum
2813 2911 2973 2965 modo
3014 2923 3112 2980 per
3150 2909 3394 2972 verbum,
3440 2906 3611 2960 modo
3648 2916 3741 2974 per

2136 3005 2465 3076 exemplum,
2492 3004 2557 3058 ad
2584 3002 2937 3058 imitationem
2969 3016 3122 3055 suam
3152 2999 3440 3071 proximos
3467 2995 3739 3059 accendit,

2135 3098 2332 3153 multos
2362 3097 2412 3151 in
2436 3096 2580 3151 bono
2605 3111 2769 3166 opere
2792 3093 2930 3152 ﬁlios
2951 3101 3201 3167 generat;
3228 3101 3282 3147 et
3308 3092 3355 3147 si
3395 3092 3457 3147 in
3490 3098 3741 3146 contem-

2135 3189 2373 3263 platione
2426 3196 2660 3243 mentem
2714 3195 2897 3242 tenere
2947 3200 3052 3239 non
3107 3184 3282 3249 valet,
3324 3200 3392 3239 ex
3440 3198 3509 3238 eo
3559 3191 3744 3233 tamen

2137 3281 2280 3351 quod
2308 3279 2417 3351 agit
2446 3278 2685 3333 exterius
2710 3278 2930 3349 gignere
2954 3290 3217 3345 sequaces
3249 3273 3411 3325 valet.
3462 3270 3604 3325 Post
3640 3270 3748 3323 Li:

2135 3386 2266 3444 ergo
2295 3370 2608 3441 complexus
2653 3370 2719 3423 ad
2746 3368 3034 3423 Rachelem
3069 3365 3236 3421 Iacob
3270 3363 3551 3435 pervenit,
3597 3360 3744 3432 quod

2133 3463 2376 3534 profecto
2417 3462 2646 3531 quisque
2688 3468 2815 3515 ante
2853 3459 3041 3514 activae
3081 3456 3208 3512 vita:
3244 3457 3311 3511 ad
3342 3455 3742 3511 fecunditatem

2128 3551 2395 3626 jungitur,
2436 3561 2490 3608 et
2530 3560 2652 3622 post
2686 3548 3118 3621 contemplativa:
3158 3548 3226 3603 ad
3266 3547 3513 3618 requiem
3565 3560 3739 3614 copu-

2136 3646 2301 3714 latur.

2206 3739 2373 3795 Facto
2404 3755 2555 3793 mane
2584 3738 2709 3793 vidit
2740 3736 2907 3792 Iacob
2932 3736 3107 3801 Liam,
3137 3741 3187 3788 et
3212 3733 3344 3787 dixit
3380 3732 3454 3785 ad
3490 3748 3743 3785 socerus

2134 3851 2287 3889 suum
2310 3847 2328 3885 .'
2359 3831 2499 3898 Quid
2525 3839 2599 3886 est
2624 3829 2763 3901 quod
2784 3829 2956 3900 facere
2979 3828 3187 3883 coluisti
3208 3826 3235 3881 7
3284 3824 3475 3880 Nonne
3501 3841 3607 3895 pro
3630 3823 3741 3878 Re-

2136 3925 2247 3982 chel
2275 3924 2455 3979 servivi
2482 3922 2624 3977 tibi?
2666 3921 2844 3988 Quare
2891 3918 3187 3992 imposuisti
3232 3916 3407 3972 mihi?
3448 3913 3747 3987 Respondit

2135 4014 2320 4073 Laban
2345 4031 2364 4069 .°
2397 4016 2521 4071 Non
2543 4025 2619 4071 est
2644 4018 2700 4070 in
2726 4014 2840 4070 loco
2869 4022 3046 4069 nostra
3074 4011 3467 4067 consuetudinis
3489 4020 3543 4063 ut
3568 4011 3745 4064 asino-

2135 4127 2218 4166 res
2252 4120 2372 4166 ante
2407 4109 2681 4164 tradamus
2728 4108 2797 4161 ad
2846 4107 3076 4177 nuptias.
3134 4103 3303 4175 Imple
3347 4102 3745 4157 hebdomadam

2136 4201 2341 4256 dierum
2365 4201 2527 4271 hujus
2550 4197 2771 4271 copulat,
2799 4207 2848 4253 et
2874 4198 3010 4252 hanc
3040 4211 3244 4269 quoque
3283 4194 3417 4249 dabo
3452 4193 3547 4247 tibi
3581 4209 3748 4263 opere

2134 4310 2238 4366 quo
2268 4294 2557 4348 seruiturus
2583 4308 2639 4347 es
2666 4290 2795 4346 mihi
2828 4298 3023 4362 septem
3054 4290 3213 4344 anius
3254 4288 3400 4343 aliis.
3459 4286 3745 4355 Anq-iuit

2134 4384 2350 4457 placito,
2374 4392 2441 4447 et,
2470 4382 2797 4436 hebdomade
2828 4389 3122 4446 «macta,
3161 4376 3357 4434 Rachel
3397 4376 3551 4431 “ait
3588 4391 3741 4429 uu-

2137 4494 2267 4541 rem,
2290 4478 2377 4531 cui
2396 4485 2546 4549 pater
2569 4490 2772 4529 servum
2799 4472 2991 4529 Balatu
3018 4471 3252 4531 dedant,
3288 4474 3402 4523 etc.
3453 4465 3575 4520 Ion
3626 4466 3740 4538 ip}

444 4562 501 4648 ut
802 4557 948 4648 dein,
974 4576 1132 4648 grtiam
1161 4562 1269 4648 viro
1308 4561 1497 4628 alteri;
1541 4581 1697 4620 mane
1739 4568 1879 4638 apud
1926 4585 2028 4623 me.
2059 4593 2112 4648 D
2137 4576 2247 4632 tur,
2272 4578 2339 4626 ut
2364 4569 2582 4633 quidam
2614 4567 2760 4617 male
2798 4562 3092 4629 θεείηηιιιο
3132 4569 3259 4632 90"
3298 4569 3514 4630 σοφίαι
3556 4576 3740 4617 an"

443 4642 664 4699 Sertivit
686 4645 853 4714 igitur
876 4645 1042 4702 Iacob
1060 4663 1157 4717 pro
1186 4646 1380 4702 Rachel
1402 4661 1593 4720 septem
1615 4652 1790 4719 annis,
1819 4663 1868 4708 et
1892 4655 2031 4710 vide-

442 4737 635 4791 bantur
646 4736 732 4790 illi
748 4739 905 4808 pauci
932 4739 1043 4793 dies
1061 4756 1176 4810 prro
1211 4742 1405 4797 amoris
1432 4744 1812 4815 magnitudine.
1856 4746 2030 4802 Dixit-

443 4844 542 4898 que
569 4827 638 4881 ad
661 4826 846 4883 Laban
870 4845 890 4883 :
915 4827 999 4885 Ba
1026 4831 1155 4886 mihi
1183 4848 1401 4888 uxorem
1436 4850 1628 4902 meam,
1662 4839 1787 4909 quia
1829 4845 2030 4908 tempus

439 4917 703 4989 expletum
732 4926 807 4973 est
832 4927 889 4973 ut
920 4920 1189 4991 ingrediar
1215 4923 1285 4975 ad
1306 4940 1441 4978 eam.
1460 4924 1597 4992 Qui,
1630 4930 1824 4982 vocatis
1850 4927 2030 4983 multis

444 5010 732 5065 amicorum
773 5010 943 5066 turbis
989 5012 1059 5066 ad
1097 5014 1407 5081 convivium,
1446 5015 1568 5086 fecit
1594 5020 1836 5090 nuptias;
1867 5029 1916 5073 et
1940 5036 2028 5075 ue-

443 5116 591 5171 spere
611 5101 781 5171 ﬁliam
804 5119 956 5158 suam
983 5102 1133 5158 Liarn
1166 5105 1463 5160 introduxit
1488 5107 1557 5161 ad
1587 5123 1729 5173 eum,
1772 5107 1907 5162 dans
1942 5125 2034 5163 an-

445 5195 620 5250 cillmn
650 5196 778 5264 filiae
806 5196 1055 5269 chpham
1076 5200 1304 5265 nomine,
1326 5208 1430 5256 etc.
1471 5199 1628 5267 Quod
1642 5201 1905 5270 scriptum
1922 5211 2027 5267 est,

444 5295 499 5343 et
522 5286 746 5342 servivit
767 5286 932 5346 Iacob
960 5307 1060 5361 pro
1094 5291 1298 5347 Rachel
1329 5291 1487 5346 annis
1516 5301 1741 5361 septem,
1786 5303 1841 5349 et
1876 5296 2034 5350 erant

445 5378 505 5434 in
526 5388 820 5450 conspectu
842 5379 961 5455 ejus
978 5381 1128 5438 velut
1143 5381 1304 5450 pauci
1328 5379 1463 5446 dies,
1500 5397 1565 5438 eo
1594 5383 1739 5454 quod
1778 5383 2034 5455 diligebat

448 5489 590 5540 eam,
634 5476 977 5545 quaerendum
1016 5475 1285 5548 quomodo
1317 5474 1519 5531 dictum
1564 5476 1654 5543 sit,
1698 5492 1819 5533 cum
1861 5480 2033 5551 magis

446 5567 615 5623 etiam
650 5566 817 5624 breve
857 5577 1073 5639 tempus
1104 5567 1321 5639 longum
1360 5582 1481 5625 esse
1511 5568 1681 5624 soleat
1704 5571 2027 5629 amantibus.

447 5656 661 5716 Dictum
682 5669 769 5718 est
787 5676 918 5734 ergo
943 5669 1165 5732 propter
1185 5661 1425 5719 laborem
1449 5664 1749 5730 servitutis,
1772 5680 1930 5734 quem
1952 5665 2033 5720 fa-

444 5752 602 5809 cilem
638 5764 698 5811 et
729 5753 903 5810 levem
934 5768 1087 5808 amor
1131 5752 1375 5809 faciebat.
1421 5752 1562 5823 Quid
1601 5755 1655 5810 in
1700 5755 1786 5811 his
1824 5757 2032 5813 duabus

444 5846 708 5902 uxoribus
724 5837 910 5912 Iacob,
926 5843 1027 5901 Lia
1048 5844 1298 5901 videlicet
1322 5852 1378 5900 et
1394 5845 1619 5913 Rachel,
1644 5846 1747 5903 nisi
1776 5849 1955 5905 activa
1977 5857 2031 5903 et

2138 4656 2272 4711 alios
2297 4653 2499 4710 Rachel
2522 4654 2734 4723 accepit
2771 4667 3017 4720 uxorem,
3058 4655 3160 4710 eod
3207 4663 3333 4726 post
3370 4664 3578 4725 sepem
3616 4656 3742 4711 dies

2136 4746 2447 4818 nuptiarum
2472 4745 2658 4799 tutoris
2674 4745 2887 4815 prima.
2933 4745 3067 4800 Nam
3106 4747 3397 4816 sequitur:
3424 4745 3497 4797 Et
3530 4748 3741 4814 ingrcs-

2136 4852 2226 4893 sus
2250 4836 2418 4892 estad
2446 4834 2667 4901 Rachel,
2690 4845 2738 4889 et
2758 4834 2942 4891 dilexit
2966 4834 3349 4906 Rachdsnagis
3366 4852 3529 4906 quam
3551 4835 3739 4903 [λοι.

2135 4938 2184 4985 et
2210 4929 2414 4986 servivit
2436 4930 2488 4985 ei
2514 4937 2706 5000 «plain
2724 4930 2883 4983 om
2904 4929 3047 4984 aliis.

2698 5020 2933 5078 CAPUT
2995 5020 3157 5076 XVII.

2140 5110 2219 5166 De
2252 5113 2587 5181 generatione
2617 5111 2850 5180 ﬁliorum
2877 5111 3045 5166 Iacob
3080 5127 3146 5166 ea:
3174 5119 3412 5182 quatuor
3450 5112 3734 5170 mribus.

2216 5200 2411 5257 Videas
2432 5201 2688 5257 Dominus
2704 5203 2846 5272 quod
2866 5201 3151 5272 despiceret
3181 5202 3354 5269 ﬁam,
3375 5205 3584 5275 operuit
3624 5205 3740 5259 nl—

2135 5309 2256 5349 uam
2276 5292 2420 5363 ejus,
2448 5308 2626 5347 sorone
2654 5291 2827 5347 sterili
2862 5303 3214 5363 meum.
3258 5293 3397 5360 Qua
3420 5308 3737 5366 conceptum

2134 5385 2312 5457 genuit
2328 5380 2520 5453 ﬁlium,
2544 5383 2842 5454 uocauitquc
2868 5399 3053 5438 nomen
3074 5384 3193 5455 eius
3226 5384 3429 5449 Ruben,
3446 5393 3565 5440 etc.
3594 5385 3729 5441 0m-

2133 5477 2287 5532 nitnn
2314 5476 2770 5547 patriarcharum,
2798 5483 3019 5545 propter
3047 5477 3424 5545 emendum
3450 5476 3733 5537 lentim“.

2134 5569 2489 5641 etymdogias
2523 5568 2804 5623 nominum
2843 5567 2966 5625 volo
2998 5568 3205 5637 pariter
3243 5568 3445 5624 dicere.
3486 5568 3731 5639 (Hiero.

2137 5661 2317 5739 ngas.)
2340 5660 2400 5713 Et
2421 5662 2626 5715 uocaris
2698 5661 2870 5731 nquit,
2916 5676 3102 5715 nomen
3126 5661 3246 5731 ejus
3269 5660 3471 5727 Ruben,
3496 5661 3686 5715 dicens
3706 5676 3729 5713 :

2134 5751 2279 5819 Quia
2306 5753 2433 5807 uidit
2462 5752 2718 5808 Dominus
2748 5754 2807 5808 in
2828 5751 3275 5809 humilitatem.
3312 5751 3509 5809 Ruben
3548 5752 3729 5809 ider-

2135 5855 2380 5917 μαθων
2402 5849 2615 5903 lusionis
