3946 6446
433 373 544 434 899

1081 371 1142 426 B.
1183 371 1438 430 RABANI
1474 372 1694 434 MAURI
1729 375 2049 434 ARCHIEP.
2091 375 2400 436 MOGUNT.
2441 374 2727 480 OPERUljl
2767 377 2945 435 PARS
2985 377 3026 434 1.

3622 378 3734 436 600

431 487 622 562 gratiae
644 487 762 554 Dei,
791 501 897 558 qua
919 496 1132 559 peccata
1154 499 1332 544 nostra
1359 493 1473 546 etsi
1496 491 1694 562 fuerint
1719 495 1852 549 sicut
1881 495 2018 566 plue-
2043 495 2097 558 Α
2120 495 2266 551 videt
2293 495 2347 550 in
2373 495 2641 567 principio
2665 496 2904 552 Verbum
2929 497 3100 551 Deum
3123 495 3266 566 apud
3305 495 3509 564 Deum,
3535 507 3602 554 et
3623 497 3736 553 vult

430 581 648 649 nicium,
704 591 955 651 tanquam
999 579 1091 634 nia:
1139 580 1543 638 dealbabuntur.
1592 585 1778 642 Laban
1816 587 2014 658 quippe

427 673 816 746 interpretatur
857 674 1142 743 dealbatio,
1189 679 1275 733 cui
1333 678 1556 734 servivit
1594 677 1760 734 Jacob
1796 688 2016 752 prOpter

425 765 651 820 Rachel.
679 764 866 836 Neque
891 768 1036 822 enim
1065 784 1124 824 se
1163 769 1392 839 quisque
1414 770 1680 825 convertit
1710 771 1809 826 sub
1836 770 2012 842 gratia

422 857 762 915 remissionis
816 869 1164 931 peccatorum
1220 861 1427 918 servire
1481 860 1705 931 iustitia:
1731 902 1746 929 ,
1797 862 1903 918 nisi
1954 869 2014 917 ut

421 956 604 1028 quiete
652 958 802 1013 vivat
855 959 912 1014 in
967 961 1153 1025 verbo,
1177 974 1243 1014 ex
1272 974 1380 1030 quo
1421 960 1635 1016 videtur
1662 958 2008 1031 principium,

418 1035 563 1119 quod
603 1057 686 1107 est
711 1051 874 1108 Deus.
921 1051 1062 1123 Ergo
1102 1063 1326 1124 propter
1371 1052 1608 1119 Rachel,
1643 1068 1752 1109 non
1789 1060 2012 1124 prepter

416 1140 570 1200 Liaui
601 1145 856 1201 servitur.
902 1145 1039 1202 Nam
1066 1148 1188 1218 quis
1223 1155 1432 1202 tantum
1458 1147 1723 1203 amaverit
1751 1146 1807 1200 in
1827 1145 2007 1216 cperi-

415 1237 516 1294 bus
565 1237 792 1308 justitiae
824 1239 1066 1296 laborem
1123 1239 1399 1295 actionum
1445 1248 1609 1310 atque
1657 1237 2010 1309 passionum?

413 1330 537 1400 quis
560 1345 680 1385 eam
726 1332 891 1387 vitam
915 1341 1138 1403 propter
1181 1333 1417 1404 seipsam
1441 1331 1696 1403 petierit?
1741 1331 1879 1386 sicut
1910 1345 2010 1385 nec

411 1419 578 1478 Jacob
603 1421 779 1490 Liam,
811 1425 905 1480 sed
929 1433 1140 1479 tantum
1183 1425 1284 1480 sibi
1314 1425 1368 1478 in
1399 1431 1557 1480 nocte
1587 1423 1921 1494 suppositam
1953 1423 2007 1477 in

410 1531 512 1571 usu
533 1519 829 1588 generandi
852 1520 1164 1589 amplexus,
1192 1519 1576 1575 fecunditatem
1605 1518 1722 1589 ejus
1749 1524 2008 1585 expertus

407 1617 510 1664 est.
545 1608 808 1665 Dominus
835 1612 980 1665 enim
1004 1627 1146 1675 eam,
1184 1613 1310 1680 quia
1338 1627 1434 1682 per
1459 1611 1693 1681 seipsam
1719 1609 1864 1680 diligi
1897 1623 2004 1664 non

403 1707 617 1768 poterat
661 1701 858 1772 primo,
892 1710 952 1756 ut
999 1704 1067 1757 ad
1099 1702 1301 1758 Rachel
1352 1703 1732 1773 perveniretur
1777 1702 2002 1758 tolerari

401 1787 551 1858 fecit,
598 1791 792 1848 deinde
833 1803 1057 1865 propter
1086 1795 1225 1850 ﬁlios
1272 1796 1690 1851 commendavit.
1739 1795 1816 1849 lta
1871 1810 2004 1852 vero

2119 601 2314 658 parere
2332 629 2347 653 ,
2373 596 2429 644 et
2468 603 2577 643 non
2603 596 2801 659 potest,
2828 589 2951 659 quia
3001 586 3404 642 Generationcm
3433 587 3559 658 ejus
3617 591 3734 659 ῳιὶε

2119 679 2425 734 enarrabit?
2453 679 2686 750 Ideoque
2731 679 3131 750 contemplandi
3158 679 3271 735 otia
3293 678 3530 750 appetit,
3557 689 3625 733 ut
3654 680 3727 736 di-
3767 731 3777 754 ,
3811 730 3814 744 ,

2116 771 2396 826 vinitatem
2427 771 2754 828 ineffabilem
2802 781 3014 829 cernat.
3050 772 3263 829 Vacare
3291 772 3408 827 vult
3457 773 3532 828 ab
3582 776 3733 829 omni

2117 865 2353 934 negotio,
2388 873 2443 920 et
2474 864 2595 921 ideo
2625 865 2845 932 sterilis,
2872 866 3000 936 quia
3024 867 3078 920 in
3103 866 3267 922 variis
3292 867 3586 936 pressuris
3625 883 3732 921 non

2116 956 2387 1012 subvenit.
2419 955 2526 1012 Sed
2556 957 2683 1027 quia
2710 958 2827 1027 ipsa
2857 958 3127 1013 interdum
3170 957 3510 1028 procreandi
3543 959 3732 1012 chari-

2117 1052 2225 1102 tate
2256 1048 2551 1104 inardescit
2599 1047 2735 1121 (vult
2758 1049 2904 1104 enim
2929 1050 3126 1106 docere
3173 1049 3320 1120 quod
3346 1047 3553 1121 novit),
3583 1048 3731 1103 videt

2113 1152 2355 1194 sororem
2407 1140 2591 1196 labore
2637 1141 2834 1212 agendi
2861 1141 2988 1196 ﬁliis
3032 1142 3402 1197 abundantem
3430 1182 3447 1206 ,
3479 1149 3538 1197 et
3584 1141 3728 1195 dole;

2110 1231 2291 1302 potius
2319 1247 2539 1288 currere
2560 1233 2805 1289 homines
2831 1234 2898 1288 ad
2929 1248 3051 1287 eam
3074 1234 3358 1298 virtutem,
3385 1247 3507 1303 qua
3530 1246 3722 1286 eorum

2110 1325 2525 1380 necessitatibus
2551 1325 2883 1390 consulatur,
2909 1340 3071 1394 quam
3093 1325 3163 1380 ad
3209 1324 3362 1378 illam
3404 1322 3564 1378 unde
3597 1322 3727 1376 divi-

2109 1432 2240 1471 num
2281 1417 2486 1487 aliquid
2506 1417 2756 1474 discitur.
2800 1417 2899 1472 Hic
2929 1418 3082 1473 dolor
3109 1416 3381 1488 ﬁguratus
3403 1415 3640 1471 videtur
3668 1416 3722 1470 in

2109 1523 2174 1565 eo
2218 1510 2364 1581 quod
2419 1510 2683 1581 scriptum
2737 1519 2863 1566 est:
2905 1510 2973 1564 Et
3027 1509 3212 1563 zelavit
3240 1507 3450 1562 Rachel
3481 1523 3720 1561 sororem

2107 1619 2277 1659 suam.
2310 1603 2542 1659 Proinde
2565 1604 2694 1674 quia
2715 1604 2896 1674 'purus
2926 1601 3231 1658 intellectus
3251 1598 3571 1670 Spiritualis
3601 1595 3721 1652 sub-

2107 1694 2322 1748 stantim
2343 1695 2528 1751 verbis
2560 1710 2734 1760 carne
2763 1695 2924 1750 editis
2950 1694 3290 1764 exprimznon
3317 1699 3534 1763 potest,
3560 1691 3721 1760 elegit

2107 1788 2356 1843 doctrina
2396 1787 2679 1859 sapientia:
2742 1804 2840 1858 per
2871 1787 3144 1858 quaslibet
3172 1799 3482 1855 corporeas
3528 1783 3721 1838 simili-

400 1880 548 1938 utilis
587 1885 960 1956 unusquisque
991 1886 1085 1942 Dei
1116 1903 1305 1943 servus
1333 1888 1433 1944 sub
1467 1887 1823 1943 dealbationis
1869 1903 1996 1957 pec.
2022 1869 2072 1930 B
2103 1881 2316 1936 tudines
2347 1880 2624 1936 insinuare
2654 1880 2882 1947 divinas,
2913 1881 3052 1936 sicut
3077 1879 3238 1950 elegit
3263 1876 3483 1934 Rachel
3507 1891 3580 1932 ex
3600 1878 3718 1932 vim

399 1983 645 2030 catorum
668 1993 889 2035 suorum
913 1979 1088 2052 gratia
1112 1969 1462 2048 constitutus,
1478 1981 1607 2052 quid
1628 1981 1773 2036 aliud
1788 1996 2000 2048 amans,

397 2073 454 2122 et
499 2067 554 2123 in
600 2085 697 2125 sua
749 2074 1164 2130 conversatione
1217 2075 1530 2140 meditatur,
1556 2074 1661 2129 nisi
1697 2073 2002 2130 doctrinam

396 2160 711 2230 sapientiae?
733 2166 906 2231 Quam
929 2165 1179 2236 plerique
1200 2174 1550 2236 suscepturos
1574 2173 1770 2236 putant
1792 2165 1997 2231 statim,

394 2258 454 2307 ut
479 2267 536 2308 se
564 2254 616 2308 in
647 2266 852 2327 septem
876 2259 1161 2330 praeceptis
1185 2258 1322 2330 legis
1344 2258 1705 2323 exercuerim,
1732 2272 1854 2328 quae
1875 2264 2003 2312 sunt

393 2341 461 2398 de
511 2345 799 2402 dilectione
851 2349 1084 2418 proximi
1126 2363 1197 2404 ne
1227 2349 1426 2420 cuique
1473 2356 1754 2414 noceatur,
1785 2349 1840 2404 id
1869 2356 1996 2404 est:

397 2433 618 2490 Honora
667 2448 866 2507 patrem
915 2450 1064 2494 tuum
1089 2449 1139 2494 et
1178 2451 1421 2496 matrem.
1478 2440 1604 2494 Non
1633 2439 1994 2495 mmchaberis.

393 2521 519 2578 Non
540 2527 763 2582 occides.
791 2528 914 2583 Non
938 2530 1223 2600 furaberis.
1259 2530 1385 2586 Non
1410 2529 1607 2602 falsum
1639 2532 1996 2585 testimonium

389 2613 552 2672 dices.
581 2616 705 2673 Non
733 2622 1066 2692 concupisces
1093 2639 1309 2678 uxorem
1330 2623 1558 2694 proximi
1582 2622 1678 2676 tui.
1710 2621 1836 2676 Non
1865 2638 1992 2676 con-

387 2709 618 2777 cupisces
643 2727 747 2764 rem
767 2714 997 2781 proximi
1017 2716 1095 2769 tui
1127 2713 1326 2785 (Exod.
1358 2714 1474 2786 xx).
1508 2713 1716 2780 Quibus
1737 2711 1996 2768 observa-

385 2795 476 2858 tis,
519 2806 875 2870 posteaquam
931 2803 1138 2859 homini
1201 2820 1301 2875 pro
1362 2805 1655 2874 concupita
1704 2804 1994 2861 dilectione

385 2885 664 2957 doctrinae,
696 2907 796 2962 per
825 2895 1154 2952 tentationes
1183 2897 1386 2964 varias,
1405 2893 1574 2967 quasi
1602 2912 1702 2968 per
1722 2897 1885 2968 hujus
1907 2913 1993 2954 se-

385 2978 493 3034 culi
545 2990 763 3038 noctem
802 2986 1093 3044 tolerantia
1131 2987 1337 3046 laboris
1376 2990 1686 3058 adhaeserit,
1717 2991 1867 3047 velut
1891 3006 1990 3062 pro

383 3070 587 3128 Rachel
631 3074 728 3131 Lia
777 3077 1058 3149 inopinata
1085 3081 1456 3154 conjungitur,
1484 3090 1538 3138 et
1562 3083 1704 3139 hanc
1733 3083 1988 3145 sustinet.

379 3169 441 3215 ut
468 3162 536 3217 ad
566 3162 713 3220 illam
735 3169 1037 3238 perveniat,
1063 3171 1110 3227 si
1139 3182 1557 3243 perseveranter
1581 3182 1730 3230 amat
1750 3175 1989 3247 acceptis

2106 1987 2205 2028 suo
2249 1981 2305 2027 et
2333 1972 2528 2029 ancilla
2552 1973 2829 2044 suscipere
2875 1972 3039 2037 ﬁlios,
3068 1986 3235 2043 quam
3269 1971 3394 2026 sine
3432 1968 3576 2025 ﬁliis
3599 1984 3717 2024 om-

2103 2066 2234 2122 nino
2264 2082 2566 2122 remanere.
2593 2067 2725 2124 Bala
2755 2068 2974 2138 quippe,
3007 2066 3206 2124 ancilla
3258 2060 3506 2132 Rachel,
3545 2065 3716 2120 inter-

2102 2166 2352 2232 pretatur
2381 2159 2689 2215 inveterata.
2744 2159 2822 2215 De
2854 2168 3038 2214 vetere
3069 2158 3269 2229 quippe
3297 2157 3454 2224 vita,
3481 2154 3717 2211 carnali-

2102 2250 2205 2307 bus
2248 2252 2496 2308 sensibus
2547 2251 2749 2318 dedita,
2774 2265 3054 2321 corporeae
3080 2249 3394 2321 cogitantur
3419 2247 3715 2318 imagines,

2101 2341 2268 2396 etiam
2296 2357 2420 2397 cum
2476 2341 2682 2411 aliquid
2732 2342 2799 2397 de
2847 2340 3116 2412 spirituali
3163 2347 3219 2396 et
3268 2334 3718 2395 incommutabili

2101 2431 2404 2488 substantia
2427 2433 2739 2490 Divinitatis
2770 2434 3008 2489 auditur.
3032 2432 3276 2504 Suscipit
3301 2440 3362 2486 et
3389 2430 3497 2486 Lia
3521 2431 3591 2486 de
3616 2446 3716 2483 an-

2101 2523 2222 2579 cilla
2261 2539 2359 2580 sua
2395 2524 2619 2591 liberos,
2673 2540 2860 2582 amore
2888 2523 3120 2580 habendi
3151 2522 3571 2578 numerosiores
3596 2534 3721 2590 pro-

2099 2615 2180 2671 les
2233 2631 2484 2672 accensa.
2537 2615 2849 2672 Invenimus
2903 2628 3084 2672 autem
3142 2615 3408 2686 Zelpharn
3455 2613 3718 2670 ancillam

2098 2710 2216 2780 ejus
2258 2710 2608 2780 interpretari
2639 2727 2694 2764 os
2723 2709 2923 2775 dicens,
2949 2717 3283 2779 quapropter
3327 2708 3455 2763 haec
3519 2705 3713 2760 ancilla

2098 2801 2220 2869 illos
2240 2801 2439 2874 ﬁgurat
2460 2817 2691 2874 quorum
2717 2802 2770 2856 in
2800 2801 3191 2873 praedicatione
3216 2799 3342 2854 ﬁdei
3380 2799 3716 2870 evangelica:

2096 2909 2159 2951 os
2203 2903 2344 2964 erat,
2375 2905 2429 2952 et
2458 2912 2553 2952 cor
2592 2911 2698 2952 non
2730 2905 2869 2951 erat.
2921 2897 2998 2951 De
3036 2896 3234 2967 quibus
3273 2896 3554 2966 scriptum
3588 2902 3711 2949 est:

2096 2985 2335 3058 Populus
2386 2989 2469 3043 hic
2525 2988 2680 3043 labiis
2732 3005 2814 3043 me
2859 2989 3109 3055 honorat,
3151 3004 3242 3043 cor
3291 2997 3479 3041 autem
3529 3001 3717 3042 eorum

2095 3078 2249 3152 longe
2289 3089 2367 3135 est
2413 3099 2446 3136 a
2491 3099 2573 3136 me
2628 3081 2764 3154 (Isa.
2804 3083 2978 3154 χχιι).
3039 3082 3118 3138 De
3169 3083 3372 3154 quibus
3413 3081 3718 3153 Apostolus

2094 3169 2228 3228 dicit
2261 3190 2273 3225 :
2315 3170 2420 3237 Qui
2444 3173 2706 3243 prtedicas
2733 3190 2838 3228 non
2868 3174 3156 3243 furandum
3183 3171 3391 3242 furari:
3407 3172 3601 3242 (Rom.
3627 3172 3718 3242 ιι).

378 3262 589 3324 septem
630 3256 753 3314 aliis
799 3262 1110 3334 praeceptis,
1146 3279 1212 3320 ac
1236 3264 1284 3320 si
1311 3264 1366 3320 ei
1392 3265 1642 3320 dicatur:
1667 3264 1827 3321 Servi
1852 3265 1989 3322 alios
2016 3254 2061 3319 C
2095 3262 2508 3331 Verumtamen,
2539 3273 2600 3319 ut
2641 3265 2809 3321 etiam
2843 3281 2942 3336 per
2962 3264 3105 3320 hanc
3128 3261 3506 3320 conditionem
3535 3263 3718 3320 libera

375 3355 588 3416 septem
632 3365 805 3406 annos
829 3368 929 3423 pro
955 3353 1178 3421 Rachel,
1212 3364 1270 3411 ut
1302 3356 1374 3412 sit
1399 3371 1606 3427 pauper
1639 3357 1859 3428 spiritu,
1882 3357 1988 3413 mi-

375 3439 482 3528 tis,
502 3441 715 3516 lugens,
741 3447 990 3504 esuriens
1017 3458 1074 3504 et
1098 3450 1291 3506 sitiens
1315 3449 1612 3520 justitiam,
1645 3451 1983 3520 misericors,

373 3533 567 3589 mundi
600 3536 809 3603 cordis,
847 3539 1127 3608 paciﬁcus.
1182 3541 1359 3598 Vellet
1398 3542 1545 3598 enim
1571 3542 1754 3608 homo,
1789 3542 1835 3598 si
1865 3541 1985 3598 ﬁeri

376 3634 581 3693 posset,
613 3628 731 3684 sine
752 3628 861 3686 ulla
884 3631 1177 3688 tolerantia
1203 3632 1407 3690 laboris
1435 3650 1556 3705 qua:
1577 3634 1633 3690 in
1661 3635 1870 3706 agendo
1887 3650 1985 3705 pa-

378 3715 676 3790 tiendoque
703 3730 788 3778 est
809 3723 1214 3795 amplectenda,
1242 3728 1429 3783 statim
1479 3727 1548 3783 ad
1588 3727 1829 3798 pulchrae
1853 3743 1985 3784 con-

375 3806 748 3878 templationis
777 3813 1001 3870 delicias
1045 3817 1357 3886 pervenire,
1391 3817 1488 3874 sed
1515 3818 1620 3874 hoc
1645 3833 1755 3874 non
1802 3826 1986 3890 potest

372 3899 431 3957 in
463 3908 609 3959 terra
629 3905 999 3964 morientium.
1024 3907 1141 3965 Hoc
1162 3925 1399 3983 namque
1414 3912 1631 3967 videtur
1649 3911 1981 3984 signiﬁcare,

374 3993 520 4062 quod
562 3994 770 4051 dictum
825 4006 910 4054 est
937 3998 1009 4054 ad
1061 3999 1269 4057 Iacob:
1303 4002 1429 4058 Non
1466 4013 1543 4059 est
1589 4005 1751 4059 moris
1781 4006 1838 4059 in
1869 4005 1984 4064 loco

373 4081 472 4136 hoc
503 4092 558 4138 u-t
605 4087 779 4140 minor
825 4089 1087 4144 habeatur
1119 4093 1428 4164 priusquam
1474 4096 1668 4164 major.
1702 4094 1840 4163 Quia
1872 4113 1981 4154 non

372 4171 608 4228 absurde
655 4175 832 4246 major
885 4179 1210 4249 appellatur,
1259 4183 1356 4252 qui
1406 4192 1648 4254 tempore
1677 4186 1831 4255 prior
1875 4195 1979 4243 est.

370 4260 532 4320 Prior
581 4275 664 4323 est
711 4276 892 4324 autem
941 4270 1000 4326 in
1037 4273 1274 4330 hominis
1305 4276 1610 4332 eruditione
1656 4277 1813 4334 labor
1853 4280 1982 4336 boni

373 4358 576 4429 operis,
633 4375 799 4430 quam
854 4365 1074 4435 requies
1131 4369 1627 4440 contemplationis.
1688 4368 1772 4426 Ad
1809 4388 1981 4428 unum

369 4465 504 4521 ergo
524 4455 986 4526 contendendum,
1005 4459 1100 4515 sed
1123 4470 1348 4532 propter
1371 4463 1476 4519 hoc
1498 4464 1668 4519 multa
1695 4464 1980 4521 referenda

371 4550 517 4598 sunt.
548 4541 738 4613 Itaque
768 4549 885 4600 dum
913 4559 1042 4601 sunt
1069 4568 1269 4606 uxores
1317 4554 1484 4611 Jacob
1532 4556 1716 4611 liberae
1743 4599 1757 4616 .
1805 4559 1980 4608 ambae

309 4630 318 4640 ’
369 4635 571 4707 quippe
617 4645 747 4693 sunt
791 4638 919 4694 lilia:
945 4641 1285 4697 remissionis
1333 4651 1706 4712 peccatorum,
1742 4644 1848 4700 hoc
1893 4655 1978 4702 est

369 4726 752 4797 dealbationis,
781 4734 927 4799 quod
944 4741 1030 4788 est
1046 4731 1254 4800 Laban,
1283 4743 1659 4791 verumtamen
1688 4753 1796 4791 una
1825 4752 1976 4793 ama-

370 4825 478 4885 tur,
508 4818 612 4875 alia
647 4821 934 4877 toleratur.
969 4823 1079 4880 Sed
1102 4840 1225 4896 qua:
1259 4826 1544 4896 toleratur,
1582 4829 1698 4901 ipsa
1730 4830 1885 4900 prius
1920 4838 1976 4887 et

367 4909 591 4966 uberius
613 4910 961 4981 fecundatur,
993 4922 1057 4970 ut
1085 4916 1131 4972 si
1151 4932 1259 4972 non
1287 4928 1512 4990 propter
1542 4921 1798 4993 seipsam,
1824 4931 1974 4978 certe

367 5009 592 5072 propter
645 5002 788 5061 ﬁlios
840 5005 1116 5079 diligatur.
1172 5009 1356 5067 Labor
1412 5027 1650 5083 namque
1698 5014 1974 5083 justorum

365 5092 669 5150 maximum
721 5096 962 5153 fructum
1010 5099 1176 5157 habet
1226 5102 1281 5158 in
1329 5103 1409 5158 eis
1457 5119 1595 5174 quos
1648 5120 1818 5175 regno
1874 5104 1972 5162 Dei

367 5194 596 5253 generat
643 5187 786 5244 inter
826 5191 1026 5247 multas
1073 5193 1455 5251 tribulationes
1506 5204 1563 5250 et
1619 5196 1969 5264 tentationes,

366 5275 716 5345 praedicando
741 5280 1094 5355 Evangelium
1113 5285 1184 5340 ad
1224 5299 1320 5341 eos
1352 5285 1446 5354 qui
1470 5292 1596 5342 sunt
1621 5287 1676 5341 in
1700 5286 1974 5344 laboribus

367 5366 752 5442 abundantius,
783 5373 842 5430 in
884 5375 1059 5448 plagis
1094 5391 1262 5447 supra
1305 5378 1561 5445 modum,
1607 5379 1663 5434 in
1705 5380 1972 5438 mortibus

367 5462 587 5542 saepius,
622 5475 849 5539 prOpter
871 5485 1010 5540 quos
1039 5469 1195 5524 habet
1243 5468 1373 5540 foris
1399 5488 1623 5543 pugnas,
1649 5473 1794 5528 intus
1818 5474 1972 5528 timo-

367 5573 472 5626 res,
501 5576 745 5633 quosque
775 5565 1034 5637 gaudium
1056 5574 1113 5622 et
1136 5582 1394 5625 coronam
1421 5585 1574 5625 suam
1609 5580 1828 5627 vocant.
1861 5571 1969 5627 Na-

367 5661 598 5708 scuntur
645 5663 827 5712 autem
857 5657 938 5711 eis
966 5655 1180 5714 facilius
1232 5670 1396 5731 atque
1447 5662 1720 5732 copiosius
1769 5680 1837 5718 ex
1874 5663 1967 5721 illo

367 5757 621 5803 sermone
659 5745 806 5814 ﬁdei,
847 5763 954 5820 quo
978 5751 1279 5822 praedicant
1306 5751 1585 5810 Christum
1618 5757 1959 5813 cruciﬁxum.

369 5829 574 5895 Rachel
619 5844 802 5898 autem
833 5839 982 5903 clara
1011 5853 1238 5920 aspectu
1272 5853 1456 5908 mente
1501 5848 1714 5910 excedit
1741 5848 1876 5918 Deo,
1904 5857 1962 5908 et

2093 3353 2185 3410 illa
2207 3369 2348 3410 uxor
2378 3353 2548 3412 Jacob
2591 3357 2845 3413 laborans
2873 3356 3013 3414 ﬁlios
3038 3357 3284 3413 haeredes
3307 3357 3465 3430 regni
3526 3359 3715 3415 susci-

2088 3445 2224 3517 piat,
2252 3446 2374 3503 ideo
2425 3446 2688 3505 Dominus
2732 3450 2865 3506 dicit
2894 3469 2906 3503 :
2935 3448 3069 3515 Qua:
3121 3449 3304 3503 dicunt
3329 3448 3542 3518 facite;
3593 3466 3714 3521 qua:

2090 3549 2268 3594 autem
2299 3539 2528 3610 faciunt,
2561 3539 2736 3610 facere
2761 3540 2924 3596 nolite
2972 3539 3191 3613 (Matth.
3219 3541 3412 3610 mn).
3444 3538 3616 3596 Unde
3657 3547 3714 3593 et

2087 3627 2427 3700 Apostolus:
2469 3629 2622 3698 Sive,
2668 3631 2880 3703 inquit,
2928 3630 3231 3694 occasione,
3281 3630 3388 3682 sive
3441 3628 3712 3696 veritate,

2089 3718 2331 3776 Christus
2370 3721 2754 3786 annuntietur;
2781 3729 2830 3774 et
2866 3721 2924 3774 in
2952 3721 3048 3774 hoc
3083 3718 3321 3790 gaudeo,
3355 3718 3450 3773 sed
3475 3728 3533 3773 et
3566 3737 3711 3790 gau-

2088 3810 2217 3867 debo
2266 3809 2492 3885 (Philip.
2545 3811 2618 3885 1);
2675 3819 2938 3882 tanquam
2979 3817 3035 3866 et
3079 3809 3279 3867 ancilla
3325 3811 3610 3882 pariente,
3641 3811 3713 3868 de

2086 3905 2240 3976 prole
2289 3905 2670 3962 numerosiore
2721 3904 2957 3960 laetatur.
2998 3894 3099 3961 Est
3140 3919 3272 3960 vero
3301 3905 3529 3976 quidam
3593 3903 3713 3975 1ρε

2087 4001 2230 4056 fetus
2276 4016 2344 4057 ex
2396 3999 2662 4056 beneﬁcio
2689 3999 2896 4056 Rachel
2923 3999 3120 4065 editus,
3165 4015 3288 4055 cum
3318 3998 3496 4052 virum
3533 4013 3710 4053 suum

2087 4108 2273 4148 secum
2329 4093 2515 4148 debita
2562 4101 2721 4148 nocte
2769 4092 3213 4157 concubiturum,
3249 4091 3486 4160 acceptis
3514 4105 3552 4143 a
3590 4087 3713 4144 ﬁlio

2087 4181 2199 4237 Lia:
2253 4182 2690 4254 mandragoricis
2743 4182 2922 4248 malis,
2953 4197 3078 4236 cum
3127 4194 3318 4236 sorore
3341 4181 3551 4242 cubare
3575 4195 3714 4250 per-

2085 4277 2273 4332 mittit.
2320 4277 2463 4346 Quid
2513 4277 2659 4332 enim
2713 4277 2780 4333 de
2823 4276 3186 4347 mandragora
3233 4273 3526 4330 dicendum
3584 4272 3715 4328 est?

2085 4369 2320 4426 Proinde
2365 4387 2481 4426 rem
2531 4371 2771 4442 comperi
2816 4370 3103 4442 pulchram
3131 4378 3188 4424 et
3231 4382 3398 4424 suave
3425 4365 3709 4432 olentem,

2087 4479 2285 4534 sapore
2307 4471 2489 4518 autem
2538 4463 2808 4534 insipido;
2839 4473 2894 4513 et
2918 4463 3039 4514 ideo
3061 4462 3119 4514 in
3148 4457 3239 4513 illo
3267 4458 3673 4529 mandragorlc

2083 4571 2247 4618 pomo
2273 4556 2499 4619 ﬁgurari
2544 4550 2845 4622 intelligam
2877 4550 3079 4606 famam
3104 4551 3304 4607 bonam
3344 4551 3705 4622 popularem.

2001 4615 2057 4676 Β
2084 4615 2240 4698 llnde
2286 4615 2420 4697 dicit
2467 4615 2762 4712 Apostolus
2807 4662 2819 4698 :
2865 4643 3082 4714 Oportet
3125 4646 3284 4700 etiam
3330 4615 3704 4700 testimonia.

2079 4734 2270 4788 habere
2298 4733 2490 4788 bonum
2520 4735 2584 4788 ab
2627 4736 2702 4790 eis
2745 4737 2836 4807 qui
2883 4737 3012 4806 foris
3041 4748 3163 4792 sunt
3192 4737 3246 4807 (Ι
3276 4735 3409 4790 Tim.
3438 4735 3565 4806 In);
3603 4740 3709 4808 qui

2079 4824 2207 4880 licet
2254 4840 2449 4895 parum
2475 4827 2717 4897 sapiant,
2743 4828 2974 4882 reddunt
3017 4837 3198 4881 tamen
3249 4825 3580 4898 plerumque
3615 4828 3706 4882 la-

2079 4917 2196 4973 bori
2218 4932 2408 4974 eorum
2434 4933 2532 4988 per
2556 4933 2694 4988 quos
2725 4919 2830 4975 sibi
2872 4918 3192 4985 consulitur,
3227 4927 3284 4975 et
3332 4918 3708 4988 splendorem

2078 5011 2286 5081 laudis,
2318 5023 2375 5069 et
2402 5015 2626 5071 odorem
2683 5015 2838 5070 bonae
2889 5015 3179 5086 opinionis.
3236 5012 3350 5070 Nec
3400 5014 3472 5069 ad
3521 5012 3706 5070 istam

2073 5106 2300 5179 gloriam
2330 5109 2646 5180 popularem
2673 5109 2837 5179 primi
2857 5109 3186 5180 perveniunt
3215 5121 3402 5163 eorum
3433 5106 3527 5175 qui
3556 5117 3706 5163 sunt

2074 5198 2130 5254 in
2153 5198 2416 5267 Ecclesia,
2444 5201 2549 5256 nisi
2578 5201 2888 5271 quicunque
2921 5200 2978 5253 in
3018 5197 3295 5253 actionum
3338 5195 3612 5267 periculis
3640 5207 3705 5253 et

2072 5290 2262 5349 labore
2287 5301 2598 5349 versantur.
2625 5293 2922 5364 Propterea
2943 5291 3058 5347 Lia:
3081 5290 3226 5347 ﬁlius
3252 5289 3393 5346 mala
3414 5291 3699 5346 mandra-

2074 5386 2260 5457 gorica
2287 5385 2494 5442 invenit
2532 5385 2720 5441 exiens
2744 5384 2799 5439 in
2828 5399 3039 5457 agrum,
3074 5383 3128 5440 id
3162 5389 3270 5449 est,
3297 5382 3530 5438 honeste
3553 5395 3699 5437 a-

2075 5477 2271 5535 bulans
2316 5479 2384 5534 ad
2423 5493 2518 5535 eos
2571 5478 2666 5548 qui
2703 5476 2837 5535 foris
2886 5483 3033 5532 sunt.
3094 5473 3354 5531 Doctrina
3399 5487 3535 5531 vero
3590 5473 3700 5532 illa

2077 5573 2358 5642 sapientiae
2405 5587 2528 5641 quae
2596 5587 2630 5625 a
2673 5571 2821 5642 vulgi
2876 5572 3106 5644 strepitu
3163 5571 3567 5636 remotissima,
3627 5573 3699 5629 ἂι

2076 5663 2531 5732 contemplatione
2559 5663 2809 5718 veritatis
2851 5663 2993 5719 dulci
3018 5664 3375 5721 delectatione
3395 5664 3697 5736 deﬁgitur,

2074 5755 2217 5810 hanc
2241 5754 2555 5826 popularem
2584 5753 2813 5826 gloriam
2858 5756 3394 5829 quantulumcunque
3426 5774 3537 5813 non
3588 5772 3699 5814 as-

2072 5854 2411 5917 sequeretur,
2435 5846 2540 5904 nisi
2567 5860 2668 5919 per
2691 5862 2785 5907 eos
2811 5848 2905 5919 qui
2929 5849 2984 5907 in
3005 5851 3198 5910 mediis
3226 5853 3400 5910 turbis
3420 5893 3434 5914 .
3460 5850 3695 5924 agend‘

3346 6409 3369 6413 Α
3469 6409 3508 6416 -
3576 6411 3620 6418 ---
3702 6415 3723 6419 η
3816 6417 3852 6424 ἡ,
