  <div class='ocr_page' id='page_1' title='image "/cluster/home/n/w/nwhite01/storage/ocr_20150623/107/hvd.32044015466832/306.png"; bbox 0 0 3946 6490; ppageno 0'>
   <div class='ocr_carea' id='block_1_1' title="bbox 266 456 368 519">
    <p class='ocr_par' dir='ltr' id='par_1_1' title="bbox 266 456 368 519">
     <span class='ocr_line' id='line_1_1' title="bbox 266 456 368 519; baseline 0 0"><span class='ocrx_word' id='word_1_1' title='bbox 266 456 368 519; x_wconf 76' lang='grc'><strong>601</strong></span> 
     </span>
    </p>
   </div>
   <div class='ocr_carea' id='block_1_2' title="bbox 1275 462 2481 524">
    <p class='ocr_par' dir='ltr' id='par_1_2' title="bbox 1275 462 2481 524">
     <span class='ocr_line' id='line_1_2' title="bbox 1275 462 2481 524; baseline 0.001 -2"><span class='ocrx_word' id='word_1_2' title='bbox 1275 462 1631 523; x_wconf 82' lang='lat' dir='ltr'><strong>COMMENT.</strong></span> <span class='ocrx_word' id='word_1_3' title='bbox 1672 464 1741 524; x_wconf 85' lang='lat' dir='ltr'><strong>IN</strong></span> <span class='ocrx_word' id='word_1_4' title='bbox 1777 464 2100 524; x_wconf 84' lang='lat' dir='ltr'><strong>GENESIM.</strong></span> <span class='ocrx_word' id='word_1_5' title='bbox 2140 497 2210 509; x_wconf 98' lang='lat'><strong>—</strong></span> <span class='ocrx_word' id='word_1_6' title='bbox 2244 466 2373 524; x_wconf 87' lang='lat' dir='ltr'><strong>LIB.</strong></span> <span class='ocrx_word' id='word_1_7' title='bbox 2409 464 2481 523; x_wconf 82' lang='lat' dir='ltr'><strong>Ill</strong></span> 
     </span>
    </p>
   </div>
   <div class='ocr_carea' id='block_1_3' title="bbox 3412 469 3521 532">
    <p class='ocr_par' dir='ltr' id='par_1_3' title="bbox 3412 469 3521 532">
     <span class='ocr_line' id='line_1_3' title="bbox 3412 469 3521 532; baseline 0 0"><span class='ocrx_word' id='word_1_8' title='bbox 3412 469 3521 532; x_wconf 71' lang='lat'><strong>602</strong></span> 
     </span>
    </p>
   </div>
   <div class='ocr_carea' id='block_1_4' title="bbox 266 566 3524 654">
    <p class='ocr_par' dir='ltr' id='par_1_4' title="bbox 266 566 3524 654">
     <span class='ocr_line' id='line_1_4' title="bbox 266 566 3524 654; baseline 0.004 -23"><span class='ocrx_word' id='word_1_9' title='bbox 266 591 333 632; x_wconf 88' lang='lat' dir='ltr'><strong>ac</strong></span> <span class='ocrx_word' id='word_1_10' title='bbox 353 574 653 642; x_wconf 73' lang='lat' dir='ltr'><strong>suadendo,</strong></span> <span class='ocrx_word' id='word_1_11' title='bbox 673 576 887 648; x_wconf 82' lang='lat' dir='ltr'><strong>populis</strong></span> <span class='ocrx_word' id='word_1_12' title='bbox 909 586 1176 650; x_wconf 74' lang='lat' dir='ltr'><strong>praesunt,</strong></span> <span class='ocrx_word' id='word_1_13' title='bbox 1203 580 1328 649; x_wconf 82' lang='lat' dir='ltr'><strong>quia</strong></span> <span class='ocrx_word' id='word_1_14' title='bbox 1355 581 1480 635; x_wconf 88' lang='lat' dir='ltr'><strong>dum</strong></span> <span class='ocrx_word' id='word_1_15' title='bbox 1509 580 1596 637; x_wconf 90' lang='lat' dir='ltr'><strong>isti</strong></span> <span class='ocrx_word' id='word_1_16' title='bbox 1628 581 1833 636; x_wconf 89' lang='lat' dir='ltr'><strong>actuosi</strong></span> <span class='ocrx_word' id='word_1_17' title='bbox 1866 596 1917 654; x_wconf 78' lang='grc' dir='ltr'>Α</span> <span class='ocrx_word' id='word_1_18' title='bbox 1940 586 2100 635; x_wconf 90' lang='lat' dir='ltr'><strong>nocte</strong></span> <span class='ocrx_word' id='word_1_19' title='bbox 2140 579 2299 650; x_wconf 84' lang='lat' dir='ltr'><strong>hujus</strong></span> <span class='ocrx_word' id='word_1_20' title='bbox 2347 579 2524 636; x_wconf 67' lang='lat' dir='ltr'><strong>saeculi</strong></span> <span class='ocrx_word' id='word_1_21' title='bbox 2572 566 2710 636; x_wconf 84' lang='lat' dir='ltr'><strong>filios</strong></span> <span class='ocrx_word' id='word_1_22' title='bbox 2765 568 3023 653; x_wconf 82' lang='lat' dir='ltr'><strong>generem</strong></span> <span class='ocrx_word' id='word_1_23' title='bbox 3058 578 3221 652; x_wconf 83' lang='lat' dir='ltr'><strong>ﬁdei,</strong></span> <span class='ocrx_word' id='word_1_24' title='bbox 3269 583 3524 644; x_wconf 77' lang='lat' dir='ltr'><strong>laudatur</strong></span> 
     </span>
    </p>
   </div>
   <div class='ocr_carea' id='block_1_5' title="bbox 264 670 1849 742">
    <p class='ocr_par' dir='ltr' id='par_1_5' title="bbox 264 670 1849 742">
     <span class='ocr_line' id='line_1_5' title="bbox 264 670 1849 742; baseline -0.001 -16"><span class='ocrx_word' id='word_1_25' title='bbox 264 678 324 726; x_wconf 87' lang='lat' dir='ltr'><strong>et</strong></span> <span class='ocrx_word' id='word_1_26' title='bbox 364 670 631 742; x_wconf 72' lang='lat' dir='ltr'><strong>negotiosi</strong></span> <span class='ocrx_word' id='word_1_27' title='bbox 674 670 939 737; x_wconf 82' lang='lat' dir='ltr'><strong>homines,</strong></span> <span class='ocrx_word' id='word_1_28' title='bbox 967 686 1065 741; x_wconf 87' lang='lat' dir='ltr'><strong>per</strong></span> <span class='ocrx_word' id='word_1_29' title='bbox 1096 688 1232 742; x_wconf 90' lang='lat' dir='ltr'><strong>quos</strong></span> <span class='ocrx_word' id='word_1_30' title='bbox 1272 672 1631 728; x_wconf 76' lang='lat' dir='ltr'><strong>multitudinis</strong></span> <span class='ocrx_word' id='word_1_31' title='bbox 1678 671 1849 726; x_wconf 83' lang='lat' dir='ltr'><strong>admi-</strong></span> 
     </span>
    </p>
   </div>
   <div class='ocr_carea' id='block_1_6' title="bbox 264 761 1847 835">
    <p class='ocr_par' dir='ltr' id='par_1_6' title="bbox 264 761 1847 835">
     <span class='ocr_line' id='line_1_6' title="bbox 264 761 1847 835; baseline 0.001 -18"><span class='ocrx_word' id='word_1_32' title='bbox 264 762 534 818; x_wconf 80' lang='lat' dir='ltr'><strong>nistratur</strong></span> <span class='ocrx_word' id='word_1_33' title='bbox 555 761 760 818; x_wconf 83' lang='lat' dir='ltr'><strong>utilitas</strong></span> <span class='ocrx_word' id='word_1_34' title='bbox 776 804 791 828; x_wconf 89' lang='lat'><strong>,</strong></span> <span class='ocrx_word' id='word_1_35' title='bbox 816 772 872 818; x_wconf 89' lang='lat' dir='ltr'><strong>et</strong></span> <span class='ocrx_word' id='word_1_36' title='bbox 891 779 1117 835; x_wconf 89' lang='lat' dir='ltr'><strong>quorum</strong></span> <span class='ocrx_word' id='word_1_37' title='bbox 1143 764 1437 819; x_wconf 84' lang='lat' dir='ltr'><strong>auctoritas</strong></span> <span class='ocrx_word' id='word_1_38' title='bbox 1454 763 1662 835; x_wconf 86' lang='lat' dir='ltr'><strong>populis</strong></span> <span class='ocrx_word' id='word_1_39' title='bbox 1683 764 1847 818; x_wconf 89' lang='lat' dir='ltr'><strong>chara</strong></span> 
     </span>
    </p>
   </div>
   <div class='ocr_carea' id='block_1_7' title="bbox 264 852 1846 924">
    <p class='ocr_par' dir='ltr' id='par_1_7' title="bbox 264 852 1846 924">
     <span class='ocr_line' id='line_1_7' title="bbox 264 852 1846 924; baseline -0.001 -16"><span class='ocrx_word' id='word_1_40' title='bbox 264 853 744 918; x_wconf 88' lang='lat' dir='ltr'><strong>est,testimonium</strong></span> <span class='ocrx_word' id='word_1_41' title='bbox 760 854 1046 923; x_wconf 82' lang='lat' dir='ltr'><strong>perhibent</strong></span> <span class='ocrx_word' id='word_1_42' title='bbox 1058 855 1219 909; x_wconf 90' lang='lat' dir='ltr'><strong>etiam</strong></span> <span class='ocrx_word' id='word_1_43' title='bbox 1232 855 1280 908; x_wconf 91' lang='lat' dir='ltr'><strong>vi</strong></span> <span class='ocrx_word' id='word_1_44' title='bbox 1290 863 1355 908; x_wconf 65' lang='lat' dir='ltr'><strong>tae</strong></span> <span class='ocrx_word' id='word_1_45' title='bbox 1377 862 1599 924; x_wconf 84' lang='lat' dir='ltr'><strong>propter</strong></span> <span class='ocrx_word' id='word_1_46' title='bbox 1610 852 1846 910; x_wconf 90' lang='lat' dir='ltr'><strong>studium</strong></span> 
     </span>
    </p>
   </div>
   <div class='ocr_carea' id='block_1_8' title="bbox 268 947 1847 1017">
    <p class='ocr_par' dir='ltr' id='par_1_8' title="bbox 268 947 1847 1017">
     <span class='ocr_line' id='line_1_8' title="bbox 268 947 1847 1017; baseline -0.001 -14"><span class='ocrx_word' id='word_1_47' title='bbox 268 947 647 1017; x_wconf 60' lang='lat' dir='ltr'><strong>conquirenda:</strong></span> <span class='ocrx_word' id='word_1_48' title='bbox 668 955 722 1002; x_wconf 91' lang='lat' dir='ltr'><strong>et</strong></span> <span class='ocrx_word' id='word_1_49' title='bbox 748 947 1171 1017; x_wconf 56' lang='lat' dir='ltr'><strong>contemplanda</strong></span> <span class='ocrx_word' id='word_1_50' title='bbox 1207 947 1476 1013; x_wconf 75' lang='lat' dir='ltr'><strong>veritatis,</strong></span> <span class='ocrx_word' id='word_1_51' title='bbox 1513 947 1685 1002; x_wconf 89' lang='lat' dir='ltr'><strong>otiose</strong></span> <span class='ocrx_word' id='word_1_52' title='bbox 1714 961 1847 1017; x_wconf 91' lang='lat' dir='ltr'><strong>quo-</strong></span> 
     </span>
    </p>
   </div>
   <div class='ocr_carea' id='block_1_9' title="bbox 268 1035 1847 1110">
    <p class='ocr_par' dir='ltr' id='par_1_9' title="bbox 268 1035 1847 1110">
     <span class='ocr_line' id='line_1_9' title="bbox 268 1035 1847 1110; baseline -0.003 -15"><span class='ocrx_word' id='word_1_53' title='bbox 268 1038 558 1096; x_wconf 88' lang='lat' dir='ltr'><strong>dammodo</strong></span> <span class='ocrx_word' id='word_1_54' title='bbox 612 1038 753 1094; x_wconf 89' lang='lat' dir='ltr'><strong>mala</strong></span> <span class='ocrx_word' id='word_1_55' title='bbox 781 1040 1186 1110; x_wconf 88' lang='lat' dir='ltr'><strong>mandragorica</strong></span> <span class='ocrx_word' id='word_1_56' title='bbox 1215 1055 1313 1110; x_wconf 92' lang='lat' dir='ltr'><strong>per</strong></span> <span class='ocrx_word' id='word_1_57' title='bbox 1340 1039 1493 1093; x_wconf 89' lang='lat' dir='ltr'><strong>Liam</strong></span> <span class='ocrx_word' id='word_1_58' title='bbox 1532 1039 1754 1093; x_wconf 89' lang='lat' dir='ltr'><strong>veniunt</strong></span> <span class='ocrx_word' id='word_1_59' title='bbox 1779 1035 1847 1092; x_wconf 89' lang='lat' dir='ltr'><strong>ad</strong></span> 
     </span>
    </p>
   </div>
   <div class='ocr_carea' id='block_1_10' title="bbox 268 1128 1849 1203">
    <p class='ocr_par' dir='ltr' id='par_1_10' title="bbox 268 1128 1849 1203">
     <span class='ocr_line' id='line_1_10' title="bbox 268 1128 1849 1203; baseline -0.003 -15"><span class='ocrx_word' id='word_1_60' title='bbox 268 1132 492 1199; x_wconf 80' lang='lat' dir='ltr'><strong>Rachel,</strong></span> <span class='ocrx_word' id='word_1_61' title='bbox 524 1132 592 1189; x_wconf 89' lang='lat' dir='ltr'><strong>ad</strong></span> <span class='ocrx_word' id='word_1_62' title='bbox 616 1132 788 1202; x_wconf 85' lang='lat' dir='ltr'><strong>ipsam</strong></span> <span class='ocrx_word' id='word_1_63' title='bbox 826 1147 957 1187; x_wconf 91' lang='lat' dir='ltr'><strong>vero</strong></span> <span class='ocrx_word' id='word_1_64' title='bbox 999 1132 1154 1187; x_wconf 88' lang='lat' dir='ltr'><strong>Liam</strong></span> <span class='ocrx_word' id='word_1_65' title='bbox 1195 1147 1293 1203; x_wconf 88' lang='lat' dir='ltr'><strong>per</strong></span> <span class='ocrx_word' id='word_1_66' title='bbox 1322 1131 1494 1186; x_wconf 81' lang='lat' dir='ltr'><strong>lilium</strong></span> <span class='ocrx_word' id='word_1_67' title='bbox 1517 1128 1849 1201; x_wconf 89' lang='lat' dir='ltr'><strong>primogeni-</strong></span> 
     </span>
    </p>
   </div>
   <div class='ocr_carea' id='block_1_11' title="bbox 274 1225 1847 1295">
    <p class='ocr_par' dir='ltr' id='par_1_11' title="bbox 274 1225 1847 1295">
     <span class='ocr_line' id='line_1_11' title="bbox 274 1225 1847 1295; baseline -0.001 -14"><span class='ocrx_word' id='word_1_68' title='bbox 274 1233 411 1292; x_wconf 88' lang='lat' dir='ltr'><strong>tum,</strong></span> <span class='ocrx_word' id='word_1_69' title='bbox 438 1225 492 1280; x_wconf 90' lang='lat' dir='ltr'><strong>id</strong></span> <span class='ocrx_word' id='word_1_70' title='bbox 519 1234 626 1291; x_wconf 91' lang='lat' dir='ltr'><strong>est,</strong></span> <span class='ocrx_word' id='word_1_71' title='bbox 652 1240 748 1295; x_wconf 88' lang='lat' dir='ltr'><strong>per</strong></span> <span class='ocrx_word' id='word_1_72' title='bbox 795 1226 1057 1281; x_wconf 86' lang='lat' dir='ltr'><strong>honorem</strong></span> <span class='ocrx_word' id='word_1_73' title='bbox 1094 1225 1437 1281; x_wconf 81' lang='lat' dir='ltr'><strong>fecunditatis</strong></span> <span class='ocrx_word' id='word_1_74' title='bbox 1481 1226 1614 1295; x_wconf 86' lang='lat' dir='ltr'><strong>ejus,</strong></span> <span class='ocrx_word' id='word_1_75' title='bbox 1648 1226 1703 1280; x_wconf 90' lang='lat' dir='ltr'><strong>in</strong></span> <span class='ocrx_word' id='word_1_76' title='bbox 1741 1240 1847 1295; x_wconf 90' lang='lat' dir='ltr'><strong>quo</strong></span> 
     </span>
    </p>
   </div>
   <div class='ocr_carea' id='block_1_12' title="bbox 267 1316 1848 1389">
    <p class='ocr_par' dir='ltr' id='par_1_12' title="bbox 267 1316 1848 1389">
     <span class='ocr_line' id='line_1_12' title="bbox 267 1316 1848 1389; baseline -0.003 -13"><span class='ocrx_word' id='word_1_77' title='bbox 267 1328 353 1376; x_wconf 90' lang='lat' dir='ltr'><strong>est</strong></span> <span class='ocrx_word' id='word_1_78' title='bbox 380 1319 557 1374; x_wconf 90' lang='lat' dir='ltr'><strong>omnis</strong></span> <span class='ocrx_word' id='word_1_79' title='bbox 598 1318 806 1374; x_wconf 89' lang='lat' dir='ltr'><strong>fructus</strong></span> <span class='ocrx_word' id='word_1_80' title='bbox 858 1318 1139 1376; x_wconf 81' lang='lat' dir='ltr'><strong>laboriosae</strong></span> <span class='ocrx_word' id='word_1_81' title='bbox 1189 1330 1350 1389; x_wconf 89' lang='lat' dir='ltr'><strong>atque</strong></span> <span class='ocrx_word' id='word_1_82' title='bbox 1380 1319 1524 1373; x_wconf 91' lang='lat' dir='ltr'><strong>inter</strong></span> <span class='ocrx_word' id='word_1_83' title='bbox 1548 1316 1848 1373; x_wconf 87' lang='lat' dir='ltr'><strong>certamina</strong></span> 
     </span>
    </p>
   </div>
   <div class='ocr_carea' id='block_1_13' title="bbox 269 1409 1849 1481">
    <p class='ocr_par' dir='ltr' id='par_1_13' title="bbox 269 1409 1849 1481">
     <span class='ocr_line' id='line_1_13' title="bbox 269 1409 1849 1481; baseline -0.001 -15"><span class='ocrx_word' id='word_1_84' title='bbox 269 1410 628 1466; x_wconf 88' lang='lat' dir='ltr'><strong>tentationum</strong></span> <span class='ocrx_word' id='word_1_85' title='bbox 681 1410 1041 1481; x_wconf 89' lang='lat' dir='ltr'><strong>periclitantis</strong></span> <span class='ocrx_word' id='word_1_86' title='bbox 1089 1411 1350 1475; x_wconf 88' lang='lat' dir='ltr'><strong>actionis,</strong></span> <span class='ocrx_word' id='word_1_87' title='bbox 1393 1425 1555 1480; x_wconf 87' lang='lat' dir='ltr'><strong>quam</strong></span> <span class='ocrx_word' id='word_1_88' title='bbox 1603 1409 1849 1480; x_wconf 81' lang='lat' dir='ltr'><strong>plerique</strong></span> 
     </span>
    </p>
   </div>
   <div class='ocr_carea' id='block_1_14' title="bbox 228 1502 1848 1574">
    <p class='ocr_par' dir='ltr' id='par_1_14' title="bbox 228 1502 1848 1574">
     <span class='ocr_line' id='line_1_14' title="bbox 228 1502 1848 1574; baseline -0.002 -15"><span class='ocrx_word' id='word_1_89' title='bbox 228 1520 237 1525; x_wconf 69' lang='lat'><strong>‘</strong></span> <span class='ocrx_word' id='word_1_90' title='bbox 266 1502 411 1560; x_wconf 91' lang='lat' dir='ltr'><strong>bono</strong></span> <span class='ocrx_word' id='word_1_91' title='bbox 452 1502 669 1573; x_wconf 87' lang='lat' dir='ltr'><strong>ingenio</strong></span> <span class='ocrx_word' id='word_1_92' title='bbox 719 1502 927 1573; x_wconf 58' lang='lat' dir='ltr'><strong>praediti</strong></span> <span class='ocrx_word' id='word_1_93' title='bbox 956 1503 1239 1574; x_wconf 90' lang='lat' dir='ltr'><strong>studioque</strong></span> <span class='ocrx_word' id='word_1_94' title='bbox 1263 1502 1575 1574; x_wconf 86' lang='lat' dir='ltr'><strong>ﬂagrantes,</strong></span> <span class='ocrx_word' id='word_1_95' title='bbox 1600 1503 1848 1572; x_wconf 88' lang='lat' dir='ltr'><strong>quamvis</strong></span> 
     </span>
    </p>
   </div>
   <div class='ocr_carea' id='block_1_15' title="bbox 269 1581 1851 1665">
    <p class='ocr_par' dir='ltr' id='par_1_15' title="bbox 269 1581 1851 1665">
     <span class='ocr_line' id='line_1_15' title="bbox 269 1581 1851 1665; baseline -0.001 -18"><span class='ocrx_word' id='word_1_96' title='bbox 269 1581 448 1649; x_wconf 75' lang='lat' dir='ltr'><strong>idonei</strong></span> <span class='ocrx_word' id='word_1_97' title='bbox 496 1593 749 1665; x_wconf 88' lang='lat' dir='ltr'><strong>regendis</strong></span> <span class='ocrx_word' id='word_1_98' title='bbox 786 1593 997 1663; x_wconf 91' lang='lat' dir='ltr'><strong>p0pulis</strong></span> <span class='ocrx_word' id='word_1_99' title='bbox 1027 1608 1146 1648; x_wconf 87' lang='lat' dir='ltr'><strong>esse</strong></span> <span class='ocrx_word' id='word_1_100' title='bbox 1174 1594 1406 1663; x_wconf 89' lang='lat' dir='ltr'><strong>possint,</strong></span> <span class='ocrx_word' id='word_1_101' title='bbox 1438 1600 1617 1648; x_wconf 88' lang='lat' dir='ltr'><strong>tamen</strong></span> <span class='ocrx_word' id='word_1_102' title='bbox 1643 1593 1851 1647; x_wconf 81' lang='lat' dir='ltr'><strong>evitant</strong></span> 
     </span>
    </p>
   </div>
   <div class='ocr_carea' id='block_1_16' title="bbox 266 1681 1849 1754">
    <p class='ocr_par' dir='ltr' id='par_1_16' title="bbox 266 1681 1849 1754">
     <span class='ocr_line' id='line_1_16' title="bbox 266 1681 1849 1754; baseline -0.003 -15"><span class='ocrx_word' id='word_1_103' title='bbox 266 1691 489 1754; x_wconf 86' lang='lat' dir='ltr'><strong>propter</strong></span> <span class='ocrx_word' id='word_1_104' title='bbox 544 1681 881 1737; x_wconf 90' lang='lat' dir='ltr'><strong>turbulentas</strong></span> <span class='ocrx_word' id='word_1_105' title='bbox 933 1681 1337 1751; x_wconf 88' lang='lat' dir='ltr'><strong>occupationes,</strong></span> <span class='ocrx_word' id='word_1_106' title='bbox 1380 1690 1435 1737; x_wconf 90' lang='lat' dir='ltr'><strong>et</strong></span> <span class='ocrx_word' id='word_1_107' title='bbox 1482 1682 1537 1735; x_wconf 93' lang='lat' dir='ltr'><strong>in</strong></span> <span class='ocrx_word' id='word_1_108' title='bbox 1590 1681 1849 1736; x_wconf 83' lang='lat' dir='ltr'><strong>doctrinae</strong></span> 
     </span>
    </p>
   </div>
   <div class='ocr_carea' id='block_1_17' title="bbox 264 1770 1849 1845">
    <p class='ocr_par' dir='ltr' id='par_1_17' title="bbox 264 1770 1849 1845">
     <span class='ocr_line' id='line_1_17' title="bbox 264 1770 1849 1845; baseline -0.004 -13"><span class='ocrx_word' id='word_1_109' title='bbox 264 1777 438 1833; x_wconf 93' lang='lat' dir='ltr'><strong>otium</strong></span> <span class='ocrx_word' id='word_1_110' title='bbox 492 1782 608 1830; x_wconf 92' lang='lat' dir='ltr'><strong>toto</strong></span> <span class='ocrx_word' id='word_1_111' title='bbox 653 1783 901 1845; x_wconf 86' lang='lat' dir='ltr'><strong>pectore,</strong></span> <span class='ocrx_word' id='word_1_112' title='bbox 937 1781 1195 1844; x_wconf 89' lang='lat' dir='ltr'><strong>tanquam</strong></span> <span class='ocrx_word' id='word_1_113' title='bbox 1238 1773 1294 1827; x_wconf 91' lang='lat' dir='ltr'><strong>in</strong></span> <span class='ocrx_word' id='word_1_114' title='bbox 1335 1773 1593 1843; x_wconf 78' lang='lat' dir='ltr'><strong>speciosae</strong></span> <span class='ocrx_word' id='word_1_115' title='bbox 1646 1770 1849 1827; x_wconf 81' lang='lat' dir='ltr'><strong>Rachel</strong></span> 
     </span>
    </p>
   </div>
   <div class='ocr_carea' id='block_1_18' title="bbox 216 1865 1849 1937">
    <p class='ocr_par' dir='ltr' id='par_1_18' title="bbox 216 1865 1849 1937">
     <span class='ocr_line' id='line_1_18' title="bbox 216 1865 1849 1937; baseline -0.001 -16"><span class='ocrx_word' id='word_1_116' title='bbox 216 1872 223 1877; x_wconf 85' lang='lat'><em>‘</em></span> <span class='ocrx_word' id='word_1_117' title='bbox 264 1866 517 1923; x_wconf 80' lang='lat' dir='ltr'><strong>feruntur</strong></span> <span class='ocrx_word' id='word_1_118' title='bbox 543 1865 839 1937; x_wconf 83' lang='lat' dir='ltr'><strong>amplexus.</strong></span> <span class='ocrx_word' id='word_1_119' title='bbox 863 1865 930 1920; x_wconf 86' lang='lat' dir='ltr'><strong>Et</strong></span> <span class='ocrx_word' id='word_1_120' title='bbox 949 1865 1075 1935; x_wconf 88' lang='lat' dir='ltr'><strong>quia</strong></span> <span class='ocrx_word' id='word_1_121' title='bbox 1103 1865 1304 1920; x_wconf 90' lang='lat' dir='ltr'><strong>bonum</strong></span> <span class='ocrx_word' id='word_1_122' title='bbox 1332 1875 1418 1920; x_wconf 88' lang='lat' dir='ltr'><strong>est</strong></span> <span class='ocrx_word' id='word_1_123' title='bbox 1444 1873 1503 1919; x_wconf 92' lang='lat' dir='ltr'><strong>ut</strong></span> <span class='ocrx_word' id='word_1_124' title='bbox 1529 1865 1692 1919; x_wconf 90' lang='lat' dir='ltr'><strong>etiam</strong></span> <span class='ocrx_word' id='word_1_125' title='bbox 1732 1865 1849 1919; x_wconf 63' lang='lat' dir='ltr'><strong>haec</strong></span> 
     </span>
    </p>
   </div>
   <div class='ocr_carea' id='block_1_19' title="bbox 1945 670 3520 749">
    <p class='ocr_par' dir='ltr' id='par_1_19' title="bbox 1945 670 3520 749">
     <span class='ocr_line' id='line_1_19' title="bbox 1945 670 3520 749; baseline 0.005 -23"><span class='ocrx_word' id='word_1_126' title='bbox 1945 670 2109 726; x_wconf 91' lang='lat' dir='ltr'><strong>etiam</strong></span> <span class='ocrx_word' id='word_1_127' title='bbox 2138 686 2169 726; x_wconf 91' lang='lat' dir='ltr'><strong>a</strong></span> <span class='ocrx_word' id='word_1_128' title='bbox 2197 671 2403 741; x_wconf 86' lang='lat' dir='ltr'><strong>populis</strong></span> <span class='ocrx_word' id='word_1_129' title='bbox 2429 672 2518 727; x_wconf 81' lang='lat' dir='ltr'><strong>illa</strong></span> <span class='ocrx_word' id='word_1_130' title='bbox 2541 673 2673 739; x_wconf 90' lang='lat' dir='ltr'><strong>vita,</strong></span> <span class='ocrx_word' id='word_1_131' title='bbox 2701 673 2854 742; x_wconf 89' lang='lat' dir='ltr'><strong>cujus</strong></span> <span class='ocrx_word' id='word_1_132' title='bbox 2879 690 3062 730; x_wconf 89' lang='lat' dir='ltr'><strong>amore</strong></span> <span class='ocrx_word' id='word_1_133' title='bbox 3082 679 3345 743; x_wconf 86' lang='lat' dir='ltr'><strong>conversi,</strong></span> <span class='ocrx_word' id='word_1_134' title='bbox 3370 693 3520 749; x_wconf 85' lang='lat' dir='ltr'><strong>spem</strong></span> 
     </span>
    </p>
   </div>
   <div class='ocr_carea' id='block_1_20' title="bbox 1946 763 3525 837">
    <p class='ocr_par' dir='ltr' id='par_1_20' title="bbox 1946 763 3525 837">
     <span class='ocr_line' id='line_1_20' title="bbox 1946 763 3525 837; baseline 0.006 -19"><span class='ocrx_word' id='word_1_135' title='bbox 1946 763 2129 818; x_wconf 69' lang='lat' dir='ltr'><strong>sreculi</strong></span> <span class='ocrx_word' id='word_1_136' title='bbox 2154 763 2505 833; x_wconf 88' lang='lat' dir='ltr'><strong>reliquerunt,</strong></span> <span class='ocrx_word' id='word_1_137' title='bbox 2530 772 2585 819; x_wconf 92' lang='lat' dir='ltr'><strong>et</strong></span> <span class='ocrx_word' id='word_1_138' title='bbox 2611 780 2679 820; x_wconf 85' lang='lat' dir='ltr'><strong>ex</strong></span> <span class='ocrx_word' id='word_1_139' title='bbox 2706 781 2858 836; x_wconf 79' lang='lat' dir='ltr'><strong>enjus</strong></span> <span class='ocrx_word' id='word_1_140' title='bbox 2900 767 3233 837; x_wconf 82' lang='lat' dir='ltr'><strong>professione</strong></span> <span class='ocrx_word' id='word_1_141' title='bbox 3260 770 3329 826; x_wconf 88' lang='lat' dir='ltr'><strong>ad</strong></span> <span class='ocrx_word' id='word_1_142' title='bbox 3363 770 3525 828; x_wconf 89' lang='lat' dir='ltr'><strong>mise-</strong></span> 
     </span>
    </p>
   </div>
   <div class='ocr_carea' id='block_1_21' title="bbox 1947 854 3522 931">
    <p class='ocr_par' dir='ltr' id='par_1_21' title="bbox 1947 854 3522 931">
     <span class='ocr_line' id='line_1_21' title="bbox 1947 854 3522 931; baseline 0.005 -22"><span class='ocrx_word' id='word_1_143' title='bbox 1947 854 2234 910; x_wconf 90' lang='lat' dir='ltr'><strong>ricordiam</strong></span> <span class='ocrx_word' id='word_1_144' title='bbox 2281 856 2527 925; x_wconf 66' lang='lat' dir='ltr'><strong>regendae</strong></span> <span class='ocrx_word' id='word_1_145' title='bbox 2574 857 2749 927; x_wconf 84' lang='lat' dir='ltr'><strong>plebis</strong></span> <span class='ocrx_word' id='word_1_146' title='bbox 2799 861 3058 931; x_wconf 87' lang='lat' dir='ltr'><strong>assumpti</strong></span> <span class='ocrx_word' id='word_1_147' title='bbox 3117 871 3260 917; x_wconf 89' lang='lat' dir='ltr'><strong>sunt.</strong></span> <span class='ocrx_word' id='word_1_148' title='bbox 3292 862 3348 917; x_wconf 85' lang='lat' dir='ltr'><strong>Id</strong></span> <span class='ocrx_word' id='word_1_149' title='bbox 3376 863 3522 917; x_wconf 90' lang='lat' dir='ltr'><strong>enim</strong></span> 
     </span>
    </p>
   </div>
   <div class='ocr_carea' id='block_1_22' title="bbox 1947 949 3524 1024">
    <p class='ocr_par' dir='ltr' id='par_1_22' title="bbox 1947 949 3524 1024">
     <span class='ocr_line' id='line_1_22' title="bbox 1947 949 3524 1024; baseline 0.005 -22"><span class='ocrx_word' id='word_1_150' title='bbox 1947 958 2112 1019; x_wconf 88' lang='lat' dir='ltr'><strong>agunt</strong></span> <span class='ocrx_word' id='word_1_151' title='bbox 2133 950 2187 1003; x_wconf 88' lang='lat' dir='ltr'><strong>in</strong></span> <span class='ocrx_word' id='word_1_152' title='bbox 2211 950 2459 1004; x_wconf 92' lang='lat' dir='ltr'><strong>omnibus</strong></span> <span class='ocrx_word' id='word_1_153' title='bbox 2482 949 2758 1006; x_wconf 90' lang='lat' dir='ltr'><strong>laboribus</strong></span> <span class='ocrx_word' id='word_1_154' title='bbox 2780 953 2910 1018; x_wconf 92' lang='lat' dir='ltr'><strong>suis,</strong></span> <span class='ocrx_word' id='word_1_155' title='bbox 2934 962 2996 1007; x_wconf 86' lang='lat' dir='ltr'><strong>ut</strong></span> <span class='ocrx_word' id='word_1_156' title='bbox 3025 953 3111 1007; x_wconf 90' lang='lat' dir='ltr'><strong>illa</strong></span> <span class='ocrx_word' id='word_1_157' title='bbox 3134 953 3396 1024; x_wconf 79' lang='lat' dir='ltr'><strong>professio</strong></span> <span class='ocrx_word' id='word_1_158' title='bbox 3416 969 3524 1024; x_wconf 86' lang='lat' dir='ltr'><strong>qua</strong></span> 
     </span>
    </p>
   </div>
   <div class='ocr_carea' id='block_1_23' title="bbox 1948 1047 3521 1121">
    <p class='ocr_par' dir='ltr' id='par_1_23' title="bbox 1948 1047 3521 1121">
     <span class='ocr_line' id='line_1_23' title="bbox 1948 1047 3521 1121; baseline 0.004 -21"><span class='ocrx_word' id='word_1_159' title='bbox 1948 1059 2007 1100; x_wconf 91' lang='lat' dir='ltr'><strong>se</strong></span> <span class='ocrx_word' id='word_1_160' title='bbox 2032 1054 2429 1112; x_wconf 85' lang='lat' dir='ltr'><strong>converterant,</strong></span> <span class='ocrx_word' id='word_1_161' title='bbox 2463 1047 2589 1116; x_wconf 84' lang='lat' dir='ltr'><strong>quia</strong></span> <span class='ocrx_word' id='word_1_162' title='bbox 2640 1047 2775 1103; x_wconf 86' lang='lat' dir='ltr'><strong>tales</strong></span> <span class='ocrx_word' id='word_1_163' title='bbox 2821 1057 3062 1105; x_wconf 90' lang='lat' dir='ltr'><strong>rectores</strong></span> <span class='ocrx_word' id='word_1_164' title='bbox 3117 1051 3300 1121; x_wconf 88' lang='lat' dir='ltr'><strong>populi</strong></span> <span class='ocrx_word' id='word_1_165' title='bbox 3355 1052 3521 1118; x_wconf 89' lang='lat' dir='ltr'><strong>dedit,</strong></span> 
     </span>
    </p>
   </div>
   <div class='ocr_carea' id='block_1_24' title="bbox 1947 1134 3523 1210">
    <p class='ocr_par' dir='ltr' id='par_1_24' title="bbox 1947 1134 3523 1210">
     <span class='ocr_line' id='line_1_24' title="bbox 1947 1134 3523 1210; baseline 0.004 -20"><span class='ocrx_word' id='word_1_166' title='bbox 1947 1136 2109 1191; x_wconf 90' lang='lat' dir='ltr'><strong>latius</strong></span> <span class='ocrx_word' id='word_1_167' title='bbox 2133 1145 2189 1191; x_wconf 90' lang='lat' dir='ltr'><strong>et</strong></span> <span class='ocrx_word' id='word_1_168' title='bbox 2215 1136 2414 1192; x_wconf 90' lang='lat' dir='ltr'><strong>clarius</strong></span> <span class='ocrx_word' id='word_1_169' title='bbox 2439 1136 2787 1208; x_wconf 83' lang='lat' dir='ltr'><strong>glorificetur,</strong></span> <span class='ocrx_word' id='word_1_170' title='bbox 2819 1148 3077 1210; x_wconf 88' lang='lat' dir='ltr'><strong>tanquam</strong></span> <span class='ocrx_word' id='word_1_171' title='bbox 3132 1156 3238 1195; x_wconf 93' lang='lat' dir='ltr'><strong>non</strong></span> <span class='ocrx_word' id='word_1_172' title='bbox 3268 1134 3523 1197; x_wconf 83' lang='lat' dir='ltr'><strong>recusan-</strong></span> 
     </span>
    </p>
   </div>
   <div class='ocr_carea' id='block_1_25' title="bbox 1948 1227 3525 1299">
    <p class='ocr_par' dir='ltr' id='par_1_25' title="bbox 1948 1227 3525 1299">
     <span class='ocr_line' id='line_1_25' title="bbox 1948 1227 3525 1299; baseline 0.003 -17"><span class='ocrx_word' id='word_1_173' title='bbox 1948 1239 2029 1282; x_wconf 88' lang='lat' dir='ltr'><strong>tes</strong></span> <span class='ocrx_word' id='word_1_174' title='bbox 2057 1237 2271 1283; x_wconf 90' lang='lat' dir='ltr'><strong>noctem</strong></span> <span class='ocrx_word' id='word_1_175' title='bbox 2286 1227 2417 1293; x_wconf 71' lang='lat' dir='ltr'><strong>Liaa,</strong></span> <span class='ocrx_word' id='word_1_176' title='bbox 2450 1237 2509 1282; x_wconf 93' lang='lat' dir='ltr'><strong>ut</strong></span> <span class='ocrx_word' id='word_1_177' title='bbox 2534 1230 2734 1284; x_wconf 87' lang='lat' dir='ltr'><strong>Rachel</strong></span> <span class='ocrx_word' id='word_1_178' title='bbox 2760 1231 2934 1299; x_wconf 89' lang='lat' dir='ltr'><strong>pomis</strong></span> <span class='ocrx_word' id='word_1_179' title='bbox 2963 1247 3129 1286; x_wconf 89' lang='lat' dir='ltr'><strong>suave</strong></span> <span class='ocrx_word' id='word_1_180' title='bbox 3157 1232 3429 1287; x_wconf 86' lang='lat' dir='ltr'><strong>olentibus</strong></span> <span class='ocrx_word' id='word_1_181' title='bbox 3468 1238 3525 1287; x_wconf 88' lang='lat' dir='ltr'><strong>et</strong></span> 
     </span>
    </p>
   </div>
   <div class='ocr_carea' id='block_1_26' title="bbox 1948 1317 3523 1393">
    <p class='ocr_par' dir='ltr' id='par_1_26' title="bbox 1948 1317 3523 1393">
     <span class='ocr_line' id='line_1_26' title="bbox 1948 1317 3523 1393; baseline 0.002 -20"><span class='ocrx_word' id='word_1_182' title='bbox 1948 1317 2094 1375; x_wconf 88' lang='lat' dir='ltr'><strong>clare</strong></span> <span class='ocrx_word' id='word_1_183' title='bbox 2146 1319 2445 1374; x_wconf 89' lang='lat' dir='ltr'><strong>nitentibus</strong></span> <span class='ocrx_word' id='word_1_184' title='bbox 2472 1321 2731 1389; x_wconf 89' lang='lat' dir='ltr'><strong>potiatur.</strong></span> <span class='ocrx_word' id='word_1_185' title='bbox 2783 1321 2913 1388; x_wconf 63' lang='lat' dir='ltr'><strong>Quae</strong></span> <span class='ocrx_word' id='word_1_186' title='bbox 2948 1322 3237 1393; x_wconf 90' lang='lat' dir='ltr'><strong>aliquando</strong></span> <span class='ocrx_word' id='word_1_187' title='bbox 3285 1333 3338 1376; x_wconf 92' lang='lat' dir='ltr'><strong>et</strong></span> <span class='ocrx_word' id='word_1_188' title='bbox 3386 1324 3523 1392; x_wconf 89' lang='lat' dir='ltr'><strong>ipsa,</strong></span> 
     </span>
    </p>
   </div>
   <div class='ocr_carea' id='block_1_27' title="bbox 1949 1410 3526 1484">
    <p class='ocr_par' dir='ltr' id='par_1_27' title="bbox 1949 1410 3526 1484">
     <span class='ocr_line' id='line_1_27' title="bbox 1949 1410 3526 1484; baseline 0.003 -19"><span class='ocrx_word' id='word_1_189' title='bbox 1949 1410 2319 1466; x_wconf 86' lang='lat' dir='ltr'><strong>misericordia</strong></span> <span class='ocrx_word' id='word_1_190' title='bbox 2371 1411 2465 1466; x_wconf 89' lang='lat' dir='ltr'><strong>Dei</strong></span> <span class='ocrx_word' id='word_1_191' title='bbox 2518 1420 2826 1482; x_wconf 61' lang='lat' dir='ltr'><strong>praestante,</strong></span> <span class='ocrx_word' id='word_1_192' title='bbox 2855 1429 2952 1483; x_wconf 90' lang='lat' dir='ltr'><strong>per</strong></span> <span class='ocrx_word' id='word_1_193' title='bbox 2984 1414 3219 1484; x_wconf 88' lang='lat' dir='ltr'><strong>seipsam</strong></span> <span class='ocrx_word' id='word_1_194' title='bbox 3248 1415 3409 1484; x_wconf 87' lang='lat' dir='ltr'><strong>parit,</strong></span> <span class='ocrx_word' id='word_1_195' title='bbox 3435 1415 3526 1470; x_wconf 89' lang='lat' dir='ltr'><strong>vix</strong></span> 
     </span>
    </p>
   </div>
   <div class='ocr_carea' id='block_1_28' title="bbox 1951 1503 3525 1575">
    <p class='ocr_par' dir='ltr' id='par_1_28' title="bbox 1951 1503 3525 1575">
     <span class='ocr_line' id='line_1_28' title="bbox 1951 1503 3525 1575; baseline 0.003 -20"><span class='ocrx_word' id='word_1_196' title='bbox 1951 1503 2164 1557; x_wconf 87' lang='lat' dir='ltr'><strong>tandem</strong></span> <span class='ocrx_word' id='word_1_197' title='bbox 2194 1503 2429 1573; x_wconf 92' lang='lat' dir='ltr'><strong>quidem,</strong></span> <span class='ocrx_word' id='word_1_198' title='bbox 2458 1504 2581 1573; x_wconf 90' lang='lat' dir='ltr'><strong>quia</strong></span> <span class='ocrx_word' id='word_1_199' title='bbox 2607 1519 2889 1575; x_wconf 90' lang='lat' dir='ltr'><strong>perrarum</strong></span> <span class='ocrx_word' id='word_1_200' title='bbox 2937 1512 3022 1560; x_wconf 89' lang='lat' dir='ltr'><strong>est</strong></span> <span class='ocrx_word' id='word_1_201' title='bbox 3054 1512 3115 1559; x_wconf 90' lang='lat' dir='ltr'><strong>ut</strong></span> <span class='ocrx_word' id='word_1_202' title='bbox 3159 1504 3227 1559; x_wconf 85' lang='lat' dir='ltr'><strong>In</strong></span> <span class='ocrx_word' id='word_1_203' title='bbox 3270 1505 3525 1575; x_wconf 83' lang='lat' dir='ltr'><strong>principio</strong></span> 
     </span>
    </p>
   </div>
   <div class='ocr_carea' id='block_1_29' title="bbox 1950 1589 3526 1663">
    <p class='ocr_par' dir='ltr' id='par_1_29' title="bbox 1950 1589 3526 1663">
     <span class='ocr_line' id='line_1_29' title="bbox 1950 1589 3526 1663; baseline 0.002 -16"><span class='ocrx_word' id='word_1_204' title='bbox 1950 1599 2061 1647; x_wconf 84' lang='lat' dir='ltr'><strong>erat</strong></span> <span class='ocrx_word' id='word_1_205' title='bbox 2114 1589 2361 1658; x_wconf 86' lang='lat' dir='ltr'><strong>Verbum,</strong></span> <span class='ocrx_word' id='word_1_206' title='bbox 2408 1602 2456 1646; x_wconf 87' lang='lat' dir='ltr'><strong>et</strong></span> <span class='ocrx_word' id='word_1_207' title='bbox 2493 1591 2715 1647; x_wconf 79' lang='lat' dir='ltr'><strong>Verbum</strong></span> <span class='ocrx_word' id='word_1_208' title='bbox 2769 1604 2880 1648; x_wconf 84' lang='lat' dir='ltr'><strong>erat</strong></span> <span class='ocrx_word' id='word_1_209' title='bbox 2913 1594 3055 1663; x_wconf 88' lang='lat' dir='ltr'><strong>apud</strong></span> <span class='ocrx_word' id='word_1_210' title='bbox 3082 1594 3277 1659; x_wconf 89' lang='lat' dir='ltr'><strong>Deum,</strong></span> <span class='ocrx_word' id='word_1_211' title='bbox 3309 1604 3358 1648; x_wconf 90' lang='lat' dir='ltr'><strong>et</strong></span> <span class='ocrx_word' id='word_1_212' title='bbox 3384 1594 3526 1650; x_wconf 87' lang='lat' dir='ltr'><strong>Deus</strong></span> 
     </span>
    </p>
   </div>
   <div class='ocr_carea' id='block_1_30' title="bbox 1948 1681 3529 1757">
    <p class='ocr_par' dir='ltr' id='par_1_30' title="bbox 1948 1681 3529 1757">
     <span class='ocr_line' id='line_1_30' title="bbox 1948 1681 3529 1757; baseline 0.004 -21"><span class='ocrx_word' id='word_1_213' title='bbox 1948 1692 2063 1737; x_wconf 86' lang='lat' dir='ltr'><strong>erat</strong></span> <span class='ocrx_word' id='word_1_214' title='bbox 2098 1681 2325 1738; x_wconf 87' lang='lat' dir='ltr'><strong>Verbum</strong></span> <span class='ocrx_word' id='word_1_215' title='bbox 2374 1682 2555 1755; x_wconf 85' lang='lat' dir='ltr'><strong>(Joau.</strong></span> <span class='ocrx_word' id='word_1_216' title='bbox 2590 1685 2628 1755; x_wconf 86' lang='grc' dir='ltr'><strong>ι)</strong></span> <span class='ocrx_word' id='word_1_217' title='bbox 2651 1726 2665 1751; x_wconf 87' lang='grc'><em>,</em></span> <span class='ocrx_word' id='word_1_218' title='bbox 2695 1693 2751 1741; x_wconf 90' lang='lat' dir='ltr'><strong>et</strong></span> <span class='ocrx_word' id='word_1_219' title='bbox 2789 1686 3047 1755; x_wconf 89' lang='lat' dir='ltr'><strong>quidquid</strong></span> <span class='ocrx_word' id='word_1_220' title='bbox 3098 1686 3164 1740; x_wconf 91' lang='lat' dir='ltr'><strong>de</strong></span> <span class='ocrx_word' id='word_1_221' title='bbox 3212 1687 3316 1741; x_wconf 90' lang='lat' dir='ltr'><strong>hac</strong></span> <span class='ocrx_word' id='word_1_222' title='bbox 3350 1701 3408 1740; x_wconf 90' lang='lat' dir='ltr'><strong>re</strong></span> <span class='ocrx_word' id='word_1_223' title='bbox 3440 1686 3529 1757; x_wconf 84' lang='lat' dir='ltr'><strong>pie</strong></span> 
     </span>
    </p>
   </div>
   <div class='ocr_carea' id='block_1_31' title="bbox 1951 1776 3530 1848">
    <p class='ocr_par' dir='ltr' id='par_1_31' title="bbox 1951 1776 3530 1848">
     <span class='ocr_line' id='line_1_31' title="bbox 1951 1776 3530 1848; baseline 0.002 -17"><span class='ocrx_word' id='word_1_224' title='bbox 1951 1776 2324 1847; x_wconf 88' lang='lat' dir='ltr'><strong>sapienterque</strong></span> <span class='ocrx_word' id='word_1_225' title='bbox 2380 1776 2616 1843; x_wconf 87' lang='lat' dir='ltr'><strong>dicitur,</strong></span> <span class='ocrx_word' id='word_1_226' title='bbox 2686 1777 2802 1832; x_wconf 88' lang='lat' dir='ltr'><strong>sine</strong></span> <span class='ocrx_word' id='word_1_227' title='bbox 2865 1779 3242 1848; x_wconf 85' lang='lat' dir='ltr'><strong>phantasmate</strong></span> <span class='ocrx_word' id='word_1_228' title='bbox 3293 1777 3530 1834; x_wconf 87' lang='lat' dir='ltr'><strong>carnalis</strong></span> 
     </span>
    </p>
   </div>
   <div class='ocr_carea' id='block_1_32' title="bbox 1952 1867 3525 1939">
    <p class='ocr_par' dir='ltr' id='par_1_32' title="bbox 1952 1867 3525 1939">
     <span class='ocr_line' id='line_1_32' title="bbox 1952 1867 3525 1939; baseline 0.002 -18"><span class='ocrx_word' id='word_1_229' title='bbox 1952 1867 2297 1939; x_wconf 84' lang='lat' dir='ltr'><strong>cogitationis</strong></span> <span class='ocrx_word' id='word_1_230' title='bbox 2321 1908 2337 1934; x_wconf 92' lang='lat'><strong>,</strong></span> <span class='ocrx_word' id='word_1_231' title='bbox 2376 1876 2431 1923; x_wconf 92' lang='lat' dir='ltr'><strong>et</strong></span> <span class='ocrx_word' id='word_1_232' title='bbox 2465 1869 2792 1935; x_wconf 89' lang='lat' dir='ltr'><strong>salubriter,</strong></span> <span class='ocrx_word' id='word_1_233' title='bbox 2832 1869 2917 1924; x_wconf 89' lang='lat' dir='ltr'><strong>vel</strong></span> <span class='ocrx_word' id='word_1_234' title='bbox 2959 1884 3022 1924; x_wconf 81' lang='lat' dir='ltr'><strong>ex</strong></span> <span class='ocrx_word' id='word_1_235' title='bbox 3072 1877 3225 1939; x_wconf 90' lang='lat' dir='ltr'><strong>parte</strong></span> <span class='ocrx_word' id='word_1_236' title='bbox 3265 1869 3525 1938; x_wconf 88' lang='lat' dir='ltr'><strong>capiatur.</strong></span> 
     </span>
    </p>
   </div>
   <div class='ocr_carea' id='block_1_33' title="bbox 219 1956 3532 2030">
    <p class='ocr_par' dir='ltr' id='par_1_33' title="bbox 219 1956 3532 2030">
     <span class='ocr_line' id='line_1_33' title="bbox 219 1956 3532 2030; baseline -0.001 -13"><span class='ocrx_word' id='word_1_237' title='bbox 219 1968 227 1977; x_wconf 88' lang='lat'><strong>&#39;</strong></span> <span class='ocrx_word' id='word_1_238' title='bbox 263 1963 379 2018; x_wconf 89' lang='lat' dir='ltr'><strong>vita</strong></span> <span class='ocrx_word' id='word_1_239' title='bbox 409 1962 570 2017; x_wconf 87' lang='lat' dir='ltr'><strong>latius</strong></span> <span class='ocrx_word' id='word_1_240' title='bbox 597 1960 939 2016; x_wconf 89' lang='lat' dir='ltr'><strong>innotescens</strong></span> <span class='ocrx_word' id='word_1_241' title='bbox 958 1958 1273 2030; x_wconf 89' lang='lat' dir='ltr'><strong>popularem</strong></span> <span class='ocrx_word' id='word_1_242' title='bbox 1297 1958 1520 2030; x_wconf 78' lang='lat' dir='ltr'><strong>gloriam</strong></span> <span class='ocrx_word' id='word_1_243' title='bbox 1545 1964 1841 2024; x_wconf 89' lang='lat' dir='ltr'><strong>mereatur,</strong></span> <span class='ocrx_word' id='word_1_244' title='bbox 1870 1956 1919 2017; x_wconf 91' lang='lat' dir='ltr'><strong>B</strong></span> <span class='ocrx_word' id='word_1_245' title='bbox 1945 1957 2065 2014; x_wconf 84' lang='lat' dir='ltr'><strong>Alio</strong></span> <span class='ocrx_word' id='word_1_246' title='bbox 2114 1974 2327 2030; x_wconf 90' lang='lat' dir='ltr'><strong>quoque</strong></span> <span class='ocrx_word' id='word_1_247' title='bbox 2357 1975 2518 2015; x_wconf 87' lang='lat' dir='ltr'><strong>sensu</strong></span> <span class='ocrx_word' id='word_1_248' title='bbox 2566 1959 2716 2015; x_wconf 88' lang='lat' dir='ltr'><strong>Liam</strong></span> <span class='ocrx_word' id='word_1_249' title='bbox 2743 1968 2797 2013; x_wconf 91' lang='lat' dir='ltr'><strong>et</strong></span> <span class='ocrx_word' id='word_1_250' title='bbox 2820 1960 3023 2015; x_wconf 81' lang='lat' dir='ltr'><strong>Rachel</strong></span> <span class='ocrx_word' id='word_1_251' title='bbox 3046 1959 3355 2017; x_wconf 84' lang='lat' dir='ltr'><strong>Victorinus</strong></span> <span class='ocrx_word' id='word_1_252' title='bbox 3384 1975 3532 2016; x_wconf 85' lang='lat' dir='ltr'><strong>mar-</strong></span> 
     </span>
    </p>
   </div>
   <div class='ocr_carea' id='block_1_34' title="bbox 263 2049 1843 2122">
    <p class='ocr_par' dir='ltr' id='par_1_34' title="bbox 263 2049 1843 2122">
     <span class='ocr_line' id='line_1_34' title="bbox 263 2049 1843 2122; baseline -0.003 -14"><span class='ocrx_word' id='word_1_253' title='bbox 263 2051 527 2122; x_wconf 77' lang='lat' dir='ltr'><strong>injustam</strong></span> <span class='ocrx_word' id='word_1_254' title='bbox 548 2059 631 2108; x_wconf 89' lang='lat' dir='ltr'><strong>est</strong></span> <span class='ocrx_word' id='word_1_255' title='bbox 658 2059 839 2107; x_wconf 90' lang='lat' dir='ltr'><strong>autem</strong></span> <span class='ocrx_word' id='word_1_256' title='bbox 869 2059 928 2105; x_wconf 91' lang='lat' dir='ltr'><strong>ut</strong></span> <span class='ocrx_word' id='word_1_257' title='bbox 965 2064 1086 2105; x_wconf 87' lang='lat' dir='ltr'><strong>eam</strong></span> <span class='ocrx_word' id='word_1_258' title='bbox 1122 2057 1506 2119; x_wconf 88' lang='lat' dir='ltr'><strong>consequatur,</strong></span> <span class='ocrx_word' id='word_1_259' title='bbox 1536 2049 1583 2105; x_wconf 91' lang='lat' dir='ltr'><strong>si</strong></span> <span class='ocrx_word' id='word_1_260' title='bbox 1630 2056 1843 2104; x_wconf 88' lang='lat' dir='ltr'><strong>amato-</strong></span> 
     </span>
    </p>
   </div>
   <div class='ocr_carea' id='block_1_35' title="bbox 220 2143 1845 2213">
    <p class='ocr_par' dir='ltr' id='par_1_35' title="bbox 220 2143 1845 2213">
     <span class='ocr_line' id='line_1_35' title="bbox 220 2143 1845 2213; baseline -0.003 -10"><span class='ocrx_word' id='word_1_261' title='bbox 220 2153 239 2159; x_wconf 74' lang='lat'><strong>&quot;</strong></span> <span class='ocrx_word' id='word_1_262' title='bbox 266 2162 386 2203; x_wconf 90' lang='lat' dir='ltr'><strong>rem</strong></span> <span class='ocrx_word' id='word_1_263' title='bbox 422 2162 577 2201; x_wconf 91' lang='lat' dir='ltr'><strong>suum</strong></span> <span class='ocrx_word' id='word_1_264' title='bbox 597 2143 1039 2201; x_wconf 87' lang='lat' dir='ltr'><strong>administrandis</strong></span> <span class='ocrx_word' id='word_1_265' title='bbox 1071 2144 1456 2200; x_wconf 86' lang='lat' dir='ltr'><strong>ecclesiasticis</strong></span> <span class='ocrx_word' id='word_1_266' title='bbox 1489 2143 1636 2198; x_wconf 91' lang='lat' dir='ltr'><strong>curis</strong></span> <span class='ocrx_word' id='word_1_267' title='bbox 1660 2150 1845 2213; x_wconf 86' lang='lat' dir='ltr'><strong>aptum</strong></span> 
     </span>
    </p>
   </div>
   <div class='ocr_carea' id='block_1_36' title="bbox 262 2238 1849 2310">
    <p class='ocr_par' dir='ltr' id='par_1_36' title="bbox 262 2238 1849 2310">
     <span class='ocr_line' id='line_1_36' title="bbox 262 2238 1849 2310; baseline -0.001 -14"><span class='ocrx_word' id='word_1_268' title='bbox 262 2247 322 2296; x_wconf 90' lang='lat' dir='ltr'><strong>et</strong></span> <span class='ocrx_word' id='word_1_269' title='bbox 351 2239 601 2295; x_wconf 88' lang='lat' dir='ltr'><strong>idoneum</strong></span> <span class='ocrx_word' id='word_1_270' title='bbox 632 2239 685 2293; x_wconf 94' lang='lat' dir='ltr'><strong>in</strong></span> <span class='ocrx_word' id='word_1_271' title='bbox 707 2239 819 2294; x_wconf 91' lang='lat' dir='ltr'><strong>otio</strong></span> <span class='ocrx_word' id='word_1_272' title='bbox 845 2239 1068 2307; x_wconf 85' lang='lat' dir='ltr'><strong>detinet,</strong></span> <span class='ocrx_word' id='word_1_273' title='bbox 1097 2246 1198 2295; x_wconf 84' lang='lat' dir='ltr'><strong>nec</strong></span> <span class='ocrx_word' id='word_1_274' title='bbox 1222 2238 1670 2310; x_wconf 79' lang='lat' dir='ltr'><strong>gubernationem</strong></span> <span class='ocrx_word' id='word_1_275' title='bbox 1699 2254 1849 2295; x_wconf 89' lang='lat' dir='ltr'><strong>com-</strong></span> 
     </span>
    </p>
   </div>
   <div class='ocr_carea' id='block_1_37' title="bbox 222 2329 1847 2409">
    <p class='ocr_par' dir='ltr' id='par_1_37' title="bbox 222 2329 1847 2409">
     <span class='ocr_line' id='line_1_37' title="bbox 222 2329 1847 2409; baseline 0.001 -24"><span class='ocrx_word' id='word_1_276' title='bbox 222 2330 445 2409; x_wconf 21' lang='lat' dir='ltr'><strong>‘l‘munis</strong></span> <span class='ocrx_word' id='word_1_277' title='bbox 492 2329 736 2387; x_wconf 87' lang='lat' dir='ltr'><strong>utilitatis</strong></span> <span class='ocrx_word' id='word_1_278' title='bbox 761 2329 1044 2402; x_wconf 73' lang='lat' dir='ltr'><strong>impertit;</strong></span> <span class='ocrx_word' id='word_1_279' title='bbox 1077 2337 1368 2402; x_wconf 81' lang='lat' dir='ltr'><strong>propterea</strong></span> <span class='ocrx_word' id='word_1_280' title='bbox 1391 2329 1491 2386; x_wconf 68' lang='lat' dir='ltr'><strong>Lia</strong></span> <span class='ocrx_word' id='word_1_281' title='bbox 1522 2330 1697 2387; x_wconf 88' lang='lat' dir='ltr'><strong>sorori</strong></span> <span class='ocrx_word' id='word_1_282' title='bbox 1732 2344 1847 2386; x_wconf 81' lang='lat' dir='ltr'><strong>suae</strong></span> 
     </span>
    </p>
   </div>
   <div class='ocr_carea' id='block_1_38' title="bbox 212 2421 1583 2477">
    <p class='ocr_par' dir='ltr' id='par_1_38' title="bbox 212 2421 1583 2477">
     <span class='ocr_line' id='line_1_38' title="bbox 212 2421 1583 2477; baseline -0.001 0"><span class='ocrx_word' id='word_1_283' title='bbox 212 2426 223 2445; x_wconf 83' lang='grc'><em>”</em></span> <span class='ocrx_word' id='word_1_284' title='bbox 260 2421 403 2477; x_wconf 84' lang='lat' dir='ltr'><strong>dixit</strong></span> <span class='ocrx_word' id='word_1_285' title='bbox 427 2439 442 2476; x_wconf 91' lang='lat'><strong>:</strong></span> <span class='ocrx_word' id='word_1_286' title='bbox 1579 2440 1583 2445; x_wconf 72' lang='grc'><strong>’</strong></span> 
     </span>
    </p>
   </div>
   <div class='ocr_carea' id='block_1_39' title="bbox 335 2508 1850 2584">
    <p class='ocr_par' dir='ltr' id='par_1_39' title="bbox 335 2508 1850 2584">
     <span class='ocr_line' id='line_1_39' title="bbox 335 2508 1850 2584; baseline 0.002 -20"><span class='ocrx_word' id='word_1_287' title='bbox 335 2508 566 2566; x_wconf 82' lang='lat' dir='ltr'><strong>Parvum</strong></span> <span class='ocrx_word' id='word_1_288' title='bbox 585 2521 661 2567; x_wconf 90' lang='lat' dir='ltr'><strong>est</strong></span> <span class='ocrx_word' id='word_1_289' title='bbox 681 2510 774 2567; x_wconf 83' lang='lat' dir='ltr'><strong>tibi</strong></span> <span class='ocrx_word' id='word_1_290' title='bbox 799 2512 937 2584; x_wconf 88' lang='lat' dir='ltr'><strong>quod</strong></span> <span class='ocrx_word' id='word_1_291' title='bbox 961 2512 1132 2568; x_wconf 87' lang='lat' dir='ltr'><strong>virum</strong></span> <span class='ocrx_word' id='word_1_292' title='bbox 1151 2528 1326 2568; x_wconf 87' lang='lat' dir='ltr'><strong>meum</strong></span> <span class='ocrx_word' id='word_1_293' title='bbox 1345 2513 1614 2584; x_wconf 85' lang='lat' dir='ltr'><strong>accepisti,</strong></span> <span class='ocrx_word' id='word_1_294' title='bbox 1636 2512 1850 2584; x_wconf 75' lang='lat' dir='ltr'><strong>insuper</strong></span> 
     </span>
    </p>
   </div>
   <div class='ocr_carea' id='block_1_40' title="bbox 257 2605 1846 2678">
    <p class='ocr_par' dir='ltr' id='par_1_40' title="bbox 257 2605 1846 2678">
     <span class='ocr_line' id='line_1_40' title="bbox 257 2605 1846 2678; baseline 0.003 -22"><span class='ocrx_word' id='word_1_295' title='bbox 257 2611 313 2657; x_wconf 86' lang='lat' dir='ltr'><strong>et</strong></span> <span class='ocrx_word' id='word_1_296' title='bbox 338 2605 715 2676; x_wconf 84' lang='lat' dir='ltr'><strong>mandragoras</strong></span> <span class='ocrx_word' id='word_1_297' title='bbox 744 2606 844 2677; x_wconf 82' lang='lat' dir='ltr'><strong>filii</strong></span> <span class='ocrx_word' id='word_1_298' title='bbox 869 2607 972 2661; x_wconf 89' lang='lat' dir='ltr'><strong>mei</strong></span> <span class='ocrx_word' id='word_1_299' title='bbox 1003 2607 1077 2661; x_wconf 87' lang='lat' dir='ltr'><strong>vis</strong></span> <span class='ocrx_word' id='word_1_300' title='bbox 1105 2607 1341 2678; x_wconf 82' lang='lat' dir='ltr'><strong>accipere</strong></span> <span class='ocrx_word' id='word_1_301' title='bbox 1363 2608 1388 2660; x_wconf 84' lang='lat'><strong><em>?</em></strong></span> <span class='ocrx_word' id='word_1_302' title='bbox 1412 2606 1517 2661; x_wconf 90' lang='lat' dir='ltr'><strong>Per</strong></span> <span class='ocrx_word' id='word_1_303' title='bbox 1560 2622 1730 2661; x_wconf 90' lang='lat' dir='ltr'><strong>unum</strong></span> <span class='ocrx_word' id='word_1_304' title='bbox 1760 2605 1846 2661; x_wconf 87' lang='lat' dir='ltr'><strong>vi-</strong></span> 
     </span>
    </p>
   </div>
   <div class='ocr_carea' id='block_1_41' title="bbox 214 2696 1849 2772">
    <p class='ocr_par' dir='ltr' id='par_1_41' title="bbox 214 2696 1849 2772">
     <span class='ocr_line' id='line_1_41' title="bbox 214 2696 1849 2772; baseline 0.002 -23"><span class='ocrx_word' id='word_1_305' title='bbox 214 2706 217 2709; x_wconf 89' lang='grc'>·</span> <span class='ocrx_word' id='word_1_306' title='bbox 258 2711 384 2750; x_wconf 86' lang='lat' dir='ltr'><strong>rum</strong></span> <span class='ocrx_word' id='word_1_307' title='bbox 416 2696 731 2768; x_wconf 88' lang='lat' dir='ltr'><strong>significans</strong></span> <span class='ocrx_word' id='word_1_308' title='bbox 773 2714 867 2755; x_wconf 89' lang='lat' dir='ltr'><strong>eos</strong></span> <span class='ocrx_word' id='word_1_309' title='bbox 885 2714 1077 2755; x_wconf 91' lang='lat' dir='ltr'><strong>omnes</strong></span> <span class='ocrx_word' id='word_1_310' title='bbox 1097 2699 1191 2770; x_wconf 90' lang='lat' dir='ltr'><strong>qui</strong></span> <span class='ocrx_word' id='word_1_311' title='bbox 1222 2715 1346 2755; x_wconf 91' lang='lat' dir='ltr'><strong>cum</strong></span> <span class='ocrx_word' id='word_1_312' title='bbox 1376 2699 1488 2755; x_wconf 89' lang='lat' dir='ltr'><strong>sint</strong></span> <span class='ocrx_word' id='word_1_313' title='bbox 1517 2699 1708 2772; x_wconf 88' lang='lat' dir='ltr'><strong>agendi</strong></span> <span class='ocrx_word' id='word_1_314' title='bbox 1737 2698 1849 2754; x_wconf 91' lang='lat' dir='ltr'><strong>vir-</strong></span> 
     </span>
    </p>
   </div>
   <div class='ocr_carea' id='block_1_42' title="bbox 259 2787 1851 2862">
    <p class='ocr_par' dir='ltr' id='par_1_42' title="bbox 259 2787 1851 2862">
     <span class='ocr_line' id='line_1_42' title="bbox 259 2787 1851 2862; baseline 0.002 -21"><span class='ocrx_word' id='word_1_315' title='bbox 259 2794 378 2842; x_wconf 89' lang='lat' dir='ltr'><strong>tute</strong></span> <span class='ocrx_word' id='word_1_316' title='bbox 404 2787 614 2844; x_wconf 91' lang='lat' dir='ltr'><strong>habiles</strong></span> <span class='ocrx_word' id='word_1_317' title='bbox 658 2797 714 2844; x_wconf 89' lang='lat' dir='ltr'><strong>et</strong></span> <span class='ocrx_word' id='word_1_318' title='bbox 755 2790 901 2861; x_wconf 89' lang='lat' dir='ltr'><strong>digni</strong></span> <span class='ocrx_word' id='word_1_319' title='bbox 927 2791 1124 2861; x_wconf 89' lang='lat' dir='ltr'><strong>quibus</strong></span> <span class='ocrx_word' id='word_1_320' title='bbox 1151 2791 1394 2862; x_wconf 90' lang='lat' dir='ltr'><strong>regimen</strong></span> <span class='ocrx_word' id='word_1_321' title='bbox 1424 2790 1682 2845; x_wconf 81' lang='lat' dir='ltr'><strong>Ecclesiae</strong></span> <span class='ocrx_word' id='word_1_322' title='bbox 1701 2806 1851 2846; x_wconf 90' lang='lat' dir='ltr'><strong>com-</strong></span> 
     </span>
    </p>
   </div>
   <div class='ocr_carea' id='block_1_43' title="bbox 256 2878 1848 2951">
    <p class='ocr_par' dir='ltr' id='par_1_43' title="bbox 256 2878 1848 2951">
     <span class='ocr_line' id='line_1_43' title="bbox 256 2878 1848 2951; baseline 0.002 -19"><span class='ocrx_word' id='word_1_323' title='bbox 256 2878 509 2933; x_wconf 87' lang='lat' dir='ltr'><strong>mittatur</strong></span> <span class='ocrx_word' id='word_1_324' title='bbox 527 2878 595 2934; x_wconf 91' lang='lat' dir='ltr'><strong>ad</strong></span> <span class='ocrx_word' id='word_1_325' title='bbox 626 2879 1044 2951; x_wconf 88' lang='lat' dir='ltr'><strong>dispensandum</strong></span> <span class='ocrx_word' id='word_1_326' title='bbox 1066 2881 1190 2936; x_wconf 85' lang='lat' dir='ltr'><strong>ﬁdei</strong></span> <span class='ocrx_word' id='word_1_327' title='bbox 1220 2890 1646 2947; x_wconf 88' lang='lat' dir='ltr'><strong>sacramentum,</strong></span> <span class='ocrx_word' id='word_1_328' title='bbox 1672 2879 1848 2936; x_wconf 89' lang='lat' dir='ltr'><strong>studio</strong></span> 
     </span>
    </p>
   </div>
   <div class='ocr_carea' id='block_1_44' title="bbox 256 2966 1849 3043">
    <p class='ocr_par' dir='ltr' id='par_1_44' title="bbox 256 2966 1849 3043">
     <span class='ocr_line' id='line_1_44' title="bbox 256 2966 1849 3043; baseline 0.003 -21"><span class='ocrx_word' id='word_1_329' title='bbox 256 2966 521 3024; x_wconf 74' lang='lat' dir='ltr'><strong>doctrina:</strong></span> <span class='ocrx_word' id='word_1_330' title='bbox 550 2971 792 3039; x_wconf 87' lang='lat' dir='ltr'><strong>accensi,</strong></span> <span class='ocrx_word' id='word_1_331' title='bbox 817 2979 983 3041; x_wconf 91' lang='lat' dir='ltr'><strong>atque</strong></span> <span class='ocrx_word' id='word_1_332' title='bbox 1005 2970 1321 3043; x_wconf 74' lang='lat' dir='ltr'><strong>indaganda:</strong></span> <span class='ocrx_word' id='word_1_333' title='bbox 1348 2979 1403 3026; x_wconf 92' lang='lat' dir='ltr'><strong>et</strong></span> <span class='ocrx_word' id='word_1_334' title='bbox 1425 2971 1849 3042; x_wconf 66' lang='lat' dir='ltr'><strong>contemplanda:</strong></span> 
     </span>
    </p>
   </div>
   <div class='ocr_carea' id='block_1_45' title="bbox 254 3059 1850 3129">
    <p class='ocr_par' dir='ltr' id='par_1_45' title="bbox 254 3059 1850 3129">
     <span class='ocr_line' id='line_1_45' title="bbox 254 3059 1850 3129; baseline 0.002 -15"><span class='ocrx_word' id='word_1_335' title='bbox 254 3059 559 3129; x_wconf 68' lang='lat' dir='ltr'><strong>sapientiae,</strong></span> <span class='ocrx_word' id='word_1_336' title='bbox 588 3076 648 3119; x_wconf 91' lang='lat' dir='ltr'><strong>se</strong></span> <span class='ocrx_word' id='word_1_337' title='bbox 700 3062 769 3119; x_wconf 89' lang='lat' dir='ltr'><strong>ab</strong></span> <span class='ocrx_word' id='word_1_338' title='bbox 826 3061 1075 3119; x_wconf 87' lang='lat' dir='ltr'><strong>omnibus</strong></span> <span class='ocrx_word' id='word_1_339' title='bbox 1122 3061 1395 3119; x_wconf 82' lang='lat' dir='ltr'><strong>actionum</strong></span> <span class='ocrx_word' id='word_1_340' title='bbox 1448 3062 1712 3118; x_wconf 88' lang='lat' dir='ltr'><strong>molestiis</strong></span> <span class='ocrx_word' id='word_1_341' title='bbox 1764 3076 1850 3117; x_wconf 90' lang='lat' dir='ltr'><strong>re-</strong></span> 
     </span>
    </p>
   </div>
   <div class='ocr_carea' id='block_1_46' title="bbox 255 3155 1850 3227">
    <p class='ocr_par' dir='ltr' id='par_1_46' title="bbox 255 3155 1850 3227">
     <span class='ocr_line' id='line_1_46' title="bbox 255 3155 1850 3227; baseline 0.002 -21"><span class='ocrx_word' id='word_1_342' title='bbox 255 3168 501 3221; x_wconf 87' lang='lat' dir='ltr'><strong>movere,</strong></span> <span class='ocrx_word' id='word_1_343' title='bbox 528 3165 693 3227; x_wconf 89' lang='lat' dir='ltr'><strong>atque</strong></span> <span class='ocrx_word' id='word_1_344' title='bbox 718 3155 774 3211; x_wconf 92' lang='lat' dir='ltr'><strong>in</strong></span> <span class='ocrx_word' id='word_1_345' title='bbox 813 3157 925 3211; x_wconf 87' lang='lat' dir='ltr'><strong>otio</strong></span> <span class='ocrx_word' id='word_1_346' title='bbox 955 3156 1198 3212; x_wconf 89' lang='lat' dir='ltr'><strong>discendi</strong></span> <span class='ocrx_word' id='word_1_347' title='bbox 1230 3165 1325 3211; x_wconf 88' lang='lat' dir='ltr'><strong>aut</strong></span> <span class='ocrx_word' id='word_1_348' title='bbox 1375 3155 1606 3212; x_wconf 90' lang='lat' dir='ltr'><strong>docendi</strong></span> <span class='ocrx_word' id='word_1_349' title='bbox 1662 3155 1850 3209; x_wconf 85' lang='lat' dir='ltr'><strong>volunt</strong></span> 
     </span>
    </p>
   </div>
   <div class='ocr_carea' id='block_1_47' title="bbox 196 3245 1849 3318">
    <p class='ocr_par' dir='ltr' id='par_1_47' title="bbox 196 3245 1849 3318">
     <span class='ocr_line' id='line_1_47' title="bbox 196 3245 1849 3318; baseline 0.001 -21"><span class='ocrx_word' id='word_1_350' title='bbox 196 3268 211 3275; x_wconf 69' lang='grc' dir='ltr'><strong>ο</strong></span> <span class='ocrx_word' id='word_1_351' title='bbox 255 3245 578 3301; x_wconf 85' lang='lat' dir='ltr'><strong>consedere.</strong></span> <span class='ocrx_word' id='word_1_352' title='bbox 627 3246 707 3301; x_wconf 89' lang='lat' dir='ltr'><strong>lta</strong></span> <span class='ocrx_word' id='word_1_353' title='bbox 757 3262 888 3318; x_wconf 89' lang='lat' dir='ltr'><strong>ergo</strong></span> <span class='ocrx_word' id='word_1_354' title='bbox 938 3248 1141 3303; x_wconf 90' lang='lat' dir='ltr'><strong>dictum</strong></span> <span class='ocrx_word' id='word_1_355' title='bbox 1167 3256 1252 3303; x_wconf 89' lang='lat' dir='ltr'><strong>est</strong></span> <span class='ocrx_word' id='word_1_356' title='bbox 1295 3265 1310 3301; x_wconf 92' lang='lat'><strong>:</strong></span> <span class='ocrx_word' id='word_1_357' title='bbox 1359 3246 1594 3302; x_wconf 86' lang='lat' dir='ltr'><strong>Parvum</strong></span> <span class='ocrx_word' id='word_1_358' title='bbox 1639 3255 1716 3301; x_wconf 85' lang='lat' dir='ltr'><strong>est</strong></span> <span class='ocrx_word' id='word_1_359' title='bbox 1757 3245 1849 3300; x_wconf 82' lang='lat' dir='ltr'><strong>tibi</strong></span> 
     </span>
    </p>
   </div>
   <div class='ocr_carea' id='block_1_48' title="bbox 1926 2051 3531 2125">
    <p class='ocr_par' dir='ltr' id='par_1_48' title="bbox 1926 2051 3531 2125">
     <span class='ocr_line' id='line_1_48' title="bbox 1926 2051 3531 2125; baseline 0.003 -21"><span class='ocrx_word' id='word_1_360' title='bbox 1926 2057 2035 2121; x_wconf 56' lang='lat' dir='ltr'><strong>,tyr</strong></span> <span class='ocrx_word' id='word_1_361' title='bbox 2052 2057 2109 2106; x_wconf 85' lang='lat' dir='ltr'><strong>et</strong></span> <span class='ocrx_word' id='word_1_362' title='bbox 2133 2051 2316 2107; x_wconf 57' lang='lat' dir='ltr'><strong>caeteri</strong></span> <span class='ocrx_word' id='word_1_363' title='bbox 2337 2053 2393 2107; x_wconf 91' lang='lat' dir='ltr'><strong>in</strong></span> <span class='ocrx_word' id='word_1_364' title='bbox 2419 2051 2821 2108; x_wconf 89' lang='lat' dir='ltr'><strong>similitudinem</strong></span> <span class='ocrx_word' id='word_1_365' title='bbox 2848 2052 3098 2107; x_wconf 62' lang='lat' dir='ltr'><strong>Ecclesiae</strong></span> <span class='ocrx_word' id='word_1_366' title='bbox 3125 2052 3211 2108; x_wconf 88' lang='lat' dir='ltr'><strong>vel</strong></span> <span class='ocrx_word' id='word_1_367' title='bbox 3231 2052 3531 2125; x_wconf 74' lang='lat' dir='ltr'><strong>Synagogs:</strong></span> 
     </span>
    </p>
   </div>
   <div class='ocr_carea' id='block_1_49' title="bbox 1926 2140 3531 2216">
    <p class='ocr_par' dir='ltr' id='par_1_49' title="bbox 1926 2140 3531 2216">
     <span class='ocr_line' id='line_1_49' title="bbox 1926 2140 3531 2216; baseline 0.005 -26"><span class='ocrx_word' id='word_1_368' title='bbox 1926 2140 2287 2212; x_wconf 78' lang='lat' dir='ltr'><strong>interpretati</strong></span> <span class='ocrx_word' id='word_1_369' title='bbox 2323 2150 2468 2198; x_wconf 87' lang='lat' dir='ltr'><strong>sunt.</strong></span> <span class='ocrx_word' id='word_1_370' title='bbox 2507 2141 2658 2197; x_wconf 88' lang='lat' dir='ltr'><strong>Liam</strong></span> <span class='ocrx_word' id='word_1_371' title='bbox 2689 2144 2833 2198; x_wconf 91' lang='lat' dir='ltr'><strong>enim</strong></span> <span class='ocrx_word' id='word_1_372' title='bbox 2880 2142 3140 2213; x_wconf 88' lang='lat' dir='ltr'><strong>majorem</strong></span> <span class='ocrx_word' id='word_1_373' title='bbox 3184 2154 3314 2200; x_wconf 90' lang='lat' dir='ltr'><strong>natu</strong></span> <span class='ocrx_word' id='word_1_374' title='bbox 3359 2144 3531 2216; x_wconf 86' lang='lat' dir='ltr'><strong>Syna-</strong></span> 
     </span>
    </p>
   </div>
   <div class='ocr_carea' id='block_1_50' title="bbox 1945 2234 3531 2311">
    <p class='ocr_par' dir='ltr' id='par_1_50' title="bbox 1945 2234 3531 2311">
     <span class='ocr_line' id='line_1_50' title="bbox 1945 2234 3531 2311; baseline 0.001 -23"><span class='ocrx_word' id='word_1_375' title='bbox 1945 2234 2380 2311; x_wconf 36' lang='lat' dir='ltr'><strong>gogantenuisse</strong></span> <span class='ocrx_word' id='word_1_376' title='bbox 2423 2242 2606 2305; x_wconf 84' lang='lat' dir='ltr'><strong>typum</strong></span> <span class='ocrx_word' id='word_1_377' title='bbox 2648 2235 3022 2301; x_wconf 84' lang='lat' dir='ltr'><strong>aestimabant,</strong></span> <span class='ocrx_word' id='word_1_378' title='bbox 3047 2236 3173 2306; x_wconf 89' lang='lat' dir='ltr'><strong>quia</strong></span> <span class='ocrx_word' id='word_1_379' title='bbox 3230 2235 3382 2305; x_wconf 90' lang='lat' dir='ltr'><strong>prior</strong></span> <span class='ocrx_word' id='word_1_380' title='bbox 3433 2234 3531 2290; x_wconf 91' lang='lat' dir='ltr'><strong>Dei</strong></span> 
     </span>
    </p>
   </div>
   <div class='ocr_carea' id='block_1_51' title="bbox 1926 2322 3535 2398">
    <p class='ocr_par' dir='ltr' id='par_1_51' title="bbox 1926 2322 3535 2398">
     <span class='ocr_line' id='line_1_51' title="bbox 1926 2322 3535 2398; baseline 0.003 -21"><span class='ocrx_word' id='word_1_381' title='bbox 1926 2323 2133 2394; x_wconf 77' lang='lat' dir='ltr'><strong>,genuit</strong></span> <span class='ocrx_word' id='word_1_382' title='bbox 2163 2323 2438 2394; x_wconf 89' lang='lat' dir='ltr'><strong>populum.</strong></span> <span class='ocrx_word' id='word_1_383' title='bbox 2485 2322 2611 2379; x_wconf 67' lang='lat' dir='ltr'><strong>Haec</strong></span> <span class='ocrx_word' id='word_1_384' title='bbox 2652 2325 2868 2394; x_wconf 90' lang='lat' dir='ltr'><strong>quidem</strong></span> <span class='ocrx_word' id='word_1_385' title='bbox 2893 2333 2948 2383; x_wconf 89' lang='lat' dir='ltr'><strong>et</strong></span> <span class='ocrx_word' id='word_1_386' title='bbox 2970 2327 3142 2382; x_wconf 92' lang='lat' dir='ltr'><strong>oculis</strong></span> <span class='ocrx_word' id='word_1_387' title='bbox 3169 2325 3366 2397; x_wconf 86' lang='lat' dir='ltr'><strong>legitur</strong></span> <span class='ocrx_word' id='word_1_388' title='bbox 3407 2340 3535 2398; x_wconf 85' lang='lat' dir='ltr'><strong>gra-</strong></span> 
     </span>
    </p>
   </div>
   <div class='ocr_carea' id='block_1_52' title="bbox 1945 2413 3532 2487">
    <p class='ocr_par' dir='ltr' id='par_1_52' title="bbox 1945 2413 3532 2487">
     <span class='ocr_line' id='line_1_52' title="bbox 1945 2413 3532 2487; baseline 0.004 -20"><span class='ocrx_word' id='word_1_389' title='bbox 1945 2413 2089 2479; x_wconf 88' lang='lat' dir='ltr'><strong>vida,</strong></span> <span class='ocrx_word' id='word_1_390' title='bbox 2131 2414 2257 2485; x_wconf 87' lang='lat' dir='ltr'><strong>quia</strong></span> <span class='ocrx_word' id='word_1_391' title='bbox 2304 2413 2387 2469; x_wconf 90' lang='lat' dir='ltr'><strong>lex</strong></span> <span class='ocrx_word' id='word_1_392' title='bbox 2419 2427 2516 2486; x_wconf 91' lang='lat' dir='ltr'><strong>per</strong></span> <span class='ocrx_word' id='word_1_393' title='bbox 2540 2414 2759 2486; x_wconf 83' lang='lat' dir='ltr'><strong>Moysen</strong></span> <span class='ocrx_word' id='word_1_394' title='bbox 2803 2417 2928 2471; x_wconf 91' lang='lat' dir='ltr'><strong>data</strong></span> <span class='ocrx_word' id='word_1_395' title='bbox 2970 2423 3224 2487; x_wconf 89' lang='lat' dir='ltr'><strong>cooperta</strong></span> <span class='ocrx_word' id='word_1_396' title='bbox 3248 2425 3333 2473; x_wconf 89' lang='lat' dir='ltr'><strong>est</strong></span> <span class='ocrx_word' id='word_1_397' title='bbox 3368 2424 3532 2487; x_wconf 88' lang='lat' dir='ltr'><strong>atque</strong></span> 
     </span>
    </p>
   </div>
   <div class='ocr_carea' id='block_1_53' title="bbox 1947 2505 3531 2580">
    <p class='ocr_par' dir='ltr' id='par_1_53' title="bbox 1947 2505 3531 2580">
     <span class='ocr_line' id='line_1_53' title="bbox 1947 2505 3531 2580; baseline 0.002 -19"><span class='ocrx_word' id='word_1_398' title='bbox 1947 2506 2177 2578; x_wconf 87' lang='lat' dir='ltr'><strong>signata.</strong></span> <span class='ocrx_word' id='word_1_399' title='bbox 2209 2506 2411 2562; x_wconf 85' lang='lat' dir='ltr'><strong>Rachel</strong></span> <span class='ocrx_word' id='word_1_400' title='bbox 2442 2517 2643 2573; x_wconf 91' lang='lat' dir='ltr'><strong>autem,</strong></span> <span class='ocrx_word' id='word_1_401' title='bbox 2662 2505 2845 2577; x_wconf 85' lang='lat' dir='ltr'><strong>junior</strong></span> <span class='ocrx_word' id='word_1_402' title='bbox 2878 2519 2934 2564; x_wconf 91' lang='lat' dir='ltr'><strong>et</strong></span> <span class='ocrx_word' id='word_1_403' title='bbox 2959 2509 3218 2579; x_wconf 88' lang='lat' dir='ltr'><strong>pulchra,</strong></span> <span class='ocrx_word' id='word_1_404' title='bbox 3241 2508 3391 2580; x_wconf 90' lang='lat' dir='ltr'><strong>prius</strong></span> <span class='ocrx_word' id='word_1_405' title='bbox 3417 2515 3531 2564; x_wconf 87' lang='lat' dir='ltr'><strong>ste-</strong></span> 
     </span>
    </p>
   </div>
   <div class='ocr_carea' id='block_1_54' title="bbox 1946 2600 3531 2672">
    <p class='ocr_par' dir='ltr' id='par_1_54' title="bbox 1946 2600 3531 2672">
     <span class='ocr_line' id='line_1_54' title="bbox 1946 2600 3531 2672; baseline -0.001 -16"><span class='ocrx_word' id='word_1_406' title='bbox 1946 2601 2062 2657; x_wconf 89' lang='lat' dir='ltr'><strong>rilis</strong></span> <span class='ocrx_word' id='word_1_407' title='bbox 2087 2609 2143 2658; x_wconf 92' lang='lat' dir='ltr'><strong>et</strong></span> <span class='ocrx_word' id='word_1_408' title='bbox 2167 2604 2511 2672; x_wconf 88' lang='lat' dir='ltr'><strong>postmodum</strong></span> <span class='ocrx_word' id='word_1_409' title='bbox 2538 2600 2765 2657; x_wconf 84' lang='lat' dir='ltr'><strong>fecunda</strong></span> <span class='ocrx_word' id='word_1_410' title='bbox 2784 2642 2798 2668; x_wconf 92' lang='lat'><strong>,</strong></span> <span class='ocrx_word' id='word_1_411' title='bbox 2817 2601 3113 2657; x_wconf 91' lang='lat' dir='ltr'><strong>similitudo</strong></span> <span class='ocrx_word' id='word_1_412' title='bbox 3133 2609 3217 2657; x_wconf 90' lang='lat' dir='ltr'><strong>est</strong></span> <span class='ocrx_word' id='word_1_413' title='bbox 3238 2600 3494 2657; x_wconf 70' lang='lat' dir='ltr'><strong>Ecclesiae</strong></span> <span class='ocrx_word' id='word_1_414' title='bbox 3515 2614 3531 2654; x_wconf 89' lang='lat'><strong>:</strong></span> 
     </span>
    </p>
   </div>
   <div class='ocr_carea' id='block_1_55' title="bbox 1942 2694 3535 2765">
    <p class='ocr_par' dir='ltr' id='par_1_55' title="bbox 1942 2694 3535 2765">
     <span class='ocr_line' id='line_1_55' title="bbox 1942 2694 3535 2765; baseline 0.003 -19"><span class='ocrx_word' id='word_1_415' title='bbox 1942 2694 2126 2764; x_wconf 91' lang='lat' dir='ltr'><strong>junior</strong></span> <span class='ocrx_word' id='word_1_416' title='bbox 2145 2694 2272 2765; x_wconf 91' lang='lat' dir='ltr'><strong>quia</strong></span> <span class='ocrx_word' id='word_1_417' title='bbox 2294 2701 2541 2764; x_wconf 89' lang='lat' dir='ltr'><strong>tempore</strong></span> <span class='ocrx_word' id='word_1_418' title='bbox 2567 2694 2838 2764; x_wconf 91' lang='lat' dir='ltr'><strong>posterior</strong></span> <span class='ocrx_word' id='word_1_419' title='bbox 2855 2710 2883 2762; x_wconf 72' lang='lat'>;</span> <span class='ocrx_word' id='word_1_420' title='bbox 2902 2694 3151 2764; x_wconf 88' lang='lat' dir='ltr'><strong>pulchra,</strong></span> <span class='ocrx_word' id='word_1_421' title='bbox 3190 2694 3315 2751; x_wconf 69' lang='lat' dir='ltr'><strong>quia</strong></span> <span class='ocrx_word' id='word_1_422' title='bbox 3345 2700 3535 2750; x_wconf 83' lang='lat' dir='ltr'><strong>sancta</strong></span> 
     </span>
    </p>
   </div>
   <div class='ocr_carea' id='block_1_56' title="bbox 1948 2783 3536 2857">
    <p class='ocr_par' dir='ltr' id='par_1_56' title="bbox 1948 2783 3536 2857">
     <span class='ocr_line' id='line_1_56' title="bbox 1948 2783 3536 2857; baseline 0 -15"><span class='ocrx_word' id='word_1_423' title='bbox 1948 2801 2176 2855; x_wconf 90' lang='lat' dir='ltr'><strong>corpore</strong></span> <span class='ocrx_word' id='word_1_424' title='bbox 2205 2795 2259 2842; x_wconf 92' lang='lat' dir='ltr'><strong>et</strong></span> <span class='ocrx_word' id='word_1_425' title='bbox 2297 2786 2510 2855; x_wconf 88' lang='lat' dir='ltr'><strong>spiritu.</strong></span> <span class='ocrx_word' id='word_1_426' title='bbox 2544 2785 2695 2841; x_wconf 83' lang='lat' dir='ltr'><strong>Oculi</strong></span> <span class='ocrx_word' id='word_1_427' title='bbox 2738 2783 2854 2854; x_wconf 87' lang='lat' dir='ltr'><strong>ejus</strong></span> <span class='ocrx_word' id='word_1_428' title='bbox 2889 2786 3089 2852; x_wconf 88' lang='lat' dir='ltr'><strong>decori,</strong></span> <span class='ocrx_word' id='word_1_429' title='bbox 3118 2786 3243 2856; x_wconf 87' lang='lat' dir='ltr'><strong>quia</strong></span> <span class='ocrx_word' id='word_1_430' title='bbox 3290 2786 3536 2857; x_wconf 89' lang='lat' dir='ltr'><strong>Evange-</strong></span> 
     </span>
    </p>
   </div>
   <div class='ocr_carea' id='block_1_57' title="bbox 1948 2877 3537 2948">
    <p class='ocr_par' dir='ltr' id='par_1_57' title="bbox 1948 2877 3537 2948">
     <span class='ocr_line' id='line_1_57' title="bbox 1948 2877 3537 2948; baseline 0.001 -17"><span class='ocrx_word' id='word_1_431' title='bbox 1948 2878 2079 2932; x_wconf 90' lang='lat' dir='ltr'><strong>lium</strong></span> <span class='ocrx_word' id='word_1_432' title='bbox 2108 2879 2417 2948; x_wconf 88' lang='lat' dir='ltr'><strong>perspicere</strong></span> <span class='ocrx_word' id='word_1_433' title='bbox 2445 2886 2792 2944; x_wconf 87' lang='lat' dir='ltr'><strong>meruerunt;</strong></span> <span class='ocrx_word' id='word_1_434' title='bbox 2845 2893 2966 2947; x_wconf 64' lang='lat' dir='ltr'><strong>quae</strong></span> <span class='ocrx_word' id='word_1_435' title='bbox 3001 2878 3165 2932; x_wconf 90' lang='lat' dir='ltr'><strong>etiam</strong></span> <span class='ocrx_word' id='word_1_436' title='bbox 3190 2877 3380 2932; x_wconf 91' lang='lat' dir='ltr'><strong>tandiu</strong></span> <span class='ocrx_word' id='word_1_437' title='bbox 3426 2883 3537 2932; x_wconf 80' lang='lat' dir='ltr'><strong>ste-</strong></span> 
     </span>
    </p>
   </div>
   <div class='ocr_carea' id='block_1_58' title="bbox 1948 2965 3532 3041">
    <p class='ocr_par' dir='ltr' id='par_1_58' title="bbox 1948 2965 3532 3041">
     <span class='ocr_line' id='line_1_58' title="bbox 1948 2965 3532 3041; baseline -0.002 -18"><span class='ocrx_word' id='word_1_438' title='bbox 1948 2969 2065 3025; x_wconf 89' lang='lat' dir='ltr'><strong>rilis</strong></span> <span class='ocrx_word' id='word_1_439' title='bbox 2092 2969 2229 3036; x_wconf 85' lang='lat' dir='ltr'><strong>fuit,</strong></span> <span class='ocrx_word' id='word_1_440' title='bbox 2267 2983 2548 3041; x_wconf 83' lang='lat' dir='ltr'><strong>quousuue</strong></span> <span class='ocrx_word' id='word_1_441' title='bbox 2601 2968 2884 3041; x_wconf 85' lang='lat' dir='ltr'><strong>Synagoga</strong></span> <span class='ocrx_word' id='word_1_442' title='bbox 2924 2968 3180 3039; x_wconf 90' lang='lat' dir='ltr'><strong>populum</strong></span> <span class='ocrx_word' id='word_1_443' title='bbox 3233 2965 3532 3040; x_wconf 88' lang='lat' dir='ltr'><strong>generavit.</strong></span> 
     </span>
    </p>
   </div>
   <div class='ocr_carea' id='block_1_59' title="bbox 1947 3046 3538 3131">
    <p class='ocr_par' dir='ltr' id='par_1_59' title="bbox 1947 3046 3538 3131">
     <span class='ocr_line' id='line_1_59' title="bbox 1947 3046 3538 3131; baseline -0.003 -14"><span class='ocrx_word' id='word_1_444' title='bbox 1947 3058 2059 3118; x_wconf 91' lang='lat' dir='ltr'><strong>Cur</strong></span> <span class='ocrx_word' id='word_1_445' title='bbox 2083 3070 2265 3117; x_wconf 90' lang='lat' dir='ltr'><strong>autem</strong></span> <span class='ocrx_word' id='word_1_446' title='bbox 2292 3076 2391 3131; x_wconf 92' lang='lat' dir='ltr'><strong>pro</strong></span> <span class='ocrx_word' id='word_1_447' title='bbox 2409 3061 2613 3117; x_wconf 89' lang='lat' dir='ltr'><strong>Rachel</strong></span> <span class='ocrx_word' id='word_1_448' title='bbox 2643 3061 2890 3127; x_wconf 89' lang='lat' dir='ltr'><strong>servivit,</strong></span> <span class='ocrx_word' id='word_1_449' title='bbox 2920 3069 2976 3115; x_wconf 90' lang='lat' dir='ltr'><strong>et</strong></span> <span class='ocrx_word' id='word_1_450' title='bbox 3009 3046 3332 3130; x_wconf 90' lang='lat' dir='ltr'><strong>supponitur</strong></span> <span class='ocrx_word' id='word_1_451' title='bbox 3361 3058 3411 3113; x_wconf 90' lang='lat' dir='ltr'><strong>ei</strong></span> <span class='ocrx_word' id='word_1_452' title='bbox 3436 3057 3538 3113; x_wconf 82' lang='lat' dir='ltr'><strong>Lia</strong></span> 
     </span>
    </p>
   </div>
   <div class='ocr_carea' id='block_1_60' title="bbox 1948 3142 3536 3223">
    <p class='ocr_par' dir='ltr' id='par_1_60' title="bbox 1948 3142 3536 3223">
     <span class='ocr_line' id='line_1_60' title="bbox 1948 3142 3536 3223; baseline -0.005 -10"><span class='ocrx_word' id='word_1_453' title='bbox 1948 3151 2140 3222; x_wconf 85' lang='lat' dir='ltr'><strong>major,</strong></span> <span class='ocrx_word' id='word_1_454' title='bbox 2173 3152 2275 3209; x_wconf 91' lang='lat' dir='ltr'><strong>nisi</strong></span> <span class='ocrx_word' id='word_1_455' title='bbox 2308 3154 2434 3223; x_wconf 90' lang='lat' dir='ltr'><strong>quia</strong></span> <span class='ocrx_word' id='word_1_456' title='bbox 2477 3152 2758 3220; x_wconf 88' lang='lat' dir='ltr'><strong>Dominus,</strong></span> <span class='ocrx_word' id='word_1_457' title='bbox 2786 3160 2846 3208; x_wconf 94' lang='lat' dir='ltr'><strong>ut</strong></span> <span class='ocrx_word' id='word_1_458' title='bbox 2883 3142 3185 3207; x_wconf 86' lang='lat' dir='ltr'><strong>Ecclesiam</strong></span> <span class='ocrx_word' id='word_1_459' title='bbox 3211 3156 3536 3218; x_wconf 87' lang='lat' dir='ltr'><strong>assumeret,</strong></span> 
     </span>
    </p>
   </div>
   <div class='ocr_carea' id='block_1_61' title="bbox 1940 3241 3541 3318">
    <p class='ocr_par' dir='ltr' id='par_1_61' title="bbox 1940 3241 3541 3318">
     <span class='ocr_line' id='line_1_61' title="bbox 1940 3241 3541 3318; baseline -0.004 -16"><span class='ocrx_word' id='word_1_460' title='bbox 1940 3247 2100 3318; x_wconf 91' lang='lat' dir='ltr'><strong>prius</strong></span> <span class='ocrx_word' id='word_1_461' title='bbox 2122 3246 2463 3318; x_wconf 87' lang='lat' dir='ltr'><strong>Synagogam</strong></span> <span class='ocrx_word' id='word_1_462' title='bbox 2485 3246 2589 3303; x_wconf 91' lang='lat' dir='ltr'><strong>sibi</strong></span> <span class='ocrx_word' id='word_1_463' title='bbox 2612 3246 2928 3318; x_wconf 83' lang='lat' dir='ltr'><strong>conjunxit?</strong></span> <span class='ocrx_word' id='word_1_464' title='bbox 2951 3244 3200 3301; x_wconf 89' lang='lat' dir='ltr'><strong>Servitus</strong></span> <span class='ocrx_word' id='word_1_465' title='bbox 3222 3243 3401 3313; x_wconf 89' lang='lat' dir='ltr'><strong>itaque</strong></span> <span class='ocrx_word' id='word_1_466' title='bbox 3425 3241 3541 3313; x_wconf 86' lang='lat' dir='ltr'><strong>ipsa</strong></span> 
     </span>
    </p>
   </div>
   <div class='ocr_carea' id='block_1_62' title="bbox 253 3323 3542 3410">
    <p class='ocr_par' dir='ltr' id='par_1_62' title="bbox 253 3323 3542 3410">
     <span class='ocr_line' id='line_1_62' title="bbox 253 3323 3542 3410; baseline -0 -23"><span class='ocrx_word' id='word_1_467' title='bbox 253 3334 401 3406; x_wconf 84' lang='lat' dir='ltr'><strong>quod</strong></span> <span class='ocrx_word' id='word_1_468' title='bbox 429 3336 676 3406; x_wconf 86' lang='lat' dir='ltr'><strong>accepisti</strong></span> <span class='ocrx_word' id='word_1_469' title='bbox 723 3337 891 3391; x_wconf 80' lang='lat' dir='ltr'><strong>virum</strong></span> <span class='ocrx_word' id='word_1_470' title='bbox 932 3353 1130 3404; x_wconf 82' lang='lat' dir='ltr'><strong>meum,</strong></span> <span class='ocrx_word' id='word_1_471' title='bbox 1156 3337 1371 3407; x_wconf 76' lang='lat' dir='ltr'><strong>insuper</strong></span> <span class='ocrx_word' id='word_1_472' title='bbox 1411 3347 1460 3391; x_wconf 82' lang='lat' dir='ltr'><strong>et</strong></span> <span class='ocrx_word' id='word_1_473' title='bbox 1500 3336 1847 3407; x_wconf 85' lang='lat' dir='ltr'><strong>madragoras</strong></span> <span class='ocrx_word' id='word_1_474' title='bbox 1875 3323 1924 3386; x_wconf 71' lang='grc' dir='ltr'><strong>Θ</strong></span> <span class='ocrx_word' id='word_1_475' title='bbox 1951 3337 2129 3396; x_wconf 62' lang='grc' dir='ltr'><strong>παροδ</strong></span> <span class='ocrx_word' id='word_1_476' title='bbox 2171 3346 2379 3410; x_wconf 89' lang='lat' dir='ltr'><strong>septem</strong></span> <span class='ocrx_word' id='word_1_477' title='bbox 2430 3353 2695 3395; x_wconf 90' lang='lat' dir='ltr'><strong>annorum</strong></span> <span class='ocrx_word' id='word_1_478' title='bbox 2735 3353 2834 3409; x_wconf 90' lang='lat' dir='ltr'><strong>pro</strong></span> <span class='ocrx_word' id='word_1_479' title='bbox 2865 3337 3073 3392; x_wconf 88' lang='lat' dir='ltr'><strong>duabus</strong></span> <span class='ocrx_word' id='word_1_480' title='bbox 3101 3334 3361 3390; x_wconf 80' lang='lat' dir='ltr'><strong>uxoribus</strong></span> <span class='ocrx_word' id='word_1_481' title='bbox 3379 3330 3542 3400; x_wconf 80' lang='lat' dir='ltr'><strong>hujus</strong></span> 
     </span>
    </p>
   </div>
   <div class='ocr_carea' id='block_1_63' title="bbox 254 3426 1850 3501">
    <p class='ocr_par' dir='ltr' id='par_1_63' title="bbox 254 3426 1850 3501">
     <span class='ocr_line' id='line_1_63' title="bbox 254 3426 1850 3501; baseline -0.001 -20"><span class='ocrx_word' id='word_1_482' title='bbox 254 3426 363 3497; x_wconf 72' lang='lat' dir='ltr'><strong>filii</strong></span> <span class='ocrx_word' id='word_1_483' title='bbox 406 3428 507 3483; x_wconf 85' lang='lat' dir='ltr'><strong>mei</strong></span> <span class='ocrx_word' id='word_1_484' title='bbox 550 3428 626 3483; x_wconf 85' lang='lat' dir='ltr'><strong>vis</strong></span> <span class='ocrx_word' id='word_1_485' title='bbox 683 3429 963 3501; x_wconf 75' lang='lat' dir='ltr'><strong>accipere?</strong></span> <span class='ocrx_word' id='word_1_486' title='bbox 996 3427 1076 3484; x_wconf 82' lang='lat' dir='ltr'><strong>Ac</strong></span> <span class='ocrx_word' id='word_1_487' title='bbox 1109 3428 1157 3485; x_wconf 87' lang='lat' dir='ltr'><strong>si</strong></span> <span class='ocrx_word' id='word_1_488' title='bbox 1199 3429 1407 3484; x_wconf 80' lang='lat' dir='ltr'><strong>diceret</strong></span> <span class='ocrx_word' id='word_1_489' title='bbox 1432 3445 1447 3482; x_wconf 89' lang='lat'><strong>:</strong></span> <span class='ocrx_word' id='word_1_490' title='bbox 1476 3427 1713 3483; x_wconf 89' lang='lat' dir='ltr'><strong>Parvum</strong></span> <span class='ocrx_word' id='word_1_491' title='bbox 1761 3432 1850 3484; x_wconf 87' lang='lat' dir='ltr'><strong>est</strong></span> 
     </span>
    </p>
   </div>
   <div class='ocr_carea' id='block_1_64' title="bbox 255 3520 1850 3592">
    <p class='ocr_par' dir='ltr' id='par_1_64' title="bbox 255 3520 1850 3592">
     <span class='ocr_line' id='line_1_64' title="bbox 255 3520 1850 3592; baseline 0.002 -19"><span class='ocrx_word' id='word_1_492' title='bbox 255 3520 407 3590; x_wconf 90' lang='lat' dir='ltr'><strong>quod</strong></span> <span class='ocrx_word' id='word_1_493' title='bbox 434 3520 683 3577; x_wconf 85' lang='lat' dir='ltr'><strong>homines</strong></span> <span class='ocrx_word' id='word_1_494' title='bbox 704 3522 771 3576; x_wconf 88' lang='lat' dir='ltr'><strong>ad</strong></span> <span class='ocrx_word' id='word_1_495' title='bbox 797 3521 1035 3576; x_wconf 90' lang='lat' dir='ltr'><strong>laborem</strong></span> <span class='ocrx_word' id='word_1_496' title='bbox 1065 3536 1247 3577; x_wconf 91' lang='lat' dir='ltr'><strong>rerum</strong></span> <span class='ocrx_word' id='word_1_497' title='bbox 1273 3520 1631 3592; x_wconf 82' lang='lat' dir='ltr'><strong>regendarum</strong></span> <span class='ocrx_word' id='word_1_498' title='bbox 1661 3535 1850 3576; x_wconf 86' lang='lat' dir='ltr'><strong>neces-</strong></span> 
     </span>
    </p>
   </div>
   <div class='ocr_carea' id='block_1_65' title="bbox 194 3612 1851 3685">
    <p class='ocr_par' dir='ltr' id='par_1_65' title="bbox 194 3612 1851 3685">
     <span class='ocr_line' id='line_1_65' title="bbox 194 3612 1851 3685; baseline 0.002 -19"><span class='ocrx_word' id='word_1_499' title='bbox 194 3642 199 3647; x_wconf 62' lang='grc' dir='ltr'><em>ι</em></span> <span class='ocrx_word' id='word_1_500' title='bbox 242 3612 437 3668; x_wconf 66' lang='grc' dir='ltr'>ἐωἰοε</span> <span class='ocrx_word' id='word_1_501' title='bbox 465 3614 519 3667; x_wconf 93' lang='lat' dir='ltr'><strong>in</strong></span> <span class='ocrx_word' id='word_1_502' title='bbox 548 3614 663 3669; x_wconf 91' lang='lat' dir='ltr'><strong>otio</strong></span> <span class='ocrx_word' id='word_1_503' title='bbox 715 3614 925 3669; x_wconf 89' lang='lat' dir='ltr'><strong>detinet</strong></span> <span class='ocrx_word' id='word_1_504' title='bbox 962 3615 1073 3668; x_wconf 90' lang='lat' dir='ltr'><strong>vita</strong></span> <span class='ocrx_word' id='word_1_505' title='bbox 1117 3613 1507 3681; x_wconf 86' lang='lat' dir='ltr'><strong>studiosorum,</strong></span> <span class='ocrx_word' id='word_1_506' title='bbox 1544 3613 1767 3685; x_wconf 90' lang='lat' dir='ltr'><strong>insuper</strong></span> <span class='ocrx_word' id='word_1_507' title='bbox 1795 3620 1851 3670; x_wconf 85' lang='lat' dir='ltr'><strong>et</strong></span> 
     </span>
    </p>
   </div>
   <div class='ocr_carea' id='block_1_66' title="bbox 185 3702 1851 3777">
    <p class='ocr_par' dir='ltr' id='par_1_66' title="bbox 185 3702 1851 3777">
     <span class='ocr_line' id='line_1_66' title="bbox 185 3702 1851 3777; baseline 0.004 -23"><span class='ocrx_word' id='word_1_508' title='bbox 185 3730 197 3753; x_wconf 69' lang='grc' dir='ltr'><strong>ι,</strong></span> <span class='ocrx_word' id='word_1_509' title='bbox 250 3702 581 3773; x_wconf 87' lang='lat' dir='ltr'><strong>popularem</strong></span> <span class='ocrx_word' id='word_1_510' title='bbox 609 3704 832 3775; x_wconf 86' lang='lat' dir='ltr'><strong>gloriam</strong></span> <span class='ocrx_word' id='word_1_511' title='bbox 887 3704 1151 3775; x_wconf 85' lang='lat' dir='ltr'><strong>requirit?</strong></span> <span class='ocrx_word' id='word_1_512' title='bbox 1200 3705 1437 3761; x_wconf 88' lang='lat' dir='ltr'><strong>Proinde</strong></span> <span class='ocrx_word' id='word_1_513' title='bbox 1467 3713 1525 3760; x_wconf 89' lang='lat' dir='ltr'><strong>ut</strong></span> <span class='ocrx_word' id='word_1_514' title='bbox 1561 3721 1681 3761; x_wconf 87' lang='lat' dir='ltr'><strong>eam</strong></span> <span class='ocrx_word' id='word_1_515' title='bbox 1705 3707 1851 3777; x_wconf 90' lang='lat' dir='ltr'><strong>juste</strong></span> 
     </span>
    </p>
   </div>
   <div class='ocr_carea' id='block_1_67' title="bbox 196 3792 1850 3866">
    <p class='ocr_par' dir='ltr' id='par_1_67' title="bbox 196 3792 1850 3866">
     <span class='ocr_line' id='line_1_67' title="bbox 196 3792 1850 3866; baseline 0 -15"><span class='ocrx_word' id='word_1_516' title='bbox 196 3814 201 3817; x_wconf 68' lang='lat'><strong>&#39;</strong></span> <span class='ocrx_word' id='word_1_517' title='bbox 252 3803 564 3865; x_wconf 85' lang='lat' dir='ltr'><strong>comparet,</strong></span> <span class='ocrx_word' id='word_1_518' title='bbox 622 3796 863 3865; x_wconf 88' lang='lat' dir='ltr'><strong>impartit</strong></span> <span class='ocrx_word' id='word_1_519' title='bbox 930 3792 1133 3852; x_wconf 88' lang='lat' dir='ltr'><strong>Rachel</strong></span> <span class='ocrx_word' id='word_1_520' title='bbox 1192 3798 1387 3866; x_wconf 42' lang='lat' dir='ltr'><strong>virum,</strong></span> <span class='ocrx_word' id='word_1_521' title='bbox 1417 3798 1590 3853; x_wconf 88' lang='lat' dir='ltr'><strong>sorori</strong></span> <span class='ocrx_word' id='word_1_522' title='bbox 1622 3812 1733 3852; x_wconf 65' lang='lat' dir='ltr'><strong>sua:</strong></span> <span class='ocrx_word' id='word_1_523' title='bbox 1758 3797 1850 3852; x_wconf 86' lang='lat' dir='ltr'><strong>illa</strong></span> 
     </span>
    </p>
   </div>
   <div class='ocr_carea' id='block_1_68' title="bbox 186 3888 1849 3962">
    <p class='ocr_par' dir='ltr' id='par_1_68' title="bbox 186 3888 1849 3962">
     <span class='ocr_line' id='line_1_68' title="bbox 186 3888 1849 3962; baseline 0.001 -19"><span class='ocrx_word' id='word_1_524' title='bbox 186 3888 191 3889; x_wconf 59' lang='grc'><strong><em>⁷</em></strong></span> <span class='ocrx_word' id='word_1_525' title='bbox 252 3895 444 3953; x_wconf 83' lang='lat' dir='ltr'><strong>nocte,</strong></span> <span class='ocrx_word' id='word_1_526' title='bbox 465 3896 525 3943; x_wconf 90' lang='lat' dir='ltr'><strong>ut</strong></span> <span class='ocrx_word' id='word_1_527' title='bbox 551 3888 776 3954; x_wconf 88' lang='lat' dir='ltr'><strong>scilicet,</strong></span> <span class='ocrx_word' id='word_1_528' title='bbox 804 3889 895 3959; x_wconf 90' lang='lat' dir='ltr'><strong>qui</strong></span> <span class='ocrx_word' id='word_1_529' title='bbox 926 3889 1125 3945; x_wconf 90' lang='lat' dir='ltr'><strong>virtute</strong></span> <span class='ocrx_word' id='word_1_530' title='bbox 1163 3889 1436 3946; x_wconf 88' lang='lat' dir='ltr'><strong>laboriosa</strong></span> <span class='ocrx_word' id='word_1_531' title='bbox 1468 3890 1720 3962; x_wconf 88' lang='lat' dir='ltr'><strong>regimini</strong></span> <span class='ocrx_word' id='word_1_532' title='bbox 1748 3905 1849 3960; x_wconf 90' lang='lat' dir='ltr'><strong>po-</strong></span> 
     </span>
    </p>
   </div>
   <div class='ocr_carea' id='block_1_69' title="bbox 252 3977 1852 4049">
    <p class='ocr_par' dir='ltr' id='par_1_69' title="bbox 252 3977 1852 4049">
     <span class='ocr_line' id='line_1_69' title="bbox 252 3977 1852 4049; baseline 0.004 -18"><span class='ocrx_word' id='word_1_533' title='bbox 252 3977 513 4049; x_wconf 86' lang='lat' dir='ltr'><strong>pulorum</strong></span> <span class='ocrx_word' id='word_1_534' title='bbox 536 3980 926 4037; x_wconf 89' lang='lat' dir='ltr'><strong>accommodati</strong></span> <span class='ocrx_word' id='word_1_535' title='bbox 947 3990 1093 4049; x_wconf 88' lang='lat' dir='ltr'><strong>sunt,</strong></span> <span class='ocrx_word' id='word_1_536' title='bbox 1121 3982 1287 4037; x_wconf 89' lang='lat' dir='ltr'><strong>etiam</strong></span> <span class='ocrx_word' id='word_1_537' title='bbox 1315 3981 1361 4036; x_wconf 91' lang='lat' dir='ltr'><strong>si</strong></span> <span class='ocrx_word' id='word_1_538' title='bbox 1388 3981 1629 4037; x_wconf 69' lang='lat' dir='ltr'><strong>scientia:</strong></span> <span class='ocrx_word' id='word_1_539' title='bbox 1655 3996 1852 4039; x_wconf 90' lang='lat' dir='ltr'><strong>vacare</strong></span> 
     </span>
    </p>
   </div>
   <div class='ocr_carea' id='block_1_70' title="bbox 257 4069 1853 4144">
    <p class='ocr_par' dir='ltr' id='par_1_70' title="bbox 257 4069 1853 4144">
     <span class='ocr_line' id='line_1_70' title="bbox 257 4069 1853 4144; baseline 0.002 -19"><span class='ocrx_word' id='word_1_540' title='bbox 257 4069 548 4141; x_wconf 85' lang='lat' dir='ltr'><strong>elegerint,</strong></span> <span class='ocrx_word' id='word_1_541' title='bbox 596 4072 895 4143; x_wconf 87' lang='lat' dir='ltr'><strong>suscipiant</strong></span> <span class='ocrx_word' id='word_1_542' title='bbox 918 4073 1310 4144; x_wconf 82' lang='lat' dir='ltr'><strong>experientiam</strong></span> <span class='ocrx_word' id='word_1_543' title='bbox 1348 4073 1730 4139; x_wconf 87' lang='lat' dir='ltr'><strong>tentationum,</strong></span> <span class='ocrx_word' id='word_1_544' title='bbox 1761 4086 1853 4128; x_wconf 87' lang='lat' dir='ltr'><strong>cu-</strong></span> 
     </span>
    </p>
   </div>
   <div class='ocr_carea' id='block_1_71' title="bbox 259 4163 1853 4235">
    <p class='ocr_par' dir='ltr' id='par_1_71' title="bbox 259 4163 1853 4235">
     <span class='ocr_line' id='line_1_71' title="bbox 259 4163 1853 4235; baseline 0.001 -20"><span class='ocrx_word' id='word_1_545' title='bbox 259 4175 449 4216; x_wconf 86' lang='lat' dir='ltr'><strong>rarum</strong></span> <span class='ocrx_word' id='word_1_546' title='bbox 490 4177 703 4233; x_wconf 90' lang='lat' dir='ltr'><strong>quoque</strong></span> <span class='ocrx_word' id='word_1_547' title='bbox 750 4163 1019 4219; x_wconf 90' lang='lat' dir='ltr'><strong>sarcinam</strong></span> <span class='ocrx_word' id='word_1_548' title='bbox 1063 4180 1163 4235; x_wconf 91' lang='lat' dir='ltr'><strong>pro</strong></span> <span class='ocrx_word' id='word_1_549' title='bbox 1188 4164 1424 4219; x_wconf 87' lang='lat' dir='ltr'><strong>utilitate</strong></span> <span class='ocrx_word' id='word_1_550' title='bbox 1456 4164 1753 4229; x_wconf 91' lang='lat' dir='ltr'><strong>communi,</strong></span> <span class='ocrx_word' id='word_1_551' title='bbox 1783 4177 1853 4218; x_wconf 92' lang='lat' dir='ltr'><strong>ne</strong></span> 
     </span>
    </p>
   </div>
   <div class='ocr_carea' id='block_1_72' title="bbox 258 4253 1849 4325">
    <p class='ocr_par' dir='ltr' id='par_1_72' title="bbox 258 4253 1849 4325">
     <span class='ocr_line' id='line_1_72' title="bbox 258 4253 1849 4325; baseline 0.001 -17"><span class='ocrx_word' id='word_1_552' title='bbox 258 4253 381 4323; x_wconf 88' lang='lat' dir='ltr'><strong>ipsa</strong></span> <span class='ocrx_word' id='word_1_553' title='bbox 412 4254 656 4310; x_wconf 90' lang='lat' dir='ltr'><strong>doctrina</strong></span> <span class='ocrx_word' id='word_1_554' title='bbox 689 4255 984 4325; x_wconf 69' lang='lat' dir='ltr'><strong>sapientiae,</strong></span> <span class='ocrx_word' id='word_1_555' title='bbox 1017 4257 1105 4311; x_wconf 91' lang='lat' dir='ltr'><strong>cui</strong></span> <span class='ocrx_word' id='word_1_556' title='bbox 1132 4272 1327 4312; x_wconf 89' lang='lat' dir='ltr'><strong>vacare</strong></span> <span class='ocrx_word' id='word_1_557' title='bbox 1371 4262 1709 4321; x_wconf 88' lang='lat' dir='ltr'><strong>statuerant,</strong></span> <span class='ocrx_word' id='word_1_558' title='bbox 1732 4254 1849 4311; x_wconf 87' lang='lat' dir='ltr'><strong>bla-</strong></span> 
     </span>
    </p>
   </div>
   <div class='ocr_carea' id='block_1_73' title="bbox 259 4349 1852 4422">
    <p class='ocr_par' dir='ltr' id='par_1_73' title="bbox 259 4349 1852 4422">
     <span class='ocr_line' id='line_1_73' title="bbox 259 4349 1852 4422; baseline 0 -19"><span class='ocrx_word' id='word_1_559' title='bbox 259 4349 598 4419; x_wconf 85' lang='lat' dir='ltr'><strong>sphemetur,</strong></span> <span class='ocrx_word' id='word_1_560' title='bbox 629 4365 805 4420; x_wconf 91' lang='lat' dir='ltr'><strong>neque</strong></span> <span class='ocrx_word' id='word_1_561' title='bbox 832 4350 1163 4420; x_wconf 89' lang='lat' dir='ltr'><strong>adipiscatur</strong></span> <span class='ocrx_word' id='word_1_562' title='bbox 1198 4352 1267 4406; x_wconf 92' lang='lat' dir='ltr'><strong>ab</strong></span> <span class='ocrx_word' id='word_1_563' title='bbox 1295 4350 1725 4422; x_wconf 87' lang='lat' dir='ltr'><strong>imperitioribus</strong></span> <span class='ocrx_word' id='word_1_564' title='bbox 1761 4364 1852 4419; x_wconf 93' lang='lat' dir='ltr'><strong>po-</strong></span> 
     </span>
    </p>
   </div>
   <div class='ocr_carea' id='block_1_74' title="bbox 259 4438 1850 4512">
    <p class='ocr_par' dir='ltr' id='par_1_74' title="bbox 259 4438 1850 4512">
     <span class='ocr_line' id='line_1_74' title="bbox 259 4438 1850 4512; baseline -0.001 -18"><span class='ocrx_word' id='word_1_565' title='bbox 259 4438 405 4512; x_wconf 89' lang='lat' dir='ltr'><strong>pulis</strong></span> <span class='ocrx_word' id='word_1_566' title='bbox 425 4441 879 4497; x_wconf 82' lang='lat' dir='ltr'><strong>existimationem</strong></span> <span class='ocrx_word' id='word_1_567' title='bbox 900 4442 1096 4497; x_wconf 90' lang='lat' dir='ltr'><strong>bonam</strong></span> <span class='ocrx_word' id='word_1_568' title='bbox 1115 4483 1129 4508; x_wconf 92' lang='lat'><strong>,</strong></span> <span class='ocrx_word' id='word_1_569' title='bbox 1159 4441 1304 4512; x_wconf 82' lang='lat' dir='ltr'><strong>quod</strong></span> <span class='ocrx_word' id='word_1_570' title='bbox 1334 4442 1423 4496; x_wconf 89' lang='lat' dir='ltr'><strong>illa</strong></span> <span class='ocrx_word' id='word_1_571' title='bbox 1446 4456 1607 4512; x_wconf 79' lang='lat' dir='ltr'><strong>poma</strong></span> <span class='ocrx_word' id='word_1_572' title='bbox 1640 4439 1850 4510; x_wconf 78' lang='lat' dir='ltr'><strong>signiti-</strong></span> 
     </span>
    </p>
   </div>
   <div class='ocr_carea' id='block_1_75' title="bbox 262 4531 1851 4601">
    <p class='ocr_par' dir='ltr' id='par_1_75' title="bbox 262 4531 1851 4601">
     <span class='ocr_line' id='line_1_75' title="bbox 262 4531 1851 4601; baseline -0.003 -13"><span class='ocrx_word' id='word_1_573' title='bbox 262 4540 412 4597; x_wconf 88' lang='lat' dir='ltr'><strong>cant,</strong></span> <span class='ocrx_word' id='word_1_574' title='bbox 465 4540 520 4587; x_wconf 89' lang='lat' dir='ltr'><strong>et</strong></span> <span class='ocrx_word' id='word_1_575' title='bbox 576 4531 718 4601; x_wconf 90' lang='lat' dir='ltr'><strong>quod</strong></span> <span class='ocrx_word' id='word_1_576' title='bbox 774 4534 1139 4587; x_wconf 81' lang='lat' dir='ltr'><strong>necessarium</strong></span> <span class='ocrx_word' id='word_1_577' title='bbox 1195 4542 1280 4588; x_wconf 89' lang='lat' dir='ltr'><strong>est</strong></span> <span class='ocrx_word' id='word_1_578' title='bbox 1317 4533 1384 4587; x_wconf 89' lang='lat' dir='ltr'><strong>ad</strong></span> <span class='ocrx_word' id='word_1_579' title='bbox 1415 4532 1851 4588; x_wconf 79' lang='lat' dir='ltr'><strong>exhortationem</strong></span> 
     </span>
    </p>
   </div>
   <div class='ocr_carea' id='block_1_76' title="bbox 262 4619 1845 4691">
    <p class='ocr_par' dir='ltr' id='par_1_76' title="bbox 262 4619 1845 4691">
     <span class='ocr_line' id='line_1_76' title="bbox 262 4619 1845 4691; baseline -0.002 -12"><span class='ocrx_word' id='word_1_580' title='bbox 262 4622 603 4680; x_wconf 88' lang='lat' dir='ltr'><strong>discentium.</strong></span> <span class='ocrx_word' id='word_1_581' title='bbox 646 4621 755 4677; x_wconf 89' lang='lat' dir='ltr'><strong>Sed</strong></span> <span class='ocrx_word' id='word_1_582' title='bbox 797 4621 977 4691; x_wconf 90' lang='lat' dir='ltr'><strong>plane,</strong></span> <span class='ocrx_word' id='word_1_583' title='bbox 1014 4628 1076 4674; x_wconf 89' lang='lat' dir='ltr'><strong>ut</strong></span> <span class='ocrx_word' id='word_1_584' title='bbox 1116 4619 1258 4673; x_wconf 88' lang='lat' dir='ltr'><strong>hanc</strong></span> <span class='ocrx_word' id='word_1_585' title='bbox 1283 4633 1472 4673; x_wconf 89' lang='lat' dir='ltr'><strong>curam</strong></span> <span class='ocrx_word' id='word_1_586' title='bbox 1530 4623 1845 4686; x_wconf 79' lang='lat' dir='ltr'><strong>suscipiant.</strong></span> 
     </span>
    </p>
   </div>
   <div class='ocr_carea' id='block_1_77' title="bbox 260 4708 1851 4783">
    <p class='ocr_par' dir='ltr' id='par_1_77' title="bbox 260 4708 1851 4783">
     <span class='ocr_line' id='line_1_77' title="bbox 260 4708 1851 4783; baseline -0.005 -15"><span class='ocrx_word' id='word_1_587' title='bbox 260 4715 316 4768; x_wconf 91' lang='lat' dir='ltr'><strong>vi</strong></span> <span class='ocrx_word' id='word_1_588' title='bbox 348 4723 614 4783; x_wconf 86' lang='lat' dir='ltr'><strong>coguntur</strong></span> <span class='ocrx_word' id='word_1_589' title='bbox 644 4714 798 4779; x_wconf 87' lang='lat' dir='ltr'><strong>satis,</strong></span> <span class='ocrx_word' id='word_1_590' title='bbox 821 4723 877 4768; x_wconf 87' lang='lat' dir='ltr'><strong>et</strong></span> <span class='ocrx_word' id='word_1_591' title='bbox 904 4714 1007 4767; x_wconf 90' lang='lat' dir='ltr'><strong>hoc</strong></span> <span class='ocrx_word' id='word_1_592' title='bbox 1036 4709 1399 4779; x_wconf 83' lang='lat' dir='ltr'><strong>significatum</strong></span> <span class='ocrx_word' id='word_1_593' title='bbox 1425 4717 1530 4773; x_wconf 87' lang='lat' dir='ltr'><strong>est,</strong></span> <span class='ocrx_word' id='word_1_594' title='bbox 1558 4708 1700 4778; x_wconf 88' lang='lat' dir='ltr'><strong>quod</strong></span> <span class='ocrx_word' id='word_1_595' title='bbox 1729 4722 1851 4761; x_wconf 89' lang='lat' dir='ltr'><strong>cum</strong></span> 
     </span>
    </p>
   </div>
   <div class='ocr_carea' id='block_1_78' title="bbox 262 4799 1851 4875">
    <p class='ocr_par' dir='ltr' id='par_1_78' title="bbox 262 4799 1851 4875">
     <span class='ocr_line' id='line_1_78' title="bbox 262 4799 1851 4875; baseline -0.005 -14"><span class='ocrx_word' id='word_1_596' title='bbox 262 4805 474 4861; x_wconf 87' lang='lat' dir='ltr'><strong>veniret</strong></span> <span class='ocrx_word' id='word_1_597' title='bbox 500 4807 566 4859; x_wconf 92' lang='lat' dir='ltr'><strong>de</strong></span> <span class='ocrx_word' id='word_1_598' title='bbox 589 4822 719 4875; x_wconf 81' lang='lat' dir='ltr'><strong>agro</strong></span> <span class='ocrx_word' id='word_1_599' title='bbox 742 4805 930 4871; x_wconf 89' lang='lat' dir='ltr'><strong>Jacob,</strong></span> <span class='ocrx_word' id='word_1_600' title='bbox 959 4804 1199 4861; x_wconf 88' lang='lat' dir='ltr'><strong>occurrit</strong></span> <span class='ocrx_word' id='word_1_601' title='bbox 1224 4803 1273 4857; x_wconf 89' lang='lat' dir='ltr'><strong>ei</strong></span> <span class='ocrx_word' id='word_1_602' title='bbox 1298 4803 1420 4868; x_wconf 88' lang='lat' dir='ltr'><strong>Lia,</strong></span> <span class='ocrx_word' id='word_1_603' title='bbox 1452 4817 1687 4871; x_wconf 91' lang='lat' dir='ltr'><strong>eumque</strong></span> <span class='ocrx_word' id='word_1_604' title='bbox 1711 4799 1851 4854; x_wconf 89' lang='lat' dir='ltr'><strong>dcti-</strong></span> 
     </span>
    </p>
   </div>
   <div class='ocr_carea' id='block_1_79' title="bbox 262 4894 1854 4963">
    <p class='ocr_par' dir='ltr' id='par_1_79' title="bbox 262 4894 1854 4963">
     <span class='ocr_line' id='line_1_79' title="bbox 262 4894 1854 4963; baseline -0.003 -13"><span class='ocrx_word' id='word_1_605' title='bbox 262 4912 401 4951; x_wconf 90' lang='lat' dir='ltr'><strong>nens</strong></span> <span class='ocrx_word' id='word_1_606' title='bbox 427 4896 539 4950; x_wconf 87' lang='lat' dir='ltr'><strong>ait:</strong></span> <span class='ocrx_word' id='word_1_607' title='bbox 573 4895 654 4949; x_wconf 83' lang='lat' dir='ltr'><strong>Ad</strong></span> <span class='ocrx_word' id='word_1_608' title='bbox 677 4912 757 4950; x_wconf 90' lang='lat' dir='ltr'><strong>me</strong></span> <span class='ocrx_word' id='word_1_609' title='bbox 795 4896 1035 4961; x_wconf 78' lang='lat' dir='ltr'><strong>intrabis,</strong></span> <span class='ocrx_word' id='word_1_610' title='bbox 1068 4894 1298 4949; x_wconf 75' lang='lat' dir='ltr'><strong>conduxi</strong></span> <span class='ocrx_word' id='word_1_611' title='bbox 1323 4895 1459 4948; x_wconf 86' lang='lat' dir='ltr'><strong>enim</strong></span> <span class='ocrx_word' id='word_1_612' title='bbox 1499 4902 1547 4946; x_wconf 90' lang='lat' dir='ltr'><strong>te</strong></span> <span class='ocrx_word' id='word_1_613' title='bbox 1579 4909 1673 4963; x_wconf 86' lang='lat' dir='ltr'><strong>pro</strong></span> <span class='ocrx_word' id='word_1_614' title='bbox 1703 4907 1854 4945; x_wconf 86' lang='lat' dir='ltr'><strong>man-</strong></span> 
     </span>
    </p>
   </div>
   <div class='ocr_carea' id='block_1_80' title="bbox 262 4984 1856 5057">
    <p class='ocr_par' dir='ltr' id='par_1_80' title="bbox 262 4984 1856 5057">
     <span class='ocr_line' id='line_1_80' title="bbox 262 4984 1856 5057; baseline -0.002 -17"><span class='ocrx_word' id='word_1_615' title='bbox 262 4988 504 5057; x_wconf 83' lang='lat' dir='ltr'><strong>dragoris</strong></span> <span class='ocrx_word' id='word_1_616' title='bbox 526 4986 625 5056; x_wconf 85' lang='lat' dir='ltr'><strong>ﬁlii</strong></span> <span class='ocrx_word' id='word_1_617' title='bbox 658 4988 778 5042; x_wconf 87' lang='lat' dir='ltr'><strong>mei.</strong></span> <span class='ocrx_word' id='word_1_618' title='bbox 818 4987 1097 5057; x_wconf 84' lang='lat' dir='ltr'><strong>Tanquam</strong></span> <span class='ocrx_word' id='word_1_619' title='bbox 1123 4987 1331 5042; x_wconf 88' lang='lat' dir='ltr'><strong>diceret</strong></span> <span class='ocrx_word' id='word_1_620' title='bbox 1357 5004 1371 5039; x_wconf 89' lang='lat'><strong>:</strong></span> <span class='ocrx_word' id='word_1_621' title='bbox 1410 4984 1668 5040; x_wconf 71' lang='lat' dir='ltr'><strong>doctrina:</strong></span> <span class='ocrx_word' id='word_1_622' title='bbox 1690 4997 1856 5053; x_wconf 89' lang='lat' dir='ltr'><strong>quam</strong></span> 
     </span>
    </p>
   </div>
   <div class='ocr_carea' id='block_1_81' title="bbox 264 5074 1855 5151">
    <p class='ocr_par' dir='ltr' id='par_1_81' title="bbox 264 5074 1855 5151">
     <span class='ocr_line' id='line_1_81' title="bbox 264 5074 1855 5151; baseline -0.003 -16"><span class='ocrx_word' id='word_1_623' title='bbox 264 5080 447 5151; x_wconf 90' lang='lat' dir='ltr'><strong>diligis</strong></span> <span class='ocrx_word' id='word_1_624' title='bbox 490 5080 574 5135; x_wconf 85' lang='lat' dir='ltr'><strong>vis</strong></span> <span class='ocrx_word' id='word_1_625' title='bbox 620 5079 866 5135; x_wconf 85' lang='lat' dir='ltr'><strong>conferre</strong></span> <span class='ocrx_word' id='word_1_626' title='bbox 897 5081 1091 5135; x_wconf 87' lang='lat' dir='ltr'><strong>bonam</strong></span> <span class='ocrx_word' id='word_1_627' title='bbox 1131 5077 1485 5149; x_wconf 86' lang='lat' dir='ltr'><strong>opinionem?</strong></span> <span class='ocrx_word' id='word_1_628' title='bbox 1514 5077 1622 5131; x_wconf 90' lang='lat' dir='ltr'><strong>noli</strong></span> <span class='ocrx_word' id='word_1_629' title='bbox 1662 5074 1855 5146; x_wconf 85' lang='lat' dir='ltr'><strong>fugere</strong></span> 
     </span>
    </p>
   </div>
   <div class='ocr_carea' id='block_1_82' title="bbox 263 5166 1851 5239">
    <p class='ocr_par' dir='ltr' id='par_1_82' title="bbox 263 5166 1851 5239">
     <span class='ocr_line' id='line_1_82' title="bbox 263 5166 1851 5239; baseline -0.004 -12"><span class='ocrx_word' id='word_1_630' title='bbox 263 5170 570 5227; x_wconf 87' lang='lat' dir='ltr'><strong>officiosum</strong></span> <span class='ocrx_word' id='word_1_631' title='bbox 602 5171 859 5226; x_wconf 89' lang='lat' dir='ltr'><strong>laborem.</strong></span> <span class='ocrx_word' id='word_1_632' title='bbox 913 5171 1037 5227; x_wconf 83' lang='lat' dir='ltr'><strong>Haec</strong></span> <span class='ocrx_word' id='word_1_633' title='bbox 1078 5171 1134 5226; x_wconf 91' lang='lat' dir='ltr'><strong>in</strong></span> <span class='ocrx_word' id='word_1_634' title='bbox 1191 5169 1434 5225; x_wconf 82' lang='lat' dir='ltr'><strong>Ecclesia</strong></span> <span class='ocrx_word' id='word_1_635' title='bbox 1463 5168 1577 5239; x_wconf 89' lang='lat' dir='ltr'><strong>geri</strong></span> <span class='ocrx_word' id='word_1_636' title='bbox 1602 5166 1851 5237; x_wconf 85' lang='lat' dir='ltr'><strong>quisquis</strong></span> 
     </span>
    </p>
   </div>
   <div class='ocr_carea' id='block_1_83' title="bbox 265 5256 1857 5333">
    <p class='ocr_par' dir='ltr' id='par_1_83' title="bbox 265 5256 1857 5333">
     <span class='ocr_line' id='line_1_83' title="bbox 265 5256 1857 5333; baseline -0.005 -16"><span class='ocrx_word' id='word_1_637' title='bbox 265 5262 564 5319; x_wconf 87' lang='lat' dir='ltr'><strong>adverterit</strong></span> <span class='ocrx_word' id='word_1_638' title='bbox 589 5262 783 5327; x_wconf 90' lang='lat' dir='ltr'><strong>cernit,</strong></span> <span class='ocrx_word' id='word_1_639' title='bbox 814 5270 868 5316; x_wconf 89' lang='lat' dir='ltr'><strong>et</strong></span> <span class='ocrx_word' id='word_1_640' title='bbox 895 5262 1176 5333; x_wconf 88' lang='lat' dir='ltr'><strong>experitur</strong></span> <span class='ocrx_word' id='word_1_641' title='bbox 1196 5260 1252 5315; x_wconf 91' lang='lat' dir='ltr'><strong>in</strong></span> <span class='ocrx_word' id='word_1_642' title='bbox 1273 5258 1536 5329; x_wconf 81' lang='lat' dir='ltr'><strong>exemplis</strong></span> <span class='ocrx_word' id='word_1_643' title='bbox 1582 5258 1727 5328; x_wconf 86' lang='lat' dir='ltr'><strong>quod</strong></span> <span class='ocrx_word' id='word_1_644' title='bbox 1774 5256 1857 5310; x_wconf 89' lang='lat' dir='ltr'><strong>in-</strong></span> 
     </span>
    </p>
   </div>
   <div class='ocr_carea' id='block_1_84' title="bbox 266 5349 1855 5426">
    <p class='ocr_par' dir='ltr' id='par_1_84' title="bbox 266 5349 1855 5426">
     <span class='ocr_line' id='line_1_84' title="bbox 266 5349 1855 5426; baseline -0.004 -17"><span class='ocrx_word' id='word_1_645' title='bbox 266 5354 660 5426; x_wconf 51' lang='lat' dir='ltr'><strong>telligimuscin</strong></span> <span class='ocrx_word' id='word_1_646' title='bbox 688 5354 861 5410; x_wconf 89' lang='lat' dir='ltr'><strong>libris.</strong></span> <span class='ocrx_word' id='word_1_647' title='bbox 906 5353 1039 5420; x_wconf 85' lang='lat' dir='ltr'><strong>Quis</strong></span> <span class='ocrx_word' id='word_1_648' title='bbox 1074 5368 1184 5409; x_wconf 91' lang='lat' dir='ltr'><strong>non</strong></span> <span class='ocrx_word' id='word_1_649' title='bbox 1232 5352 1418 5407; x_wconf 89' lang='lat' dir='ltr'><strong>videat</strong></span> <span class='ocrx_word' id='word_1_650' title='bbox 1463 5351 1568 5406; x_wconf 90' lang='lat' dir='ltr'><strong>hoc</strong></span> <span class='ocrx_word' id='word_1_651' title='bbox 1598 5349 1713 5419; x_wconf 88' lang='lat' dir='ltr'><strong>geri</strong></span> <span class='ocrx_word' id='word_1_652' title='bbox 1741 5357 1855 5404; x_wconf 86' lang='lat' dir='ltr'><strong>toto</strong></span> 
     </span>
    </p>
   </div>
   <div class='ocr_carea' id='block_1_85' title="bbox 204 5440 1852 5513">
    <p class='ocr_par' dir='ltr' id='par_1_85' title="bbox 204 5440 1852 5513">
     <span class='ocr_line' id='line_1_85' title="bbox 204 5440 1852 5513; baseline -0.004 -12"><span class='ocrx_word' id='word_1_653' title='bbox 204 5468 205 5471; x_wconf 49' lang='grc' dir='ltr'><strong>η</strong></span> <span class='ocrx_word' id='word_1_654' title='bbox 262 5444 402 5501; x_wconf 79' lang='lat' dir='ltr'><strong>orbe</strong></span> <span class='ocrx_word' id='word_1_655' title='bbox 436 5456 706 5501; x_wconf 85' lang='lat' dir='ltr'><strong>terrarum</strong></span> <span class='ocrx_word' id='word_1_656' title='bbox 724 5484 739 5511; x_wconf 90' lang='lat'><strong>,</strong></span> <span class='ocrx_word' id='word_1_657' title='bbox 760 5445 947 5499; x_wconf 87' lang='lat' dir='ltr'><strong>venire</strong></span> <span class='ocrx_word' id='word_1_658' title='bbox 975 5445 1223 5502; x_wconf 88' lang='lat' dir='ltr'><strong>homines</strong></span> <span class='ocrx_word' id='word_1_659' title='bbox 1267 5444 1337 5500; x_wconf 87' lang='lat' dir='ltr'><strong>ab</strong></span> <span class='ocrx_word' id='word_1_660' title='bbox 1364 5442 1619 5513; x_wconf 81' lang='lat' dir='ltr'><strong>operibus</strong></span> <span class='ocrx_word' id='word_1_661' title='bbox 1650 5440 1852 5508; x_wconf 61' lang='lat' dir='ltr'><strong>saaculi,</strong></span> 
     </span>
    </p>
   </div>
   <div class='ocr_carea' id='block_1_86' title="bbox 206 5530 1854 5606">
    <p class='ocr_par' dir='ltr' id='par_1_86' title="bbox 206 5530 1854 5606">
     <span class='ocr_line' id='line_1_86' title="bbox 206 5530 1854 5606; baseline -0.004 -15"><span class='ocrx_word' id='word_1_662' title='bbox 206 5548 211 5551; x_wconf 84' lang='lat'>‘</span> <span class='ocrx_word' id='word_1_663' title='bbox 266 5545 324 5591; x_wconf 86' lang='lat' dir='ltr'><strong>et</strong></span> <span class='ocrx_word' id='word_1_664' title='bbox 353 5536 435 5593; x_wconf 88' lang='lat' dir='ltr'><strong>ire</strong></span> <span class='ocrx_word' id='word_1_665' title='bbox 478 5535 535 5592; x_wconf 91' lang='lat' dir='ltr'><strong>in</strong></span> <span class='ocrx_word' id='word_1_666' title='bbox 570 5536 744 5591; x_wconf 88' lang='lat' dir='ltr'><strong>otium</strong></span> <span class='ocrx_word' id='word_1_667' title='bbox 767 5536 1153 5606; x_wconf 72' lang='lat' dir='ltr'><strong>cognoscendae</strong></span> <span class='ocrx_word' id='word_1_668' title='bbox 1183 5544 1242 5590; x_wconf 87' lang='lat' dir='ltr'><strong>et</strong></span> <span class='ocrx_word' id='word_1_669' title='bbox 1266 5531 1692 5603; x_wconf 67' lang='lat' dir='ltr'><strong>contemplanda:</strong></span> <span class='ocrx_word' id='word_1_670' title='bbox 1710 5530 1854 5586; x_wconf 84' lang='lat' dir='ltr'><strong>veri-</strong></span> 
     </span>
    </p>
   </div>
   <div class='ocr_carea' id='block_1_87' title="bbox 240 5621 1858 5697">
    <p class='ocr_par' dir='ltr' id='par_1_87' title="bbox 240 5621 1858 5697">
     <span class='ocr_line' id='line_1_87' title="bbox 240 5621 1858 5697; baseline 0.001 -20"><span class='ocrx_word' id='word_1_671' title='bbox 240 5628 422 5695; x_wconf 79' lang='lat' dir='ltr'><strong>.tatis,</strong></span> <span class='ocrx_word' id='word_1_672' title='bbox 476 5637 733 5697; x_wconf 85' lang='lat' dir='ltr'><strong>tanquam</strong></span> <span class='ocrx_word' id='word_1_673' title='bbox 786 5625 843 5681; x_wconf 91' lang='lat' dir='ltr'><strong>in</strong></span> <span class='ocrx_word' id='word_1_674' title='bbox 898 5626 1147 5695; x_wconf 87' lang='lat' dir='ltr'><strong>amplexu</strong></span> <span class='ocrx_word' id='word_1_675' title='bbox 1191 5625 1418 5692; x_wconf 88' lang='lat' dir='ltr'><strong>Rachel,</strong></span> <span class='ocrx_word' id='word_1_676' title='bbox 1464 5633 1521 5680; x_wconf 91' lang='lat' dir='ltr'><strong>et</strong></span> <span class='ocrx_word' id='word_1_677' title='bbox 1564 5622 1740 5693; x_wconf 79' lang='lat' dir='ltr'><strong>excipi</strong></span> <span class='ocrx_word' id='word_1_678' title='bbox 1789 5621 1858 5679; x_wconf 88' lang='lat' dir='ltr'><strong>de</strong></span> 
     </span>
    </p>
   </div>
   <div class='ocr_carea' id='block_1_88' title="bbox 272 5714 1851 5785">
    <p class='ocr_par' dir='ltr' id='par_1_88' title="bbox 272 5714 1851 5785">
     <span class='ocr_line' id='line_1_88' title="bbox 272 5714 1851 5785; baseline -0.005 -10"><span class='ocrx_word' id='word_1_679' title='bbox 272 5729 583 5775; x_wconf 86' lang='lat' dir='ltr'><strong>transverso</strong></span> <span class='ocrx_word' id='word_1_680' title='bbox 626 5717 999 5774; x_wconf 88' lang='lat' dir='ltr'><strong>ecclesiastica</strong></span> <span class='ocrx_word' id='word_1_681' title='bbox 1050 5718 1372 5771; x_wconf 84' lang='lat' dir='ltr'><strong>necessitate</strong></span> <span class='ocrx_word' id='word_1_682' title='bbox 1405 5758 1420 5782; x_wconf 92' lang='lat'><strong>,</strong></span> <span class='ocrx_word' id='word_1_683' title='bbox 1487 5727 1651 5785; x_wconf 87' lang='lat' dir='ltr'><strong>atque</strong></span> <span class='ocrx_word' id='word_1_684' title='bbox 1702 5714 1851 5768; x_wconf 92' lang='lat' dir='ltr'><strong>ordi-</strong></span> 
     </span>
    </p>
   </div>
   <div class='ocr_carea' id='block_1_89' title="bbox 271 5806 1858 5880">
    <p class='ocr_par' dir='ltr' id='par_1_89' title="bbox 271 5806 1858 5880">
     <span class='ocr_line' id='line_1_89' title="bbox 271 5806 1858 5880; baseline -0.003 -14"><span class='ocrx_word' id='word_1_685' title='bbox 271 5813 393 5868; x_wconf 84' lang='lat' dir='ltr'><strong>nari</strong></span> <span class='ocrx_word' id='word_1_686' title='bbox 420 5812 749 5879; x_wconf 75' lang='lat' dir='ltr'><strong>inlaborem,</strong></span> <span class='ocrx_word' id='word_1_687' title='bbox 765 5820 1020 5880; x_wconf 90' lang='lat' dir='ltr'><strong>tanquam</strong></span> <span class='ocrx_word' id='word_1_688' title='bbox 1034 5809 1132 5865; x_wconf 90' lang='lat' dir='ltr'><strong>Lia</strong></span> <span class='ocrx_word' id='word_1_689' title='bbox 1153 5810 1381 5875; x_wconf 86' lang='lat' dir='ltr'><strong>dicente,</strong></span> <span class='ocrx_word' id='word_1_690' title='bbox 1398 5808 1479 5861; x_wconf 76' lang='lat' dir='ltr'><strong>Ad</strong></span> <span class='ocrx_word' id='word_1_691' title='bbox 1506 5825 1583 5862; x_wconf 89' lang='lat' dir='ltr'><strong>me</strong></span> <span class='ocrx_word' id='word_1_692' title='bbox 1599 5806 1819 5862; x_wconf 81' lang='lat' dir='ltr'><strong>intrabis</strong></span> <span class='ocrx_word' id='word_1_693' title='bbox 1832 5807 1858 5861; x_wconf 72' lang='lat'><strong>3’</strong></span> 
     </span>
    </p>
   </div>
   <div class='ocr_carea' id='block_1_90' title="bbox 208 5900 1919 5983">
    <p class='ocr_par' dir='ltr' id='par_1_90' title="bbox 208 5900 1919 5983">
     <span class='ocr_line' id='line_1_90' title="bbox 208 5900 1919 5983; baseline -0.002 -21"><span class='ocrx_word' id='word_1_694' title='bbox 208 5958 221 5969; x_wconf 58' lang='lat'><strong>,</strong></span> <span class='ocrx_word' id='word_1_695' title='bbox 270 5905 442 5980; x_wconf 63' lang='lat' dir='ltr'><strong>Qui!»</strong></span> <span class='ocrx_word' id='word_1_696' title='bbox 521 5905 666 5968; x_wconf 65' lang='lat' dir='ltr'><strong>’stud</strong></span> <span class='ocrx_word' id='word_1_697' title='bbox 712 5906 1031 5982; x_wconf 81' lang='lat' dir='ltr'><strong>mysterium</strong></span> <span class='ocrx_word' id='word_1_698' title='bbox 1057 5903 1155 5963; x_wconf 87' lang='lat' dir='ltr'><strong>Dei</strong></span> <span class='ocrx_word' id='word_1_699' title='bbox 1205 5902 1649 5977; x_wconf 87' lang='lat' dir='ltr'><strong>dispenantibus,</strong></span> <span class='ocrx_word' id='word_1_700' title='bbox 1677 5908 1740 5959; x_wconf 91' lang='lat' dir='ltr'><strong>ut</strong></span> <span class='ocrx_word' id='word_1_701' title='bbox 1791 5900 1851 5958; x_wconf 86' lang='lat' dir='ltr'><strong>in</strong></span> <span class='ocrx_word' id='word_1_702' title='bbox 1895 5979 1919 5983; x_wconf 25' lang='lat' dir='ltr'><strong>ﬂ</strong></span> 
     </span>
    </p>
   </div>
   <div class='ocr_carea' id='block_1_91' title="bbox 500 6025 557 6038">
    <p class='ocr_par' dir='ltr' id='par_1_91' title="bbox 500 6025 557 6038">
     <span class='ocr_line' id='line_1_91' title="bbox 500 6025 557 6038; baseline 0.018 -1"><span class='ocrx_word' id='word_1_703' title='bbox 500 6025 557 6038; x_wconf 59' lang='grc' dir='ltr'><strong>ιιι.)</strong></span> 
     </span>
    </p>
   </div>
   <div class='ocr_carea' id='block_1_92' title="bbox 1954 3426 3540 3505">
    <p class='ocr_par' dir='ltr' id='par_1_92' title="bbox 1954 3426 3540 3505">
     <span class='ocr_line' id='line_1_92' title="bbox 1954 3426 3540 3505; baseline -0.006 -18"><span class='ocrx_word' id='word_1_704' title='bbox 1954 3430 2078 3487; x_wconf 64' lang='lat' dir='ltr'><strong>vita:</strong></span> <span class='ocrx_word' id='word_1_705' title='bbox 2119 3429 2403 3505; x_wconf 64' lang='lat' dir='ltr'><strong>praesentis</strong></span> <span class='ocrx_word' id='word_1_706' title='bbox 2449 3438 2662 3499; x_wconf 90' lang='lat' dir='ltr'><strong>tempus</strong></span> <span class='ocrx_word' id='word_1_707' title='bbox 2709 3428 3001 3501; x_wconf 82' lang='lat' dir='ltr'><strong>significat,</strong></span> <span class='ocrx_word' id='word_1_708' title='bbox 3039 3426 3166 3499; x_wconf 87' lang='lat' dir='ltr'><strong>quia</strong></span> <span class='ocrx_word' id='word_1_709' title='bbox 3201 3440 3300 3496; x_wconf 90' lang='lat' dir='ltr'><strong>per</strong></span> <span class='ocrx_word' id='word_1_710' title='bbox 3331 3429 3540 3494; x_wconf 88' lang='lat' dir='ltr'><strong>septem</strong></span> 
     </span>
    </p>
   </div>
   <div class='ocr_carea' id='block_1_93' title="bbox 1950 3516 3542 3592">
    <p class='ocr_par' dir='ltr' id='par_1_93' title="bbox 1950 3516 3542 3592">
     <span class='ocr_line' id='line_1_93' title="bbox 1950 3516 3542 3592; baseline -0.008 -12"><span class='ocrx_word' id='word_1_711' title='bbox 1950 3523 2069 3580; x_wconf 87' lang='lat' dir='ltr'><strong>dies</strong></span> <span class='ocrx_word' id='word_1_712' title='bbox 2098 3521 2384 3589; x_wconf 90' lang='lat' dir='ltr'><strong>evolvitur,</strong></span> <span class='ocrx_word' id='word_1_713' title='bbox 2406 3522 2464 3578; x_wconf 88' lang='lat' dir='ltr'><strong>in</strong></span> <span class='ocrx_word' id='word_1_714' title='bbox 2508 3537 2615 3592; x_wconf 88' lang='lat' dir='ltr'><strong>qua</strong></span> <span class='ocrx_word' id='word_1_715' title='bbox 2636 3520 2896 3578; x_wconf 90' lang='lat' dir='ltr'><strong>Dominus</strong></span> <span class='ocrx_word' id='word_1_716' title='bbox 2936 3518 3175 3575; x_wconf 84' lang='lat' dir='ltr'><strong>formam</strong></span> <span class='ocrx_word' id='word_1_717' title='bbox 3206 3516 3352 3573; x_wconf 89' lang='lat' dir='ltr'><strong>servi</strong></span> <span class='ocrx_word' id='word_1_718' title='bbox 3383 3526 3542 3570; x_wconf 89' lang='lat' dir='ltr'><strong>acce-</strong></span> 
     </span>
    </p>
   </div>
   <div class='ocr_carea' id='block_1_94' title="bbox 1924 3602 3541 3686">
    <p class='ocr_par' dir='ltr' id='par_1_94' title="bbox 1924 3602 3541 3686">
     <span class='ocr_line' id='line_1_94' title="bbox 1924 3602 3541 3686; baseline -0.01 -11"><span class='ocrx_word' id='word_1_719' title='bbox 1924 3617 2051 3686; x_wconf 87' lang='lat' dir='ltr'><strong>pit,</strong></span> <span class='ocrx_word' id='word_1_720' title='bbox 2100 3614 2278 3672; x_wconf 79' lang='lat' dir='ltr'><strong>iactus</strong></span> <span class='ocrx_word' id='word_1_721' title='bbox 2324 3613 2582 3670; x_wconf 89' lang='lat' dir='ltr'><strong>obediens</strong></span> <span class='ocrx_word' id='word_1_722' title='bbox 2637 3622 2882 3683; x_wconf 65' lang='lat' dir='ltr'><strong>paternas</strong></span> <span class='ocrx_word' id='word_1_723' title='bbox 2934 3609 3201 3665; x_wconf 90' lang='lat' dir='ltr'><strong>voluntati</strong></span> <span class='ocrx_word' id='word_1_724' title='bbox 3251 3620 3426 3676; x_wconf 89' lang='lat' dir='ltr'><strong>usque</strong></span> <span class='ocrx_word' id='word_1_725' title='bbox 3471 3602 3541 3660; x_wconf 89' lang='lat' dir='ltr'><strong>ad</strong></span> 
     </span>
    </p>
   </div>
   <div class='ocr_carea' id='block_1_95' title="bbox 1951 3695 3542 3775">
    <p class='ocr_par' dir='ltr' id='par_1_95' title="bbox 1951 3695 3542 3775">
     <span class='ocr_line' id='line_1_95' title="bbox 1951 3695 3542 3775; baseline -0.009 -11"><span class='ocrx_word' id='word_1_726' title='bbox 1951 3716 2204 3764; x_wconf 89' lang='lat' dir='ltr'><strong>mortem.</strong></span> <span class='ocrx_word' id='word_1_727' title='bbox 2237 3705 2332 3763; x_wconf 88' lang='lat' dir='ltr'><strong>Ille</strong></span> <span class='ocrx_word' id='word_1_728' title='bbox 2359 3712 2502 3760; x_wconf 81' lang='lat' dir='ltr'><strong>enim</strong></span> <span class='ocrx_word' id='word_1_729' title='bbox 2522 3720 2622 3775; x_wconf 92' lang='lat' dir='ltr'><strong>pro</strong></span> <span class='ocrx_word' id='word_1_730' title='bbox 2649 3702 2900 3759; x_wconf 89' lang='lat' dir='ltr'><strong>omnibus</strong></span> <span class='ocrx_word' id='word_1_731' title='bbox 2924 3701 3173 3766; x_wconf 88' lang='lat' dir='ltr'><strong>servivit,</strong></span> <span class='ocrx_word' id='word_1_732' title='bbox 3195 3707 3250 3756; x_wconf 89' lang='lat' dir='ltr'><strong>et</strong></span> <span class='ocrx_word' id='word_1_733' title='bbox 3273 3695 3542 3767; x_wconf 82' lang='lat' dir='ltr'><strong>Dominus</strong></span> 
     </span>
    </p>
   </div>
   <div class='ocr_carea' id='block_1_96' title="bbox 1946 3783 3541 3863">
    <p class='ocr_par' dir='ltr' id='par_1_96' title="bbox 1946 3783 3541 3863">
     <span class='ocr_line' id='line_1_96' title="bbox 1946 3783 3541 3863; baseline -0.012 -6"><span class='ocrx_word' id='word_1_734' title='bbox 1946 3805 2138 3857; x_wconf 77' lang='lat' dir='ltr'><strong>noster</strong></span> <span class='ocrx_word' id='word_1_735' title='bbox 2162 3797 2277 3851; x_wconf 90' lang='lat' dir='ltr'><strong>ait:</strong></span> <span class='ocrx_word' id='word_1_736' title='bbox 2312 3795 2438 3851; x_wconf 84' lang='lat' dir='ltr'><strong>Non</strong></span> <span class='ocrx_word' id='word_1_737' title='bbox 2456 3795 2594 3850; x_wconf 86' lang='lat' dir='ltr'><strong>venit</strong></span> <span class='ocrx_word' id='word_1_738' title='bbox 2641 3793 2784 3863; x_wconf 80' lang='lat' dir='ltr'><strong>ﬁlius</strong></span> <span class='ocrx_word' id='word_1_739' title='bbox 2819 3791 3043 3847; x_wconf 82' lang='lat' dir='ltr'><strong>hominis</strong></span> <span class='ocrx_word' id='word_1_740' title='bbox 3086 3787 3401 3851; x_wconf 83' lang='lat' dir='ltr'><strong>ministrari,</strong></span> <span class='ocrx_word' id='word_1_741' title='bbox 3448 3783 3541 3839; x_wconf 84' lang='lat' dir='ltr'><strong>sed</strong></span> 
     </span>
    </p>
   </div>
   <div class='ocr_carea' id='block_1_97' title="bbox 1923 3875 3544 3958">
    <p class='ocr_par' dir='ltr' id='par_1_97' title="bbox 1923 3875 3544 3958">
     <span class='ocr_line' id='line_1_97' title="bbox 1923 3875 3544 3958; baseline -0.007 -17"><span class='ocrx_word' id='word_1_742' title='bbox 1923 3888 2253 3943; x_wconf 78' lang='lat' dir='ltr'><strong>.ministrare</strong></span> <span class='ocrx_word' id='word_1_743' title='bbox 2278 3884 2490 3958; x_wconf 80' lang='lat' dir='ltr'><strong>(Matth.</strong></span> <span class='ocrx_word' id='word_1_744' title='bbox 2518 3884 2635 3957; x_wconf 85' lang='lat' dir='ltr'><strong>xx).</strong></span> <span class='ocrx_word' id='word_1_745' title='bbox 2666 3884 2761 3938; x_wconf 87' lang='lat' dir='ltr'><strong>Ille</strong></span> <span class='ocrx_word' id='word_1_746' title='bbox 2801 3898 2932 3939; x_wconf 90' lang='lat' dir='ltr'><strong>oves</strong></span> <span class='ocrx_word' id='word_1_747' title='bbox 2972 3881 3141 3952; x_wconf 90' lang='lat' dir='ltr'><strong>pavit,</strong></span> <span class='ocrx_word' id='word_1_748' title='bbox 3175 3886 3232 3934; x_wconf 90' lang='lat' dir='ltr'><strong>et</strong></span> <span class='ocrx_word' id='word_1_749' title='bbox 3279 3875 3544 3957; x_wconf 64' lang='lat' dir='ltr'><strong>Dominus</strong></span> 
     </span>
    </p>
   </div>
   <div class='ocr_carea' id='block_1_98' title="bbox 1954 3964 3539 4047">
    <p class='ocr_par' dir='ltr' id='par_1_98' title="bbox 1954 3964 3539 4047">
     <span class='ocr_line' id='line_1_98' title="bbox 1954 3964 3539 4047; baseline -0.008 -15"><span class='ocrx_word' id='word_1_750' title='bbox 1954 3978 2010 4033; x_wconf 88' lang='lat' dir='ltr'><strong>in</strong></span> <span class='ocrx_word' id='word_1_751' title='bbox 2039 3975 2329 4047; x_wconf 79' lang='lat' dir='ltr'><strong>Evangelia</strong></span> <span class='ocrx_word' id='word_1_752' title='bbox 2367 3976 2498 4031; x_wconf 86' lang='lat' dir='ltr'><strong>dicit</strong></span> <span class='ocrx_word' id='word_1_753' title='bbox 2524 3992 2538 4029; x_wconf 90' lang='lat'><strong>:</strong></span> <span class='ocrx_word' id='word_1_754' title='bbox 2575 3973 2688 4046; x_wconf 86' lang='lat' dir='ltr'><strong>Ego</strong></span> <span class='ocrx_word' id='word_1_755' title='bbox 2712 3990 2830 4028; x_wconf 87' lang='lat' dir='ltr'><strong>sum</strong></span> <span class='ocrx_word' id='word_1_756' title='bbox 2857 3979 3040 4044; x_wconf 86' lang='lat' dir='ltr'><strong>pastor</strong></span> <span class='ocrx_word' id='word_1_757' title='bbox 3062 3969 3226 4023; x_wconf 85' lang='lat' dir='ltr'><strong>bonus</strong></span> <span class='ocrx_word' id='word_1_758' title='bbox 3249 3966 3432 4040; x_wconf 76' lang='lat' dir='ltr'><strong>(Joan.</strong></span> <span class='ocrx_word' id='word_1_759' title='bbox 3458 3964 3539 4037; x_wconf 87' lang='lat' dir='ltr'><strong>x).</strong></span> 
     </span>
    </p>
   </div>
   <div class='ocr_carea' id='block_1_99' title="bbox 1951 4055 3546 4133">
    <p class='ocr_par' dir='ltr' id='par_1_99' title="bbox 1951 4055 3546 4133">
     <span class='ocr_line' id='line_1_99' title="bbox 1951 4055 3546 4133; baseline -0.009 -8"><span class='ocrx_word' id='word_1_760' title='bbox 1951 4070 2045 4126; x_wconf 85' lang='lat' dir='ltr'><strong>Ille</strong></span> <span class='ocrx_word' id='word_1_761' title='bbox 2074 4070 2340 4125; x_wconf 90' lang='lat' dir='ltr'><strong>mercedis</strong></span> <span class='ocrx_word' id='word_1_762' title='bbox 2365 4068 2517 4123; x_wconf 92' lang='lat' dir='ltr'><strong>lucro</strong></span> <span class='ocrx_word' id='word_1_763' title='bbox 2536 4068 2746 4123; x_wconf 91' lang='lat' dir='ltr'><strong>varium</strong></span> <span class='ocrx_word' id='word_1_764' title='bbox 2770 4065 2872 4121; x_wconf 89' lang='lat' dir='ltr'><strong>sibi</strong></span> <span class='ocrx_word' id='word_1_765' title='bbox 2900 4077 3067 4133; x_wconf 89' lang='lat' dir='ltr'><strong>pecus</strong></span> <span class='ocrx_word' id='word_1_766' title='bbox 3096 4058 3320 4117; x_wconf 89' lang='lat' dir='ltr'><strong>abstulit</strong></span> <span class='ocrx_word' id='word_1_767' title='bbox 3347 4077 3361 4113; x_wconf 92' lang='lat'><strong>:</strong></span> <span class='ocrx_word' id='word_1_768' title='bbox 3391 4055 3546 4114; x_wconf 85' lang='lat' dir='ltr'><strong>Chri-</strong></span> 
     </span>
    </p>
   </div>
   <div class='ocr_carea' id='block_1_100' title="bbox 1953 4151 3545 4229">
    <p class='ocr_par' dir='ltr' id='par_1_100' title="bbox 1953 4151 3545 4229">
     <span class='ocr_line' id='line_1_100' title="bbox 1953 4151 3545 4229; baseline -0.009 -12"><span class='ocrx_word' id='word_1_769' title='bbox 1953 4169 2071 4217; x_wconf 88' lang='lat' dir='ltr'><strong>stus</strong></span> <span class='ocrx_word' id='word_1_770' title='bbox 2126 4160 2465 4216; x_wconf 87' lang='lat' dir='ltr'><strong>diversarum</strong></span> <span class='ocrx_word' id='word_1_771' title='bbox 2518 4158 2757 4229; x_wconf 88' lang='lat' dir='ltr'><strong>gentium</strong></span> <span class='ocrx_word' id='word_1_772' title='bbox 2804 4155 3126 4210; x_wconf 90' lang='lat' dir='ltr'><strong>varietatem</strong></span> <span class='ocrx_word' id='word_1_773' title='bbox 3155 4151 3373 4207; x_wconf 89' lang='lat' dir='ltr'><strong>sibimet</strong></span> <span class='ocrx_word' id='word_1_774' title='bbox 3415 4163 3545 4204; x_wconf 87' lang='lat' dir='ltr'><strong>con-</strong></span> 
     </span>
    </p>
   </div>
   <div class='ocr_carea' id='block_1_101' title="bbox 1952 4238 3543 4324">
    <p class='ocr_par' dir='ltr' id='par_1_101' title="bbox 1952 4238 3543 4324">
     <span class='ocr_line' id='line_1_101' title="bbox 1952 4238 3543 4324; baseline -0.009 -17"><span class='ocrx_word' id='word_1_775' title='bbox 1952 4252 2237 4324; x_wconf 41' lang='lat' dir='ltr'><strong>gregavit“</strong></span> <span class='ocrx_word' id='word_1_776' title='bbox 2272 4251 2368 4306; x_wconf 90' lang='lat' dir='ltr'><strong>Ille</strong></span> <span class='ocrx_word' id='word_1_777' title='bbox 2395 4258 2507 4306; x_wconf 88' lang='lat' dir='ltr'><strong>tres</strong></span> <span class='ocrx_word' id='word_1_778' title='bbox 2535 4250 2717 4320; x_wconf 87' lang='lat' dir='ltr'><strong>virgas</strong></span> <span class='ocrx_word' id='word_1_779' title='bbox 2766 4245 3059 4317; x_wconf 89' lang='lat' dir='ltr'><strong>amputatis</strong></span> <span class='ocrx_word' id='word_1_780' title='bbox 3107 4242 3438 4307; x_wconf 89' lang='lat' dir='ltr'><strong>corticibus,</strong></span> <span class='ocrx_word' id='word_1_781' title='bbox 3486 4238 3543 4294; x_wconf 88' lang='lat' dir='ltr'><strong>in</strong></span> 
     </span>
    </p>
   </div>
   <div class='ocr_carea' id='block_1_102' title="bbox 1954 4332 3544 4415">
    <p class='ocr_par' dir='ltr' id='par_1_102' title="bbox 1954 4332 3544 4415">
     <span class='ocr_line' id='line_1_102' title="bbox 1954 4332 3544 4415; baseline -0.009 -15"><span class='ocrx_word' id='word_1_782' title='bbox 1954 4345 2122 4400; x_wconf 86' lang='lat' dir='ltr'><strong>alveis</strong></span> <span class='ocrx_word' id='word_1_783' title='bbox 2167 4360 2431 4415; x_wconf 84' lang='lat' dir='ltr'><strong>aquarum</strong></span> <span class='ocrx_word' id='word_1_784' title='bbox 2487 4339 2760 4412; x_wconf 89' lang='lat' dir='ltr'><strong>apposuit,</strong></span> <span class='ocrx_word' id='word_1_785' title='bbox 2794 4347 2853 4394; x_wconf 92' lang='lat' dir='ltr'><strong>ut</strong></span> <span class='ocrx_word' id='word_1_786' title='bbox 2874 4353 3064 4392; x_wconf 88' lang='lat' dir='ltr'><strong>earum</strong></span> <span class='ocrx_word' id='word_1_787' title='bbox 3092 4332 3544 4404; x_wconf 85' lang='lat' dir='ltr'><strong>contemplatione</strong></span> 
     </span>
    </p>
   </div>
   <div class='ocr_carea' id='block_1_103' title="bbox 1953 4422 3544 4507">
    <p class='ocr_par' dir='ltr' id='par_1_103' title="bbox 1953 4422 3544 4507">
     <span class='ocr_line' id='line_1_103' title="bbox 1953 4422 3544 4507; baseline -0.011 -15"><span class='ocrx_word' id='word_1_788' title='bbox 1953 4437 2442 4507; x_wconf 90' lang='lat' dir='ltr'><strong>multiplicarentur</strong></span> <span class='ocrx_word' id='word_1_789' title='bbox 2491 4432 2608 4503; x_wconf 88' lang='lat' dir='ltr'><strong>ejus</strong></span> <span class='ocrx_word' id='word_1_790' title='bbox 2654 4446 2806 4497; x_wconf 89' lang='lat' dir='ltr'><strong>oves,</strong></span> <span class='ocrx_word' id='word_1_791' title='bbox 2845 4438 2901 4485; x_wconf 90' lang='lat' dir='ltr'><strong>et</strong></span> <span class='ocrx_word' id='word_1_792' title='bbox 2940 4428 3203 4485; x_wconf 87' lang='lat' dir='ltr'><strong>Dominus</strong></span> <span class='ocrx_word' id='word_1_793' title='bbox 3252 4432 3437 4481; x_wconf 79' lang='lat' dir='ltr'><strong>noster</strong></span> <span class='ocrx_word' id='word_1_794' title='bbox 3485 4422 3544 4476; x_wconf 91' lang='lat' dir='ltr'><strong>in</strong></span> 
     </span>
    </p>
   </div>
   <div class='ocr_carea' id='block_1_104' title="bbox 1953 4511 3542 4598">
    <p class='ocr_par' dir='ltr' id='par_1_104' title="bbox 1953 4511 3542 4598">
     <span class='ocr_line' id='line_1_104' title="bbox 1953 4511 3542 4598; baseline -0.01 -15"><span class='ocrx_word' id='word_1_795' title='bbox 1953 4543 2094 4598; x_wconf 90' lang='lat' dir='ltr'><strong>aqua</strong></span> <span class='ocrx_word' id='word_1_796' title='bbox 2120 4527 2479 4598; x_wconf 86' lang='lat' dir='ltr'><strong>baptismatis,</strong></span> <span class='ocrx_word' id='word_1_797' title='bbox 2508 4524 2673 4578; x_wconf 90' lang='lat' dir='ltr'><strong>trium</strong></span> <span class='ocrx_word' id='word_1_798' title='bbox 2694 4534 3046 4593; x_wconf 88' lang='lat' dir='ltr'><strong>personarum</strong></span> <span class='ocrx_word' id='word_1_799' title='bbox 3076 4516 3316 4582; x_wconf 89' lang='lat' dir='ltr'><strong>nomina,</strong></span> <span class='ocrx_word' id='word_1_800' title='bbox 3340 4511 3542 4578; x_wconf 89' lang='lat' dir='ltr'><strong>Patris,</strong></span> 
     </span>
    </p>
   </div>
   <div class='ocr_carea' id='block_1_105' title="bbox 1957 4601 3538 4691">
    <p class='ocr_par' dir='ltr' id='par_1_105' title="bbox 1957 4601 3538 4691">
     <span class='ocr_line' id='line_1_105' title="bbox 1957 4601 3538 4691; baseline -0.013 -18"><span class='ocrx_word' id='word_1_801' title='bbox 1957 4627 2013 4685; x_wconf 74' lang='lat' dir='ltr'><strong>et</strong></span> <span class='ocrx_word' id='word_1_802' title='bbox 2036 4617 2215 4691; x_wconf 18' lang='lat' dir='ltr'><strong>Eilii,’</strong></span> <span class='ocrx_word' id='word_1_803' title='bbox 2238 4626 2293 4671; x_wconf 88' lang='lat' dir='ltr'><strong>et</strong></span> <span class='ocrx_word' id='word_1_804' title='bbox 2318 4616 2555 4684; x_wconf 89' lang='lat' dir='ltr'><strong>Spiritus</strong></span> <span class='ocrx_word' id='word_1_805' title='bbox 2579 4612 2775 4676; x_wconf 88' lang='lat' dir='ltr'><strong>sancti,</strong></span> <span class='ocrx_word' id='word_1_806' title='bbox 2804 4608 3001 4683; x_wconf 80' lang='lat' dir='ltr'><strong>pepulo</strong></span> <span class='ocrx_word' id='word_1_807' title='bbox 3032 4605 3179 4671; x_wconf 81' lang='lat' dir='ltr'><strong>tldeli</strong></span> <span class='ocrx_word' id='word_1_808' title='bbox 3229 4601 3538 4691; x_wconf 86' lang='lat' dir='ltr'><strong>proposuit,</strong></span> 
     </span>
    </p>
   </div>
   <div class='ocr_carea' id='block_1_106' title="bbox 1961 4689 3543 4771">
    <p class='ocr_par' dir='ltr' id='par_1_106' title="bbox 1961 4689 3543 4771">
     <span class='ocr_line' id='line_1_106' title="bbox 1961 4689 3543 4771; baseline -0.008 -14"><span class='ocrx_word' id='word_1_809' title='bbox 1961 4711 2018 4757; x_wconf 90' lang='lat' dir='ltr'><strong>ut</strong></span> <span class='ocrx_word' id='word_1_810' title='bbox 2064 4689 2310 4771; x_wconf 84' lang='lat' dir='ltr'><strong>quisquis</strong></span> <span class='ocrx_word' id='word_1_811' title='bbox 2335 4701 2438 4755; x_wconf 92' lang='lat' dir='ltr'><strong>hoc</strong></span> <span class='ocrx_word' id='word_1_812' title='bbox 2481 4698 2643 4768; x_wconf 90' lang='lat' dir='ltr'><strong>pleno</strong></span> <span class='ocrx_word' id='word_1_813' title='bbox 2673 4696 2835 4752; x_wconf 90' lang='lat' dir='ltr'><strong>corde</strong></span> <span class='ocrx_word' id='word_1_814' title='bbox 2869 4694 3230 4764; x_wconf 85' lang='lat' dir='ltr'><strong>perspexerit,</strong></span> <span class='ocrx_word' id='word_1_815' title='bbox 3274 4689 3543 4746; x_wconf 82' lang='lat' dir='ltr'><strong>efﬁciatur</strong></span> 
     </span>
    </p>
   </div>
   <div class='ocr_carea' id='block_1_107' title="bbox 1956 4782 3541 4858">
    <p class='ocr_par' dir='ltr' id='par_1_107' title="bbox 1956 4782 3541 4858">
     <span class='ocr_line' id='line_1_107' title="bbox 1956 4782 3541 4858; baseline -0.008 -9"><span class='ocrx_word' id='word_1_816' title='bbox 1956 4793 2074 4849; x_wconf 92' lang='lat' dir='ltr'><strong>ovis</strong></span> <span class='ocrx_word' id='word_1_817' title='bbox 2097 4791 2207 4847; x_wconf 91' lang='lat' dir='ltr'><strong>Dei.</strong></span> <span class='ocrx_word' id='word_1_818' title='bbox 2236 4790 2480 4858; x_wconf 83' lang='lat' dir='ltr'><strong>Qualiter</strong></span> <span class='ocrx_word' id='word_1_819' title='bbox 2498 4796 2681 4842; x_wconf 90' lang='lat' dir='ltr'><strong>autem</strong></span> <span class='ocrx_word' id='word_1_820' title='bbox 2701 4788 2816 4842; x_wconf 82' lang='lat' dir='ltr'><strong>haec</strong></span> <span class='ocrx_word' id='word_1_821' title='bbox 2837 4799 2926 4840; x_wconf 90' lang='lat' dir='ltr'><strong>res</strong></span> <span class='ocrx_word' id='word_1_822' title='bbox 2945 4783 3239 4840; x_wconf 89' lang='lat' dir='ltr'><strong>secundum</strong></span> <span class='ocrx_word' id='word_1_823' title='bbox 3259 4782 3541 4840; x_wconf 87' lang='lat' dir='ltr'><strong>historiam</strong></span> 
     </span>
    </p>
   </div>
   <div class='ocr_carea' id='block_1_108' title="bbox 1957 4878 3163 4955">
    <p class='ocr_par' dir='ltr' id='par_1_108' title="bbox 1957 4878 3163 4955">
     <span class='ocr_line' id='line_1_108' title="bbox 1957 4878 3163 4955; baseline -0.007 -15"><span class='ocrx_word' id='word_1_824' title='bbox 1957 4882 2187 4955; x_wconf 84' lang='lat' dir='ltr'><strong>intelligi</strong></span> <span class='ocrx_word' id='word_1_825' title='bbox 2216 4882 2432 4948; x_wconf 88' lang='lat' dir='ltr'><strong>debeat,</strong></span> <span class='ocrx_word' id='word_1_826' title='bbox 2459 4895 2570 4935; x_wconf 91' lang='lat' dir='ltr'><strong>non</strong></span> <span class='ocrx_word' id='word_1_827' title='bbox 2598 4888 2681 4936; x_wconf 90' lang='lat' dir='ltr'><strong>est</strong></span> <span class='ocrx_word' id='word_1_828' title='bbox 2707 4878 3163 4950; x_wconf 64' lang='lat' dir='ltr'><strong>praetereundum.</strong></span> 
     </span>
    </p>
   </div>
   <div class='ocr_carea' id='block_1_109' title="bbox 2536 4991 2979 5049">
    <p class='ocr_par' dir='ltr' id='par_1_109' title="bbox 2536 4991 2979 5049">
     <span class='ocr_line' id='line_1_109' title="bbox 2536 4991 2979 5049; baseline -0.005 0"><span class='ocrx_word' id='word_1_829' title='bbox 2536 4991 2764 5049; x_wconf 86' lang='lat' dir='ltr'><strong>CAPUT</strong></span> <span class='ocrx_word' id='word_1_830' title='bbox 2796 4991 2979 5048; x_wconf 77' lang='lat' dir='ltr'><strong>XVlll.</strong></span> 
     </span>
    </p>
   </div>
   <div class='ocr_carea' id='block_1_110' title="bbox 1961 5075 3545 5214">
    <p class='ocr_par' dir='ltr' id='par_1_110' title="bbox 1961 5075 3545 5214">
     <span class='ocr_line' id='line_1_110' title="bbox 1961 5075 3545 5214; baseline -0.011 -64"><span class='ocrx_word' id='word_1_831' title='bbox 1961 5093 2038 5150; x_wconf 82' lang='lat' dir='ltr'><strong>De</strong></span> <span class='ocrx_word' id='word_1_832' title='bbox 2090 5092 2337 5148; x_wconf 84' lang='lat' dir='ltr'><strong>servitute</strong></span> <span class='ocrx_word' id='word_1_833' title='bbox 2386 5088 2581 5157; x_wconf 84' lang='lat' dir='ltr'><strong>Jacob,</strong></span> <span class='ocrx_word' id='word_1_834' title='bbox 2622 5105 2733 5214; x_wconf 64' lang='grc' dir='ltr'><strong>ἕνα</strong></span> <span class='ocrx_word' id='word_1_835' title='bbox 2784 5085 2993 5168; x_wconf 75' lang='lat' dir='ltr'><strong>servivit</strong></span> <span class='ocrx_word' id='word_1_836' title='bbox 3035 5082 3221 5139; x_wconf 87' lang='lat' dir='ltr'><strong>Laban</strong></span> <span class='ocrx_word' id='word_1_837' title='bbox 3248 5096 3341 5152; x_wconf 89' lang='lat' dir='ltr'><strong>pro</strong></span> <span class='ocrx_word' id='word_1_838' title='bbox 3377 5075 3545 5165; x_wconf 68' lang='lat' dir='ltr'><strong>gregi-</strong></span> 
     </span>
     <span class='ocr_line' id='line_1_111' title="bbox 2654 5174 3533 5214; baseline -0.01 -2"><span class='ocrx_word' id='word_1_839' title='bbox 2654 5176 2716 5212; x_wconf 87' lang='lat' dir='ltr'><strong>us</strong></span> <span class='ocrx_word' id='word_1_840' title='bbox 2751 5174 2879 5212; x_wconf 73' lang='lat' dir='ltr'><strong>suis.</strong></span> <span class='ocrx_word' id='word_1_841' title='bbox 3500 5178 3533 5214; x_wconf 91' lang='lat'><strong><em>_-</em></strong></span> 
     </span>
    </p>
   </div>
   <div class='ocr_carea' id='block_1_111' title="bbox 2654 5174 3533 5212">
    <p class='ocr_par' dir='ltr' id='par_1_111' title="bbox 2654 5174 3533 5212">
     <span class='ocr_line' id='line_1_112' title="bbox 2654 5174 3533 5212; baseline -0.01 0"><span class='ocrx_word' id='word_1_842' title='bbox 2654 5176 2716 5212; x_wconf 89' lang='lat' dir='ltr'><strong>us</strong></span> <span class='ocrx_word' id='word_1_843' title='bbox 2751 5174 2879 5212; x_wconf 72' lang='grc' dir='ltr'><strong>ειιιδ.</strong></span> <span class='ocrx_word' id='word_1_844' title='bbox 3501 5210 3507 5212; x_wconf 98' lang='lat'>_</span> <span class='ocrx_word' id='word_1_845' title='bbox 3530 5178 3533 5181; x_wconf 89' lang='lat'>&#39;</span> 
     </span>
    </p>
   </div>
   <div class='ocr_carea' id='block_1_112' title="bbox 2030 5216 3546 5330">
    <p class='ocr_par' dir='ltr' id='par_1_112' title="bbox 2030 5216 3546 5330">
     <span class='ocr_line' id='line_1_113' title="bbox 2030 5216 3546 5330; baseline -0.009 -20"><span class='ocrx_word' id='word_1_846' title='bbox 2030 5255 2255 5311; x_wconf 88' lang='lat' dir='ltr'><strong>Petente</strong></span> <span class='ocrx_word' id='word_1_847' title='bbox 2278 5254 2441 5326; x_wconf 89' lang='lat' dir='ltr'><strong>igitur</strong></span> <span class='ocrx_word' id='word_1_848' title='bbox 2470 5252 2640 5309; x_wconf 75' lang='lat' dir='ltr'><strong>Iacob</strong></span> <span class='ocrx_word' id='word_1_849' title='bbox 2674 5265 2829 5304; x_wconf 90' lang='lat' dir='ltr'><strong>suum</strong></span> <span class='ocrx_word' id='word_1_850' title='bbox 2875 5260 3141 5309; x_wconf 90' lang='lat' dir='ltr'><strong>socerum,</strong></span> <span class='ocrx_word' id='word_1_851' title='bbox 3170 5251 3231 5298; x_wconf 90' lang='lat' dir='ltr'><strong>ut</strong></span> <span class='ocrx_word' id='word_1_852' title='bbox 3250 5258 3372 5299; x_wconf 90' lang='lat' dir='ltr'><strong>cum</strong></span> <span class='ocrx_word' id='word_1_853' title='bbox 3410 5216 3546 5330; x_wconf 61' lang='grc' dir='ltr'><strong>ιιιῷ-</strong></span> 
     </span>
    </p>
   </div>
   <div class='ocr_carea' id='block_1_113' title="bbox 1960 5326 3540 5419">
    <p class='ocr_par' dir='ltr' id='par_1_113' title="bbox 1960 5326 3540 5419">
     <span class='ocr_line' id='line_1_114' title="bbox 1960 5326 3540 5419; baseline -0.009 -16"><span class='ocrx_word' id='word_1_854' title='bbox 1960 5348 2113 5403; x_wconf 90' lang='lat' dir='ltr'><strong>ribus</strong></span> <span class='ocrx_word' id='word_1_855' title='bbox 2141 5356 2197 5403; x_wconf 93' lang='lat' dir='ltr'><strong>et</strong></span> <span class='ocrx_word' id='word_1_856' title='bbox 2234 5346 2418 5401; x_wconf 87' lang='lat' dir='ltr'><strong>liberis</strong></span> <span class='ocrx_word' id='word_1_857' title='bbox 2444 5344 2556 5399; x_wconf 89' lang='lat' dir='ltr'><strong>suis</strong></span> <span class='ocrx_word' id='word_1_858' title='bbox 2586 5342 2773 5396; x_wconf 90' lang='lat' dir='ltr'><strong>liceret</strong></span> <span class='ocrx_word' id='word_1_859' title='bbox 2802 5338 2906 5393; x_wconf 90' lang='lat' dir='ltr'><strong>sibi</strong></span> <span class='ocrx_word' id='word_1_860' title='bbox 2949 5336 3017 5392; x_wconf 89' lang='lat' dir='ltr'><strong>ad</strong></span> <span class='ocrx_word' id='word_1_861' title='bbox 3044 5344 3297 5406; x_wconf 89' lang='lat' dir='ltr'><strong>parentes</strong></span> <span class='ocrx_word' id='word_1_862' title='bbox 3338 5326 3540 5419; x_wconf 61' lang='lat' dir='ltr'><strong>redire,</strong></span> 
     </span>
    </p>
   </div>
   <div class='ocr_carea' id='block_1_114' title="bbox 1961 5426 3544 5505">
    <p class='ocr_par' dir='ltr' id='par_1_114' title="bbox 1961 5426 3544 5505">
     <span class='ocr_line' id='line_1_115' title="bbox 1961 5426 3544 5505; baseline -0.009 -10"><span class='ocrx_word' id='word_1_863' title='bbox 1961 5439 2135 5496; x_wconf 86' lang='lat' dir='ltr'><strong>suasit</strong></span> <span class='ocrx_word' id='word_1_864' title='bbox 2155 5438 2204 5493; x_wconf 90' lang='lat' dir='ltr'><strong>ei</strong></span> <span class='ocrx_word' id='word_1_865' title='bbox 2236 5437 2445 5502; x_wconf 88' lang='lat' dir='ltr'><strong>Laban,</strong></span> <span class='ocrx_word' id='word_1_866' title='bbox 2472 5442 2532 5489; x_wconf 89' lang='lat' dir='ltr'><strong>ut</strong></span> <span class='ocrx_word' id='word_1_867' title='bbox 2570 5445 2754 5488; x_wconf 90' lang='lat' dir='ltr'><strong>secum</strong></span> <span class='ocrx_word' id='word_1_868' title='bbox 2781 5435 3025 5483; x_wconf 87' lang='lat' dir='ltr'><strong>maneret</strong></span> <span class='ocrx_word' id='word_1_869' title='bbox 3046 5426 3381 5497; x_wconf 89' lang='lat' dir='ltr'><strong>aliquantum</strong></span> <span class='ocrx_word' id='word_1_870' title='bbox 3407 5434 3544 5505; x_wconf 84' lang='lat' dir='ltr'><strong>tem-</strong></span> 
     </span>
    </p>
   </div>
   <div class='ocr_carea' id='block_1_115' title="bbox 1960 5512 3491 5605">
    <p class='ocr_par' dir='ltr' id='par_1_115' title="bbox 1960 5512 3491 5605">
     <span class='ocr_line' id='line_1_116' title="bbox 1960 5512 3491 5605; baseline 0.005 -18"><span class='ocrx_word' id='word_1_871' title='bbox 1960 5532 2130 5603; x_wconf 89' lang='lat' dir='ltr'><strong>poris,</strong></span> <span class='ocrx_word' id='word_1_872' title='bbox 2153 5529 2396 5599; x_wconf 85' lang='lat' dir='ltr'><strong>dixitque</strong></span> <span class='ocrx_word' id='word_1_873' title='bbox 2424 5528 2472 5582; x_wconf 91' lang='lat' dir='ltr'><strong>ei</strong></span> <span class='ocrx_word' id='word_1_874' title='bbox 2503 5544 2516 5580; x_wconf 92' lang='lat'><strong>:</strong></span> <span class='ocrx_word' id='word_1_875' title='bbox 2562 5512 2563 5515; x_wconf 19' lang='grc'><strong>¹</strong></span> <span class='ocrx_word' id='word_1_876' title='bbox 3324 5598 3329 5603; x_wconf 48' lang='grc'><strong><em>,</em></strong></span> <span class='ocrx_word' id='word_1_877' title='bbox 3486 5602 3491 5605; x_wconf 17' lang='grc' dir='ltr'><strong>Α</strong></span> 
     </span>
    </p>
   </div>
   <div class='ocr_carea' id='block_1_116' title="bbox 1984 5610 3544 5691">
    <p class='ocr_par' dir='ltr' id='par_1_116' title="bbox 1984 5610 3544 5691">
     <span class='ocr_line' id='line_1_117' title="bbox 1984 5610 3544 5691; baseline -0.008 -12"><span class='ocrx_word' id='word_1_878' title='bbox 1984 5664 1995 5681; x_wconf 49' lang='grc' dir='ltr'><strong>,ν</strong></span> <span class='ocrx_word' id='word_1_879' title='bbox 2033 5623 2174 5691; x_wconf 82' lang='lat' dir='ltr'><strong>Quid</strong></span> <span class='ocrx_word' id='word_1_880' title='bbox 2200 5622 2336 5676; x_wconf 82' lang='lat' dir='ltr'><strong>dabo</strong></span> <span class='ocrx_word' id='word_1_881' title='bbox 2366 5620 2499 5673; x_wconf 77' lang='lat' dir='ltr'><strong>tibi?</strong></span> <span class='ocrx_word' id='word_1_882' title='bbox 2541 5617 2609 5671; x_wconf 80' lang='lat' dir='ltr'><strong>At</strong></span> <span class='ocrx_word' id='word_1_883' title='bbox 2632 5617 2744 5686; x_wconf 85' lang='lat' dir='ltr'><strong>ipse</strong></span> <span class='ocrx_word' id='word_1_884' title='bbox 2771 5613 3056 5687; x_wconf 85' lang='lat' dir='ltr'><strong>respondit.</strong></span> <span class='ocrx_word' id='word_1_885' title='bbox 3088 5610 3240 5668; x_wconf 85' lang='lat' dir='ltr'><strong>Nihil</strong></span> <span class='ocrx_word' id='word_1_886' title='bbox 3268 5612 3405 5669; x_wconf 89' lang='lat' dir='ltr'><strong>volo.</strong></span> <span class='ocrx_word' id='word_1_887' title='bbox 3436 5610 3544 5668; x_wconf 73' lang='lat' dir='ltr'><strong>sed</strong></span> 
     </span>
    </p>
   </div>
   <div class='ocr_carea' id='block_1_117' title="bbox 1956 5705 3543 5786">
    <p class='ocr_par' dir='ltr' id='par_1_117' title="bbox 1956 5705 3543 5786">
     <span class='ocr_line' id='line_1_118' title="bbox 1956 5705 3543 5786; baseline -0.008 -14"><span class='ocrx_word' id='word_1_888' title='bbox 1956 5717 2003 5774; x_wconf 84' lang='lat' dir='ltr'><strong>si</strong></span> <span class='ocrx_word' id='word_1_889' title='bbox 2028 5717 2211 5786; x_wconf 79' lang='lat' dir='ltr'><strong>feceris</strong></span> <span class='ocrx_word' id='word_1_890' title='bbox 2237 5715 2376 5785; x_wconf 90' lang='lat' dir='ltr'><strong>quod</strong></span> <span class='ocrx_word' id='word_1_891' title='bbox 2415 5710 2642 5781; x_wconf 79' lang='lat' dir='ltr'><strong>postulo,</strong></span> <span class='ocrx_word' id='word_1_892' title='bbox 2679 5711 2865 5763; x_wconf 86' lang='lat' dir='ltr'><strong>iterum</strong></span> <span class='ocrx_word' id='word_1_893' title='bbox 2915 5724 3149 5777; x_wconf 85' lang='lat' dir='ltr'><strong>pascam,</strong></span> <span class='ocrx_word' id='word_1_894' title='bbox 3179 5718 3226 5762; x_wconf 87' lang='lat' dir='ltr'><strong>et</strong></span> <span class='ocrx_word' id='word_1_895' title='bbox 3250 5705 3543 5761; x_wconf 82' lang='lat' dir='ltr'><strong>custodiam</strong></span> 
     </span>
    </p>
   </div>
   <div class='ocr_carea' id='block_1_118' title="bbox 1957 5801 3541 5879">
    <p class='ocr_par' dir='ltr' id='par_1_118' title="bbox 1957 5801 3541 5879">
     <span class='ocr_line' id='line_1_119' title="bbox 1957 5801 3541 5879; baseline -0.007 -17"><span class='ocrx_word' id='word_1_896' title='bbox 1957 5824 2146 5879; x_wconf 85' lang='lat' dir='ltr'><strong>pecora</strong></span> <span class='ocrx_word' id='word_1_897' title='bbox 2168 5817 2279 5860; x_wconf 88' lang='lat' dir='ltr'><strong>tua.</strong></span> <span class='ocrx_word' id='word_1_898' title='bbox 2310 5801 2451 5875; x_wconf 81' lang='lat' dir='ltr'><strong>Gyra</strong></span> <span class='ocrx_word' id='word_1_899' title='bbox 2476 5819 2650 5857; x_wconf 86' lang='lat' dir='ltr'><strong>omnes</strong></span> <span class='ocrx_word' id='word_1_900' title='bbox 2675 5817 2850 5872; x_wconf 85' lang='lat' dir='ltr'><strong>greges</strong></span> <span class='ocrx_word' id='word_1_901' title='bbox 2882 5810 3020 5866; x_wconf 84' lang='lat' dir='ltr'><strong>tuos,</strong></span> <span class='ocrx_word' id='word_1_902' title='bbox 3045 5810 3092 5854; x_wconf 90' lang='lat' dir='ltr'><strong>et</strong></span> <span class='ocrx_word' id='word_1_903' title='bbox 3120 5816 3304 5871; x_wconf 86' lang='lat' dir='ltr'><strong>separa</strong></span> <span class='ocrx_word' id='word_1_904' title='bbox 3327 5806 3541 5852; x_wconf 81' lang='lat' dir='ltr'><strong>cunctas</strong></span> 
     </span>
    </p>
   </div>
   <div class='ocr_carea' id='block_1_119' title="bbox 1959 5889 3621 5977">
    <p class='ocr_par' dir='ltr' id='par_1_119' title="bbox 1959 5889 3621 5977">
     <span class='ocr_line' id='line_1_120' title="bbox 1959 5889 3621 5977; baseline -0.007 -19"><span class='ocrx_word' id='word_1_905' title='bbox 1959 5918 2074 5958; x_wconf 83' lang='lat' dir='ltr'><strong>oves</strong></span> <span class='ocrx_word' id='word_1_906' title='bbox 2100 5900 2299 5969; x_wconf 86' lang='lat' dir='ltr'><strong>varias,</strong></span> <span class='ocrx_word' id='word_1_907' title='bbox 2325 5908 2375 5955; x_wconf 84' lang='lat' dir='ltr'><strong>et</strong></span> <span class='ocrx_word' id='word_1_908' title='bbox 2401 5913 2583 5969; x_wconf 82' lang='lat' dir='ltr'><strong>sparso</strong></span> <span class='ocrx_word' id='word_1_909' title='bbox 2610 5894 2877 5964; x_wconf 82' lang='lat' dir='ltr'><strong>vellere,et</strong></span> <span class='ocrx_word' id='word_1_910' title='bbox 2899 5894 3242 5968; x_wconf 83' lang='lat' dir='ltr'><strong>quodcunque</strong></span> <span class='ocrx_word' id='word_1_911' title='bbox 3265 5889 3466 5963; x_wconf 79' lang='lat' dir='ltr'><strong>fulvum</strong></span> <span class='ocrx_word' id='word_1_912' title='bbox 3488 5892 3544 5948; x_wconf 73' lang='lat' dir='ltr'><strong>et</strong></span> <span class='ocrx_word' id='word_1_913' title='bbox 3608 5965 3621 5977; x_wconf 45' lang='lat'><strong><em>.</em></strong></span> 
     </span>
    </p>
   </div>
  </div>
