3946 6472
430 396 538 459 605

1106 396 1168 451 Β.
1208 394 1463 450 RABANi
1499 394 1719 453 MAURI
1750 392 2069 455 ARCHIEP.
2107 391 2417 453 MOGUNT.
2458 389 2745 455 OPERUM
2779 388 2961 447 PARS
2996 390 3039 445 Ι.

3597 387 3710 444 604

428 486 761 583 marinorum
786 517 1088 593 uariamque
1115 512 1297 584 fuerit,
1321 520 1429 566 tam
1463 512 1520 568 in
1550 511 1748 577 ovibus,
1770 528 1928 583 quam
1955 510 2009 564 in
2038 511 2088 577 Α
2114 514 2297 561 utrum
2348 520 2417 561 ex
2466 505 2624 560 unius
2673 503 2886 575 generis
2914 502 3058 575 ligno
3083 501 3366 558 varientur
3408 502 3610 572 virgae,
3637 519 3709 558 an

434 608 639 685 capris,
681 606 780 669 erit
808 623 1001 669 merces
1034 621 1183 670 mea;
1227 604 1655 677 respondebitque
1704 602 1833 659 mihi
1889 619 2008 657 cras

426 704 639 775 justitia
674 719 819 777 mea,
846 701 1056 781 quando
1099 700 1278 771 placiti
1303 710 1504 771 tempus
1534 699 1795 761 advenerit
1832 713 2009 761 coram

434 804 502 869 te,
531 802 637 852 etc.
665 793 892 859 Multum
916 792 1058 871 apud
1072 790 1436 873 Septuaginta
1474 789 1795 861 interpretes
1821 788 2009 846 confu-

433 900 527 943 sus
553 893 636 941 est
658 900 868 953 sensus,
899 891 957 939 et
986 898 1156 963 usque
1183 883 1239 939 in
1265 889 1585 952 praesentem
1632 882 1773 944 diem
1805 880 2007 945 nullum

430 976 579 1047 potui
628 975 870 1037 invenire
899 983 1206 1043 nostrorum
1255 974 1347 1044 (lui
1373 975 1439 1028 ad
1465 972 1723 1043 liquidum
1776 972 1904 1047 quid
1954 971 2009 1025 in

430 1065 534 1123 hoc
570 1066 690 1125 loco
716 1067 988 1129 diceretur
1008 1074 1322 1138 exponeret.
1352 1063 1465 1131 Vis,
1498 1065 1698 1137 inquit,
1725 1062 1891 1127 Iacob
1922 1079 2010 1118 me

429 1160 633 1215 servire
663 1160 757 1217 tibi
796 1160 957 1225 etiam
1003 1159 1137 1218 alios
1160 1166 1361 1229 septem
1384 1157 1585 1219 annos?
1612 1157 1718 1223 fac,
1745 1158 1886 1231 quod
1913 1172 2010 1227 po-

431 1250 591 1307 stulo.
625 1248 829 1319 Separa
861 1264 1049 1309 omnes
1089 1249 1382 1313 discolores
1421 1257 1477 1305 et
1504 1249 1685 1305 varias
1714 1256 1824 1311 tam
1856 1263 2006 1319 oves,

429 1355 591 1421 quam
640 1356 850 1415 capras,
874 1347 930 1396 et
977 1339 1129 1401 trade
1166 1339 1220 1401 in
1266 1354 1457 1409 manus
1507 1337 1738 1392 ﬁliorum
1773 1346 2003 1393 tuorum.

429 1430 774 1504 Rursumque
802 1448 869 1489 ex
912 1440 1143 1502 utroque
1171 1448 1333 1511 grege
1362 1431 1483 1487 alba
1509 1440 1563 1485 et
1593 1432 1745 1498 nigra
1775 1447 1969 1502 pecora
1990 1473 2004 1499 ,

429 1522 482 1581 id
507 1528 622 1589 est,
641 1522 801 1580 unius
836 1522 1034 1581 coloris
1063 1523 1131 1578 da
1160 1523 1312 1581 mihi.
1349 1520 1404 1577 Si
1437 1523 1565 1594 quid
1590 1522 1753 1593 igitur
1777 1537 1844 1576 ex
1875 1521 2008 1585 albis

428 1625 481 1680 et
500 1616 689 1687 nigris,
713 1633 833 1693 qua:
855 1619 1014 1681 unius
1033 1617 1249 1684 coloris,
1279 1625 1423 1683 sunt,
1446 1618 1650 1673 varium
1678 1625 1862 1677 natum
1886 1616 2006 1671 fue-

426 1706 516 1773 rit,
548 1722 732 1763 meum
758 1710 880 1766 erit.
932 1708 1143 1781 Siquid
1171 1725 1300 1764 vero
1351 1708 1508 1767 unius
1554 1706 1771 1776 coloris,
1830 1715 2002 1771 tuum.

425 1795 559 1853 Rem
587 1812 693 1853 non
731 1797 1005 1861 difﬁcilem
1045 1797 1274 1873 postulo.
1307 1798 1505 1859 Tecum
1533 1796 1661 1853 facit
1689 1806 1883 1853 natura
1909 1813 2006 1870 pe-

2108 596 2264 668 plura
2325 596 2436 651 sint
2484 596 2750 667 lignorum
2811 608 3029 664 genera,
3070 609 3192 649 cum
3246 593 3361 648 sola
3418 603 3713 665 quaeratur

2110 689 2355 745 colorum
2400 688 2654 749 varietas.
2686 685 2765 742 Ac
2794 702 2892 757 per
2917 688 3021 742 hoc
3051 686 3252 768 inquiri
3282 686 3427 757 cogit
3463 687 3710 757 prophe-

2110 782 2259 848 tiam,
2294 790 2349 837 et
2369 781 2601 855 aliquam
2627 781 2911 853 ﬁguratam
2945 780 3399 855 signiﬁcationem
3430 795 3526 836 res
3548 782 3660 836 ista
3690 798 3706 834 :

2109 889 2272 943 quam
2319 874 2435 931 sine
2474 873 2635 933 dubio
2672 881 2733 928 ut
2764 873 3024 947 propheta
3070 870 3199 929 fecit
3246 872 3449 940 Iacob,
3488 882 3543 928 et
3579 873 3708 927 ideo
3752 864 3759 877 ’

2108 950 2209 1027 nec
2236 963 2441 1021 fraudis
2485 965 2790 1037 arguendus
2839 974 2940 1019 est.
2990 962 3104 1027 Non
3154 966 3299 1021 enim
3328 965 3438 1020 tale
3468 965 3703 1036 aliquid,

2107 1055 2213 1110 nisi
2239 1056 2501 1112 relatione
2537 1055 2801 1137 spirituali
2834 1071 2957 1111 eum
2986 1056 3182 1112 fecisse
3228 1057 3569 1121 credendum
3597 1040 3702 1111 est;

2109 1145 2402 1217 Postquam
2441 1156 2621 1209 autem
2649 1148 2762 1203 nati
2794 1146 3010 1203 fuerant
3037 1148 3161 1219 agni
3192 1157 3246 1203 et
3285 1148 3428 1203 haedi
3456 1148 3603 1202 varii
3652 1158 3707 1203 et

2110 1238 2405 1299 discolores
2430 1255 2495 1295 ex
2523 1239 2659 1296 albis
2687 1248 2743 1295 et
2771 1239 2931 1296 unius
2957 1240 3154 1296 coloris
3193 1240 3453 1310 gregibus
3475 1281 3490 1307 ,
3543 1255 3704 1310 sepa-

2109 1331 2264 1389 rabat
2308 1330 2428 1391 illos
2484 1330 2672 1400 Iacob,
2703 1340 2757 1388 et
2785 1331 2974 1404 procul
3003 1348 3122 1389 esse
3144 1332 3381 1387 faciebat
3408 1346 3438 1386 a
3470 1332 3709 1402 pristino

2108 1437 2290 1494 grege.
2344 1424 2401 1479 Si
2428 1425 2519 1495 qui
2563 1434 2745 1487 autem
2778 1425 3145 1482 nascebantur
3171 1427 3334 1482 unius
3377 1425 3585 1481 coloris
3608 1467 3625 1491 ,
3654 1426 3706 1481 id

2108 1523 2212 1581 est,
2243 1515 2345 1570 albi
2374 1516 2454 1570 vel
2478 1517 2638 1588 nigri,
2664 1518 2908 1573 tradebat
2933 1519 2987 1573 in
3007 1534 3197 1574 manus
3220 1518 3462 1574 ﬁliorum
3494 1517 3703 1585 Laban,

2109 1611 2165 1659 et
2191 1605 2428 1677 ponebat
2478 1608 2679 1678 virgas,
2710 1624 2844 1680 quas
2885 1610 3305 1673 discoloraverat
3336 1609 3703 1687 [discoriave-

2111 1694 2218 1768 rat]
2253 1697 2306 1752 in
2335 1698 2634 1766 canalibus,
2665 1700 2757 1757 ubi
2787 1699 3201 1756 effundebantur
3229 1717 3405 1773 aquae,
3430 1710 3490 1756 et
3519 1702 3707 1757 venie-

2109 1789 2240 1847 bant
2286 1790 2353 1844 ad
2380 1792 2706 1862 potandum,
2739 1801 2925 1851 contra
2973 1808 3200 1865 pecora,
3227 1801 3289 1847 ut
3344 1794 3703 1863 conciperent

422 1901 629 1957 eorum,
667 1895 728 1943 ut
756 1887 873 1949 alba
904 1904 971 1944 ex
1009 1888 1168 1954 albis,
1200 1899 1254 1943 et
1299 1888 1449 1960 nigra
1486 1896 1782 1944 nascantur
1821 1904 1888 1942 ex
1918 1888 1999 1951 ni-
2025 1872 2073 1941 B
2100 1894 2164 1935 eo
2203 1889 2440 1953 tempore
2469 1897 2590 1939 cum
2624 1883 2874 1945 venirent
2907 1884 2974 1938 ad
3020 1885 3345 1955 potandum.
3405 1883 3479 1938 Et
3522 1899 3704 1938 conc:-

421 1981 561 2051 gris,
589 1997 803 2039 mecum
827 1983 932 2041 erit
963 1982 1168 2054 iustitia
1196 1998 1349 2049 mea,
1382 1983 1507 2037 dum
1550 1981 1692 2043 Deus
1730 1981 2004 2042 humilita-

425 2079 533 2127 tem
584 2087 762 2129 meam
805 2073 1025 2144 reSpicit
1066 2082 1121 2128 et
1167 2073 1426 2137 laborem.
1480 2070 1762 2143 Optionem
1815 2073 2002 2137 Laban

421 2162 601 2225 datam
630 2163 856 2223 libenter
897 2165 1156 2247 arripuit,
1192 2174 1248 2225 et
1284 2165 1358 2225 ita
1393 2174 1452 2227 ut
1485 2164 1653 2226 Iacob
1696 2166 2003 2239 postulabat

417 2248 645 2323 (ueiens,
668 2256 830 2315 trium
859 2256 1067 2323 dierum
1092 2258 1195 2317 iter
1229 2257 1370 2321 inter
1406 2256 1575 2317 Iacob
1603 2266 1658 2313 et
1692 2274 1818 2315 suos
1856 2258 1999 2315 tilios

422 2352 713 2421 separavit,
743 2367 812 2411 ne
850 2354 971 2425 quis
1011 2369 1077 2409 ex
1113 2354 1389 2417 vicinitate
1419 2354 1633 2422 pecoris
1686 2363 2001 2413 nasceretur

417 2437 591 2505 dolus.
634 2441 820 2513 Itaque
872 2441 1040 2501 Iacob
1083 2460 1280 2499 novam
1331 2445 1611 2516 stropham
1659 2453 1998 2506 commentus

418 2539 522 2596 est,
550 2540 606 2586 et
640 2541 826 2589 contra
852 2540 1103 2589 naturam
1128 2534 1235 2591 albi
1263 2542 1317 2599 et
1343 2536 1484 2607 nigri
1511 2535 1723 2606 pecoris
1762 2536 1996 2597 naturali

419 2634 536 2693 arte
564 2625 840 2699 pugnavit,
889 2627 1025 2687 Tres
1042 2627 1184 2691 enim
1207 2628 1387 2703 virgas
1415 2629 1692 2700 populeas,
1723 2638 1779 2685 et
1806 2646 1993 2702 amyg-

416 2713 643 2783 dalinas,
673 2725 729 2772 et
753 2716 1117 2789 maligranati,
1146 2733 1455 2790 quanquam
1497 2716 1847 2791 Septuaginta
1876 2730 1993 2791 sty-

415 2818 633 2871 raceas,
658 2813 712 2863 et
737 2796 969 2874 nuceas,
997 2817 1051 2864 et
1077 2808 1409 2881 plataninas,
1440 2809 1695 2876 habeant,
1727 2826 1794 2866 ex
1841 2819 1995 2881 parte

413 2896 773 2967 decorticans,
802 2901 1013 2957 varium
1043 2897 1318 2974 virgarum
1342 2902 1472 2958 fecit
1504 2904 1764 2969 colorem,
1789 2911 1849 2958 ut
1875 2904 1993 2963 ubi-

412 3001 625 3061 cunque
669 2988 724 3045 in
759 2989 911 3062 virga
958 2992 1214 3057 corticem
1240 2992 1547 3064 reliquisset
1588 2994 1839 3065 antiquus
1863 3009 1991 3064 per~

411 3088 658 3143 maneret
699 3081 878 3152 color;
923 3084 1014 3145 ubi
1069 3100 1198 3149 vero
1259 3085 1469 3143 tulisset
1522 3087 1800 3153 corticem,
1842 3086 1992 3141 color

2106 1973 2326 2044 piabant
2359 1990 2553 2045 pecora
2595 1984 2784 2031 contra
2824 1976 3005 2049 virgas
3042 1973 3231 2049 Iacob,
3262 1989 3403 2045 quas
3440 1983 3704 2045 posuerat

2105 2074 2229 2121 ante
2274 2081 2473 2143 pecora
2502 2068 2555 2129 in
2600 2069 2881 2126 canalibus
2924 2070 2991 2133 ad
3033 2070 3450 2140 concipiendum
3495 2069 3557 2124 in
3603 2071 3700 2137 eis,

2105 2164 2159 2211 et
2188 2156 2240 2211 in
2270 2157 2523 2213 serotinis
2549 2159 2740 2216 ovibus
2774 2176 2882 2215 non
2934 2161 3192 2231 ponebat,
3223 2169 3276 2216 et
3318 2160 3533 2216 ﬁebant
3557 2175 3704 2215 sero—

2105 2246 2216 2301 tina
2244 2246 2456 2315 Laban,
2486 2257 2541 2303 et
2585 2257 2931 2321 temporanea
2978 2251 3165 2307 Iacob.
3211 2250 3327 2307 Hoc
3375 2251 3433 2306 in
3465 2250 3701 2321 Septua-

2103 2340 2251 2410 ginta
2300 2341 2685 2414 interpretibus
2730 2359 2836 2398 non
2866 2344 3126 2411 habetur;
3160 2345 3254 2401 sed
3296 2361 3401 2416 pro
3441 2346 3702 2401 serotinis

2103 2442 2157 2489 et
2204 2437 2591 2507 temporaneis,
2620 2437 2765 2493 aliud
2794 2438 2978 2494 nescio
3003 2439 3152 2517 quid,
3180 2440 3324 2508 quod
3355 2440 3427 2493 ad
3471 2453 3695 2497 sensum

2101 2540 2211 2581 non
2246 2527 2501 2596 pertinet,
2536 2528 2951 2589 transtulerunt.
2985 2528 3141 2596 Quod
3170 2536 3353 2583 autem
3385 2529 3522 2584 dicit
3552 2529 3700 2585 Scri-

2097 2626 2278 2690 ptura,
2312 2621 2415 2676 hoc
2444 2629 2528 2676 est
2561 2641 2573 2676 :
2606 2621 2771 2679 Iacob
2800 2623 3041 2695 prudens
3061 2631 3117 2678 et
3138 2623 3367 2680 callidus
3385 2666 3401 2692 ,
3425 2624 3699 2694 justitiam

2099 2714 2153 2762 et
2200 2709 2565 2779 aequalitatem
2616 2712 2778 2767 etiam
2830 2713 2885 2768 in
2938 2728 3078 2769 nova
3124 2722 3242 2770 arte
3293 2717 3580 2774 servabat.
3636 2715 3694 2771 Si

2096 2802 2240 2857 enim
2272 2818 2461 2859 omnes
2489 2820 2654 2876 agnos
2677 2814 2732 2861 et
2766 2806 2949 2867 haedos
2981 2808 3164 2863 varios
3183 2821 3385 2879 peoora
3404 2823 3695 2879 procreas-

2095 2902 2235 2961 sent,
2268 2903 2386 2950 erat
2442 2896 2621 2967 aliqua
2670 2897 3082 2969 suspiciodoli,
3114 2906 3169 2954 et
3197 2907 3391 2971 aperte
3432 2901 3567 2956 huic
3618 2899 3695 2957 rei

2093 2984 2279 3041 Laban
2318 2987 2532 3043 iuvrdus
2571 2987 2915 3045 contraisset.
2962 2989 3104 3062 Ergo
3156 2991 3233 3047 ita
3268 2992 3457 3046 omnia
3485 2999 3694 3061 tempe-

2094 3077 2264 3144 ravit;
2295 3088 2354 3133 ut
2398 3087 2453 3134 et
2506 3080 2623 3161 ipse
2676 3078 2913 3136 fructum
2964 3081 3047 3137 sui
3079 3080 3284 3138 laboris
3312 3084 3613 3152 acciperet,
3639 3090 3695 3135 et

407 3173 666 3241 candidus
707 3176 1051 3248 panderetur,
1111 3178 1449 3247 pbservabat
1500 3196 1630 3259 ergo
1681 3180 1846 3251 Jacqb
1872 3223 1887 3249 ,
1934 3189 1989 3245 βι
2091 3169 2275 3227 Laban
2328 3188 2436 3227 non
2479 3174 2699 3249 penitus
2729 3175 3085 3245 spoliaretur;
3117 3177 3212 3232 sed
3238 3177 3283 3232 si
3317 3176 3541 3248 quando
3569 3190 3694 3231 oves

408 3267 647 3333 tempore
682 3279 791 3336 quo
834 3268 1265 3333 ascendebantur
1291 3286 1487 3347 peoora
1522 3258 1575 3327 et
1602 3285 1727 3344 ροει
1754 3274 1987 3339 calorem
2016 3258 2062 3339 ς
2093 3270 2149 3316 et
2177 3278 2354 3335 capra:
2380 3265 2557 3335 primo
2589 3273 2831 3338 tempore
2860 3269 3314 3334 ascendebantur,
3338 3269 3472 3341 quia
3504 3266 3695 3322 melior

406 3350 509 3415 dici
542 3352 609 3406 ad
635 3358 930 3423 putandum
960 3360 1114 3425 avide
1140 3362 1458 3433 pergebant,
1488 3364 1784 3429 discolores
1805 3365 1989 3438 virgas

402 3443 636 3514 ponebat
661 3446 717 3503 in
743 3450 1042 3519 canalibus,
1067 3461 1122 3517 et
1143 3453 1393 3512 admissis
1414 3457 1676 3515 arietibus
1703 3468 1759 3517 et
1786 3459 1953 3521 hircis
1969 3502 1985 3529 ,

403 3529 459 3597 in
514 3532 629 3615 ipsa
663 3538 882 3609 potandi
941 3543 1199 3607 aviditate
1246 3562 1375 3607 oves
1405 3556 1461 3603 et
1506 3564 1701 3621 capras
1754 3549 1988 3611 faciebat

403 3624 645 3701 escendi,
673 3635 735 3693 ut
761 3644 829 3689 ex
852 3631 1048 3704 duplici
1073 3636 1362 3707 desiderio,
1392 3638 1519 3697 dum
1540 3650 1595 3697 et
1623 3642 1777 3699 avide
1797 3642 1989 3698 bibunt

401 3722 457 3792 ξι
507 3718 873 3807 emendantur
900 3738 931 3783 a
974 3727 1235 3807 maribus,
1265 3730 1397 3786 tales
1424 3728 1566 3787 fetus
1616 3733 1983 3805 conciperent,

400 3806 586 3887 quales
618 3812 841 3873 umbras
868 3806 1180 3887 ariolumet
1204 3821 1479 3879 hircorum
1523 3824 1756 3897 desuper
1795 3842 1984 3885 ascen-

403 3897 642 3965 dentium
672 3903 729 3961 in
774 3920 1038 3981 aquarum
1068 3913 1290 3983 speculo
1333 3916 1861 3988 contemplabantur.
1901 3919 1982 3975 Ex

400 3989 565 4093 virgis
610 3995 757 4061 enim
784 3999 860 4093 in
908 4002 1187 4093 canalibus
1230 4008 1631 4085 positisvarius
1674 4013 1833 4077 etiam
1866 4023 1986 4073 erat

399 4084 695 4154 imaginum
714 4089 884 4159 color.
908 4090 1020 4165 Nec
1044 4084 1245 4155 mirum
1278 4099 1420 4155 hanc
1448 4101 1503 4156 iu
1533 4113 1794 4177 conceptu
1821 4104 1980 4169 femi-

396 4187 593 4273 narum
630 4192 757 4247 esse
800 4191 1167 4262 namrmnwt
1203 4190 1391 4259 quales
1435 4196 1810 4267 peremerth
1862 4197 1978 4273 sit"?

620 4274 971 4345 conceperint
986 4315 1004 4351 ρ
1024 4276 1081 4335 in
1110 4286 1356 4339 extremo
1380 4281 1668 4361 voluptatis
1690 4298 1842 4356 aestu,
1872 4272 1980 4361 quo

396 4358 727 4461 concipiunt,
748 4362 914 4433 talem
936 4367 1177 4437 sobolem
1198 4358 1519 4447 procreent,
1535 4392 1656 4437 cum
1679 4378 1784 4453 hoc
1801 4358 1979 4457 ipsum

582 4449 642 4523 in
691 4468 955 4528 equarum
986 4461 1244 4535 gregibus
1269 4466 1409 4538 apud
1452 4449 1719 4545 Hispanos
1761 4449 1979 4543 dicatur

394 4539 533 4617 ﬁeri.
558 4550 619 4609 et
640 4544 1004 4629 Quintilianus
1026 4553 1085 4621 in
1104 4569 1177 4621 ea
1218 4539 1589 4627 controversia
1612 4539 1723 4635 qua
1753 4539 1975 4635 accusa-

2092 3361 2177 3409 est
2197 3354 2430 3433 vernalis
2452 3356 2695 3432 [vernus]
2722 3358 2881 3427 fetus,
2908 3366 3036 3425 ante
3057 3360 3203 3433 ipsas
3221 3359 3464 3432 ponebat
3487 3360 3686 3431 virgas,

2091 3456 2151 3504 ut
2175 3450 2323 3505 varia
2359 3452 2570 3510 soboles
2598 3464 2933 3511 nasceretur.
2973 3455 3319 3527 Quaecunque
3346 3464 3531 3512 autem
3563 3471 3689 3512 oves

2091 3549 2148 3601 et
2171 3558 2346 3614 capra:
2372 3561 2495 3602 sero
2519 3547 2837 3618 qumrebant
2866 3564 3091 3616 marem,
3116 3558 3241 3605 ante
3270 3549 3474 3604 harum
3504 3549 3685 3606 oculos

2089 3647 2200 3688 non
2229 3635 2463 3704 ponebat
2502 3636 2683 3710 virgas
2707 3679 2722 3706 ,
2751 3647 2810 3695 ut
2844 3639 3005 3696 unius
3033 3640 3234 3697 coloris
3259 3656 3467 3717 pecora
3493 3654 3683 3699 nasce-

2090 3734 2307 3793 rentur;
2347 3736 2402 3783 et
2427 3729 2685 3807 quidquid
2708 3731 3036 3791 nascebatur
3057 3734 3315 3802 primum,
3349 3747 3513 3788 suum
3542 3740 3676 3801 erat,

2088 3818 2214 3899 quia
2238 3819 2470 3877 discolor
2489 3831 2544 3879 et
2557 3824 2768 3891 varium
2792 3834 2939 3894 erat;
2964 3826 3222 3905 quidquid
3238 3834 3454 3903 postea,
3478 3826 3681 3883 Labeo.

2089 3910 2261 3977 Unius
2286 3916 2428 3971 enim
2461 3928 2570 3983 tam
2600 3918 2655 3973 in
2679 3920 2837 3993 nigro
2861 3936 3025 3997 quam
3065 3921 3120 3977 iu
3150 3920 3274 3976 albo
3293 3920 3500 3977 coloris
3521 3935 3686 3997 pecus

2085 4010 2380 4083 oriebatur.
2427 4011 2486 4073 In
2539 4028 2605 4079 eo
2649 4022 2828 4079 autem
2876 4008 2996 4081 loco
3034 4013 3126 4068 ubi
3175 4014 3444 4087 scriptum
3475 4023 3596 4085 est,
3628 4023 3688 4071 ut

2084 4103 2432 4177 conciperent
2458 4105 2514 4169 in
2541 4105 2729 4181 virgis,
2761 4106 2816 4173 iu
2842 4104 3069 4171 Hebraeo
3100 4106 3679 4175 babet,iehagnmenua

2082 4201 2282 4265 ruma.
2325 4194 2446 4263 Vim
2497 4196 2649 4262 verbi
2700 4194 2952 4261 Hebraici
2982 4237 3001 4265 ,
3045 4197 3150 4263 nisi
3207 4196 3442 4263 circuitu
3496 4199 3681 4271 expri—

2081 4300 2235 4357 mere
2250 4302 2362 4353 non
2390 4302 2629 4361 possum,
2658 4288 3042 4357 lebammenna
3060 4289 3205 4345 enim
3227 4290 3457 4372 proprie
3483 4290 3683 4346 dicitur

2081 4384 2357 4451 extremus
2380 4379 2436 4438 in
2466 4381 2610 4447 coitu
2637 4381 2786 4453 calor
2812 4424 2828 4450 ,
2876 4399 2984 4455 quo
3013 4398 3211 4465 corpus
3241 4398 3408 4439 omne
3436 4383 3681 4455 concuti;

2079 4478 2188 4551 tur,
2214 4482 2268 4539 et
2301 4475 2538 4555 patranti
2580 4475 2845 4547 voluptati
2894 4477 3103 4539 vicinus
3158 4486 3243 4543 est
3290 4476 3434 4534 ﬁnis.
3471 4476 3678 4554 (Gr-eg.)

2078 4560 2267 4629 Potest
2306 4574 2484 4631 autem
2511 4574 2565 4621 et
2592 4569 2886 4629 secundum
2925 4566 3216 4639 mysticum
3264 4582 3494 4637 sensum
3516 4610 3535 4643 ,
3574 4571 3680 4627 hoc

504 4625 749 4697 manus
774 4640 921 4707 quod
1287 4621 1517 4716 peperit,
1543 4621 1974 4721 defensione
1999 4621 2054 4687 ι)
2075 4621 2280 4715 tactum
2381 4621 2486 4708 alio
2516 4621 2690 4717 modo
2711 4621 2957 4729 intelligi.
2984 4621 3534 4729 'lutellectushsacr;
3565 4621 3678 4720 Et;

393 4722 539 4793 illius
573 4737 981 4797 trementem
1022 4731 1167 4799 hanc
1195 4744 1553 4808 conceptum
1585 4753 1703 4803 esse
1727 4748 1975 4813 naturam

390 4829 550 4884 quam
577 4833 741 4888 supra
764 4820 1124 4893 diximusJEt
1142 4827 1401 4897 scriptum
1424 4829 1696 4902 reperitur
1734 4833 1788 4889 in
1820 4833 1977 4903 libris

391 4909 754 4981 antiquissimi
781 4918 837 4967 et
861 4914 1177 4982 peritissimi
1202 4920 1399 4987 medici
1427 4919 1802 4992 Hyppoeratis,
1830 4926 1975 4995 quod

387 4998 586 5056 mulier
605 5003 853 5095 quaedam
872 5006 1183 5087 suspicione
1207 5010 1455 5067 adulterii
1478 5011 1655 5077 fuerat
1676 5016 1970 5095 punienda,

391 5104 510 5146 cum
535 5090 961 5162 pulcherrimum
984 5102 1303 5173 peperisset,
1327 5103 1544 5175 utrique
1576 5090 1784 5175 parenti
1810 5090 1970 5177 gene;

384 5179 541 5253 rique
568 5182 916 5259 dissimilem,
945 5188 1053 5257 nisi
1097 5203 1427 5254 memoratus
1452 5196 1695 5265 medicus
1720 5194 1971 5265 solvisset

384 5271 765 5349 quaestionem,
789 5275 915 5335 illos
935 5294 1168 5351 monens
1186 5297 1435 5353 quaerere
1463 5300 1592 5349 num
1620 5284 1767 5359 forte
1787 5286 1967 5361 aliqua

384 5360 511 5418 talis
540 5364 751 5435 pictura
778 5378 924 5431 esset
968 5373 1023 5441 in
1050 5374 1323 5444 cubiculo,
1350 5391 1457 5445 qua
1493 5377 1730 5449 inventa,
1768 5360 1968 5446 mulier

383 5468 414 5508 a
446 5455 755 5524 suspicione
780 5459 1006 5518 liberata
1042 5473 1143 5519 est.
1178 5464 1361 5538 (Aug.)
1397 5466 1501 5525 Sed
1539 5469 1606 5531 ad
1632 5469 1775 5535 hanc
1824 5488 1960 5543 rem,

380 5558 547 5623 quam
588 5546 720 5613 fecit
761 5549 950 5623 Iacob,
981 5556 1259 5628 virgarum
1306 5574 1373 5625 ex
1410 5561 1639 5633 diversis
1679 5566 1961 5627 arboribus

380 5635 546 5703 trium
566 5641 839 5719 copulatio
872 5645 1007 5716 quid
1032 5648 1323 5717 contulerit
1350 5653 1619 5723 utilitatis,
1652 5657 1794 5727 quod
1839 5659 1963 5715 atti-

379 5736 477 5805 ῃβι
515 5731 584 5791 ad
628 5734 810 5803 varias
835 5736 1070 5809 pecudes
1100 5741 1690 5815 multiplicandas,110n
1736 5760 1962 5823 apparet

654 5843 755 5905 nes
800 5828 1010 5909 aliquid
1052 5835 1128 5913 ad
1173 5838 1281 5913 hoc
1326 5843 1669 5925 cammare
1702 5845 1956 5929 interest.

2074 4740 2188 4813 quii
2238 4741 2380 4809 inter
2413 4751 2620 4815 textum
2652 4755 2707 4815 et
2741 4748 3060 4831 mysterium
3090 4759 3243 4811 tanta
3268 4760 3352 4819 est
3381 4752 3675 4809 libratione

2072 4836 2403 4904 pensandus,
2424 4844 2486 4893 ut
2508 4837 2791 4917 utriusque
2809 4842 2983 4923 partis
3008 4840 3163 4898 lance
3182 4842 3501 4917 moderata,
3524 4844 3672 4900 hunc

2072 4939 2249 5009 neque
2300 4926 2484 4997 nimiae
2530 4928 2883 4997 discussionis
2909 4933 3122 5013 pondus
3157 4934 3458 5006 deprimat,
3488 4952 3669 5007 neque
3717 4973 3722 4977 -

2072 5032 2290 5084 rursum
2340 5029 2528 5092 torpor
2575 5022 2798 5091 incuriae
2847 5041 3077 5093 vacuum
3114 5025 3412 5103 relinquat.
3480 5027 3660 5091 Multa:

2073 5111 2272 5191 quippe
2298 5113 2414 5184 eius
2435 5117 2716 5183 sententiae
2738 5126 2887 5175 tanta
2909 5119 3293 5189 allesoriarum
3306 5122 3666 5203 conceptione

2069 5211 2198 5271 sunt
2212 5204 2470 5283 gravidae,
2502 5214 2562 5271 nt
2596 5208 2843 5291 quisquis
2860 5224 2958 5277 .eas
2978 5211 3046 5275 ad
3067 5211 3237 5279 solam
3264 5220 3457 5281 tenere
3487 5214 3663 5283 histo-

2070 5293 2209 5359 riam
2237 5295 2433 5355 nititur
2458 5340 2473 5369 ,
2505 5314 2693 5361 earum
2721 5302 2913 5359 notitia
2937 5317 3037 5374 per
3059 5318 3213 5369 suam
3242 5305 3510 5363 incuriam
3546 5308 3663 5379 pri-

2068 5394 2244 5481 vetur.
2274 5388 2544 5457 Nonnulla
2573 5409 2701 5453 vero
2740 5396 2817 5452 ita
2862 5397 3224 5465 exterioribus
3241 5400 3533 5481 praecepti-5
3574 5400 3658 5465 iu-

2067 5480 2329 5557 serviunt,
2361 5490 2421 5547 ut
2447 5484 2494 5549 si
2510 5484 2637 5555 quis
2667 5499 2760 5553 eas
2778 5486 3029 5553 subtilius
3052 5480 3340 5569 penetrare
3360 5489 3655 5557 desideret,

2065 5575 2211 5645 intus
2234 5576 2449 5649 quidem
2477 5577 2611 5643 nihil
2636 5577 2897 5651 inveniat,
2919 5581 3021 5647 sed
3048 5580 3153 5636 hoc
3181 5579 3281 5641 sibi
3308 5579 3480 5641 etiam
3510 5578 3655 5653 quod

2064 5664 2198 5723 foris
2225 5667 2518 5739 loquuntur
2545 5670 2860 5731 abscondat.
2911 5670 3064 5741 Unde
3094 5672 3234 5737 bene
3274 5686 3492 5756 quoque
3518 5686 3649 5741 nar

2065 5756 2275 5823 ratione
2310 5757 2565 5815 historica
2607 5776 2707 5833 per
2750 5761 3196 5839 signiﬁcationem
3220 5762 3465 5829 dicitur:

2138 5848 2522 5931 Tollewawb
2543 5853 2713 5953 virga
2730 5853 2979 5941 ρθρτιιιεαρ
3003 5854 3191 5943 tiret?!
3213 5853 3647 5947 “M94445”?!
