3946 6458
205 407 320 481 609‘,

1256 411 1606 468 cOMMENT.
1644 403 1725 465 ΙΝ
1751 399 2070 465 GENESIM.
2103 437 2175 449 —
2209 407 2336 463 LIB.
2377 391 2470 462 In?

3350 394 3454 460 ΜΟ

206 535 485 598 conspectu
508 536 616 581 tuo.
649 527 855 580 Reversi
883 535 1002 581 sunt
1026 540 1192 580 nunm
1215 527 1282 579 ad
1325 525 1490 578 Jacob
1519 525 1777 578 dicentes:
1808 543 1860 584 Α
1881 524 2026 577 salva
2055 523 2196 592 facta
2219 540 2290 576 es.
2335 523 2512 576 anima
2555 540 2686 576 mea.
2718 529 2966 598 quodat)
3003 530 3172 581 Israel
3197 521 3462 575 vocabulo

214 619 469 675 Venimus
497 621 565 673 ad
609 620 754 673 Esau
780 620 994 687 fratrem
1030 628 1200 681 tuum,
1227 629 1274 671 et
1311 636 1426 672 ecce
1452 626 1692 688 properat
1731 619 1785 670 in

207 726 487 766 occursum
511 710 626 774 tibi,
656 727 772 763 cum
793 709 1184 779 quadringentis
1207 708 1348 762 viris.
1392 707 1582 760 Timuit
1621 705 1786 758 Jacob

205 799 380 866 valde,
403 809 454 855 et
491 801 798 871 perterritus
833 798 1006 856 divisit
1047 797 1294 868 populum
1321 799 1410 869 qui
1447 812 1620 851 secum
1643 804 1788 860 erat;

205 908 388 962 greges
409 908 633 963 quoque,
680 900 726 945 et
759 907 896 955 oves,
937 899 983 944 et
1023 889 1190 956 boves,
1221 901 1268 944 et
1297 888 1540 954 camelos,
1579 889 1635 941 in
1657 887 1790 941 duas

205 992 438 1049 turmas,
461 983 639 1038 dicens
661 999 680 1038 :
701 982 760 1038 Si
794 984 986 1038 venerit
1033 983 1174 1038 Esau
1205 983 1274 1038 ad
1298 1000 1457 1038 unam
1501 993 1728 1036 turmam
1743 990 1791 1035 et

205 1073 527 1143 percusserit
563 1088 702 1138 eam,
733 1072 841 1126 alia
885 1083 1060 1127 turma
1086 1090 1203 1144 qua:
1239 1073 1438 1144 reliqua
1481 1082 1580 1138 est,
1620 1071 1792 1127 salva-

207 1163 372 1219 bitur.
397 1163 658 1220 Nuntiato
681 1165 782 1219 sibi
805 1163 972 1220 fratre
995 1179 1093 1221 suo
1110 1164 1277 1220 Jacoh
1303 1166 1554 1220 veniente
1578 1164 1791 1220 obviam

206 1253 259 1309 ei
289 1269 414 1309 cum
435 1255 867 1326 quadringentis,
892 1257 1141 1311 turbatus
1171 1263 1256 1311 est
1274 1255 1511 1325 quidem,
1536 1265 1591 1311 et
1613 1266 1794 1310 mente

208 1344 494 1412 confusus,
526 1346 782 1416 quoniam
808 1347 984 1401 timuit
1005 1346 1183 1412 valde,
1214 1356 1270 1402 et
1289 1348 1462 1402 visum
1484 1355 1568 1402 est
1589 1346 1792 1402 homini

207 1437 532 1506 perturbato
581 1437 807 1492 divisam
856 1438 1250 1493 multitudinem
1300 1454 1452 1493 suam
1490 1438 1545 1492 in
1573 1439 1678 1493 duo
1706 1452 1795 1492 ca-

209 1533 328 1580 stra
373 1526 604 1596 disponi.
639 1525 740 1582 Ubi
785 1527 950 1596 quaeri
995 1537 1172 1598 potest
1227 1529 1492 1598 quomodo
1545 1529 1792 1585 habuerit

212 1617 377 1673 fidem
409 1618 475 1674 de
495 1620 778 1690 promissis
799 1620 915 1685 Dei,
957 1623 1386 1692 quandoquidem
1429 1623 1600 1678 dixit:
1637 1625 1696 1680 Si
1721 1641 1798 1681 ve-

209 1713 348 1764 nerit
363 1712 432 1765 ad
456 1720 632 1766 castra
650 1713 819 1783 prima
843 1714 1006 1784 frater
1031 1731 1174 1769 meus
1197 1726 1244 1769 et
1270 1716 1514 1770 occiderit
1538 1733 1622 1780 ea,
1643 1726 1795 1771 erunt

208 1802 444 1856 secunda
490 1803 544 1856 in
570 1803 811 1858 salutem.
853 1803 958 1859 Sed
1005 1806 1167 1860 etiam
1213 1808 1317 1862 hoc
1350 1808 1465 1863 fieri
1515 1809 1709 1879 potuit,
1737 1819 1798 1864 ut

1889 614 2488 684 derivatur,principem
2531 623 2705 668 sonat.
2752 613 2956 668 Sensus
3005 614 3184 682 itaque
3217 612 3305 666 hic
3344 621 3459 667 est:

1889 703 2005 758 Non
2030 706 2310 760 vocabitur
2352 722 2549 760 nomen
2594 715 2741 759 tuum
2783 704 3188 776 supplantator,
3229 704 3329 758 hoc.
3359 713 3463 770 est,

1889 795 2074 861 Jacob,
2107 797 2201 852 sed
2226 798 2507 852 vocabitur
2528 813 2722 854 nomen
2743 807 2892 853 tuum
2916 799 3165 868 princeps
3189 812 3307 851 cum
3333 797 3462 862 Deo,

1889 885 1995 941 hoc
2020 895 2123 952 est,
2169 887 2349 942 Israel.
2380 888 2658 956 Quomodo
2705 890 2847 943 enim
2889 903 2988 960 ego
3027 889 3278 959 princeps
3321 903 3464 953 sum,

1891 977 1971 1032 sic
1999 988 2056 1032 et
2088 987 2162 1043 tu,
2187 979 2278 1048 qui
2310 995 2521 1034 mecum
2546 979 2736 1034 luctari
2768 980 3007 1049 potuisti,
3040 979 3288 1050 princeps
3309 993 3469 1034 voca-

1891 1069 2058 1125 beris.
2092 1069 2149 1126 Si
2181 1080 2358 1126 autem
2382 1087 2594 1127 mecum
2621 1073 2711 1142 qui
2737 1073 2878 1127 Deus
2910 1087 3051 1138 sum,
3076 1072 3189 1128 sive
3212 1073 3463 1144 angelus;

1893 1161 2148 1230 quoniam
2197 1162 2442 1234 plerique
2499 1164 2648 1218 varie
2708 1163 3168 1234 interpretantur,
3230 1179 3471 1236 pugnare

1892 1255 2142 1324 potuisti,
2168 1265 2370 1325 quanto
2403 1255 2573 1326 magis
2600 1270 2722 1310 cum
2751 1256 3091 1310 hominibus?
3114 1256 3218 1312 hoc
3237 1263 3321 1311 est
3345 1272 3468 1311 cum

1895 1345 2059 1410 Esau,
2089 1360 2248 1414 quem
2277 1345 2569 1400 formidare
2599 1361 2704 1400 non
2731 1345 2911 1400 debes.
2953 1345 3085 1400 Illud
3122 1355 3302 1402 autem
3329 1345 3472 1414 quod

1898 1436 1952 1490 in
1990 1436 2126 1491 libro
2173 1435 2488 1501 Nominum,
2541 1437 2923 1508 interpretatur
2971 1434 3138 1491 Israel
3183 1435 3261 1490 vir
3297 1436 3473 1490 videns

1901 1527 2086 1592 Deum,
2111 1527 2225 1582 sive
2246 1545 2390 1581 mens
2409 1527 2584 1581 videns
2607 1527 2793 1593 Deum,
2817 1528 3056 1582 omnium
3070 1542 3206 1598 pene
3228 1541 3477 1582 sermone

1898 1615 2176 1680 detritum,
2203 1633 2310 1671 non
2337 1627 2447 1671 tam
2476 1633 2602 1672 vere
2625 1633 2788 1687 quam
2837 1617 3100 1672 violenter
3140 1617 3273 1672 mihi
3302 1617 3475 1672 inter-

1896 1718 2167 1780 pretatum
2209 1710 2443 1764 videtur.
2493 1709 2593 1764 llic
2632 1711 2774 1765 enim
2795 1710 2960 1766 Israel
3004 1727 3103 1782 per
3141 1711 3241 1766 has
3269 1712 3478 1766 litteras

1901 1803 2194 1858 scribitur:
2221 1801 2325 1866 iod,
2359 1810 2401 1867 τ,
2445 1802 2547 1866 sin,
2593 1813 2664 1868 ur,
2699 1819 2800 1868 res,
2831 1816 2891 1869 '1,
2917 1802 3088 1874 aleplt,
3111 1818 3170 1870 κ,
3201 1803 3395 1869 lamed,
3417 1787 3470 1869 ι),

210 1902 486 1949 everteret
513 1904 691 1950 castra
717 1896 834 1966 ejus
860 1897 1023 1963 Esau,
1048 1905 1102 1953 et
1130 1906 1257 1954 tunc
1300 1899 1442 1956 Deus
1484 1878 1608 1971 post
1649 1901 1793 1956 illam

1910 1896 2044 1966 quod
2074 1896 2458 1966 interpretatur
2477 1895 2712 1968 princeps
2723 1895 2896 1960 Deus,
2919 1896 3032 1951 sive
3057 1896 3284 1951 directus
3311 1895 3474 1950 Deus.

212 1984 586 2052 afllictionem,
619 1989 830 2046 adesset
859 1999 914 2046 et
943 1991 1200 2048 liberaret
1239 2009 1382 2062 eum,
1433 2003 1488 2050 et
1527 2012 1646 2066 quae
1673 2012 1798 2067 pro-

210 2078 369 2134 misit
393 2079 654 2149 impleret.
700 2081 768 2136 Et
792 2083 1113 2141 admonendi
1154 2086 1354 2144 fuimus
1400 2089 1504 2146 hoc
1529 2091 1794 2162 exemplo,

212 2176 281 2222 ut
308 2173 558 2239 quamvis
585 2174 869 2232 credamus
898 2178 953 2232 in
976 2180 1169 2245 Deum,
1189 2180 1455 2239 faciamus
1476 2193 1656 2239 tamen
1679 2201 1799 2254 qua:

207 2257 462 2316 facienda
492 2270 618 2318 sunt
639 2265 707 2320 ab
727 2265 1037 2325 hominibus
1063 2270 1117 2325 in
1139 2272 1453 2340 praesidium
1493 2273 1702 2339 salutis,
1731 2290 1799 2331 ne

208 2355 692 2420 praetermittentes
726 2372 812 2424 ea,
842 2357 1010 2414 Deum
1055 2369 1266 2418 tentare
1294 2362 1591 2419 videamur.
1640 2365 1801 2420 Deni-

212 2457 323 2512 que
354 2454 477 2515 post
503 2447 621 2502 haec
643 2463 763 2518 quae
782 2452 950 2508 verba
980 2451 1122 2508 dicat
1151 2453 1294 2510 idem
1319 2452 1508 2521 Jacob,
1547 2455 1800 2512 conside-

212 2535 448 2591 randum
470 2547 574 2593 est.

287 2625 449 2693 Deus,
489 2630 684 2702 inquit,
714 2633 881 2702 patris
918 2634 1017 2688 mei
1051 2635 1337 2702 Abraham,
1380 2646 1430 2691 et
1452 2637 1593 2694 Deus
1639 2641 1801 2694 oatris

215 2719 322 2774 mei
347 2719 528 2789 Isaac,
557 2724 803 2792 Domine,
849 2727 940 2797 qui
967 2726 1146 2782 dixisti
1176 2729 1326 2795 mihi,
1355 2728 1586 2785 Recurre
1612 2731 1668 2784 in
1699 2741 1803 2784 ter-

215 2827 336 2866 ram
362 2817 710 2884 generationis
749 2827 870 2884 tua',
900 2829 947 2875 et
982 2820 1304 2890 benefaciam
1343 2823 1456 2890 tibi,
1505 2825 1723 2880 idoneus
1748 2842 1802 2881 es

216 2905 352 2960 mihi
391 2906 455 2960 ab
483 2910 623 2962 omni
646 2909 858 2979 justitia
886 2921 933 2966 et
977 2911 1041 2967 ab
1069 2914 1210 2967 omni
1238 2914 1452 2968 veritate
1489 2931 1606 2986 qua:
1634 2916 1803 2985 fecisti

215 3013 384 3069 puero
413 3009 522 3053 tuo.
564 3000 632 3056 In
663 3002 806 3074 virga
829 3005 966 3059 enim
989 3022 1104 3060 mea
1128 3007 1249 3071 ista,
1275 3007 1493 3063 transivi
1511 3006 1804 3064 Iordanem

215 3087 379 3144 hunc.
410 3090 568 3145 Nunc
603 3103 778 3149 autem
813 3094 986 3164 factus
1033 3113 1149 3152 sum
1181 3097 1236 3151 in
1280 3099 1385 3154 duo
1417 3109 1612 3155 castra.
1661 3099 1805 3156 Erue

215 3194 305 3232 me
347 3180 411 3234 de
451 3197 610 3236 manu
663 3184 844 3254 fratris
882 3189 1005 3253 mei,
1040 3189 1104 3243 de
1141 3206 1302 3244 manu
1352 3191 1521 3258 Esau,
1564 3195 1688 3265 quia
1712 3209 1803 3263 ego

215 3271 377 3326 timeo
411 3272 590 3341 illum,
629 3293 692 3331 ne
748 3296 865 3332 cum
907 3283 1097 3335 venerit
1153 3283 1309 3352 feriat
1363 3303 1481 3350 me,
1529 3297 1574 3339 et
1613 3297 1804 3342 matres

217 3378 379 3433 super
413 3364 571 3432 ﬁlios.
627 3367 706 3421 Tu
749 3380 923 3425 autem
963 3373 1144 3426 dixisti
1174 3389 1192 3428 :
1231 3373 1570 3446 Benefaciam
1614 3379 1730 3444 tibi,
1759 3389 1806 3432 et

215 3469 413 3522 penam
443 3473 617 3512 semen
648 3468 793 3514 tuum
825 3471 1076 3533 tanquam
1106 3481 1322 3518 arenam
1351 3469 1538 3535 maris,
1565 3486 1682 3540 qua:
1705 3488 1810 3526 non

217 3543 642 3603 dinumerabitur
665 3567 774 3620 pra:
811 3553 1167 3609 multitudine.
1200 3555 1344 3612 Satis
1388 3558 1444 3613 in
1492 3559 1576 3615 his
1628 3563 1811 3618 verbis

217 3642 278 3688 et
300 3635 536 3692 humana
559 3640 848 3696 inﬁrmitas
885 3652 939 3697 et
965 3644 1099 3699 ﬁdes
1119 3647 1339 3714 pietatis
1368 3659 1610 3719 apparet.

297 3728 688 3786 Prwcesserunt
726 3735 900 3814 itaque
945 3754 1166 3792 munera
1211 3752 1332 3794 ante
1372 3759 1526 3808 eum;
1558 3745 1665 3814 ipse
1695 3763 1810 3800 vero

217 3821 422 3873 mansit
449 3832 596 3875 nocte
619 3821 712 3876 illa
740 3809 1030 3881 in'castris.
1057 3827 1288 3900 Cumque
1328 3843 1534 3887 mature
1553 3838 1812 3890 surrexis-

220 3918 326 3974 set,
353 3910 469 3963 tulit
501 3912 633 3967 duas
665 3931 852 3970 uxores
903 3935 1047 3985 suas,
1093 3930 1141 3974 et
1183 3922 1396 3977 totidem
1436 3924 1667 3994 famulas
1691 3945 1808 3982 cum

220 3997 468 4053 undecim
495 4000 643 4069 ﬁliis,
695 4012 743 4058 et
772 4009 1012 4062 transivit
1043 4011 1234 4066 vadum
1280 4013 1466 4069 Jaboc.
1509 4012 1679 4076 hboc
1713 4019 1812 4075 llu-

218 4088 346 4143 vius
369 4098 453 4144 est
495 4093 586 4161 qui
615 4092 730 4150 ﬂuit
758 4097 901 4153 inter
932 4099 1240 4171 Ammaum,
1283 4105 1387 4162 hoc
1424 4117 1508 4163 est
1540 4108 1810 4165 Philadel-

219 4180 406 4251 phiam
427 4191 480 4236 et
501 4182 784 4254 Gerasam,
826 4189 879 4244 in
926 4202 1121 4261 quarto
1166 4195 1284 4265 ejus
1311 4199 1563 4256 milliario
1589 4212 1644 4256 et
1670 4204 1811 4259 ultra

221 4275 540 4341 procedens.
585 4277 804 4335 Jordani
837 4282 999 4338 fluvio
1042 4290 1442 4346 commiscetur.
1490 4293 1604 4349 lloc
1630 4305 1810 4351 autem

220 4380 383 4419 amne
412 4371 750 4436 transmisso,
803 4373 1039 4432 luctatus
1072 4387 1157 4433 est
1196 4378 1361 4436 Jacoh
1393 4385 1656 4441 adversus
1687 4403 1810 4442 eum

221 4455 316 4524 qui
345 4455 446 4511 sibi
476 4472 823 4530 apparuerat,
851 4476 1181 4540 vocatusque
1209 4480 1294 4528 est
1336 4471 1526 4531 Israel.
1575 4476 1730 4533 Unde
1755 4487 1812 4534 et

223 4548 471 4618 sequitur
506 4569 519 4605 :

347 4642 749 4716 ransductisque
772 4647 1012 4702 omnibus
1034 4665 1152 4720 qua:
1179 4649 1249 4703 ad
1274 4666 1329 4705 se
1355 4653 1702 4722 pertinebant,
1728 4673 1814 4711 re-

221 4734 422 4786 mansit
461 4735 626 4802 solus,
671 4747 721 4792 et
769 4755 884 4793 ecce
926 4740 1006 4794 vir
1045 4739 1346 4794 luctabatur
1396 4758 1514 4796 cum
1552 4761 1612 4798 eo
1653 4761 1816 4817 usque

222 4842 401 4880 mane.
433 4825 537 4892 Qui
565 4844 684 4881 cum
715 4830 910 4885 videret
933 4832 1073 4902 quod
1094 4849 1211 4886 eum
1231 4849 1478 4903 superare
1501 4851 1602 4889 non
1622 4846 1814 4906 posset,

219 4917 393 4987 tetigit
418 4934 631 4973 nervum
659 4919 873 4988 femoris
902 4923 1038 4993 ejus,
1062 4933 1108 4978 et
1133 4926 1312 4978 statim
1333 4927 1609 4980 emarcuit.
1634 4927 1816 4982 Dixit-

219 5025 326 5078 que
354 5009 424 5061 ad
444 5027 604 5066 eum:
638 5011 856 5068 Dimitte
890 5032 992 5082 me,
1016 5015 1132 5086 jam
1173 5018 1309 5070 enim
1341 5021 1572 5073 ascendit
1596 5037 1814 5076 aurora.

223 5096 511 5167 Respondit
539 5117 557 5154 :
599 5099 720 5155 Non
743 5103 1001 5158 dimittam
1052 5116 1100 5160 te
1121 5147 1136 5171 ,
1174 5109 1274 5161 nisi
1311 5108 1634 5166 benedixeris
1664 5113 1810 5167 mihi.

224 5189 318 5242 Ait
343 5206 466 5262 ergo
491 5204 508 5241 :
538 5192 690 5258 Quod
715 5212 902 5250 nomen
929 5206 1003 5251 est
1026 5198 1159 5252 tibi?
1179 5198 1462 5270 Respondit
1488 5218 1506 5255 :
1529 5202 1716 5256 Jacob.
1749 5204 1816 5258 At

224 5280 362 5336 ille:
404 5281 774 5355 Nequaquam,
816 5289 1002 5360 inquit,
1043 5291 1210 5345 Iacob
1252 5293 1600 5362 appellabitur
1631 5311 1820 5350 nomen

225 5376 507 5440 tuum,sed
530 5375 719 5443 Israel,
743 5381 992 5449 quoniam
1014 5383 1060 5437 si
1078 5392 1258 5438 contra
1285 5385 1449 5440 Deum
1475 5387 1626 5456 fortis
1649 5388 1822 5456 fuisti,

225 5473 428 5533 quanto
451 5468 616 5536 magis
647 5479 828 5522 contra
845 5471 1077 5528 homines
1097 5476 1399 5545 prtevalebis
1419 5477 1443 5529 ?
1465 5476 1815 5549 Interrogavit

227 5569 353 5607 eum
404 5553 610 5609 Jacob:
661 5555 753 5609 Dic
788 5559 916 5611 mihi
952 5579 1054 5630 quo
1093 5565 1374 5633 appellaris
1420 5568 1672 5622 nomine?
1713 5569 1815 5624 Re-

230 5648 442 5714 spondit
468 5668 484 5704 :
509 5649 616 5702 Cur
647 5653 840 5720 qureris
865 5670 1051 5708 nomen
1081 5660 1292 5711 meum?
1329 5660 1395 5712 Et
1421 5662 1681 5717 benedixit
1701 5682 1819 5718 eum

235 5737 294 5789 in
325 5739 504 5792 eodem
547 5741 677 5793 [ιη-υ.
737 5743 1050 5814 Vocavitque
1094 5746 1257 5799 Jacob
1295 5767 1478 5805 nomen
1527 5755 1626 5807 loci
1679 5757 1819 5810 illius

240 5828 507 5896 Phanuel,
529 5835 702 5891 dicens
726 5852 740 5887 :
789 5836 905 5892 Vidi
941 5838 1224 5893 Dominum
1266 5842 1399 5911 facie
1435 5847 1503 5900 ad
1537 5848 1745 5916 faciem,
1773 5860 1821 5906 et

1902 1987 1998 2042 Vir
2026 2003 2156 2042 vero
2195 1988 2385 2042 videns
2414 1987 2583 2043 Deum
2630 1989 2713 2043 his
2749 1988 2944 2044 litteris
2986 1988 3261 2057 scribitur,
3308 1994 3369 2044 ut
3395 1987 3480 2044 vir

1902 2095 1969 2134 ex
2000 2080 2173 2134 tribus
2203 2079 2408 2148 ,litteris
2449 2080 2740 2146 scribatur,
2789 2080 2959 2149 aleoh,
2995 2095 3056 2148 si,
3086 2081 3195 2146 iod,
3217 2088 3261 2148 ν,
3282 2081 3383 2146 sin,
3405 2090 3474 2146 tv,

1902 2178 1964 2225 ut
1999 2171 2211 2225 dicatur
2237 2171 2338 2235 ais,
2369 2178 2510 2238 tum;
2539 2171 2723 2226 videns
2755 2171 3036 2238 extribus,
3071 2188 3172 2238 res,
3205 2171 3476 2240 alep/t,lte,

1904 2261 2115 2317 dicatur
2139 2263 2281 2327 rahe,
2304 2273 2443 2322 nm.
2466 2261 2634 2318 Porro
2666 2263 2732 2328 el,
2764 2246 2855 2328 Lm,
2900 2279 2968 2319 ex
2995 2263 3218 2329 duabus,
3245 2262 3396 2332 aleplt
3427 2270 3482 2318 et

1905 2347 2100 2414 lamed,
2145 2355 2200 2401 et
2239 2347 2626 2416 interpretatur
2674 2347 2836 2414 Deus,
2879 2349 2994 2404 sive
3028 2349 3197 2419 fortis.
3222 2348 3480 2418 Quamvis

1905 2438 2071 2510 igitur
2091 2439 2310 2509 grandis
2329 2439 2665 2494 auctoritatis
2691 2439 2801 2495 sint
2831 2449 2885 2495 et
2906 2440 3240 2511 eloquentiae,
3267 2449 3321 2497 et
3341 2440 3484 2511 ipso-

1906 2547 2027 2586 rum
2043 2533 2234 2587 umbra
2255 2548 2353 2586 nos
2372 2533 2662 2602 opprimat,
2685 2533 2780 2604 qui
2801 2533 2965 2588 lsrael
2993 2533 3169 2588 virum
3190 2534 3304 2588 sive
3327 2548 3482 2588 men-

1906 2630 2017 2676 tem
2046 2623 2317 2677 videntem
2362 2624 2532 2678 Deum
2569 2623 2981 2690 transtulerunt,
3013 2638 3110 2680 nos
3149 2623 3322 2695 magis
3345 2622 3492 2680 Scri-

1908 2721 2082 2782 pturae
2131 2721 2186 2768 et
2213 2713 2388 2785 angeli
2410 2715 2494 2769 vel
2529 2715 2645 2780 Dei,
2681 2715 2773 2784 qui
2813 2715 2977 2770 Israel
3025 2717 3200 2786 ipsum
3251 2717 3483 2782 vocavit,

1909 2808 2285 2862 auctoritatem
2321 2823 2633 2876 sequamur,
2655 2823 2818 2878 quam
2858 2809 3146 2879 cujuslibet
3166 2809 3490 2878 eloquentiae

1910 2899 2204 2954 saecularis.
2232 2899 2365 2954 Illud
2390 2915 2606 2969 quoque
2625 2900 2766 2970 quod
2803 2910 2989 2969 postea
3016 2900 3275 2970 sequitur.

1982 2987 2050 3042 Et
2073 2990 2334 3044 benedixit
2371 3006 2490 3044 eum
2535 2990 2626 3057 ibi,
2673 3001 2722 3045 et
2764 2991 2960 3046 vocavit
2986 2989 3152 3045 Iacob
3183 3007 3370 3048 nomen
3389 2990 3493 3049 loci

1911 3080 2073 3145 illius,
2107 3079 2298 3136 Facies
2327 3083 2443 3148 Dei,
2469 3083 2686 3138 dicens:
2723 3082 2842 3138 Vidi
2869 3085 3007 3140 enim
3049 3083 3214 3141 Deum
3245 3087 3380 3158 facie
3423 3088 3491 3142 ad

1915 3174 2127 3244 faciem,
2157 3185 2205 3230 et
2235 3176 2379 3232 salva
2410 3177 2552 3248 facta
2588 3187 2670 3255 est
2695 3181 2875 3254 anima
2909 3198 3025 3237 mea
3056 3182 3262 3255 (Isid.),
3300 3183 3354 3239 in
3383 3183 3490 3239 lle-

1833 3240 1879 3305 C
1910 3240 2054 3323 ἱππ-τεο
2080 3240 2279 3332 dicitur
2302 3240 2554 3340 plianual,
2585 3247 2774 3359 Satur],
2807 3280 2866 3327 ut
2903 3240 3139 3330 sciamus
3167 3240 3343 3346 ipsum
3375 3290 3496 3331 esse

1911 3357 2087 3413 locum
2119 3361 2208 3429 qui
2239 3361 2292 3414 in
2321 3362 2532 3417 caneris
2557 3357 2758 3418 sanctae
2777 3363 3072 3434 Scriptum
3105 3366 3491 3432 voluminibus,

1911 3451 1984 3505 ita
1999 3461 2060 3505 ut
2081 3452 2134 3506 in
2151 3453 2376 3509 Hebraeo
2394 3456 2661 3525 scriptum
2688 3465 2791 3522 est,
2827 3458 3059 3528 phanuel
3081 3458 3294 3529 legitur.
3317 3459 3373 3514 ln
3390 3474 3496 3530 quo

1910 3543 2634 3612 principaliterrsacramenti
2668 3546 2937 3604 Dominici
2955 3549 3130 3620 imago
3155 3550 3498 3622 praefigurata

1911 3643 2012 3689 est.
2048 3637 2144 3690 Vir
2189 3637 2334 3691 enim
2371 3637 2461 3693 ille
2499 3647 2682 3709 typum
2711 3638 2917 3696 Christi
2945 3642 3346 3699 evidentissime
3384 3659 3500 3715 ges-

1913 3739 2098 3794 serat;
2142 3730 2228 3784 cui
2280 3741 2458 3785 tamen
2515 3731 2635 3787 ideo
2675 3734 3033 3804 praevaluerat
3087 3734 3254 3791 Jacob
3310 3735 3500 3806 utique

1912 3819 2137 3885 volenti,
2180 3829 2240 3874 ut
2284 3823 2600 3893 mysterium
2649 3824 2909 3894 figuraret
2956 3826 3222 3895 passionis
3260 3825 3496 3882 Domini.

1915 3913 2020 3969 Ubi
2062 3915 2212 3969 visus
2239 3923 2322 3969 est
2367 3912 2536 3970 Jacoh
2583 3915 2638 3970 in
2670 3914 2979 3972 Judaeorum
3016 3924 3162 3987 typo,
3195 3916 3298 3973 hoc
3328 3915 3499 3983 estin

1915 4007 2160 4078 corporis
2208 4007 2291 4062 sui
2321 4007 2506 4062 sobole
2534 4008 2881 4079 praevaluisse
2907 4007 3040 4074 Deo,
3088 4015 3144 4064 et
3175 4009 3330 4079 quasi
3375 4024 3500 4064 cum

1914 4099 2154 4165 infirmo,
2184 4100 2259 4154 ita
2285 4116 2408 4155 cum
2441 4116 2603 4155 carne
2638 4099 2753 4169 ejus
2780 4100 3050 4156 luctamen
3076 4101 3231 4167 inire,
3263 4109 3317 4156 et
3345 4101 3498 4157 inta-

1914 4193 2121 4248 lescere
2151 4193 2204 4247 in
2238 4194 2489 4262 passione
2523 4193 2661 4262 ejus,
2691 4194 2828 4249 sicut
2863 4194 3125 4264 scriptum
3151 4205 3235 4251 est
3257 4211 3381 4250 cum
3419 4193 3501 4250 dl-

1915 4294 2082 4349 ceret,
2115 4283 2376 4356 Cruci/ige
2404 4283 2621 4354 (Matth.
2652 4284 2853 4355 xxvii);
2887 4293 2941 4341 et
2986 4294 3168 4341 tamen
3215 4283 3383 4342 Jacob
3435 4285 3502 4339 ab

1914 4377 2105 4431 eodem
2136 4378 2325 4448 angelo
2356 4378 2790 4433 benedictionem
2825 4395 2985 4448 quem
3007 4381 3183 4435 victor
3209 4394 3504 4451 superave—

1914 4476 1999 4522 rat
2027 4468 2357 4538 impetravit.
2389 4466 2552 4536 Cujus
2589 4471 2824 4525 nominis
2864 4471 3364 4541 impositiO'utique
3405 4471 3503 4526 be-

1839 4559 2156 4648 Dnedictio
2205 4559 2328 4612 fuit.
2381 4558 2778 4628 Interpretatur
2833 4559 2998 4613 Israel
3048 4560 3229 4614 videns
3298 4561 3500 4625 Deum,

1919 4653 2065 4719 quod
2095 4652 2199 4703 erit
2222 4653 2277 4701 ln
2304 4652 2412 4703 tlne
2451 4652 2733 4718 praemium
2763 4658 3077 4703 sanctorum
3107 4650 3369 4705 omnium.
3397 4650 3502 4708 'l’e—

1919 4741 2042 4812 tigit
2059 4755 2222 4810 porro
2248 4740 2336 4795 ille
2365 4741 2506 4795 idem
2539 4739 2762 4810 angelus
2798 4741 3138 4797 latitudinem
3167 4741 3410 4811 femoris,
3452 4753 3508 4801 et

1920 4830 2166 4885 claudum
2197 4831 2450 4886 reddidit.
2484 4829 2680 4899 Sicque
2708 4839 2828 4885 erat
2872 4847 3010 4887 unus
3051 4841 3212 4894 atque
3238 4835 3380 4890 idem
3421 4833 3508 4890 Ja-

1920 4924 2020 4978 cob
2050 4923 2366 4979 benedictus
2393 4931 2448 4978 et
2500 4922 2722 4978 claudus
2780 4941 2792 4975 :
2844 4922 3163 4979 benedictus
3198 4941 3252 4979 tn
3294 4926 3376 4980 his
3413 4926 3503 4995 qui

1921 5017 1976 5070 in
2020 5016 2297 5072 Christum
2328 5033 2393 5072 ex
2424 5031 2487 5071 co
2511 5017 2706 5087 p0pulo
2749 5019 3118 5084 crediderunt,
3154 5027 3314 5088 atque
3345 5020 3397 5073 in
3424 5020 3508 5074 in-

1923 5109 2172 5165 ﬁdelibus
2203 5109 2446 5164 claudus.
2491 5108 2626 5162 Nam
2653 5109 2705 5163 in
2751 5109 2972 5165 femoris
3017 5124 3184 5164 nervo
3232 5109 3502 5179 valetudo,

1923 5202 2136 5271 generis
2194 5200 2477 5255 multitudo
2552 5208 2635 5254 est
2689 5218 2700 5252 :
2763 5201 2946 5270 plures
2996 5203 3193 5271 quippe
3263 5210 3387 5258 sunt
3448 5203 3505 5259 in

1927 5295 2092 5363 stirpe
2117 5293 2208 5364 qui
2237 5293 2631 5362 degenerantes
2655 5307 2684 5344 a
2709 5290 2814 5346 fide
2839 5301 3073 5361 patrum,
3099 5303 3153 5349 et
3173 5309 3204 5348 a
3226 5296 3506 5367 praeceptis

1927 5384 2163 5438 auctoris
2202 5383 2283 5438 sui
2314 5384 2614 5447 deviantes,
2642 5381 2695 5435 in
2731 5397 2974 5438 errorem
3003 5386 3085 5440 sui
3114 5388 3337 5444 seminis
3358 5388 3506 5446 clau-

1921 5479 2124 5543 dicant,
2177 5479 2243 5532 de
2290 5478 2486 5548 quibus
2529 5479 2844 5547 prophetice
2885 5481 3201 5550 praedictum
3255 5492 3341 5539 est
3381 5501 3393 5537 :
3434 5483 3506 5538 Et

1923 5574 2346 5628 claudicaverunt
2375 5589 2407 5624 a
2434 5573 2630 5624 semitis
2659 5573 2768 5625 suis
2795 5570 2968 5642 (Psal.
3003 5575 3156 5642 xvu).
3175 5572 3375 5646 (Greg.)
3402 5575 3504 5642 Qui

1925 5675 2104 5720 tamen
2133 5667 2361 5735 p0pulus
2391 5675 2531 5734 post,
2564 5666 2721 5718 tactis
2773 5668 2874 5720 sibi
2905 5670 3128 5733 viribus,
3188 5685 3294 5724 non
3331 5671 3502 5724 solum

1927 5759 2211 5821 claudicat,
2244 5758 2338 5812 sed
2372 5767 2423 5810 et
2455 5757 2730 5825 torpescit,
2776 5774 2841 5812 ne
2866 5760 3004 5813 ultra
3028 5761 3140 5831 jam
3180 5761 3316 5813 filios
3344 5775 3505 5828 gene-

1929 5866 2052 5907 rare
2101 5851 2289 5924 possit.
2350 5851 2531 5907 Potest
2583 5861 2634 5907 ct
2686 5852 2982 5917 secundum
3030 5854 3382 5926 tropologiam
3446 5849 3502 5910 in
