3946 6462
279 405 384 475 bis

1312 397 1667 458 WIENT.
1707 398 1776 453 ΙΝ
1813 395 2135 454 GENESlM.
2174 418 2246 439 --
2279 397 2408 454 LIB.
2446 398 2534 457 llis

3420 402 3527 459 θη

350 526 506 605 Ειμιι
525 525 670 583 rem
686 542 705 582 τ
723 525 981 593 Quanam
1004 528 1127 578 sunt
1152 519 1501 592 istatturmw,
1526 530 1658 589 quas
1677 517 1852 571 obvias
1878 526 1933 586 Α
1956 515 2123 572 salem
2143 515 2286 572 dicta
2303 524 2406 583 est,
2428 516 2706 589 paci/leam
2732 526 2918 575 nostro
2946 532 3196 578 sermone
3222 517 3524 577 transferri.

279 616 480 683 habui?
505 619 826 693 Respondit:
848 617 920 674 Ut
941 617 1225 672 invenirem
1240 612 1468 685 gratiam
1488 620 1666 667 coram
1686 610 1855 664 dami-

279 730 348 773 no
376 728 510 771 meo.
543 711 719 769 Atille
748 727 768 767 :
789 708 996 776 Haben,
1035 708 1132 774 ait,
1161 705 1411 778 plurima,
1436 705 1602 776 frater
1628 704 1724 770 mi,
1753 703 1856 757 sint

278 817 372 863 tua
402 807 512 861 tibi.
539 805 687 861 Dixit
712 801 879 859 Iacob
908 814 928 854 :
960 799 1091 856 Noli
1120 800 1223 866 ita,
1246 798 1480 864 obsecro,
1503 796 1593 851 sed
1616 796 1662 851 si
1682 794 1856 851 inveni

278 901 505 972 gratiam
524 899 581 955 in
602 896 767 953 oculis
787 895 912 962 tuis,
936 895 1112 965 accipe
1135 889 1505 947 munusculum
1529 890 1595 945 de
1614 890 1854 945 uultibus

276 990 423 1053 meis,
458 988 545 1045 Sic
569 988 707 1044 enim
732 986 841 1041 vidi
868 986 1057 1056 faciem
1103 993 1273 1050 tum,
1303 983 1459 1055 quasi
1491 982 1716 1037 viderem
1743 979 1857 1037 vul-

275 1093 388 1137 tum
432 1080 548 1147 Dei,
584 1089 691 1136 etc.
725 1076 908 1149 (Λυσι)
955 1075 1095 1144 Quid
1122 1076 1228 1133 sibi
1272 1074 1388 1131 vult
1414 1075 1559 1145 quod
1587 1072 1754 1129 Iacob
1780 1073 1857 1129 ait

274 1169 435 1223 fratri
471 1178 571 1225 suo
600 1187 614 1223 :
646 1167 877 1238 Propter
903 1167 1007 1222 hoc
1038 1166 1149 1221 vidi
1175 1165 1370 1222 faciem
1399 1173 1569 1230 tuam,
1598 1163 1855 1235 quemad-

275 1259 498 1315 modum
526 1273 651 1314 cum
669 1257 817 1313 videt
838 1256 1035 1327 aliquis
1058 1254 1253 1312 faelem
1287 1255 1421 1310 Dei?
1445 1264 1627 1310 utrum
1654 1267 1854 1324 paven-

276 1350 348 1405 tis
382 1358 439 1405 et
472 1349 773 1420 perturbati
816 1348 985 1404 animi
1016 1349 1199 1414 verba,
1226 1362 1396 1419 usque
1423 1347 1480 1402 in
1503 1347 1645 1402 hanc
1662 1345 1850 1402 adula-

274 1440 481 1494 tibnem
500 1438 904 1509 proruperunt?
951 1453 1022 1493 an
1046 1439 1340 1494 secundum
1382 1436 1620 1508 aliquem
1644 1436 1853 1492 intelle-

273 1536 423 1584 ctum
470 1528 590 1585 sine
629 1538 852 1601 peccato
882 1529 1023 1585 dicta
1061 1529 1232 1600 accipi
1280 1528 1537 1599 possunt?
1582 1527 1853 1585 Fortassis

270 1620 421 1675 enim
450 1621 578 1691 quia
600 1621 733 1677 dicti
761 1628 889 1677 sunt
922 1629 979 1676 et
1001 1622 1244 1692 gentium
1270 1620 1365 1687 dii,
1393 1620 1485 1690 qui
1510 1628 1639 1676 sunt
1652 1619 1853 1676 daemo-

273 1708 386 1775 nia,
436 1724 547 1766 non
575 1709 955 1780 praeiudicatur
983 1724 1053 1765 ex
1095 1708 1181 1765 his
1230 1708 1411 1765 verbis
1458 1708 1664 1765 homini
1712 1707 1848 1776 Dei;

269 1800 415 1871 quod
437 1808 495 1857 et
518 1802 565 1857 si
591 1801 823 1873 benigno
852 1801 1035 1857 animo
1079 1800 1223 1857 dicta
1250 1801 1366 1856 haec
1404 1801 1570 1857 verba
1608 1800 1849 1857 fraterna

1958 607 2258 679 Utrumque
2308 609 2471 675 enim,
2519 619 2743 666 accentu
2779 610 3057 682 paululum
3093 611 3385 678 declinato,
3422 610 3527 666 hoc

1952 701 2273 758 vocabulum
2296 709 2471 759 sonat.
2493 702 2735 759 Tradunt
2761 702 2973 761 Hebraei
3003 704 3147 776 quod
3172 702 3529 760 cieudieantis

1952 792 2128 850 femur
2163 792 2330 849 Jacob
2377 794 2452 851 ibi
2488 796 2822 853 convaluerit
2865 804 2920 854 et
2969 804 3219 854 sanatum
3255 797 3347 862 sit,
3397 811 3527 867 pro-

1950 892 2137 955 pterea
2158 882 2405 938 eamdem
2440 883 2715 942 civitatem
2742 885 2917 943 aurati
2941 895 3104 959 atque
3125 886 3352 959 perfecti
3374 902 3530 944 voca-

1950 973 2139 1033 bulum
2161 982 2536 1032 consecutam.

2511 1089 2739 1148 CAPUT
2787 1092 2958 1150 XXII:

1949 1179 2032 1236 ac
2059 1188 2216 1253 raptu
2428 1180 2557 1264 ﬁlia:
2587 1180 2699 1267 bin:
2729 1190 2826 1267 per
3333 1182 3531 1241 Hem»

2339 1251 2542 1319 Hcvwi,
2563 1253 2700 1309 etde
2729 1251 2926 1310 ultione
2956 1251 3146 1326 stupri.

2020 1342 2172 1417 (Cn.
2203 1343 2413 1418 xxxiv.)
2454 1344 2683 1417 Egressa
2710 1355 2788 1402 est
2817 1355 2991 1402 autem
3009 1346 3153 1402 Dina
3174 1347 3293 1417 filia
3316 1347 3449 1415 Luc,
3474 1356 3531 1402 ut

1948 1435 2144 1492 videret
2172 1436 2414 1492 mulieres
2445 1437 2670 1509 regionis
2717 1436 2886 1492 illius.
2938 1437 3114 1504 Quam
3156 1454 3277 1493 cum
3322 1436 3534 1493 vidisset

1952 1524 2162 1582 Sicltem
2183 1526 2331 1597 ﬁlius
2360 1526 2561 1584 Hemar
2592 1527 2774 1584 Hevati
2796 1529 3037 1600 princeps
3058 1536 3213 1584 terra:
3250 1527 3419 1596 illius,
3440 1527 3535 1593 ad-

1949 1619 2145 1675 amavit
2176 1628 2225 1675 et
2261 1622 2458 1690 rapuit,
2485 1629 2534 1676 et
2576 1620 2818 1675 dormivit
2843 1637 2962 1676 cum
3003 1620 3120 1687 illa,
3158 1622 3207 1676 vi
3238 1621 3534 1692 opprimens

1949 1709 2233 1781 virginem;
2266 1720 2315 1767 et
2342 1710 2701 1783 conglutinata
2722 1718 2799 1766 est
2828 1712 3008 1766 anima
3040 1711 3156 1783 ejus
3177 1728 3296 1766 cum
3322 1728 3408 1777 ea,
3433 1711 3534 1764 tri—

1950 1810 2179 1873 stemque
2216 1801 2481 1857 blanditiis
2503 1802 2750 1869 dilinivit,
2778 1811 2883 1858 etc.
2913 1800 3134 1875 (Albim)
3173 1802 3309 1858 Dina
3339 1802 3536 1873 quippe

269 1901 419 1959 sunt,
454 1895 708 1965 quoniam
748 1901 804 1950 et
844 1902 969 1965 post
1012 1894 1209 1950 bonam
1238 1894 1633 1964 susceptionem
1676 1902 1853 1950 metus
1879 1894 1928 1955 B
1955 1900 2015 1948 ut
2054 1894 2311 1949 mulieres
2359 1890 2568 1961 videret
2612 1902 2887 1951 extranea:
2938 1880 3175 1967 regionis
3240 1893 3532 1965 egreditur,

268 1982 389 2054 ipse
426 1987 732 2053 transierat,
780 1986 958 2057 potuit
1001 1985 1082 2041 sic
1130 1985 1257 2052 dici,
1288 1984 1741 2055 quemadmodum
1794 1992 1851 2042 et

270 2074 489 2148 Moyses
528 2076 795 2132 Pharaoni
840 2077 977 2132 deus
1004 2076 1180 2132 dictus
1212 2084 1329 2143 est,
1368 2077 1664 2132 secundum
1708 2078 1852 2148 quod

268 2169 408 2225 dicit
426 2169 712 2240 Apostolus
745 2186 758 2223 :
788 2168 858 2223 Et
895 2170 941 2225 si
966 2177 1087 2223 sunt
1123 2170 1213 2239 qui
1241 2168 1492 2223 dicuntur
1526 2169 1623 2236 dii,
1651 2170 1759 2225 sive
1795 2171 1853 2224 in

265 2260 423 2327 calo,-
472 2262 577 2316 sive
605 2262 661 2316 in
710 2270 882 2326 terra,
917 2262 964 2316 si
988 2260 1195 2332 quidem
1242 2270 1364 2316 sunt
1398 2262 1474 2316 dii
1501 2261 1652 2317 multi
1677 2272 1727 2317 et
1751 2262 1850 2318 da-

265 2354 400 2431 mini
419 2352 570 2408 multi
599 2353 652 2425 (Ι
680 2351 802 2408 Cor.
833 2353 974 2427 Vill),
999 2353 1230 2410 maxime
1256 2354 1381 2424 quia
1410 2355 1526 2410 sine
1545 2355 1852 2431 articuloin

263 2430 459 2525 graeco
487 2442 688 2497 dictum
732 2451 837 2509 est,
874 2459 980 2513 quo
1023 2442 1253 2500 articulo
1279 2444 1685 2501 evidentissime
1716 2430 1853 2502 solet

267 2532 368 2588 Dei
405 2533 516 2589 veri
560 2534 723 2589 unius
760 2533 879 2590 ﬁeri
927 2534 1270 2606 significatio.
1333 2534 1451 2590 Non
1499 2538 1644 2592 enim
1692 2537 1848 2604 dixit,

265 2624 543 2704 πρόσωπον
581 2632 673 2684 τοῦ
699 2634 853 2693 Graii,
901 2627 996 2685 sed
1037 2627 1171 2682 dixit
1196 2628 1473 2704 πρόσωπον
1494 2637 1642 2687 θιοῦ.
1673 2629 1855 2686 Facile

266 2725 451 2771 autem
473 2716 577 2773 hoc
594 2716 901 2787 intelligunt
918 2732 1025 2786 qua
1052 2716 1307 2772 distantia
1334 2718 1565 2784 dicatur,
1590 2719 1682 2790 qui
1702 2718 1853 2775 Grae-

265 2822 394 2864 cum
421 2796 691 2879 eloquium
713 2794 901 2864 audire
920 2816 1084 2879 atque
1118 2809 1419 2882 intelligere
1440 2811 1635 2868 solent.

353 2886 450 2955 Via:
485 2899 650 2970 fratre
677 2897 1012 2971 compellente
1058 2899 1345 2971 suscipiens
1373 2902 1444 2956 ait
1485 2899 1855 2958 :rGradiamur

262 2978 456 3058 simul;
499 3008 689 3064 eraque
723 2991 896 3046 socius
942 2992 1144 3048 itineris
1191 2993 1291 3047 tui.
1344 2993 1591 3066 Dixitque
1642 2978 1808 3049 Iacob
1832 3008 1852 3047 :

264 3066 447 3149 Nosti,
475 3078 683 3137 domine
709 3080 805 3149 mi,
838 3081 979 3153 quod
1003 3080 1249 3153 parvulos
1289 3076 1509 3138 habeam
1555 3093 1780 3151 teneros,
1804 3092 1853 3139 et

263 3188 384 3229 oves
414 3191 476 3230 ac
501 3175 650 3230 boves
672 3164 807 3246 fetas
836 3190 1055 3241 mecum,
1081 3192 1214 3246 quas
1242 3162 1288 3231 si
1309 3174 1427 3247 plus
1450 3175 1505 3230 in
1532 3164 1852 3232 ambulando

1953 1985 2171 2057 quando
2232 2000 2569 2057 unaquaeque
2629 1999 2802 2053 mens,
2851 2000 2951 2041 sua
3006 1980 3190 2040 studia
3239 1984 3532 2056 negligens,

1953 2078 2195 2134 actiones
2239 2076 2444 2132 alienas
2485 2092 2704 2143 curans,
2729 2084 2885 2132 extra
2925 2076 3170 2132 habitum
3198 2082 3359 2145 atque
3382 2082 3537 2131 extra

1953 2167 2199 2225 ordinem
2224 2167 2503 2239 praprium
2532 2179 2811 2239 evagatur.
2836 2165 3010 2238 Quam
3040 2164 3258 2222 Sichem
3286 2166 3538 2236 princeps

1953 2269 2113 2317 terra:
2139 2258 2416 2333 opprimit,
2463 2259 2588 2330 quia
2615 2258 2869 2315 videlicet
2906 2258 3181 2314 inventam
3218 2257 3366 2314 curis
3388 2265 3539 2315 exte-

1952 2354 2191 2412 rioribus
2218 2352 2461 2409 diabolus
2496 2351 2813 2422 corrumpit.
2845 2349 2913 2407 Et
2939 2350 3271 2422 agglutinata
3314 2357 3400 2406 est
3424 2344 3539 2405 ani-

1953 2462 2044 2502 ma
2085 2444 2201 2515 ejus
2229 2460 2352 2502 eum
2396 2460 2483 2511 ea,
2510 2445 2639 2516 quia
2664 2444 2872 2500 unitam
2924 2442 3026 2501 sibi
3052 2458 3151 2515 per
3199 2441 3538 2514 iniquitatem

1953 2530 2192 2608 respicit.
2228 2536 2295 2592 Et
2314 2536 2443 2608 quia
2482 2551 2607 2591 cum
2631 2549 2785 2591 mens
2812 2551 2843 2591 a
2868 2534 3026 2608 culpa
3068 2533 3357 2605 resipiscit,
3375 2516 3539 2590 allici-

1954 2634 2064 2695 tur,
2092 2635 2256 2697 atque
2283 2626 2580 2682 admissum
2618 2614 2749 2682 ilere
2771 2634 3024 2693 conatur,
3053 2633 3340 2698 corruptor
3360 2634 3540 2682 autem

1950 2735 2078 2792 spes
2097 2735 2162 2775 ac
2198 2720 2518 2776 securitates
2546 2734 2749 2776 vacuas
2775 2728 2903 2776 ante
2925 2719 3115 2777 oculos
3139 2728 3320 2788 vocat,
3347 2729 3540 2791 quate-

1954 2828 2057 2868 nus
2088 2810 2381 2867 utilitatem
2410 2810 2643 2868 tristitiae
2671 2802 2983 2878 subtrahat,
3014 2816 3163 2867 recte
3182 2811 3293 2867 illic
3318 2810 3541 2881 subjun-

1953 2906 2137 2980 gitur:
2169 2903 2209 2960 Τ
2214 2906 2490 2977 ristenique
2512 2902 2761 2960 blanditis
2786 2902 3038 2959 delinivit.
3062 2901 3221 2959 Modo
3240 2904 3385 2960 enim
3411 2904 3541 2959 alio-

1956 3013 2078 3055 rum
2106 2997 2251 3055 facta
2274 2998 2549 3069 graviora,
2576 2996 2737 3053 modo
2762 2996 2899 3052 nihil
2923 3011 3043 3054 esse
3075 2997 3220 3069 quod
3262 3006 3540 3070 perpetra-

1956 3099 2073 3146 tum
2101 3099 2207 3158 est,
2232 3091 2393 3147 modo
2430 3090 2840 3147 misericordem
2864 3089 3038 3146 Deum
3073 3089 3336 3163 loquitur,
3383 3090 3545 3148 modo

1918 3242 1923 3247 .
1956 3186 2135 3243 adhuc
2156 3195 2371 3259 tempus
2393 3188 2728 3260 subsequens
2748 3188 2817 3245 ad
2838 3187 3214 3261 paenitentiam
3236 3186 3543 3259 pollicetur,

263 3254 437 3352 ~fecero
492 3264 756 3352 laborare,
803 3256 1095 3323 morientur
1143 3285 1249 3323 uno
1316 3270 1399 3323 die
1442 3269 1616 3324 cuncti
1649 3274 1850 3343 greges.
1879 3264 1928 3331 C
1957 3287 2018 3334 ut
2047 3280 2173 3335 dum
2197 3254 2294 3350 pe;-
2322 3279 2439 3335 haac
2468 3254 2691 3352 decepta
2717 3254 2873 3337 mens
2900 3280 3136 3348 ducitur,
3159 3254 3546 3336 abiutentione

263 3340 546 3411 prtece‘dat
564 3350 810 3414 dominus
833 3374 977 3414 meus
1003 3367 1123 3414 ante
1147 3376 1350 3415 servum
1372 3377 1543 3427 suum,
1582 3371 1628 3416 et
1654 3340 1757 3433 ego
1776 3379 1855 3417 se-

262 3446 401 3519 quar
424 3447 683 3521 paulatim
705 3448 917 3522 vestigia
940 3448 1077 3522 ejus,
1107 3451 1242 3506 sicut
1272 3451 1449 3507 videro
1473 3469 1624 3523 posse
1648 3471 1848 3524 parvu-

261 3532 344 3596 los
366 3548 530 3609 meos,
556 3536 721 3597 donec
749 3543 953 3598 veniam
982 3542 1052 3597 ad
1096 3542 1366 3598 dominum
1396 3560 1569 3598 meum
1606 3534 1663 3600 in
1709 3533 1852 3601 Seir.

262 3623 540 3695 Quaeritur
564 3637 746 3686 utrum
786 3632 1123 3688 mendaciter
1147 3632 1461 3703 promiserit
1487 3628 1654 3690 Jacob
1699 3632 1858 3692 fratri

261 3736 368 3775 suo
417 3708 563 3791 quod
608 3736 841 3791 sequens
870 3718 1034 3794 pedes
1061 3739 1282 3779 suorum
1308 3725 1362 3779 in
1394 3724 1608 3792 itinere,
1635 3735 1857 3798 propter

262 3812 409 3891 quas
442 3809 841 3891 immoraretur,
872 3816 1133 3869 venturus
1167 3822 1311 3870 esset
1352 3815 1408 3869 in
1461 3814 1581 3871 Seir
1618 3808 1686 3872 ad
1710 3830 1854 3875 eum.

263 3884 386 3954 Hoc
420 3899 585 3967 enim,
639 3900 780 3956 sicut
827 3886 1110 3974 Scriptura
1149 3905 1247 3961 Dei
1274 3905 1471 3964 deinde
1513 3914 1717 3975 narrat,
1749 3894 1865 3965 non

263 3976 418 4057 iecit,
449 3989 544 4046 sed
586 3992 652 4047 eo
685 3992 926 4062 perrexit
952 3995 1009 4050 in
1052 3992 1249 4051 itinere
1296 3999 1439 4069 Quod
1482 3996 1750 4069 dirigebat
1789 4000 1857 4055 ad

265 4086 413 4139 suas.
460 4072 546 4140 An
592 4080 730 4140 forte
758 4086 939 4143 veraci
984 4084 1167 4146 animo
1198 4091 1547 4160 promiserat,
1577 4082 1673 4147 sed
1711 4091 1856 4147 aliud

263 4174 455 4248 postea
482 4172 769 4247 cdgitando
792 4166 987 4250 elegit?

342 4264 609 4347 Reversus
620 4276 696 4322 est
724 4269 896 4341 itaque
918 4270 1009 4326 illo
1036 4272 1121 4327 die
1144 4273 1293 4329 Esau
1318 4274 1503 4329 itinere
1522 4292 1625 4347 quo
1647 4283 1857 4330 venerat

264 4356 322 4410 in
340 4353 482 4421 δεῖν,
509 4362 557 4412 et
578 4342 744 4413 δαεοὺ
774 4360 908 4414 venit
938 4361 993 4415 in
1033 4360 1250 4430 Socoth,
1284 4365 1392 4431 ubi,
1418 4342 1681 4435 wdi/icata
1701 4366 1856 4421 domo

265 4456 315 4501 et
336 4446 464 4516 ﬁxit
491 4449 745 4515 tentoriis,
777 4451 1053 4522 appellavit
1099 4470 1287 4510 nomen
1329 4455 1431 4510 laci
1466 4457 1611 4513 illius
1638 4457 1855 4527 Socoth,

262 4534 322 4592 id
347 4540 443 4606 est,
484 4538 844 4595 tabernacula.
882 4534 986 4597 Ubi
1034 4558 1134 4597 nos
1178 4538 1519 4601 tabernacula
1569 4548 1853 4616 habemus,

264 4618 569 4702 lbﬁebrteo
584 4630 780 4703 legitur
801 4630 1016 4699 Socatlt,
1041 4630 1220 4694 huic.
1239 4634 1336 4691 Est
1356 4644 1536 4691 autem
1558 4654 1729 4708 usque
1756 4641 1855 4694 lio-
1878 4626 1932 4685 Ῑ)

266 4722 358 4808 die
407 4722 602 4780 civitas
656 4720 807 4782 trans
838 4714 1132 4783 inmanem
1182 4727 1288 4785 hoc
1311 4727 1573 4785 vocabulo
1614 4731 1671 4786 in
1702 4740 1856 4803 parte

268 4813 681 4887 Scythopoleos.

343 4898 706 4980 Translvitque
727 4894 782 4963 in
810 4905 987 4965 Solem
1017 4907 1197 4965 urbem
1231 4898 1609 4978 Sichimorum,
1635 4927 1752 4982 qua:
1777 4918 1853 4968 est

267 4988 324 5056 in
355 5006 497 5057 tei'ra
523 4996 796 5068 Chanaan,
824 5010 1100 5073 postquam
1130 5016 1363 5057 reversus
1397 5011 1472 5057 est
1515 5002 1579 5058 de
1610 5002 1853 5074 Mesopo-

264 5095 437 5149 tamia
464 5076 633 5167 Syriae
658 5100 705 5149 et
730 5093 981 5150 habitavit
1000 5095 1163 5166 juxta
1185 5095 1454 5168 oppidum,
1479 5100 1585 5153 etc.
1612 5095 1849 5164 Qurestio

267 5172 538 5256 oberit'ur,
567 5184 835 5260 quomodo
863 5186 1041 5244 salem
1066 5186 1283 5245 Sichem
1312 5189 1502 5245 civitas
1530 5180 1847 5262 appelletur,

268 5284 396 5337 eum
412 5278 734 5349 Jerusalem,
759 5282 933 5353 inqua
961 5281 1206 5354 regnavit
1233 5274 1647 5348 Melchisedech,
1672 5281 1852 5338 Salem

268 5372 398 5429 ante
428 5360 500 5429 sit
530 5372 694 5430 dicta.
715 5368 823 5428 Aut
850 5373 1013 5445 igitur
1035 5362 1193 5428 unius
1215 5364 1345 5429 urbs
1369 5378 1598 5444 Utraque
1619 5375 1853 5431 nominis

265 5468 375 5530 ‘est,
406 5463 550 5536 quod
574 5464 739 5520 etiam
781 5463 847 5519 de
886 5462 1130 5533 pluribus
1162 5462 1361 5521 Iudaeae
1407 5464 1540 5521 locis
1566 5480 1852 5535 possumus

266 5544 539 5622 invenire,
570 5560 630 5611 ut
679 5552 823 5611 idem
863 5550 1015 5610 urbis
1040 5563 1093 5609 et
1118 5556 1217 5610 loci
1246 5568 1445 5612 nomen
1484 5556 1540 5611 in
1563 5552 1666 5611 alia
1693 5562 1856 5629 atque

273 5648 379 5705 alia
407 5650 547 5706 tribu
578 5651 668 5718 sit,
705 5657 800 5706 aut
842 5658 988 5704 certe
1014 5649 1174 5703 istam
1214 5648 1395 5705 Salem
1432 5666 1552 5721 qua:
1581 5668 1722 5708 nunc
1758 5668 1857 5722 pro

274 5740 493 5797 Sicbem
517 5744 847 5807 nominatur,
870 5742 1111 5797 dicemus
1137 5742 1225 5798 hic
1247 5744 1592 5813 interpretari
1618 5748 1858 5800 consum-

276 5844 475 5894 matam
532 5848 695 5898 atque
719 5838 1021 5908 perfectam,
1066 5847 1122 5896 et
1145 5839 1293 5898 illam
1344 5857 1464 5913 qua).
1491 5852 1679 5916 postea
1705 5844 1859 5903 Jeru-

1953 3371 2287 3444 poanitentim
2328 3370 2716 3443 suspendatur,
2746 3380 3015 3442 quatenus
3061 3380 3191 3427 tunc
3227 3371 3367 3427 bona
3396 3368 3545 3429 nulla

1953 3464 2238 3537 percipiat,
2262 3478 2426 3535 quam
2449 3478 2594 3519 nunc
2617 3463 2767 3519 nulla
2786 3463 2933 3520 mala
2956 3462 3300 3529 contristent,
3324 3468 3380 3517 et
3416 3470 3546 3545 tunc

1956 3556 2168 3628 plenius
2196 3556 2517 3612 absorbetur
2546 3553 2846 3627 suppliciis,
2888 3568 3008 3625 quae
3047 3553 3248 3626 gaudet
3282 3551 3446 3608 etiam
3478 3550 3537 3607 in

1957 3649 2188 3706 delictis.
2238 3649 2531 3720 Postquam
2559 3637 2689 3722 ergo
2732 3647 3015 3719 Scriptura
3044 3656 3237 3704 narrat
3273 3646 3340 3702 de
3383 3652 3544 3718 pacto

1957 3742 2099 3810 quod
2150 3739 2351 3797 Hemor
2383 3748 2438 3795 et
2474 3734 2615 3794 ﬁlius
2640 3739 2756 3809 ejus
2792 3732 3013 3794 Sichem
3058 3753 3184 3794 eum
3228 3736 3355 3792 ﬁliis
3374 3733 3542 3794 Jacob

1957 3833 2298 3905 pepigerunt,
2346 3831 2621 3903 subiungit
2662 3832 2730 3888 de
2756 3828 3171 3888 circumcisione
3210 3828 3287 3883 ita
3311 3814 3541 3884 dicens:

2027 3922 2245 3978 Assensi
2272 3932 2392 3977 sunt
2416 3938 2593 3978 omnes
2624 3921 2947 3976 circumcisis
2972 3918 3206 3974 maribus
3227 3917 3447 3973 cunctis.
3472 3916 3546 3971 Et

1957 4032 2075 4071 ecce
2120 4016 2204 4070 die
2241 4016 2395 4070 tertio
2425 4014 2637 4086 quando
2676 4013 3017 4085 gravissimus
3069 4008 3223 4065 dolor
3270 4007 3543 4064 vulnerum

1958 4112 2056 4173 est,
2095 4107 2318 4179 arreptis
2357 4104 2461 4161 duo
2507 4106 2672 4161 Jacob
2721 4105 2822 4175 ﬁlii
2854 4104 3070 4161 Simeon
3103 4111 3152 4157 et
3191 4100 3313 4156 levi
3348 4100 3542 4172 fratres

1956 4198 2113 4254 Dina:
2132 4198 2342 4270 gladiis,
2375 4199 2597 4271 ingressi
2623 4208 2745 4252 sunt
2789 4196 2970 4252 urbem
3013 4195 3356 4268 confidenter,
3384 4193 3545 4248 inter-

1958 4288 2213 4361 fectisque
2234 4288 2472 4344 omnibus
2494 4288 2767 4354 masculis,
2807 4286 3008 4342 Hemor
3027 4295 3076 4341 et
3108 4284 3314 4341 Sichem
3346 4285 3547 4356 pariter

1958 4392 2294 4449 necaverunt,
2318 4382 2554 4436 tollentes
2600 4380 2793 4435 Dinam
2820 4379 2885 4433 de
2907 4376 3062 4432 domo
3086 4372 3296 4432 Sichem
3317 4391 3549 4430 sororem

1956 4462 2367 4539 suameuibus
2405 4471 2646 4543 egressis,
2674 4470 2939 4524 irruerent
2966 4483 3122 4548 super
3145 4466 3343 4521 occisos
3370 4463 3546 4521 σιεεαὶ

1956 4566 2270 4638 ﬁliiJacob,
2303 4574 2352 4620 et
2379 4562 2679 4636 depopulati
2725 4571 2847 4615 sunt
2868 4559 3045 4614 urbem
3071 4559 3127 4612 in
3154 4558 3404 4612 ultionem
3436 4564 3549 4611 stu-

1960 4662 2087 4731 pri:
2118 4675 2235 4711 oves
2280 4673 2486 4720 eorum,
2535 4665 2585 4708 et
2616 4662 2876 4716 armenta,
2920 4660 2969 4706 et
3011 4650 3208 4717 asinos,
3259 4659 3549 4724 cunctaque

1961 4757 2247 4814 vastantes,
2286 4762 2405 4818 qute
2456 4746 2511 4799 in
2540 4744 2679 4815 agris
2713 4752 2762 4798 et
2798 4741 3039 4797 domibus
3084 4750 3255 4808 erant,
3300 4742 3547 4813 parvulos

1959 4855 2166 4910 quoque
2195 4848 2245 4893 et
2268 4853 2457 4893 uxores
2487 4836 2685 4892 dueere
2720 4836 2971 4907 captivos.
3003 4832 3205 4901 Quibus
3236 4837 3546 4907 perpetratis

1962 4935 2236 4993 audacter,
2266 4926 2435 4982 Iacob
2477 4927 2611 4981 dixit
2637 4926 2705 4981 ad
2756 4923 2969 4982 Simean
2992 4934 3043 4981 et
3073 4924 3196 4981 Levi
3221 4941 3240 4980 :
3275 4918 3545 4981 Turbastis

1959 5039 2041 5078 me
2062 5032 2111 5078 et
2140 5021 2383 5076 odiosum
2412 5018 2611 5093 fecistis
2658 5016 2977 5075 Chananazis
3000 5027 3050 5074 et
3075 5012 3371 5073 Pherezteis
3399 5017 3548 5073 habi-

1959 5111 2219 5167 tatoribus
2272 5120 2426 5165 terra:
2466 5109 2647 5182 hujus,
2685 5118 2741 5166 et
2770 5117 2985 5165 caetera.
3042 5106 3177 5164 Cum
3227 5106 3389 5181 paulo
3421 5117 3548 5164 ante

1960 5204 2193 5279 loquens
2216 5204 2385 5261 Jacob
2431 5220 2555 5261 cum
2602 5202 2771 5260 fratre
2799 5218 2898 5259 suo
2924 5200 3092 5269 Esau,
3135 5198 3371 5257 infantes
3407 5199 3546 5259 ﬁlios

1960 5315 2085 5357 esse
2150 5315 2278 5354 suos
2329 5295 2614 5368 signiﬁcet,
2658 5294 2751 5366 qui
2796 5293 2983 5350 Graece
3026 5292 3281 5349 dicuntur
3334 5293 3544 5364 παῖδας,

1962 5390 2132 5462 quaeri
2157 5397 2336 5462 potest
2355 5387 2624 5460 quomodo
2651 5393 2947 5459 potuerunt
2972 5384 3384 5453 faceretantam
3410 5395 3548 5443 stra-

1960 5500 2107 5556 gem,
2140 5468 2605 5554 direptionemque
2650 5478 2906 5547 civitatis,
2957 5476 3256 5534 interfectis
3297 5479 3546 5551 quamvis

1960 5576 2017 5631 in
2061 5575 2246 5632 dolore
2272 5573 2701 5630 circumcisiouis
2747 5571 3076 5639 constitutis,
3102 5587 3201 5642 pro
3231 5583 3419 5628 sorore
3447 5587 3545 5629 sua

1960 5667 2118 5721 Dina.
2169 5666 2276 5721 Sed
2315 5665 2717 5736 intelligendum
2744 5673 2827 5718 est
2854 5664 2945 5720 diu
2995 5663 3101 5719 illic
3134 5664 3410 5720 habitasse
3453 5663 3545 5720 Ja-

1963 5758 2087 5824 cob,
2134 5758 2303 5813 donec
2345 5766 2399 5811 et
2436 5756 2545 5810 filia
2576 5754 2692 5825 ejus
2716 5755 2867 5827 virgo
2909 5754 3063 5811 fieret
3086 5763 3140 5811 et
3170 5756 3263 5811 lilii
3292 5753 3540 5824 juvenes.

1914 5912 1924 5921 ,
1961 5849 2100 5906 Nam
2137 5844 2212 5907 ita
2235 5849 2499 5922 scriptum
2538 5854 2622 5906 est
2654 5865 2667 5905 :
2699 5846 2769 5905 Et
2799 5836 3048 5933 habitavit
3076 5846 3238 5921 juxta
3273 5845 3545 5919 oppidum,
