3946 6464
470 397 577 465 615

1111 402 1175 460 B.
1218 400 1473 459 RABANI
1512 398 1730 458 MAURI
1762 397 2082 458 ARCHIEP.
2127 399 2436 460 MOGUNT.
2477 398 2764 458 OPEBUM
2797 398 2981 457 PARS
3019 399 3064 458 I.

3657 403 3766 461 616

386 560 391 565 -
470 520 694 591 emitque
716 525 918 590 partem
963 517 1100 588 agri,
1146 519 1203 572 in
1238 535 1342 589 qua
1373 519 1563 588 ﬁxerat
1598 518 1955 581 tabernacula,
2010 536 2041 572 a
2070 526 2123 582 Α
2148 518 2367 574 inaures
2395 517 2678 590 Scriptura
2699 521 2971 590 accepisse
2997 518 3261 588 testatur,
3282 521 3429 592 quod
3457 535 3574 578 non
3607 520 3769 580 ﬁeret

469 614 597 685 ﬁliis
625 611 826 666 Hemor
849 612 1019 683 patris
1062 608 1270 665 Sichem
1318 619 1523 666 centum
1564 613 1712 682 agnis
1746 628 1764 675 ;
1795 621 1842 665 et
1883 619 2042 664 erecti
2145 610 2202 671 [si
2241 611 2321 665 eis
2364 610 2579 665 inaures
2616 612 2924 666 ornamenti
2953 611 3130 682 gratia
3158 611 3365 668 habere
3398 628 3514 668 non
3544 612 3764 669 liceret.

470 707 543 763 ibi
588 706 769 772 altari,
804 705 1058 760 invocavit
1101 724 1261 777 super
1309 708 1442 761 illud
1497 708 1837 777 fortissimum
1885 707 2053 762 Deam

472 797 663 853 Israel.
693 796 923 868 Egressa
968 807 1043 851 est
1073 807 1249 852 autem
1280 799 1422 853 Dina
1455 799 1571 868 ﬁlia
1598 799 1728 865 Liw,
1760 809 1817 853 ut
1858 799 2053 854 videret

469 885 712 941 mulieres
742 887 970 957 regionis
987 886 1151 942 illius.
1184 887 1424 960 Apparet
1443 904 1575 961 ergo
1602 890 1689 945 his
1716 889 1919 958 verbis,
1945 906 2054 947 non

469 985 815 1034 transeunter
852 979 995 1036 sicut
1020 980 1196 1036 viator
1223 982 1383 1047 solet,
1409 981 1519 1037 illic
1568 983 1835 1039 mansisse
1859 981 2050 1050 Iacob,

468 1073 566 1129 sed
612 1089 801 1145 agrum
849 1076 1068 1142 emisse,
1114 1084 1173 1132 et
1226 1076 1635 1133 tabernaculum
1682 1078 2051 1145 constituisse,

467 1177 621 1219 aram
644 1164 989 1233 instruxisse,
1012 1181 1077 1222 ac
1098 1181 1199 1237 per
1231 1168 1335 1223 hoc
1370 1168 1572 1224 diutius
1598 1168 1893 1224 habitasse.
1918 1168 2054 1224 Filia

467 1271 599 1313 vero
628 1258 773 1315 illius
800 1275 925 1315 cum
964 1260 1034 1315 ad
1071 1275 1192 1316 eam
1232 1263 1470 1318 venisset
1496 1269 1729 1328 aetatem,
1764 1270 1824 1317 ut
1854 1263 2057 1319 amicas

461 1346 578 1419 jam
617 1350 821 1408 habere
859 1353 1146 1423 potuisset,
1172 1355 1489 1411 condiscere
1519 1354 1757 1410 voluisse
1806 1353 1945 1410 ﬁlias
1980 1354 2057 1410 ci-

467 1442 617 1499 vium
651 1443 778 1509 loci,
806 1451 968 1515 atque
990 1446 1065 1500 ita
1101 1445 1301 1502 factam
1329 1462 1449 1504 esse
1483 1463 1584 1518 pro
1625 1447 1716 1503 illa
1746 1448 2060 1505 cruentissi-

468 1548 616 1589 mam
654 1535 858 1591 easdem
902 1544 959 1593 et
990 1537 1465 1607 depraedationem,
1490 1555 1609 1611 qua:
1628 1540 1763 1611 jam,
1813 1547 1875 1594 ut
1906 1547 2055 1623 puto,

468 1625 822 1695 quaestionem
875 1641 985 1682 non
1024 1627 1204 1684 habet.
1240 1628 1526 1685 Multitudo
1586 1630 1734 1685 enim
1781 1636 1898 1685 erat
1947 1645 2059 1686 non

464 1729 631 1786 parva
659 1732 784 1773 cum
804 1715 994 1785 Iacob,
1017 1720 1113 1790 qui
1140 1720 1431 1789 plurimum
1454 1722 1656 1777 ditatus
1686 1722 1816 1788 fuit;
1842 1722 1937 1778 sed
1962 1721 2061 1777 ﬁlii

464 1807 583 1878 ejus
631 1809 685 1863 in
741 1809 847 1866 hoc
890 1809 1038 1866 facto
1088 1813 1460 1880 nominantur,
1506 1814 1631 1884 quia
1659 1814 1901 1885 ejusdem
1928 1812 2059 1869 facti

461 1900 737 1971 principes
754 1909 918 1972 atque
942 1912 1193 1959 auctores
1220 1902 1456 1960 fuerunt.

534 1990 737 2058 Quibus
766 1996 993 2063 patratis
1026 1995 1298 2062 audacter,
1320 1995 1488 2051 Iacob
1510 1996 1646 2051 dixit
1668 1996 1738 2051 ad
1765 1995 1977 2052 Simeon
2004 2006 2053 2052 et

460 2080 624 2137 Levi:
656 2081 927 2140 Turbastis
948 2103 1049 2152 me,
1078 2097 1125 2142 et
1152 2088 1391 2142 odiosum
1426 2088 1624 2157 fecistis
1667 2085 1983 2143 Chanantcis
2005 2096 2055 2143 et

461 2171 741 2231 Pherezeis
781 2177 1162 2235 habitatoribus
1202 2189 1358 2235 terra:
1395 2180 1576 2251 hujus.
1628 2180 1742 2235 Nos
1770 2182 1933 2252 pauci
1958 2198 2054 2237 su-

458 2280 598 2331 mus,
630 2264 711 2320 illi
749 2272 1049 2341 congregati
1074 2273 1363 2342 percutient
1390 2289 1492 2338 me,
1536 2281 1586 2327 et
1623 2270 1833 2327 delebor
1882 2290 1975 2344 ego
2004 2281 2054 2328 et

456 2354 646 2411 domus
688 2375 825 2415 mea.
870 2360 1099 2432 Propter
1147 2363 1289 2418 bella
1334 2363 1572 2435 plurium
1606 2364 1699 2434 qui
1725 2378 2055 2436 consurgere

456 2453 729 2517 poterant,
762 2465 823 2506 se
862 2452 998 2507 dixit
1030 2469 1259 2510 numero
1287 2454 1567 2526 exiguum,
1616 2470 1724 2510 non
1774 2456 1921 2525 quod
1956 2456 2056 2512 mi-

455 2550 560 2593 nus
588 2542 790 2596 multos
840 2542 1088 2615 haberet]
1115 2559 1280 2615 quam
1328 2550 1553 2615 possent
1584 2542 1852 2602 ‘suﬁicere
1891 2559 2055 2616 expu-

456 2629 699 2699 gnationi
721 2632 961 2689 civitatis
987 2634 1155 2691 illius.

525 2723 1026 2802 Responderuntque
1078 2731 1180 2801 ﬁlii
1222 2730 1392 2788 Iacob
1440 2749 1460 2789 :
1491 2733 1750 2807 Nunquid
1788 2742 1848 2790 ut
1879 2744 2051 2791 scorto

452 2814 597 2870 abuti
624 2817 847 2875 debuere
889 2838 1070 2877 sorore
1108 2826 1331 2880 nostra?
1355 2826 1513 2882 Zelus
1549 2842 1713 2899 quem
1740 2828 2052 2886 habuerunt

451 2904 548 2960 ﬁlii
571 2905 739 2965 Iacob
773 2910 829 2965 in
859 2911 1174 2971 ulciscendo
1200 2926 1396 2987 stupro
1440 2919 1645 2975 sororis
1674 2935 1786 2976 sua:
1833 2920 2052 2976 morali-

450 3004 537 3055 ter
578 3013 889 3061 commonet
929 3016 1181 3078 pastores
1211 3009 1451 3066 ﬁdelium
1490 3019 1759 3082 quatenus
1813 3014 2051 3069 habeant

452 3104 643 3148 curam
686 3095 991 3152 animarum
1051 3101 1155 3156 sibi
1197 3104 1634 3171 commissarum,
1684 3121 1755 3161 ne
1778 3105 2051 3161 violentur

2154 702 2297 775 Ergo
2318 703 2421 759 illa:
2440 704 2657 761 inaures
2679 720 2798 775 quas
2818 721 2941 760 cum
2963 705 3121 761 idolis
3139 706 3281 762 datae
3298 716 3453 773 sunt,
3467 716 3533 763 ut
3550 706 3765 765 dictum

2154 804 2257 862 est,
2286 797 2548 853 idolorum
2576 798 2914 870 phylacleria
2938 798 3179 853 fuerunt.

2154 900 2155 903 ‘
2225 887 2459 961 Cumque
2496 890 2719 962 profecti
2762 900 2961 957 essent,
3004 899 3174 946 terror
3198 890 3298 946 Dei
3339 892 3545 947 invasit
3585 908 3765 950 om

2154 999 2248 1055 per
2288 986 2564 1039 circuitum
2606 985 2843 1039 civitates
2868 1026 2885 1050 ,
2931 992 2980 1040 et
3024 1002 3128 1039 non
3172 994 3297 1040 sunt
3344 986 3472 1041 ausi
3520 988 3764 1057 persqu

2155 1077 2469 1133 recedentes.
2486 1076 2812 1147 Incipiamus
2830 1078 2974 1134 enim
2996 1078 3281 1134 advertere
3295 1079 3765 1154 quemadmodum

2157 1169 2301 1225 Deus
2336 1177 2593 1241 operetur
2626 1171 2683 1226 in
2721 1170 3003 1226 hominum
3043 1171 3341 1226 mentibus.
3393 1171 3443 1226 Δ
3474 1186 3591 1241 quo
3620 1173 3762 1227 enim

2158 1262 2323 1318 timor
2348 1264 2443 1319 Dei
2470 1262 2647 1319 factus
2687 1271 2772 1320 est
2813 1265 2872 1319 in
2914 1264 3023 1319 illis
3065 1258 3400 1329 civitatibus,
3429 1264 3550 1319 nisi
3576 1264 3655 1319 ab
3680 1264 3763 1321 illo

2158 1354 2251 1424 qui
2277 1369 2373 1409 sua
2398 1355 2664 1424 promissa
2693 1355 2749 1409 in
2772 1352 2941 1410 Iacob
2968 1354 3205 1424 ﬁliisque
3229 1353 3520 1409 tuebatur.

2236 1445 2389 1504 Veni?
2426 1450 2590 1521 igitur
2623 1449 2788 1505 Iacob
2828 1448 3036 1516 Lucan,
3074 1466 3194 1520 qua:
3229 1457 3308 1505 est
3345 1449 3408 1502 in
3443 1456 3603 1503 terra
3630 1445 3765 1501 Clu-

2161 1558 2303 1597 naan
2328 1553 2667 1616 cognomento
2699 1542 2905 1609 Bethel,
2941 1544 3052 1613 ipse
3085 1552 3134 1598 et
3168 1544 3344 1599 omnis
3379 1542 3623 1614 populus
3652 1558 3764 1595 ea
3806 1590 3811 1595 .

2160 1647 2255 1698 eo;
2293 1633 2675 1706 aediﬁcavitque
2707 1634 2783 1689 ibi
2813 1630 3008 1701 altare,1
3041 1644 3091 1690 et
3124 1634 3409 1707 appellavit
3436 1649 3641 1690 nomen
3667 1633 3765 1688 loci

2162 1723 2362 1781 Domus
2390 1725 2508 1782 Dei.
2564 1725 2650 1781 Ibi
2691 1727 2829 1782 enim
2858 1726 3104 1798 apparuit
3139 1727 3190 1782 ei
3216 1726 3359 1782 Deus
3405 1743 3538 1780 cum
3565 1726 3761 1797 fugeret

2164 1815 2382 1887 fratrem
2433 1805 2607 1873 suum.
2682 1818 2824 1875 Ecce
2876 1817 3317 1874 manifestissime
3367 1818 3762 1889 comprobatur

2082 1901 2131 1961 B
2157 1909 2347 1967 Bethel
2367 1927 2475 1967 non
2487 1911 2653 1967 Usam
2672 1912 2805 1976 Luz,
2822 1921 2880 1968 ut
2900 1928 3061 1993 supra
3082 1914 3289 1969 dictum
3308 1921 3417 1981 est,
3432 1913 3538 1970 sed
3557 1913 3757 1981 Luna,

2158 2001 2213 2057 id
2237 2011 2344 2069 est,
2369 2002 2729 2076 Amygdalon,
2757 2017 2884 2061 ante
2909 2006 3224 2062 vocitatam.

2226 2091 2429 2148 Eodem
2453 2102 2682 2167 tempore
2702 2094 2921 2152 mortua
2940 2107 3016 2152 est
3041 2097 3247 2153 Debora
3274 2098 3465 2153 nutrix
3491 2097 3756 2166 Rebecte,

2155 2193 2206 2239 et
2231 2186 2437 2257 sepulta
2467 2188 2538 2243 ad
2566 2190 2771 2246 radices
2802 2190 2984 2270 Bethel
3011 2192 3189 2248 subter
3213 2211 3498 2265 quercum.
3532 2194 3594 2251 Si
3621 2210 3760 2250 mor-

2155 2285 2249 2333 tua
2278 2287 2362 2335 est
2389 2281 2574 2336 nutrix
2601 2281 2864 2339 Rebeccae
2893 2280 3113 2339 nomine
3140 2284 3388 2352 Debora,
3434 2293 3503 2340 ut
3535 2284 3758 2357 Septua-

2154 2373 2306 2445 ginta
2347 2389 2563 2447 quoque
2612 2366 2940 2450 interpretes
2989 2380 3388 2438 transtulerunt
3412 2422 3432 2449 ,
3481 2390 3546 2438 et
3593 2383 3759 2455 ipsum

2153 2466 2380 2523 verbum
2416 2476 2502 2524 est
2536 2467 2863 2526 Hebraicum
2891 2472 3157 2539 meneket,
3190 2481 3413 2557 ripam,
3466 2474 3621 2531 scire
3659 2488 3759 2530 non

2150 2572 2444 2629 possumus
2467 2600 2483 2628 ,
2534 2575 2704 2632 quare
2744 2561 2819 2619 ibi
2864 2563 3229 2621 substantiam
3271 2574 3592 2638 posuerunt
3614 2607 3630 2633 ,
3678 2566 3759 2623 me

2152 2651 2442 2709 nutricem.

2223 2742 2485 2814 Apparuit
2510 2752 2688 2801 autem
2718 2747 2907 2804 iterum
2936 2748 3082 2805 Deus
3110 2747 3305 2818 Iacob,
3344 2760 3639 2823 postquam
3681 2770 3757 2810 re-

2149 2848 2329 2888 versus
2372 2843 2450 2889 est
2491 2836 2557 2892 de
2595 2828 2978 2910 Mesopotamia
3027 2839 3237 2911 Sgrite;
3291 2842 3674 2916 benedixitque
3712 2844 3761 2901 ci

2151 2925 2329 2982 dicens
2353 2940 2372 2979 :
2411 2925 2537 2983 Non
2574 2930 2842 2987 vocaberis
2884 2931 3027 2987 ultra
3066 2931 3260 3001 Iacob,
3305 2935 3401 2990 sed
3444 2935 3631 2990 Israel
3668 2937 3759 2991 erit

2152 3035 2341 3075 nomen
2366 3030 2533 3087 tuum,
2559 3031 2610 3077 et
2633 3024 2912 3096 appellavit
2937 3016 3058 3081 eum
3083 3025 3276 3083 Israel.
3310 3027 3537 3084 Dudum
3562 3045 3762 3102 nequa-

2151 3126 2315 3180 quam
2352 3114 2403 3169 ei
2432 3114 2503 3169 ab
2528 3116 2719 3188 angelo
2752 3133 2952 3174 nomen
2983 3119 3304 3189 imponitur,
3348 3121 3450 3177 sed
3480 3122 3632 3192 quod
3660 3122 3759 3177 imo

451 3187 553 3285 aut
567 3185 838 3285 corporali
868 3188 1085 3255 delicto,
1122 3199 1215 3245 aut
1239 3191 1597 3250 fornicatione
1634 3195 1922 3265 spirituali,
1952 3211 2046 3267 pa-
2080 3274 2117 3285 _
2150 3206 2458 3272 ponendum
2501 3208 2574 3263 sit
2606 3185 2656 3263 ta
2702 3210 2814 3265 Deo
2861 3185 3210 3281 praedicatur.
3267 3210 3429 3279 Quod
3478 3185 3653 3285 igitur
3692 3212 3761 3269 im

450 3269 663 3378 Γξηῖξυξθ
681 3274 790 3377 Si!“
804 3276 1138 3378 ἱρεῖεθξηρςι·
1157 3285 1454 3378 secundum
1475 3286 1791 3356 Apostolum
1814 3287 1901 3358 (II
1917 3286 2040 3344 Cor.
2073 3274 2117 3337 Ε
2151 3269 2395 3354 futurum
2415 3301 2772 3371 promittitur,
2791 3269 2880 3359 hic
2902 3304 3127 3361 docetur
3146 3269 3455 3378 eprEtum.
3487 3269 3761 3376 Qun-itur

446 3359 505 3433 ι)
526 3361 715 3419 ulcisci
739 3380 957 3424 omnem
978 3371 1400 3431 inobedientiam
1433 3379 1779 3435 resistentem
1806 3382 2042 3448 veritati,

446 3462 612 3526 atque
632 3465 1214 3524 exeommunicationis
1240 3470 1420 3541 gladio
1440 3470 1637 3527 feriant
1656 3481 2045 3545 stupratorem,

447 3562 520 3627 ne
547 3564 647 3618 pro
678 3560 829 3611 tanto
856 3560 1151 3617 commisso
1176 3562 1476 3633 impunitus
1506 3566 1718 3622 evadat.

1025 3672 1255 3733 CAPUT
1292 3677 1478 3733 XXIII.

448 3750 550 3808 Ubi
567 3742 721 3813 'Deus
751 3761 821 3815 ad
847 3762 1016 3819 Iacob
1045 3766 1298 3839 loquitur,
1332 3770 1594 3825 mandans
1617 3773 1665 3826 ei
1692 3772 1756 3828 de
1780 3773 2045 3831 idolorum

1042 3837 1441 3908 disperditione.

514 3918 666 3992 (CAP.
682 3924 889 3997 xxxv.)
906 3925 1117 3983 Interea
1142 3929 1347 3986 locutus
1374 3924 1449 3988 est
1470 3933 1729 3990 Dominus
1750 3937 1820 3991 ad
1840 3938 2043 4013 Iacob;

442 4010 612 4083 Surge
635 4028 685 4070 et
711 4019 933 4073 ascende
955 4020 1139 4075 Bethel
1161 4032 1209 4076 et
1232 4024 1411 4080 habita
1436 4027 1542 4093 ibi;
1571 4029 1757 4101 facque
1781 4031 1853 4085 ibi
1875 4010 2044 4089 altare

440 4105 538 4159 deo
575 4108 665 4175 qui
715 4113 964 4179 apparuit
1004 4113 1097 4166 tibi
1131 4117 1343 4184 quando
1382 4118 1617 4189 fugiebas
1645 4122 1794 4178 Esau
1824 4123 2042 4193 fratrem

440 4201 611 4249 tuum.
664 4195 936 4271 (August.)
972 4201 1113 4268 Quid
1144 4212 1231 4258 est
1256 4207 1402 4275 quod
1430 4225 1538 4264 non
1568 4212 1734 4277 dixit,
1767 4222 1822 4268 et
1851 4214 1937 4270 fac
1965 4216 2041 4272 ibi

440 4295 593 4337 aram
620 4284 775 4352 mihi,
808 4289 901 4358 qui
929 4292 1156 4361 apparui
1184 4295 1314 4361 tibi,
1349 4299 1446 4353 sed
1474 4300 1636 4367 dicit,
1669 4302 1755 4357 fac
1782 4304 1853 4359 ibi
1884 4321 2039 4363 aram

439 4372 551 4429 Deo
579 4376 672 4445 qui
701 4380 950 4450 apparuit
982 4383 1127 4440 tibi?
1162 4385 1354 4443 Utrum
1385 4389 1557 4446 Filius
1583 4395 1834 4462 apparuit
1860 4397 1951 4460 ibi,
1984 4407 2039 4454 et

437 4465 582 4524 Deus
604 4467 767 4527 Pater
792 4473 1093 4533 hoc-dicit?
1120 4477 1207 4533 An
1232 4479 1290 4535 in
1315 4480 1499 4552 aliquo
1525 4499 1725 4556 genere
1751 4487 2038 4547 locutionis

437 4564 906 4620 annumerandum
927 4566 951 4621 ἲ

505 4648 672 4706 Iacob
699 4669 842 4721 vero,
870 4666 1156 4711 convocata
1181 4661 1325 4713 omni
1351 4663 1508 4716 domo
1536 4678 1656 4730 sua,
1679 4665 1754 4719 ait
1771 4681 1790 4720 :
1807 4666 2032 4738 Abjicite
2058 4642 2112 4699 Β

432 4740 557 4796 deos
603 4742 804 4799 alienos
831 4747 921 4816 qui
949 4748 1005 4801 in
1028 4748 1201 4803 medio
1230 4752 1385 4804 vestri
1411 4762 1557 4820 sunt,
1597 4764 1647 4809 et
1673 4758 2027 4827 mundamini,

431 4850 497 4889 ac
526 4844 722 4890 mutate
757 4839 1064 4893 vestimenta
1102 4851 1290 4896 vestra.
1344 4843 1558 4916 Surgite
1596 4857 1644 4902 et
1681 4852 2030 4908 ascendamus

430 4923 484 4979 in
514 4921 717 4992 Bethel,
760 4936 816 4981 ut
848 4928 1110 4999 faciamus
1140 4932 1211 4986 ibi
1239 4932 1407 4991 altare
1434 4935 1685 5006 Domino,
1729 4943 1820 5013 qui
1860 4960 2027 4998 exau-

430 5013 558 5070 divit
597 5033 682 5071 me
720 5018 775 5073 in
812 5019 896 5074 die
939 5021 1294 5080 tribulationis
1323 5044 1472 5096 meas,
1516 5040 1565 5085 et
1598 5032 1701 5102 fuit
1731 5036 1905 5088 socius
1941 5037 2028 5091 iti-

430 5108 569 5163 neris
598 5112 719 5165 mei.
771 5110 1043 5169 Dederunt
1068 5132 1189 5186 ergo
1218 5119 1266 5171 ei
1295 5136 1471 5175 omnes
1498 5122 1622 5176 deos
1654 5124 1853 5178 alienos
1890 5142 2021 5192 quos

428 5196 709 5268 habebant,
741 5213 791 5258 et
816 5204 1027 5261 inaures
1058 5225 1176 5280 quae
1205 5221 1355 5266 erant
1384 5213 1440 5266 in
1470 5215 1689 5269 auribus
1717 5232 1920 5271 eorum.
1954 5219 2021 5273 At

426 5288 516 5344 ille
541 5290 730 5361 infudit
760 5313 847 5352 eos
876 5301 1056 5355 subter
1084 5303 1430 5358 terebintltum
1456 5323 1573 5376 qua?
1599 5318 1673 5361 est
1698 5320 1813 5379 post
1841 5312 2021 5366 urbem

428 5382 660 5442 Sichem.
692 5388 847 5457 Quod
875 5404 1057 5451 autem
1084 5396 1303 5462 dicitur,
1328 5406 1384 5452 et
1410 5398 1672 5456 dederunt
1697 5400 1866 5459 Iacob
1890 5406 2021 5463 deos

425 5473 633 5533 alienos
657 5480 749 5551 qui
775 5493 934 5540 erant
962 5486 1017 5540 in
1043 5487 1295 5543 manibus
1323 5504 1509 5545 eorum
1529 5532 1544 5557 ,
1571 5501 1627 5547 et
1653 5494 1870 5551 inaures
1897 5514 2017 5569 qua:

424 5579 584 5626 erant
614 5572 668 5629 in
697 5576 924 5632 auribus
954 5594 1178 5645 eorum,
1223 5582 1490 5652 quaeritur
1517 5600 1688 5655 quare
1716 5597 1771 5644 et
1799 5591 2017 5648 inaures

422 5678 545 5733 qua:
573 5666 616 5720 si
644 5680 967 5724 ornamenta
998 5681 1183 5739 erant,
1226 5677 1293 5731 ad
1322 5678 1683 5735 idololatriam
1715 5699 1821 5739 non
1848 5687 2018 5755 perti-

423 5757 646 5848 nebant,
674 5764 777 5817 nisi
806 5764 933 5832 quia
955 5765 1361 5840 intelligendum
1385 5783 1469 5828 est
1496 5776 1827 5848 phylacteria
1848 5781 2016 5841 fuisse

424 5845 651 5907 deorum
680 5852 977 5912 alienorum
998 5858 1185 5936 ?‘Nam
1210 5861 1513 5923 Rebeccam
1536 5845 1583 5924 'a'
1602 5885 1757 5929 servo
1778 5873 2013 5932 Abrahze

2152 3400 2356 3461 autem,
2383 3410 2508 3450 cum
2540 3397 2709 3452 semel
2738 3398 2950 3455 dixerat
2978 3401 3047 3455 ad
3072 3399 3276 3457 Iacob:
3306 3399 3434 3457 Iam
3463 3418 3581 3458 non
3607 3418 3761 3460 voca-

2147 3483 2295 3539 beris
2319 3483 2506 3553 Iacob,
2537 3489 2630 3544 sed
2658 3487 2826 3543 Israel
2854 3490 2961 3544 erit
2990 3505 3190 3546 nomen
3219 3499 3410 3559 tuum,
3445 3507 3554 3549 cur
3578 3502 3757 3566 postea

2147 3574 2348 3647 legitur
2384 3578 2575 3633 eodem
2616 3580 2836 3636 nomine
2865 3580 3010 3636 idem
3054 3579 3225 3637 Iacob
3271 3583 3573 3648 vocitatus,
3622 3582 3756 3654 quod

2149 3666 2201 3721 in
2233 3666 2691 3739 frequentissimis
2718 3670 2853 3726 locis
2882 3679 3197 3726 sanctarum
3228 3671 3657 3743 Scripturarum
3680 3674 3751 3729 ita

2145 3766 2382 3834 positum
2428 3766 2754 3822 invenimus.
2809 3767 3079 3824 Nimirum
3121 3784 3253 3840 ergo
3292 3784 3501 3826 nomen
3542 3771 3653 3828 hoc
3690 3769 3753 3827 ad

2083 3882 2095 3892 ο
2147 3856 2295 3911 illam
2326 3864 2477 3913 recte
2505 3858 2822 3930 intelligitur
2846 3860 3127 3931 pertinere
3152 3860 3620 3930 promissionem,
3665 3862 3753 3918 ubi

2145 3946 2225 4001 sic
2249 3947 2522 4003 videbitur
2550 3948 2713 4015 Deus,
2754 3949 3028 4020 quomodo
3058 3964 3168 4004 non
3195 3957 3284 4005 est
3312 3958 3481 4006 antea
3509 3952 3753 4021 patrihus

2143 4039 2312 4105 visus,
2338 4041 2430 4095 ubi
2452 4056 2561 4096 non
2586 4043 2691 4098 erit
2714 4058 2913 4100 nomen
2933 4051 3109 4107 vetus,
3134 4043 3261 4114 quia
3282 4044 3421 4099 nihil
3446 4046 3751 4103 remanebit

2143 4130 2229 4184 vel
2257 4130 2313 4184 in
2342 4131 2461 4201 ipso
2486 4143 2719 4203 corpore
2741 4134 3050 4200 vetustatis,
3080 4142 3136 4190 et
3174 4133 3272 4192 Dei
3300 4134 3448 4192 visio
3477 4152 3749 4194 summum

2141 4223 2248 4279 erit
2273 4225 2577 4294 prmmium.

2213 4314 2465 4386 Dixitque
2494 4319 2542 4371 ei
2565 4334 2585 4373 :
2622 4318 2738 4390 Ego
2774 4319 3034 4376 Dominus
3063 4320 3394 4392 omnipotens
3417 4339 3442 4378 :
3484 4321 3677 4379 Cresce
3700 4331 3747 4380 et

2140 4405 2524 4478 multiplicare;
2562 4419 2738 4480 gentes
2766 4420 2815 4466 et
2839 4412 3021 4483 papuli
3060 4414 3335 4468 nationum
3372 4423 3532 4468 eratut
3564 4431 3634 4470 es:
3666 4426 3745 4481 te;

2140 4514 2282 4569 reges
2328 4500 2393 4553 de
2440 4498 2633 4556 lumbis
2683 4504 2787 4558 tuis
2833 4505 3195 4574 egredientur;
3244 4513 3550 4578 terramque
3588 4524 3745 4580 quam

2137 4589 2259 4644 dedi
2289 4591 2558 4645 Abraham
2593 4602 2640 4647 et
2667 4594 2850 4662 Isaac,
2886 4596 3024 4651 dabo
3061 4597 3158 4653 tibi
3200 4608 3249 4654 et
3284 4601 3481 4656 semini
3510 4585 3609 4657 m5
3634 4610 3743 4673 post

2137 4685 2217 4743 te;
2253 4687 2301 4732 et
2342 4682 2552 4735 recessit
2580 4682 2645 4737 ab
2686 4701 2768 4740 eo.
2827 4686 2954 4742 llzec
2997 4690 3290 4760 promissio
3339 4691 3410 4748 ad
3458 4691 3743 4764 spirituale

2136 4785 2322 4827 semen
2352 4771 2520 4830 Iacob
2550 4777 2821 4846 pertinet,
2869 4781 3010 4836 sicut
3054 4782 3121 4838 de
3147 4784 3431 4839 Abraham
3461 4794 3597 4842 ante
3629 4784 3739 4855 jam

2136 4862 2340 4918 dictum
2376 4874 2479 4921 est.
2535 4865 2737 4926 Omnes
2771 4871 2916 4926 enim
2948 4874 3041 4943 qui
3077 4873 3432 4945 supplantant
3464 4877 3601 4934 vitia
3622 4920 3640 4943 ,
3686 4886 3738 4934 et

2132 4961 2373 5010 veterem
2406 4956 2681 5014 hominem
2711 4975 2837 5015 cum
2869 4962 3082 5018 actibus
3108 4962 3227 5032 ejus
3254 4966 3559 5036 deponunt,
3589 4984 3737 5025 men-

2132 5044 2308 5113 tisque
2351 5063 2463 5103 suae
2504 5051 2692 5106 oculos
2726 5053 2795 5107 ad
2820 5053 3110 5109 videndum
3142 5057 3312 5111 Deum
3355 5058 3603 5115 intentos
3638 5060 3733 5117 ha-

2130 5137 2294 5203 bent,
2326 5139 2430 5195 rite
2457 5143 2526 5197 ad
2552 5141 2721 5199 Iacob
2749 5146 3054 5214 pertinent,
3088 5147 3242 5218 cujus
3268 5146 3435 5204 ﬁdem
3480 5159 3540 5206 et
3580 5160 3733 5209 actus

2079 5252 2086 5259 ο
2132 5230 2447 5300 imitantur;
2509 5249 2775 5307 regesque
2827 5238 2894 5292 de
2942 5237 3141 5293 lumbis
3188 5239 3307 5309 ejus
3354 5243 3727 5313 egrediantur,

2130 5323 2232 5378 hoc
2273 5335 2356 5381 est
2394 5329 2600 5394 sancti,
2645 5330 2737 5399 qui
2778 5346 2909 5386 vere
2949 5346 3105 5402 reges
3151 5333 3425 5401 dicuntur,
3475 5351 3546 5393 eo
3588 5337 3729 5409 quod

2128 5417 2399 5473 veraciter
2439 5421 2736 5476 secundum
2780 5422 2875 5476 Dei
2916 5423 3248 5479 voluntatem
3290 5428 3621 5500 semetipsos
3666 5445 3729 5486 ac

2128 5510 2231 5566 sibi
2281 5513 2525 5570 subditos
2579 5524 2792 5586 regunt.
2861 5516 2940 5573 De
2988 5517 3104 5590 ejus
3150 5522 3361 5579 semine
3409 5524 3723 5595 spirituali,

2122 5601 2228 5657 hoc
2265 5611 2350 5659 est
2390 5603 2513 5658 ﬁdei
2556 5606 2861 5662 imitatione
2916 5609 2970 5663 in
3020 5610 3178 5666 bonis
3221 5613 3482 5683 operibus
3529 5615 3723 5672 fecun-

2124 5692 2342 5748 dantur.

2196 5789 2296 5843 Ille
2336 5806 2456 5843 vcro
2496 5792 2657 5846 erexit
2701 5792 2912 5848 titulum
2954 5795 3217 5866 lapideum
3265 5798 3319 5851 in
3364 5798 3479 5853 loco
3521 5817 3625 5870 quo
3669 5817 3722 5857 es

2120 5881 2322 5936 locutus
2362 5880 2536 5949 fuerat
2573 5883 2737 5951 Deus,
2785 5886 2954 5941 libans
3001 5903 3159 5959 super
3192 5906 3313 5946 eum
3362 5888 3620 5946 libamina
3662 5899 3719 5959 ᾳ
