3946 6462
292 373 396 431 617

1322 390 1675 455 COMMENT.
1702 397 1785 475 qm
1821 398 2145 462 cumusm.
2185 434 2257 446 —
2290 406 2419 465 LIB.
2455 411 2542 468 ιιι.

283 489 562 560 e/fundens
586 491 781 563 oleum,
809 511 1099 572 vocumque
1127 520 1316 560 nomen
1342 506 1471 563 locis
1498 509 1642 568 illius
1668 489 1964 583 Bethele

3454 432 3560 491 618

2051 518 2285 595 Cumque
2320 524 2581 583 habitaret
2611 529 2668 585 in
2706 530 2803 587 illa
2840 536 3079 605 regione,
3130 543 3259 597 abiit
3292 543 3479 606 Ruben
3512 561 3566 609 et

283 583 485 709 lteruin
512 583 718 642 factum
745 596 832 644 est
869 590 973 647 hoc
1009 592 1128 650 loco
1154 597 1299 666 quod
1320 596 1437 668 jam
1466 600 1669 660 factum
1698 604 1876 663 fuerat
1984 583 2230 669 dormivit
2256 632 2374 671 cum
2398 617 2536 674 Bala
2565 623 2854 681 concubina
2890 583 3165 699 patris’sui
3180 583 3211 701 ,'
3239 583 3567 709 notitia;

284 684 410 709 nnln
500 694 566 709 nn
617 680 812 709 ξολ-...κ
858 698 1277 709 -.ι-...μμμμηιη
1322 708 1325 709 ,
1445 703 1455 709 .
1481 696 1505 709 ιι
1551 698 1582 709 η
1640 699 1653 709 ι
1827 701 1839 709 .
2043 704 2053 709 -
2101 705 2112 709 -
2231 706 2240 709 -

282 678 454 733 ante?
499 694 571 735 an
617 680 817 739 iterum
855 698 1340 746 commemoratum
1378 696 1505 751 est?
1550 698 1656 754 Sed
1698 701 1871 771 quod-

281 768 413 825 libet
450 770 649 828 horum
687 774 790 842 sit,
835 790 999 849 super
1025 779 1260 851 lapidem
1301 783 1487 841 libavit
1510 768 1734 858 Iacob,“
1763 808 1871 848 non

228 938 235 943 1
278 860 445 932 lapidi
481 861 689 920 libavit.
739 864 859 922 Non
888 884 1018 942 ergo
1049 870 1188 929 sicut
1221 874 1518 936 idololatria
1547 882 1723 939 solent
1749 899 1871 941 aras

276 962 402 1008 ante
442 953 652 1026 lapides
697 958 1027 1020 constituere
1051 1002 1067 1031 ,
1128 972 1185 1021 et
1242 974 1503 1039 tanquam
1549 971 1652 1030 diis
1699 975 1870 1033 libare

276 1044 565 1114 lapidibus.

218 1120 223 1123 ·
285 1185 307 1188 _
839 1121 1070 1183 CAPUT
1100 1128 1289 1188 χχιιι.

238 1231 245 1235 .
273 1185 353 1242 De
380 1188 524 1244 obitu
548 1188 750 1273 Rachel
777 1195 842 1273 ob
869 1208 1054 1266 partus
1074 1185 1453 1273 diﬁicultatem,
1475 1223 1569 1263 nec
1592 1226 1698 1265 non
1726 1220 1777 1267 et
1800 1213 1866 1267 de

641 1264 785 1318 obitu
808 1264 966 1324 Isaae
990 1279 1039 1324 et
1063 1264 1336 1343 sepultura
1359 1264 1495 1348 ejus.

344 1354 601 1427 Egressus
631 1367 807 1413 autem
836 1360 982 1429 inde,
1025 1365 1163 1419 venit
1200 1383 1357 1423 uerno
1397 1379 1626 1443 tempore
1648 1375 1720 1429 ad
1754 1384 1861 1431 ter-

270 1465 385 1503 ram
424 1466 544 1521 quae
591 1450 736 1506 ducit
781 1452 1098 1524 Ephratam.
1150 1458 1219 1514 In
1259 1477 1365 1533 qua
1410 1479 1531 1518 cum
1576 1468 1860 1536 parturiret

238 1538 502 1607 ,Rachel,
561 1542 624 1597 ob
679 1544 1038 1616 difﬁcultatem
1096 1559 1277 1620 partus
1337 1553 1625 1624 periclitari
1687 1558 1856 1628 erepit.

208 1690 211 1693 γ
263 1630 517 1703 Dixitque
567 1634 619 1689 ei
671 1634 963 1692 obstetrix:
1011 1637 1141 1692 Noli
1189 1641 1402 1709 timere,
1459 1645 1584 1715 quia
1629 1654 1679 1700 et
1721 1646 1858 1702 hunc

261 1726 474 1783 habebis
505 1728 699 1797 ﬁlium.
746 1729 1062 1802 Egrediente
1094 1743 1271 1790 autem
1301 1737 1481 1794 anima
1510 1755 1622 1810 pra:
1653 1739 1856 1811 dolore,

260 1828 310 1873 et
342 1820 645 1876 imminente
673 1821 791 1892 jam
825 1834 1011 1892 morte,
1051 1828 1250 1882 uocauit
1290 1845 1477 1885 nomen
1512 1830 1613 1899 ﬁlii
1646 1834 1729 1886 sui
1755 1832 1859 1887 Be-

1982 704 2193 761 minime
2221 706 2395 765 latuit.
2435 710 2618 786 (1nd.)
2647 715 2799 783 Quod
2829 719 3018 778 incesti
3049 704 3260 783 crimen
3285 747 3393 789 non
3421 734 3563 792 scri-

1978 795 2220 868 beretur,
2251 803 2357 859 nisi
2384 804 2567 861 futura
2604 810 2786 880 populi
2826 817 3151 884 perversitas
3176 824 3563 890 pronuntiare-

1980 895 2086 944 tur.
2123 891 2445 965 Quanquam
2472 906 2529 954 et
2554 899 2611 955 in
2640 901 2732 958 illo
2760 905 2852 973 qui
2886 907 2992 964 hoc
3022 913 3357 970 commiserit
3384 918 3567 979 consi-

1976 979 2198 1080 deretur
2216 985 2478 1058 ﬂagitium
2502 1004 2646 1060 esse,
2668 995 2724 1050 in
2749 993 3047 1070 Scripturis
3072 1014 3251 1060 autem
3277 1010 3562 1080 prophetia

1974 1081 2059 1128 est
2086 1073 2411 1173 futurorum.
2451 1081 2591 1149 Quid
2620 1101 2857 1160 namque
2881 1106 2981 1162 per
3008 1093 3199 1152 Ruben
3226 1073 3561 1173 primegeni-

1972 1171 2119 1233 tum,
2158 1169 2264 1225 nisi
2299 1173 2531 1244 populus
2572 1179 2965 1253 primogenitus
2989 1186 3155 1244 Israel
3182 1204 3251 1246 ex
3277 1169 3563 1251 circumci-

1970 1259 2123 1316 sione
2141 1262 2529 1355 _signiﬁcatur?
2560 1273 2653 1342 qui
2682 1274 2897 1332 tborum
2927 1282 3240 1340 concubinae
3268 1286 3483 1355 polluit,
3506 1289 3563 1346 id

1970 1358 2091 1416 est,
2134 1351 2309 1425 legem
2340 1355 2553 1416 Veteris
2587 1361 2921 1424 Testamenti
2966 1387 3108 1445 saepe
3152 1351 3564 1446 praevaricando

1968 1445 2283 1502 maculavit.
2335 1450 2489 1518 Quod
2536 1464 2715 1513 autem
2757 1462 3063 1520 concubina
3105 1445 3194 1524 lex
3223 1468 3432 1527 Veteris
3459 1474 3565 1530 Te-

1968 1539 2224 1592 stamenti
2272 1552 2524 1612 ponatur,
2554 1547 2754 1607 Paulus
2779 1553 2996 1612 edocuit
3037 1558 3262 1617 dicens:
3291 1562 3564 1620 Abraham

1966 1624 2099 1729 duos
2125 1628 2277 1729 [ﬁlios
2315 1634 2541 1690 habuit:
2577 1656 2742 1697 unum
2785 1645 2850 1699 de
2889 1648 3110 1717 ancilla,
3136 1660 3186 1706 et
3212 1668 3378 1709 unum
3403 1655 3468 1710 de
3496 1655 3562 1711 li-
3608 1720 3616 1729 ι

1966 1718 2088 1776 bera
2117 1721 2257 1794 (Gal.
2286 1726 2382 1801 ιν).
2432 1728 2560 1787 Haec
2587 1743 2770 1791 autem
2799 1737 2907 1795 duo
2932 1752 3058 1797 sunt
3083 1743 3450 1802 Testamenta.
3500 1749 3560 1804 In

1964 1826 2072 1881 quo
2096 1813 2260 1886 Agar,
2278 1835 2399 1889 quze
2428 1827 2732 1882 concubina
2758 1828 2883 1897 fuit,
2905 1831 2961 1887 in
2984 1831 3196 1892 Veteris
3225 1837 3560 1896 Testamenti

259 1913 410 1979 noni,
446 1913 501 1966 id
535 1922 632 1981 est,
669 1914 815 1984 ﬁlius
848 1916 1048 1973 doloris
1075 1921 1198 1974 mei.
1239 1920 1404 1977 Pater
1426 1895 1545 1978 vero
1573 1924 1854 1995 appellavit
1882 1895 1931 1956 B
1957 1907 2180 1975 Ρθηίίιπ
2208 1917 2353 1982 ιΥΡΟο
2395 1913 2513 1971 Una
2541 1917 2689 1973 enim
2716 1929 2801 1977 θεῖ
2826 1895 3067 1995 Dim“?cm
3084 1968 3099 1993 ν
3130 1928 3379 1986 θοῙυιηδεὶ
3409 1932 3560 2003 ἐξεπί-

259 2020 382 2060 eum
413 2004 719 2077 Benjamin,
754 2010 811 2063 id
844 2021 945 2079 est,
984 2012 1129 2082 ﬁlius
1154 2014 1401 2072 dexteris.
1456 2017 1695 2089 Ephrata
1723 2035 1855 2077 vero

259 2105 320 2154 et
344 2098 662 2156 Bethlehem
690 2101 853 2158 unius
882 2105 1035 2161 urbis
1061 2107 1385 2164 vocabulum
1413 2118 1528 2177 est,
1559 2112 1661 2166 sub
1686 2111 1854 2166 inter-

254 2197 565 2265 pretatione
596 2197 900 2265 consimili,
948 2198 1213 2268 siquidem
1242 2200 1299 2255 in
1325 2200 1640 2272 frugiferam
1668 2212 1725 2258 et
1750 2203 1850 2259 do-

252 2303 402 2341 mum
425 2286 577 2358 panis
602 2288 855 2356 vertitur,
877 2297 1100 2359 propter
1126 2305 1251 2345 eum
1275 2306 1472 2361 panem
1497 2293 1592 2363 qui
1617 2294 1686 2349 de
1710 2294 1850 2351 caelo

226 2380 603 2443 descendisse
634 2396 697 2439 se
730 2382 880 2439 dicit.
932 2383 1003 2439 Et
1030 2383 1235 2440 factum
1272 2394 1357 2443 est
1394 2402 1520 2443 cum
1551 2388 1850 2446 dimitteret

252 2487 377 2529 eam
413 2475 596 2531 anima
622 2517 638 2541 ,
687 2476 955 2548 siquidem
992 2480 1350 2547 moriebatur,
1391 2484 1606 2539 vocavit
1647 2500 1848 2541 nomen

247 2566 370 2636 ejus
392 2568 537 2638 ﬁlius
559 2569 759 2626 doloris
780 2573 902 2628 mei.
937 2572 1102 2630 Pater
1122 2590 1252 2631 vero
1273 2578 1487 2634 vocavit
1512 2595 1709 2636 nomen
1731 2579 1848 2649 ejus

245 2659 555 2731 Benjamin.
612 2663 673 2718 In
726 2663 955 2721 Hebraeo
1010 2668 1312 2726 similitudo
1368 2673 1545 2729 omnis
1603 2682 1841 2730 resonat.

244 2748 426 2808 Filius
454 2753 655 2810 doloris
685 2757 816 2824 mei,
855 2759 1002 2828 quod
1036 2775 1233 2817 nomen
1264 2764 1504 2820 moriens
1532 2775 1706 2821 mater
1735 2767 1841 2821 im-

238 2843 447 2911 posuit,
483 2844 683 2900 dicitur
710 2845 823 2900 Ben
852 2848 941 2902 oni
963 2865 982 2903 :
1013 2849 1158 2918 ﬁlius
1189 2866 1319 2906 vero
1344 2852 1596 2920 dexteris,
1630 2856 1734 2911 hoc
1759 2864 1845 2911 est

241 2937 477 3004 uirtutis,
504 2939 650 3008 quod
678 2940 912 2995 mutavit
933 2940 1122 3009 Iacob,
1145 2943 1541 3014 appellabatur.
1576 2945 1731 3002 Unde
1755 2962 1843 3002 er-

241 3038 373 3086 rant
395 3033 486 3103 qui
513 3040 709 3103 putant
732 3034 1018 3107 Benjamin
1040 3036 1208 3105 ﬁlium
1237 3037 1444 3093 dierum
1469 3039 1836 3110 interpretari.

241 3122 380 3179 Cum
406 3125 554 3180 enim
577 3126 801 3182 dextera
831 3127 1131 3199 appelletur
1154 3131 1338 3195 iamin,
1366 3138 1508 3219 pm,
1536 3138 1593 3186 et
1618 3130 1839 3187 ﬁniatur

239 3215 300 3271 in
324 3233 359 3271 n
382 3217 642 3286 litteram,
666 3219 783 3275 dies
806 3220 1027 3291 quidem
1053 3215 1397 3293 appellantur
1416 3231 1473 3277 et
1500 3223 1602 3294 ipsi
1629 3224 1833 3290 iamim,
1864 3261 1910 3325 ρ

238 3317 406 3379 ωηεν,
440 3313 538 3368 sed
564 3313 621 3367 in
645 3329 698 3367 m
724 3312 964 3370 litteram
1001 3315 1387 3369 terminantur.
1435 3313 1542 3370 Sed
1573 3316 1702 3386 quid
1731 3315 1836 3372 sibi

236 3399 356 3455 vult
397 3401 542 3470 quod
581 3417 705 3457 cum
745 3405 997 3459 eumdem
1038 3402 1323 3473 Beniamin
1351 3404 1555 3461 Rachel
1583 3414 1833 3475 pareret,

239 3492 457 3547 vocavit
495 3508 693 3550 nomen
732 3493 849 3563 ejus
884 3495 1028 3564 ﬁlius
1057 3496 1258 3552 doloris
1287 3499 1411 3563 mei,
1450 3498 1556 3554 nisi
1593 3497 1835 3554 futurum

233 3585 573 3654 prophetans
611 3601 681 3640 ex
720 3601 784 3641 ea
828 3588 971 3643 tribu‘
996 3586 1249 3654 Paulum,
1280 3590 1371 3659 qui
1401 3589 1666 3661 allligeret
1694 3590 1834 3647 ﬁlios

232 3674 496 3731 Ecclesia:
540 3677 942 3747 persecutionis
992 3692 1092 3732 suo
1141 3680 1433 3748 tempore?
1494 3679 1685 3747 Aliter,
1736 3696 1834 3751 per

227 3766 520 3838 Benjamin
556 3768 832 3824 terrestris
856 3768 1191 3840 ﬁgurabatur
1215 3768 1549 3838 Jerusalem,
1588 3787 1709 3843 quae
1748 3779 1834 3827 est

202 3858 294 3927 εἰη
343 3857 489 3914 tribu
531 3858 772 3930 ejusdem
824 3857 1103 3928 Beujamin
1130 3901 1146 3928 ,
1201 3859 1353 3930 cujus
1401 3861 1632 3932 populus
1676 3863 1830 3934 gravi

231 3958 472 4006 matrem
503 3949 690 4006 dolore
721 3950 886 4006 allicit
908 3992 923 4018 ,
973 3949 1298 4007 eﬂ'undendo
1341 3954 1662 4025 sanguinem
1699 3970 1830 4026 pro—

232 4042 560 4112 phetarum,
612 4042 836 4113 insuper
864 4042 1030 4098 etiam
1068 4044 1125 4099 in
1163 4058 1355 4101 necem
1397 4043 1598 4101 Christi
1648 4045 1828 4117 impiis

208 4133 584 4200 ,acclamando
608 4134 865 4191 vocibus.
893 4134 1125 4208 Sanguis
1148 4137 1263 4191 eius
1288 4152 1448 4209 super
1469 4152 1563 4192 nos
1592 4144 1643 4191 et
1667 4154 1829 4208 super

226 4225 373 4294 ﬁlios
404 4233 610 4280 nostros
636 4224 853 4297 (Matth.
879 4227 1073 4297 xxvu).

304 4314 517 4370 Mortua
541 4325 615 4371 est
640 4333 762 4388 ergo
785 4316 1005 4383 Rachel,
1030 4326 1080 4372 et
1109 4316 1315 4389 sepulta
1344 4320 1400 4373 in
1426 4319 1508 4373 via
1533 4335 1653 4392 qua:
1678 4319 1824 4374 ducit

226 4406 548 4477 Ephratam,
577 4408 689 4462 hac
719 4417 795 4464 est
823 4408 1147 4463 Bethlehem.
1187 4409 1474 4481 Erexitque
1498 4408 1668 4464 Iacob
1698 4412 1827 4465 titu-

222 4500 338 4554 lum
363 4516 524 4571 super
550 4497 851 4570 sepulcrum
881 4500 998 4569 ejus
1024 4517 1042 4552 :
1071 4500 1155 4554 hic
1180 4510 1255 4555 est
1287 4500 1473 4556 titulus
1499 4502 1822 4556 monumenti

219 4589 441 4658 Rachel,
491 4607 653 4661 usque
705 4590 761 4644 in
804 4596 1113 4661 prtesentem
1152 4589 1310 4643 diem.
1369 4589 1630 4659 Egressus
1675 4590 1818 4657 inde,

1959 2005 2111 2061 tricis
2139 2022 2281 2075 sum,
2317 2027 2437 2081 quae
2465 2014 2617 2086 virgo
2643 2027 2795 2074 casta
2813 2060 2828 2087 ,
2860 2036 3077 2092 sponsa,
3104 2026 3292 2097 regina
3316 2026 3432 2099 regi
3455 2028 3558 2083 Ec-

1957 2095 2123 2152 clesia
2148 2113 2246 2169 per
2269 2101 2619 2176 Evangelium
2637 2108 2883 2181 jungitur
2905 2110 3122 2171 Christo

2027 2187 2199 2244 Erant
2256 2202 2430 2248 autem
2490 2196 2592 2264 ﬁlii
2634 2198 2804 2256 Iacob
2850 2204 3150 2261 duodecim.
3215 2207 3350 2264 Filii
3403 2210 3554 2277 Lire,

1952 2277 2329 2349 primogenitus
2373 2282 2575 2353 Ruben,
2613 2298 2662 2343 et
2705 2290 2941 2361 Simeon,
2985 2306 3032 2349 et
3074 2295 3220 2365 Levi,
3266 2309 3315 2354 et
3355 2298 3552 2367 Iudas,

1952 2375 2002 2462 et
2049 2367 2302 2462 Isaac/lar
2339 2383 2402 2462 et
2459 2373 2725 2435 Zabulon.
2790 2380 2923 2438 Filii
2967 2384 3209 2456 Rachel,
3260 2388 3456 2462 Ioseph
3505 2401 3553 2446 et

1949 2453 2253 2527 Benjamin.
2324 2461 2458 2518 Filii
2508 2466 2659 2523 Βαίας
2714 2473 2924 2529 ancilla:
2973 2453 3216 2534 Rachelis
3242 2520 3257 2546 ,
3320 2453 3443 2536 Dan
3504 2492 3554 2537 et

1951 2548 2282 2638 IVephtalim.
2332 2555 2461 2612 Filii
2502 2558 2717 2633 Zelpha:
2757 2566 2964 2624 ancilla:
3005 2569 3138 2638 Lite,
3178 2570 3294 2628 Gad
3321 2584 3369 2629 et
3396 2576 3548 2631 Aser.

1948 2637 2027 2738 lii
2049 2641 2151 2738 ﬁlii
2171 2642 2339 2738 Iacob
2363 2650 2451 2719 qui
2476 2654 2589 2707 nati
2617 2666 2741 2710 sunt
2779 2659 2826 2713 ei
2860 2662 2916 2714 in
2943 2658 3326 2733 Mesopotamia
3353 2666 3548 2738 Syrian

1950 2732 2134 2829 lAug.)
2158 2736 2432 2805 Quaeritur
2452 2751 2723 2815 quomodo
2743 2752 3029 2810 duodecim
3050 2732 3146 2812 ﬁlii
3167 2732 3552 2829 computantur

1945 2823 2137 2895 Israel,
2168 2832 2261 2901 qui
2290 2837 2407 2888 nati
2436 2847 2582 2905 sunt,
2616 2849 2672 2895 et
2702 2842 2938 2899 dicitur:
2975 2845 3051 2900 Hi
3078 2858 3198 2902 sunt
3232 2823 3327 2903 ﬁlii
3353 2850 3543 2918 Israel,

1944 2920 2036 2987 qui
2065 2921 2177 2974 nati
2200 2933 2322 2977 sunt
2351 2926 2398 2980 ei
2428 2927 2483 2980 in
2508 2928 2916 3002 Mesopotamia,
2939 2952 3062 2992 cum
3083 2937 3366 3007 Beniamin
3386 2940 3547 3012 longe

1943 3019 2133 3080 postea
2160 3023 2322 3072 natus
2364 3019 2468 3085 sit,
2520 3037 2642 3077 cum
2684 3024 2798 3095 jam
2829 3030 3153 3086 transissent
3178 3032 3400 3101 Bethel,
3444 3049 3543 3105 ap-

1943 3104 2478 3181 pr0pinquarentque
2517 3112 2853 3174 Bethlehcm.
2907 3119 3038 3188 Qua:
3076 3123 3255 3180 taliter
3284 3104 3543 3181 solvenda

1943 3195 2172 3260 quaestio
2200 3208 2317 3265 est,
2346 3208 2406 3255 ut
2432 3202 2555 3259 ideo
2586 3206 2919 3280 intelligatur
2948 3213 3173 3282 dictum,
3209 3231 3544 3273 commemo-

1942 3286 2077 3341 ratis
2102 3288 2387 3348 duodecim
2409 3294 2563 3352 ﬁliis:
2593 3297 2666 3353 Hi
2688 3310 2812 3355 sunt
2835 3302 2936 3372 ﬁlii
2961 3294 3127 3359 Iacob
3149 3309 3239 3379 qui
3260 3308 3391 3378 facti
3416 3322 3543 3365 sunt

1942 3380 1992 3433 ei
2031 3381 2087 3435 in
2128 3381 2512 3456 Mesopotamia
2539 3390 2739 3462 Syriw,
2792 3412 3101 3469 quanquam
3149 3402 3294 3458 inter
3319 3418 3535 3472 omnes,

1941 3474 2032 3542 qui
2063 3483 2173 3530 tam
2200 3479 2355 3535 multi
2385 3492 2563 3549 erant,
2585 3502 2724 3542 unus
2748 3494 2960 3545 tantum
2981 3501 3099 3547 erat
3122 3500 3231 3549 non
3253 3495 3329 3551 ibi
3353 3506 3539 3563 natus,

1940 3567 2033 3635 qui
2066 3575 2248 3626 tamen
2286 3572 2413 3629 inde
2448 3576 2639 3633 habuit
2678 3582 2938 3637 nascendi
2984 3599 3237 3655 causam,
3276 3588 3419 3658 quod
3459 3589 3539 3646 ibi

1939 3668 2115 3717 mater
2161 3663 2277 3734 ejus
2327 3668 2469 3737 patri
2519 3672 2765 3742 copulata
2811 3684 2914 3731 est.
2980 3677 3139 3734 Nulla
3187 3688 3272 3736 est
3319 3680 3536 3737 facilior

1939 3756 2255 3824 quaestionis
2283 3760 2445 3818 huius
2475 3764 2693 3834 solutio,
2725 3784 2888 3839 quam
2926 3777 2987 3826 ut
3022 3787 3120 3843 per
3147 3772 3530 3845 synecdochen

1937 3850 2251 3919 accipiatur.

2016 3940 2167 3997 Venit
2208 3946 2368 4000 etiam
2409 3948 2479 4002 ad
2524 3949 2685 4005 Isaac
2734 3962 2937 4022 patrem
2976 3971 3132 4011 suum
3184 3957 3243 4011 in
3291 3955 3532 4013 Humbre

1933 4035 2195 4091 civitatem
2234 4038 2418 4095 Arbee.
2474 4041 2606 4097 Hice
2646 4053 2723 4099 est
2764 4044 3001 4115 Hebron,
3050 4049 3107 4103 in
3151 4066 3256 4122 qua
3293 4052 3529 4122 peregri-

1933 4136 2088 4182 natus
2124 4137 2199 4182 est
2219 4130 2491 4186 Abraham
2525 4142 2576 4189 et
2612 4133 2794 4194 Isaac.
2827 4136 2936 4193 Pro
2966 4138 3144 4196 Arbee
3174 4139 3530 4215 Septuaginta

1931 4237 2174 4292 campum
2192 4222 2414 4292 habent,
2432 4243 2555 4283 cum
2570 4227 2789 4285 Hebron
2809 4232 2865 4286 in
2885 4241 3069 4289 monte
3088 4234 3193 4288 sita
3213 4233 3303 4289 sit.
3322 4235 3527 4292 Eadem

1931 4323 2115 4371 autem
2141 4318 2334 4376 civitas
2361 4322 2561 4378 dicitur
2590 4332 2646 4379 et
2672 4323 2918 4383 Mambre
2990 4325 3060 4383 ab
3086 4327 3262 4385 amico
3290 4328 3525 4387 Abrahae

1926 4406 2002 4462 ita
2029 4411 2330 4481 antiquitus
2358 4415 2649 4484 appellata.

1997 4500 2069 4554 Et
2106 4503 2346 4574 completi
2386 4517 2508 4561 sunt
2551 4508 2663 4563 dies
2700 4508 2882 4574 Isaac,
2928 4521 3137 4567 centum
3173 4522 3223 4567 et
3259 4516 3524 4583 octoginta

1924 4595 2085 4659 anni;
2113 4607 2553 4667 consumptusque
2580 4608 2757 4665 (etate,
2782 4610 3023 4655 mortuus
3048 4611 3145 4668 est,
3174 4610 3227 4655 et
3253 4605 3523 4672 appositus

218 4684 341 4754 ﬁxit
387 4660 811 4738 tabernaculumr
839 4690 987 4736 trans
1041 4682 1230 4736 turrim
1282 4678 1488 4751 Gregis.
1536 4678 1819 4737 Profectus
1844 4660 1899 4719 D
1923 4684 2121 4755 populo
2162 4701 2257 4740 suo
2299 4660 2476 4740 senex.
2501 4696 2550 4741 et
2595 4686 2783 4758 plenus
2825 4689 3067 4760 dierum;
3110 4701 3160 4748 et
3202 4693 3519 4764 sepelierunt

156 4794 159 4797 ·
217 4784 309 4833 est
330 4775 517 4842 Israel,
546 4784 603 4830 et
630 4774 873 4832 extendit
901 4774 1308 4830 tabernaculum
1337 4789 1496 4830 suum
1524 4781 1678 4830 trans
1704 4782 1818 4829 tur-

216 4873 328 4929 rim
376 4870 540 4927 Ader.
595 4870 751 4927 Hunc
797 4870 976 4926 locum
1024 4885 1145 4926 esse
1191 4869 1404 4926 Hebraei
1446 4870 1671 4937 volunt,
1721 4872 1815 4927 ubi

214 4970 412 5036 postea
437 4962 702 5033 templum
730 4960 1055 5017 aediﬁcatum
1083 4969 1184 5028 est,
1217 4970 1274 5018 et
1302 4962 1492 5016 turrim
1521 4961 1667 5019 Ader
1692 4971 1811 5019 tur-

215 5056 325 5112 rim
368 5054 561 5128 Gregis
607 5054 903 5128 signiﬁcari
925 5095 941 5122 ,
992 5056 1095 5111 hoc
1142 5066 1226 5111 est
1274 5057 1711 5127 congregationis
1759 5066 1813 5114 et

214 5156 429 5217 coetus;
474 5150 618 5220 quod
651 5157 705 5204 et
743 5148 997 5205 Michaeas
1025 5151 1290 5221 propheta
1322 5159 1555 5207 testatur
1582 5153 1808 5209 dicens:

212 5240 291 5296 Et
306 5251 386 5308 tu,
401 5244 564 5297 turris
578 5241 786 5314 Gregis,
801 5242 1051 5298 nebulosa
1070 5243 1187 5314 ﬁlia
1202 5243 1352 5310 Sion,
1369 5254 1475 5301 etc.
1495 5244 1684 5318 (Mich.
1707 5246 1806 5319 IV),

213 5341 420 5412 illoque
450 5348 692 5411 tempore
719 5337 888 5395 Iacob
916 5346 1068 5395 trans
1107 5339 1288 5396 locum
1323 5339 1418 5395 ubi
1456 5348 1644 5411 postea
1671 5350 1808 5397 tem-

211 5431 368 5504 plum
394 5430 718 5486 aadiﬁcatum
748 5438 863 5495 est,
909 5429 1164 5485 habuisse
1193 5429 1451 5486 tentoria.
1505 5430 1613 5486 Sed
1640 5431 1686 5486 si
1716 5446 1804 5489 se-

210 5538 450 5595 quamur
486 5522 738 5580 ordinem
777 5521 879 5575 viae
899 5560 915 5587 ,
966 5530 1247 5590 pastorum
1287 5521 1444 5594 juxta
1487 5522 1804 5581 Bethlehem

208 5614 369 5671 locus
406 5624 490 5671 est
514 5655 529 5682 ,
579 5613 670 5669 ubi
698 5612 785 5668 vel
817 5610 1133 5682 angelorum
1170 5628 1305 5685 grex
1343 5615 1399 5669 in
1438 5622 1563 5671 ortu
1588 5613 1803 5672 Domini

212 5706 447 5777 cecinit,
476 5708 560 5765 vel
589 5707 759 5765 Iacob
785 5720 985 5778 pecora
1015 5721 1113 5762 sua
1139 5707 1289 5777 pavit
1321 5708 1442 5764 loco
1469 5725 1666 5765 nomen
1694 5709 1798 5763 im-

206 5810 445 5873 ponens,
466 5800 571 5866 vel,
600 5800 742 5871 quod
771 5799 954 5855 verius
985 5806 1088 5864 est,
1116 5799 1349 5869 quodam
1374 5800 1630 5857 vaticinio
1654 5799 1801 5855 futu-

209 5894 337 5950 rum
355 5889 472 5965 jam
500 5898 629 5948 tunc
655 5889 973 5961 mysterium
1001 5889 1427 5946 monstrabatur.

616 5982 890 6050 Ρηιιοι..
942 5981 1134 6049 CVII.

1922 4792 2042 4830 eum
2068 4774 2218 4832 Esau
2244 4784 2293 4832 et
2317 4773 2488 4831 Iacob
2512 4776 2613 4847 ﬁlii
2638 4779 2741 4834 sui.

2492 4907 2723 4967 CAPUT
2765 4913 2934 4973 XXV.

2434 5023 2513 5081 De
2549 5028 2797 5099 progenie
2835 5029 3003 5086 Esau.

1991 5136 2142 5212 (CAP.
2173 5140 2386 5211 xxxvr.)
2424 5138 2525 5195 Hae
2564 5151 2687 5196 sunt
2728 5152 2905 5198 autem
2941 5145 3301 5214 generationes
3333 5146 3505 5216 Esau,

1914 5236 2024 5306 ipse
2061 5248 2137 5293 est
2162 5237 2354 5292 Edam.
2397 5238 2547 5292 Esau
2572 5238 2767 5310 accepit
2801 5254 2990 5293 uxores
3025 5239 3091 5293 de
3120 5239 3334 5308 ﬁliabus
3359 5239 3504 5297 Cha-.-

1914 5347 2075 5398 naan,
2127 5330 2246 5385 Ada
2285 5330 2453 5400 ﬁliam
2478 5331 2635 5387 Elom
2660 5330 2891 5398 Hethaei,
2926 5339 2977 5386 et
3005 5330 3302 5403 Oolibama,
3332 5335 3505 5406 ﬁliam

1912 5426 2063 5491 Ante,
2114 5423 2214 5494 ﬁlii
2261 5422 2466 5480 Sebeon
2511 5422 2691 5478 Hemi
2717 5440 2736 5479 :
2759 5424 3045 5479 Basemath
3084 5442 3287 5498 quoque
3329 5427 3503 5499 ﬁliam

1910 5516 2111 5573 Ismael
2143 5533 2377 5572 sororem
2412 5515 2703 5571 Nabaioth.
2754 5516 2910 5585 Quod
2937 5525 3120 5575 autem
3152 5528 3276 5591 post
3303 5537 3498 5578 narra-

1908 5607 2110 5665 tionem
2135 5608 2328 5665 mortis
2352 5605 2503 5663 Isaac
2525 5613 2780 5662 narratur
2800 5622 2937 5678 quas
2957 5624 3159 5666 uxores
3176 5609 3321 5666 Esau
3344 5626 3502 5669 acce-

1906 5702 2077 5775 perit,
2104 5710 2162 5758 et
2188 5715 2325 5772 quos
2352 5700 2714 5765 recreaverit,
2739 5700 3117 5771 recapitulatio
3145 5702 3496 5775 intelligenda

1905 5802 2009 5852 est.
2042 5793 2231 5865 Neque
2257 5792 2403 5850 enim
2430 5798 2556 5862 post
2578 5799 2809 5847 mortem
2836 5792 2987 5850 Isaac
3009 5793 3127 5851 ﬁeri
3149 5793 3336 5865 erepit,
3367 5809 3494 5851 cum

1903 5884 2016 5946 iam
2042 5893 2229 5945 essent
2254 5884 2397 5944 Esau
2432 5892 2489 5941 et
2514 5882 2683 5942 Jacob
2710 5893 2929 5944 centum
2957 5886 3150 5958 viginti
3178 5900 3446 5946 annorum
3466 5922 3489 5958 ,

2973 5982 3053 6045 20
