3946 6460
437 440 541 496 619

1077 436 1139 490 B.
1178 433 1429 501 RABANI
1469 428 1692 486 MAURl
1726 422 2045 481 ARCHIEP.
2084 419 2393 478 MOGUNT.
2433 418 2719 475 OPERUM
2755 415 2933 474 PARS
2963 414 3004 468 l.

3579 406 3696 461 620

428 578 554 629 nam
580 575 673 621 eos
695 556 1073 637 sexagenarius
1096 553 1359 623 suscepit,
1378 559 1433 615 et
1456 549 1590 615 vixit
1617 559 1805 616 omnes
1831 555 2002 609 annos
2028 537 2084 599 A
2105 537 2270 597 Multa
2297 536 2527 637 etAvari‘a
2538 535 2695 637 apud
2731 532 2984 635 liebrmos
3012 530 3076 637 de
3104 530 3208 637 hoc
3236 526 3474 609 capitulo
3500 526 3702 637 dispu-

426 656 551 723 vitm
577 667 688 717 suae
710 658 923 712 centum
948 645 1239 716 octoginta,

503 743 713 819 Peperit
740 750 911 806 autem
940 736 1054 801 Atta
1087 734 1327 805 Elipltaz,
1359 732 1467 799 Iste
1492 737 1574 799 est
1595 727 1814 809 Eliphaz
1840 725 1996 803 cujus

429 836 707 906 Scriptura
735 831 790 895 in
815 828 915 891 Job
940 825 1209 891 volumine
1236 823 1569 887 recordatur.

500 924 640 989 Tulit
680 932 853 987 autem
897 918 1041 985 Esau
1090 933 1278 979 uxores
1314 931 1438 969 suas
1478 922 1525 967 et
1564 911 1793 982 filios'et
1832 909 1997 983 ﬁlias,

425 1028 473 1073 et
520 1030 725 1081 omnem
771 1013 1002 1077 animum
1040 1008 1226 1075 domus
1270 1022 1402 1070 sure,
1446 1013 1493 1059 et
1538 1002 1909 1066 substantiam,
1953 1008 2000 1053 et

424 1086 633 1185 pecora,
668 1115 716 1161 et
753 1113 940 1171 cuncta
974 1117 1091 1173 qua:
1124 1098 1312 1167 habere
1350 1105 1574 1170 poterat,
1615 1096 1672 1148 in
1708 1103 1847 1148 terra
1871 1091 2005 1146 Cha-

425 1214 602 1263 naan,
649 1204 698 1259 et
746 1194 874 1248 abiit
916 1193 970 1246 in
1009 1190 1228 1255 alteram
1275 1188 1572 1258 regionem,
1622 1186 1929 1253 recessitque
1971 1201 2006 1240 α

424 1270 598 1359 fratre
625 1299 719 1339 suo
748 1281 935 1337 Iacob.
982 1280 1176 1333 Divites
1211 1278 1346 1332 enim
1380 1285 1529 1343 erant
1566 1274 1737 1351 valde,
1768 1284 1813 1328 et
1849 1271 2007 1328 simul

425 1379 665 1433 habitare
708 1392 812 1433 non
855 1380 1131 1449 poterant;
1172 1386 1263 1423 nec
1303 1366 1590 1422 sustinebat
1627 1383 1712 1429 eos
1748 1374 1887 1429 terra
1912 1379 2003 1434 pe-

425 1466 794 1537 regrinationis
837 1477 1039 1526 eorum,
1082 1476 1191 1537 prce
1230 1457 1563 1521 multitudine
1598 1470 1831 1526 gregum.
1884 1451 2003 1506 Ha-

426 1558 706 1633 bitavitque
764 1553 911 1607 Esau
967 1553 1023 1609 in
1080 1536 1253 1605 monte
1304 1548 1455 1623 seir,
1517 1549 1626 1631 ipse
1678 1556 1754 1602 est
1808 1544 2001 1599 Edom.

425 1646 662 1715 Quaestio
693 1652 777 1699 est
803 1642 1071 1715 quomodo
1107 1640 1386 1715 Scriptura
1415 1638 1587 1703 dicat,
1622 1642 1744 1715 post
1773 1642 2001 1701 mortem

421 1714 574 1792 lSaac
603 1735 774 1806 patris
806 1733 889 1789 sui
922 1732 1061 1786 Esau
1092 1714 1418 1785 abscessisse
1447 1728 1513 1783 de
1545 1736 1686 1782 terra
1716 1725 1997 1789 Chanaan,

421 1834 477 1882 et
505 1814 779 1880 habitasse
816 1823 871 1876 in
908 1827 1089 1875 monte
1118 1819 1257 1884 Seir,
1294 1834 1416 1874 cum
1446 1820 1699 1885 veniente
1728 1818 1794 1873 de
1823 1816 1996 1872 Meso-

2099 636 2300 682 tantur.
2350 626 2507 696 Apud
2533 624 2750 680 Graecos
2779 624 2973 705 quippe
3009 629 3064 676 et
3093 628 3308 675 nostros
3326 660 3340 684 ,
3390 633 3559 701 super
3586 618 3700 671 hoc

2102 721 2376 776 silentium
2427 727 2527 777 est.
2578 719 2685 785 Alii
2722 727 2946 797 putant.
2977 717 3156 773 iamim
3186 717 3359 785 maria
3390 714 3698 801 appellata,

2097 812 2291 879 iisdem
2312 812 2455 867 enim
2482 813 2795 879 scribuntur
2820 810 3013 877 litteris
3038 809 3209 863 maria
3235 809 3433 878 quilms
3458 815 3519 871 et
3547 821 3703 867 nunc

2098 905 2187 960 hic
2215 920 2390 961 sermo
2414 904 2716 983 descriptus
2740 912 2849 975 est,
2868 911 2923 957 et
2942 901 3127 969 volunt
3153 901 3325 969 illum,
3354 900 3489 966 dum
3518 896 3703 977 pasdt

2101 996 2282 1052 asinos
2308 997 2478 1067 patris
2507 996 2613 1062 sui,
2643 996 2697 1048 in
2728 996 2941 1049 deserto
2970 1009 3233 1063 aquarum
3264 994 3352 1047 hic
3383 1005 3701 1073 congrega-

2103 1089 2278 1145 tiones
2307 1089 2592 1159 reperisse,
2625 1104 2750 1158 quae
2770 1086 2923 1163 juxta
2952 1086 3150 1149 idiema
3180 1086 3375 1157 lingua:
3403 1083 3700 1139 Ἠθικαῖς-λε

2104 1179 2276 1237 maria
2301 1183 2699 1247 nuncupantur,
2723 1175 2867 1245 quod
2891 1175 3097 1235 scilicet
3123 1183 3372 1244 stagnum
3400 1173 3698 1242 repererit,

2106 1267 2258 1337 cujus
2297 1267 2375 1321 rei
2424 1267 2663 1325 inventio
2707 1266 2761 1320 in
2807 1280 2992 1320 eremo
3016 1263 3246 1320 difﬁcilis
3271 1272 3374 1319 est.
3432 1260 3699 1315 Nonnulli

2104 1366 2295 1430 putant
2318 1373 2485 1429 aquas
2508 1357 2732 1423 calidas,
2753 1357 2911 1426 juxta
2937 1356 3153 1413 Punica:
3178 1356 3373 1427 linguae
3403 1356 3696 1418 viciniam,

2105 1464 2226 1519 quae
2252 1448 2527 1504 Hebraicaa
2550 1447 2883 1503 contermina
2912 1452 3022 1510 est,
3055 1448 3160 1502 hoc
3186 1444 3452 1501 vocabulo
3486 1443 3703 1515 signiti—

2106 1542 2238 1599 cari.
2289 1540 2427 1596 Sunt
2453 1540 2547 1611 qui
2575 1540 2907 1595 arbitrantur
2934 1552 3166 1608 onagros
3188 1538 3258 1601 ab
3283 1538 3391 1592 hoc
3421 1536 3701 1591 admissos

2104 1646 2223 1687 esse
2250 1633 2316 1687 ad
2344 1632 2543 1697 asinas,
2574 1640 2629 1685 et
2660 1631 2834 1700 ipsum
2862 1629 3164 1685 istiusmodi
3190 1628 3465 1699 reperisse
3491 1642 3704 1691 cancu-

2102 1725 2304 1788 bitum,
2340 1734 2400 1777 ut
2426 1723 2751 1778 velocissimi
2788 1738 2852 1778 ex
2892 1723 2981 1777 bis
3013 1722 3152 1777 asini
3182 1729 3573 1785 nascerentur,
3608 1719 3704 1788 qui

2102 1824 2363 1870 vocantur
2398 1816 2600 1871 iamim.
2621 1814 2875 1884 Plerique
2893 1822 3084 1884 putant
3110 1813 3253 1884 quod
3279 1828 3556 1882 equarum
3582 1828 3703 1882 gres

420 1918 658 1990 potamia
699 1915 865 1970 Jacob
908 1900 1077 1969 fratre
1118 1911 1253 1981 ejus,
1300 1912 1510 1982 legatur
1550 1913 1693 1982 quod
1730 1910 1843 1979 jam
1892 1910 2001 1965 illic
2029 1907 2078 1968 B
2106 1921 2198 1977 ges
2227 1907 2295 1961 ab
2321 1906 2488 1967 asinis
2518 1907 2571 1960 in
2598 1905 2813 1961 deserto
2843 1906 2959 1975 ipse
2987 1904 3177 1961 fecerit
3202 1905 3414 1975 primus
3444 1905 3695 1967 accendi,

423 2011 721 2066 habitabat.
752 2007 982 2062 Proinde
1010 2006 1138 2077 quid
1170 2005 1295 2060 inde
1325 2004 1442 2059 fieri
1472 2005 1745 2075 potuerit,
1772 2012 1833 2057 ut
1859 2002 2003 2057 Scri-

423 2114 582 2176 ptura
616 2103 726 2165 falli
754 2102 838 2156 vel
871 2099 1056 2154 fallere
1094 2113 1200 2154 non
1231 2099 1501 2163 credatur,
1545 2097 1599 2151 in
1634 2103 1883 2166 promptu
1921 2103 2005 2152 est

423 2196 697 2267 cogitare:
731 2193 876 2263 quod
907 2191 1111 2247 scilicet
1150 2190 1291 2245 Esau
1332 2197 1516 2261 postea
1548 2202 1707 2259 quam
1739 2190 1794 2241 in
1826 2187 2002 2243 Meso-

418 2286 715 2358 potamiam
744 2285 911 2339 frater
938 2282 1054 2363 ejus
1083 2283 1362 2348 abscessit,
1392 2280 1563 2337 noluit
1604 2280 1848 2335 habitare
1878 2296 2004 2336 cum

419 2377 733 2449 parentibus
761 2376 891 2439 suis,
918 2375 1029 2429 sive
1058 2390 1123 2427 ex
1157 2374 1245 2427 illa
1275 2376 1633 2437 commotione
1660 2390 1766 2442 qua
1793 2372 2006 2439 dolebat

422 2482 481 2522 se
510 2467 883 2521 benedictione
907 2465 1232 2528 fraudatum,
1252 2466 1365 2519 sive
1395 2465 1574 2534 aliqua
1605 2480 1766 2519 causa
1799 2480 1892 2519 sua
1924 2464 2005 2518 vel

422 2574 653 2613 uxorum
680 2573 897 2613 suarum
917 2596 931 2620 ,
971 2573 1106 2637 quas
1135 2556 1350 2611 odiosas
1378 2557 1593 2611 videbat
1621 2570 1739 2610 esse
1768 2556 2005 2625 parenti-

420 2651 542 2715 bus,
573 2648 656 2703 vel
687 2649 920 2718 qualiter
951 2647 1075 2710 alia,
1109 2659 1162 2701 et
1195 2655 1435 2718 emperat
1462 2646 1707 2700 habitare
1738 2646 1792 2700 in
1823 2654 2007 2711 monte

425 2737 565 2793 Seir.
614 2737 817 2792 Deinde
857 2745 981 2808 post
1022 2737 1253 2793 reditum
1281 2734 1447 2792 Jacob
1476 2734 1663 2790 fratris
1693 2735 1808 2801 sui,
1863 2733 2007 2801 facta

422 2829 564 2884 inter
590 2844 685 2885 eos
726 2829 1045 2893 concordia,
1092 2843 1343 2883 reversus
1370 2834 1455 2883 est
1486 2836 1540 2882 et
1570 2828 1683 2896 ipse
1711 2826 1777 2879 ad
1805 2842 2003 2896 paren-

422 2929 525 2989 tes,
551 2930 751 2977 etcum
782 2930 1053 2977 mortuum
1085 2929 1296 2991 patrem
1327 2919 1488 2974 simul
1517 2918 1848 2988 sepelissent,
1878 2918 2022 2988 quia.

421 3029 515 3071 eos
539 3014 830 3086 plurimum
865 3015 1066 3070 ditatos
1098 3022 1243 3069 terra
1272 3013 1395 3081 illa,
1429 3014 1569 3069 sicut
1598 3013 1858 3083 scriptum
1887 3023 1969 3067 est
1987 3055 2002 3078 ,

422 3107 648 3163 minime
685 3108 969 3177 capiebat,
1024 3107 1286 3162 abscessit
1322 3121 1514 3161 rursus
1550 3105 1605 3159 in
1637 3103 1777 3170 Seir,
1830 3113 1885 3159 et
1932 3104 2006 3158 ibi

419 3198 735 3270 propagavit
763 3207 977 3270 gentem
1006 3198 1382 3267 ldumazorum.

2109 2006 2167 2051 ut
2210 1997 2481 2052 mulorum
2531 1997 2656 2052 inde
2701 2012 2840 2051 nova
2887 2005 3080 2061 contra
3131 2003 3384 2057 naturam
3434 1992 3701 2059 animalia

2108 2098 2479 2144 nascerentur.
2513 2087 2706 2158 Aquila
2734 2088 2880 2143 hunc
2905 2088 3085 2145 locum
3113 2087 3190 2142 ita
3221 2084 3543 2145 transtulit:
3576 2084 3705 2154 Ipso

2109 2191 2183 2234 est
2211 2180 2360 2246 Ana,
2398 2180 2490 2250 qui
2518 2180 2710 2243 inuenit
2740 2182 2837 2236 σὺν
2856 2185 2949 2236 τοῦ
2975 2177 3177 2251 «pain.
3228 2176 3296 2239 Et
3332 2175 3702 2248 Symmachus

2111 2274 2358 2329 similiter
2384 2292 2396 2327 ε
2427 2273 2532 2341 Qui
2556 2274 2747 2335 inuenit
2773 2277 2896 2336 robe
2921 2273 3119 2347 σιμιῗμ.
3162 2273 3295 2339 Quae
3318 2271 3702 2341 interpretatio

2107 2366 2371 2437 pluralem
2399 2384 2685 2423 numerum
2723 2367 3013 2438 signiﬁcat.
3068 2366 3424 2438 Septuaginta
3469 2380 3606 2427 vero
3650 2373 3703 2423 et

2111 2458 2448 2515 Theodotion
2494 2459 2774 2530 aequaliter
2820 2458 3217 2531 transtulerunt
3264 2459 3566 2520 clientilus:
3616 2458 3701 2520 si»

2109 2553 2290 2624 ιαμείν,
2323 2551 2465 2621 quod
2495 2552 2695 2609 indicat
2723 2567 3009 2611 numerum
3037 2551 3389 2622 singularem.

2180 2640 2347 2712 Reges
2390 2652 2564 2701 autem
2621 2644 2711 2713 qui
2776 2652 3119 2714 regnaverunt
3180 2643 3238 2705 in
3296 2651 3445 2705 terra
3488 2640 3701 2706 Etiam.

2110 2745 2390 2805 antequam
2443 2736 2691 2793 haberent
2744 2753 2913 2806 regem
2965 2736 3065 2806 ﬁlii
3108 2734 3277 2796 Israel
3337 2735 3559 2804 {uerunt
3603 2734 3704 2791 hi:

2108 2830 2239 2885 Bela
2281 2832 2424 2901 filius
2467 2831 2642 2897 Beor;
2703 2848 2991 2903 nomenque
3042 2830 3187 2885 urbis
3238 2829 3487 2887 Donabo.
3548 2828 3705 2894 Quod

2111 2923 2373 2993 scriptum
2405 2932 2523 2979 est:
2558 2924 2623 2977 Et
2657 2923 2711 2978 hi
2745 2937 2899 2994 reges
2934 2923 3026 2994 qui
3061 2930 3427 2992 regnaverunt
3451 2923 3509 2983 in
3531 2922 3706 2979 Edam

2111 3022 2402 3085 antequam
2435 3021 2687 3084 regnaret
2727 3031 2821 3070 rex
2862 3016 2916 3081 in
2950 3014 3132 3079 Israel.
3162 3029 3272 3075 non
3306 3015 3387 3073 sic
3428 3013 3708 3083 accipien-

2112 3105 2239 3160 dum
2263 3113 2367 3169 est,
2393 3113 2652 3173 tanquam
2685 3119 2873 3161 omnes
2913 3119 3069 3175 reges
3094 3104 3365 3167 nominati
3392 3102 3506 3169 sint
3531 3116 3707 3173 usque

2111 3197 2180 3251 ad
2222 3212 2285 3251 ea
2328 3205 2573 3265 tempora
2611 3197 2807 3267 quibus
2840 3205 3125 3267 creperum,
3155 3211 3313 3268 reges
3350 3195 3544 3263 lsrael,
3572 3210 3708 3264 quo-

490 3293 593 3349 Isti
630 3291 732 3364 ﬁlii
766 3290 948 3357 Esau,
991 3301 1039 3345 et
1082 3290 1240 3345 duces
1278 3305 1480 3345 eorum.
1530 3287 1656 3359 Ipse
1695 3295 1770 3341 est
1809 3284 2002 3339 Edam.
2034 3281 2079 3342 C
2112 3306 2231 3344 rum
2278 3290 2489 3361 primus
2528 3289 2630 3344 fuit
2672 3288 2822 3347 Saul.
2874 3289 3024 3349 Multi
3069 3289 3291 3354 fuerunt
3327 3289 3478 3347 enim
3518 3289 3573 3355 in
3610 3304 3717 3359 eo:

421 3383 521 3437 Isti
566 3381 665 3452 ﬁlii
714 3381 836 3438 Seir
865 3381 1079 3437 Horraai
1119 3382 1441 3436 habitatores
1481 3390 1656 3435 terrai.
1715 3376 1919 3443 Lotan,
1960 3382 2010 3429 et

425 3472 609 3538 Sobal,
649 3483 697 3527 et
736 3471 959 3539 Sebeon,
1001 3482 1048 3528 et
1077 3472 1215 3539 Ana,
1248 3471 1415 3527 Dison
1453 3481 1501 3527 et
1540 3471 1697 3536 Eser,
1742 3478 1791 3523 et
1818 3468 2007 3522 Disan.

427 3569 566 3623 Esau
586 3608 600 3633 ,
631 3577 685 3623 et
713 3569 883 3624 Edom
903 3609 917 3633 ,
955 3578 1009 3623 et
1038 3568 1180 3633 Seir,
1218 3568 1379 3622 unius
1409 3582 1606 3622 nomen
1634 3573 1718 3620 est
1749 3564 2007 3628 hominis,

422 3669 477 3715 et
510 3675 677 3730 quare
705 3661 855 3715 varie
893 3668 1270 3730 nuncupentur
1298 3659 1665 3728 supradictum
1701 3665 1805 3710 est.
1855 3655 2011 3721 Quod

420 3760 599 3808 autem
644 3752 918 3822 sequitur,
956 3761 1011 3806 et
1057 3750 1265 3806 Ποτιπωί
1312 3751 1622 3805 habitantes
1666 3756 1904 3813 terram,
1954 3754 2010 3801 et

421 3845 651 3916 reliqua.
706 3845 997 3914 Postquam
1046 3844 1385 3899 enumeravit
1430 3842 1572 3897 filios
1617 3840 1791 3906 Esau,
1845 3839 2009 3894 altius

423 3938 618 4009 repetit
663 3944 717 3992 et
764 3937 1020 4006 exponit,
1064 3936 1156 4007 qui
1198 3945 1324 3990 ante
1364 3935 1506 3991 Esau
1551 3934 1607 3989 in
1653 3934 1822 3989 Edom
1865 3943 2012 3988 terra

424 4027 697 4096 principes
726 4026 943 4080 fuerunt
973 4042 1040 4080 ex
1067 4042 1262 4099 genere
1295 4025 1639 4080 Hormorum
1658 4066 1672 4088 ,
1705 4025 1798 4094 qui
1825 4025 1881 4077 in
1910 4023 2012 4077 lin-

427 4134 532 4191 gua
558 4128 746 4181 nostra
773 4119 1201 4189 interpretantur
1230 4117 1397 4171 liberi.
1432 4118 1700 4188 Legamus
1729 4116 2013 4186 diligenter

428 4210 905 4264 Deuteronomium
933 4226 945 4262 :
988 4209 1062 4265 ibi
1091 4209 1429 4264 manifestius
1461 4210 1716 4264 scribitur
1743 4209 2012 4278 quomodo

431 4300 679 4355 venerint
707 4299 803 4353 lilii
828 4300 994 4364 Esau,
1023 4308 1075 4353 et
1104 4298 1477 4353 interfecerint
1508 4298 1782 4362 Horraeos,
1813 4313 1876 4351 ae
1907 4305 2012 4352 ter-

430 4404 544 4443 ram
573 4404 759 4444 eorum
792 4390 1105 4445 haereditate
1134 4389 1596 4460 possederint.‘ﬂi
1622 4390 1786 4445 duces
1808 4389 2013 4445 Horrrel

428 4481 525 4535 lilii
554 4479 677 4536 Seir
705 4481 762 4535 in
794 4489 936 4536 terra
966 4482 1155 4537 Edoni.

504 4571 657 4627 Facti
683 4584 803 4627 sunt
832 4583 1007 4627 autem
1034 4574 1132 4642 ﬁlii
1158 4575 1349 4643 Lotan,
1380 4575 1517 4630 Heri
1542 4585 1591 4631 et
1614 4575 1843 4632 Reman.
1879 4576 2012 4630 Erat

429 4676 602 4723 autem
633 4683 787 4721 soror
814 4664 976 4720 Lota»
1005 4664 1265 4731 Thamna,
1313 4675 1361 4719 et
1404 4666 1490 4720 isti
1532 4676 1653 4720 sunt
1688 4665 1789 4735 ﬁlii
1818 4664 2013 4733 Sobal,
2039 4643 2094 4702 Ῑ)

429 4760 629 4825 Λιυαη,
679 4768 727 4813 et
772 4757 1054 4823 Manabat,
1084 4766 1190 4813 etc.
1248 4756 1374 4814 Ηωο
1403 4766 1487 4813 est
1517 4757 1763 4812 Thamna
1802 4759 1871 4813 de
1907 4773 2016 4828 qua

429 4851 693 4922 scriptum
731 4858 854 4904 est:
907 4848 978 4903 Et
1028 4848 1268 4914 Thamna
1307 4859 1419 4905 erat
1457 4851 1749 4904 concubina
1789 4849 2019 4921 Elipltas

430 4942 528 5012 ﬁlii
566 4941 894 5014 primogeniti
950 4939 1128 5007 Esau,
1180 4957 1244 4994 ea:
1292 4942 1406 5015 ipsa
1455 4952 1608 4999 natus
1655 4949 1730 4995 est
1778 4940 2012 4995 Amalec.

428 5034 636 5090 Idcirco
662 5043 844 5089 autem
873 5032 1218 5087 Horrteorum
1252 5033 1568 5087 recordatus
1597 5039 1713 5097 est,
1747 5033 1873 5101 quia
1905 5031 2018 5101 pri-

430 5124 736 5199 mogenitus
762 5122 992 5178 filiorum
1020 5122 1162 5176 Esau
1190 5137 1258 5177 ex
1283 5121 1494 5177 ﬁliabus
1519 5137 1705 5177 eorum
1731 5131 2016 5191 acceperat

434 5216 807 5270 concubinam.
847 5213 1004 5281 Quod
1032 5220 1210 5268 autem
1236 5212 1450 5276 dicitur,
1483 5211 1727 5267 'l‘heman
1756 5220 1810 5267 et
1836 5212 2013 5268 Cenes

432 5314 487 5359 et
512 5304 799 5372 Amalech,
835 5292 891 5361 et
927 5305 1162 5376 reliqua,
1211 5305 1446 5359 sciamus
1485 5313 1671 5374 postea
1704 5305 2016 5375 regionibus

433 5392 787 5450 [dominorum
815 5411 883 5451 ex
908 5396 995 5450 bis
1018 5394 1277 5453 voeabula
1304 5395 1573 5466 imposita.

505 5485 576 5540 Et
612 5485 666 5540 Ιιί
705 5485 804 5556 ﬁlii
843 5487 1075 5554 Sebeon,
1116 5489 1215 5541 Aia
1246 5500 1293 5541 et
1325 5487 1458 5541 Ana.
1517 5486 1623 5541 Iste
1659 5497 1733 5541 est
1769 5488 1887 5543 Ana
1922 5491 2014 5560 qui

432 5576 626 5632 inuenit
672 5594 836 5649 aquas
883 5579 1088 5634 calidas
1133 5580 1190 5633 in
1236 5578 1519 5633 solitudine
1547 5620 1562 5645 ,
1613 5594 1731 5632 eum
1780 5592 2013 5650 pasceret

433 5668 611 5723 asinos
645 5664 837 5723 Sebeon
865 5672 1030 5741 patris
1067 5671 1184 5736 sui,
1228 5677 1283 5724 et
1317 5668 1542 5738 reliqua.
1592 5668 1648 5723 In
1689 5670 1794 5733 alia
1833 5682 2014 5739 autem

431 5758 671 5815 editione
689 5758 763 5814 ita
787 5758 970 5830 legitui
1004 5778 1018 5813 :
1047 5760 1170 5831 Ipse
1189 5768 1264 5815 est
1286 5758 1423 5825 Ana,
1441 5761 1531 5830 qui
1555 5760 1742 5816 inuenit
1767 5764 2015 5819 haiemim

434 5849 491 5904 in
529 5850 753 5921 deserto,
801 5867 920 5907 cum
963 5861 1195 5923 pasceret
1242 5851 1418 5906 asinos
1459 5849 1658 5909 δεύεοη
1694 5857 1865 5923 patris
1907 5858 2012 5915 sui.
2044 5924 2050 5929 ‘

2114 3380 2237 3441 dem
2280 3395 2451 3451 usque
2475 3381 2544 3437 ad
2570 3389 2815 3452 tempora
2839 3380 2986 3446 Saul,
3018 3396 3141 3441 cum
3172 3380 3513 3451 temporibus
3538 3381 3707 3443 etiam

2114 3472 2405 3541 Iudicum,
2470 3490 2703 3544 quorum
2747 3464 2992 3543 tempora
3034 3472 3257 3535 fuerunt
3317 3481 3447 3537 ante
3508 3488 3707 3542 reges,

2114 3567 2441 3622 exstiterint.
2462 3565 2569 3622 Sed
2591 3583 2659 3623 ex
2682 3567 2766 3623 his
2790 3567 2974 3624 multis
2996 3582 3093 3625 eos
3108 3566 3251 3627 solos
3272 3567 3708 3636 potuit

2115 3675 2335 3721 morare
2374 3660 2586 3732 Moyses
2609 3660 2701 3729 qui
2726 3659 2943 3715 fuerant
2969 3668 3261 3729 antequam
3303 3659 3417 3728 ipse
3460 3673 3701 3719 morere

2116 3759 2216 3805 tur.
2249 3749 2361 3807 Nec
2387 3751 2584 3806 mirum
2609 3760 2710 3817 est,
2728 3752 2872 3822 quod
2891 3751 3305 3812 numerantibus
3319 3748 3705 3815 abAhraham.

2114 3860 2212 3915 per
2255 3846 2398 3901 Esau
2446 3854 2657 3916 patrem
2698 3846 2874 3916 gentis
2913 3844 3105 3909 Edom.
3148 3854 3313 3913 atque
3354 3857 3451 3910 per
3495 3839 3705 3903 Bahuel

2115 3937 2286 3991 ﬁlium
2327 3938 2491 4003 Esau,
2520 3945 2573 3991 et
2611 3938 2750 3991 Zara
2788 3936 2957 3991 tilium
2998 3935 3231 4001 Rahuel,
3255 3932 3510 3997 etlnhah
3535 3932 3708 3997 ﬁlium

2114 4029 2281 4094 Zara,
2325 4031 2410 4085 cui
2448 4029 2617 4086 Jobab
2651 4031 2914 4087 successit
2951 4030 3007 4085 in
3051 4044 3221 4100 regno
3259 4028 3445 4091 Baiae.
3470 4028 3565 4097 qui
3594 4026 3707 4097 pii.

2116 4138 2237 4178 mus
2286 4123 2341 4176 in
2398 4132 2543 4178 terra
2599 4123 2771 4178 Edoni
2835 4139 2929 4191 rex
2992 4120 3162 4177 fuisse
3220 4128 3707 4185 commentaretur.

2115 4229 2287 4284 usque
2332 4214 2399 4268 ad
2440 4214 2689 4269 ultimum
2728 4229 2948 4284 regem,
2995 4227 3155 4282 quem
3196 4211 3375 4281 potuit
3420 4209 3705 4273 nominare

2115 4305 2348 4377 Moyses,
2394 4305 2577 4375 plures
2617 4306 2995 4376 generationes
3019 4302 3389 4367 inveniuntur,
3415 4314 3582 4369 quam
3607 4314 3705 4363 nu-

2116 4407 2397 4454 merantur
2438 4400 2506 4452 ab
2539 4397 2815 4453 Abraham
2842 4413 2939 4468 per
2964 4396 3133 4452 Jacob
3162 4411 3335 4464 usque
3360 4394 3432 4451 ad
3456 4393 3703 4463 lloysen.

2118 4490 2253 4545 Nam
2296 4490 2402 4545 illic
2449 4491 2814 4556 inveniuntur,
2862 4488 2979 4545 fere
3014 4487 3332 4555 duodecim,
3385 4486 3474 4541 hic
3522 4493 3702 4545 autem

2121 4596 2289 4649 usque
2323 4582 2388 4634 ad
2423 4581 2661 4650 Moysen,
2690 4580 2860 4635 ferme
2894 4589 3124 4651 septem.
3172 4578 3319 4635 Fieri
3351 4578 3501 4645 enim
3534 4576 3708 4647 potuit
3747 4584 3757 4657 ξ

2120 4678 2181 4724 ut
2221 4671 2342 4726 ideo
2388 4671 2460 4726 ibi
2503 4672 2687 4743 plures
2728 4673 3159 4739 nominarentur,
3206 4672 3333 4742 quia
3379 4671 3547 4731 citius
3588 4686 3703 4729 nlo-
3754 4662 3757 4665 ’

2122 4761 2309 4817 riendo
2350 4762 2554 4831 plures,
2599 4764 2735 4819 alter
2775 4763 2932 4819 alteri
2975 4772 3374 4823 successerunt.
3427 4762 3521 4819 Sic
3560 4762 3707 4827 enim
3760 4828 3763 4829 ν

2122 4855 2349 4925 contigit
2383 4866 2443 4910 ut
2480 4856 2548 4911 ad
2578 4855 2744 4911 alium
2770 4857 3017 4911 ordinem
3051 4870 3283 4927 sequens
3317 4854 3609 4917 Matutinus
3636 4854 3707 4919 ab

2119 4944 2396 5001 Abraham
2438 4962 2606 5015 usque
2647 4947 2714 5002 ad
2752 4945 2983 5017 Jeseph,
3029 4946 3386 5017 quadraginta
3435 4944 3574 5010 duas
3616 4960 3705 5016 εθ-

2121 5037 2429 5093 nerationes
2478 5048 2747 5099 numeret.
2810 5037 2986 5094 Lucas
3035 5048 3219 5098 autem
3258 5041 3314 5105 in
3356 5037 3556 5103 ordine
3600 5036 3703 5091 alio

2119 5142 2414 5183 numerans
2448 5129 2844 5199 generationes,
2885 5145 2993 5191 non
3027 5144 3129 5198 per
3165 5127 3532 5193 Salomapem,
3564 5128 3703 5193 sicut

2118 5220 2210 5277 ille
2256 5234 2351 5290 per
2416 5220 2667 5288 Natban,
2726 5223 2795 5279 ah
2849 5221 3127 5285 Abraham
3176 5236 3348 5291 usque
3387 5222 3460 5283 ad
3500 5220 3701 5291 δρεεβδ

2117 5312 2513 5385 quinquaginta
2550 5316 2791 5384 quinque
2827 5320 3234 5379 commemoret.
3280 5312 3343 5379 in
3382 5312 3479 5377 illo
3502 5314 3701 5389 quiane

2119 5404 2331 5469 ordine,
2370 5404 2463 5460 ubi
2498 5404 2679 5475 plures
2716 5413 3094 5471 numerantur.
3143 5405 3303 5473 silius
3348 5405 3553 5472 mortui
3579 5411 3702 5473 .Sltlti

2118 5510 2282 5563 quam
2324 5495 2413 5551 hic
2457 5496 2549 5555 ubi
2590 5497 2894 5567 pauciores.
2954 5495 3035 5561 Ne
3078 5495 3221 5565 fitle
3262 5505 3446 5563 autem
3488 5505 3703 5567 moveat

2119 5588 2355 5656 aliquem
2416 5591 2561 5658 quod
2623 5589 2767 5657 inter
2812 5602 2969 5659 renes
3015 5588 3187 5656 Edoni
3241 5598 3701 5659 commemoratur

2118 5678 2279 5737 Baiae
2323 5678 2465 5739 filius
2505 5678 2666 5746 Boor,
2705 5688 2763 5746 et
2799 5679 2867 5737 de
2910 5679 3262 5751 similitudine
3303 5682 3541 5745 nominis
3583 5681 3695 5747 eti‘

2119 5771 2306 5826 stimet
2346 5769 2494 5832 illum
2535 5785 2657 5826 esse
2695 5770 2874 5838 Baiae,
2908 5772 3003 5842 qui
3037 5773 3237 5833 restitit
3272 5773 3443 5845 Moysi
3483 5771 3698 5839 ducenti

2119 5860 2372 5931 Populum
2418 5860 2602 5930 Israel,
2639 5862 2777 5925 sciat
2811 5862 2963 5925 illum
2998 5861 3160 5929 Baiae
3187 5863 3479 5936 Moabitem
3503 5854 3695 5941 fuisse,
