3946 6438
407 499 515 559 625

1040 492 1102 549 Β.
1141 490 1393 548 RABANI
1430 486 1649 546 MAURI
1681 482 2002 542 ARCHIEP.
2042 477 2353 539 MOGUNT.
2393 475 2680 537 OPERUM
2712 474 2897 533 PARS
2930 473 2975 529 Ι.

3564 463 3680 520 σει

407 613 609 670 cunctis
635 608 762 682 ﬁliis
786 614 1070 671 amaretur,
1095 605 1313 660 oderant
1339 619 1479 669 eum,
1512 618 1603 657 nec
1649 608 1885 671 poterant
1941 614 1989 652 et

2123 604 2279 649 uncta
2308 609 2557 665 prospera
2581 596 2686 647 sint
2705 607 2829 662 erga
2859 591 3047 661 fratres
3074 591 3190 638 tuos
3209 588 3259 636 et
3283 594 3501 650 pecora,
3525 589 3575 631 et
3594 594 3685 633 reb

406 707 694 779 quidquam
725 699 941 773 pacifice
975 697 1138 769 loqui.
1183 696 1403 751 Fratres
1431 692 1634 750 Christi
1690 691 1983 749 secundum

409 797 590 857 carnis
640 794 977 855 nativitatem
1027 789 1196 846 Judaei
1224 796 1403 853 erant,
1430 787 1495 843 de
1531 799 1759 855 quorum
1782 796 1984 852 mgna-

409 888 556 942 tione
579 886 695 956 ipsa
712 881 1019 938 humanitas
1041 876 1418 947 Redemptoris
1445 879 1849 944 suscepta'erat.
1880 869 1988 926 Sed

411 979 540 1050 quia
570 976 838 1040 viderant,
859 972 1003 1044 quod
1024 971 1195 1041 major
1222 968 1395 1041 gratia
1421 967 1681 1021 virtutum
1714 963 1772 1018 in
1799 976 1865 1017 eo
1898 959 1989 1017 fie-

408 1076 523 1135 iat,
570 1084 691 1140 qua:
733 1066 1032 1123 testabatur
1065 1065 1161 1120 Dei
1203 1062 1381 1118 Patris
1400 1061 1726 1132 praecipuam
1746 1057 1989 1113 dilectio-

410 1178 558 1226 nem,
587 1159 900 1216 invidebant
919 1159 995 1225 ei,
1021 1172 1122 1212 nec
1152 1155 1443 1225 quidquam
1465 1151 1691 1223 pacifica
1711 1155 1893 1205 mente
1912 1146 1991 1202 lo-

412 1254 504 1324 qui
524 1260 796 1325 poterant,
823 1264 985 1320 quem
1005 1249 1199 1317 saepius
1227 1246 1436 1302 insidiis
1458 1244 1732 1314 petebant,
1782 1250 1838 1297 et
1893 1255 1989 1311 pa-

418 1341 793 1397 tremfamilias
819 1340 874 1394 in
893 1338 1196 1393 Beelzebub
1215 1336 1460 1407 principe
1484 1334 1877 1391 daemoniorum
1894 1331 1992 1401 eji-

414 1446 541 1488 cere
570 1429 832 1486 daemonia
860 1427 1326 1499 blaSphemabant.

483 1518 689 1573 Accidit
717 1533 921 1590 quoque
940 1526 995 1570 ut
1019 1517 1187 1570 visum
1199 1516 1459 1571 somnium
1480 1516 1694 1589 referret
1714 1515 1993 1587 fratribus,

414 1628 534 1685 quia
556 1627 718 1669 causa
739 1609 958 1680 majoris
1000 1608 1107 1663 odii
1141 1608 1478 1662 seminarium
1505 1608 1625 1678 fuit.
1655 1607 1897 1679 Dixitque
1926 1607 1997 1663 ad

415 1720 503 1759 eos
526 1717 548 1757 :
576 1701 767 1757 Audite
793 1702 1054 1756 somnium
1078 1717 1251 1755 meum
1291 1699 1431 1771 quod
1463 1699 1588 1754 vidi.
1626 1698 1891 1754 Putabam
1934 1698 2000 1753 li-

413 1808 540 1865 gare
567 1809 661 1846 nos
685 1789 983 1862 manipulos
1003 1792 1061 1846 in
1080 1807 1231 1862 agro,
1257 1799 1307 1845 et
1330 1791 1481 1861 quasi
1497 1806 1808 1861 consurgere
1828 1792 1999 1845 mani-

414 1883 597 1955 pulum
641 1898 815 1937 meum
862 1892 912 1937 et
954 1890 1115 1948 stare,
1140 1889 1437 1952 uestrosque
1457 1880 1755 1951 manipulos
1775 1883 2001 1936 circum-

2085 689 2271 745 nuntia
2305 687 2433 742 mihi
2452 686 2581 759 quid
2611 694 2823 757 agatur,
2837 689 2943 737 etc.
2958 679 3123 736 Iacob
3140 673 3495 731 mittitﬁlium
3516 683 3687 727 suum

2086 776 2307 848 Ioseph,
2352 786 2413 832 ut
2462 777 2527 833 de
2580 773 2841 829 fratribus
2855 766 3287 828 sollicitudinem
3329 767 3595 837 gereret;
3629 764 3694 815 et

2088 869 2233 925 Deus
2253 868 2415 926 Pater
2432 868 2584 924 misit
2606 864 2803 920 Filium
2833 877 2990 919 suum
3032 856 3389 929 unigenitum,
3418 862 3484 908 ut
3510 866 3693 924 genus

2089 961 2387 1017 humanum
2407 959 2645 1033 peccatis
2682 956 2993 1029 languidum
3038 950 3303 1006 visitaret.
3332 945 3578 1001 Mittitur
3623 941 3695 996 ab

2088 1053 2181 1110 illo
2214 1054 2401 1124 utique
2444 1052 2601 1108 Patre
2628 1052 2694 1106 de
2734 1063 2841 1119 quo
2888 1045 3150 1115 scriptum
3177 1048 3293 1126 est:
3345 1037 3501 1092 Misit
3546 1037 3695 1089 Deus

2090 1141 2292 1199 Filium
2337 1160 2491 1199 suum
2519 1144 2576 1197 in
2614 1138 3011 1197 similitudinem
3050 1134 3223 1190 carnis
3246 1131 3449 1203 peccati
3506 1126 3694 1201 (Rom.

2092 1235 2232 1309 vm).
2257 1234 2329 1291 Ut
2354 1219 2564 1291 videret
2603 1234 2649 1289 si
2676 1240 2824 1287 recte
2845 1238 3032 1285 essent
3056 1242 3206 1292 oves,
3241 1232 3297 1278 et
3335 1222 3612 1279 Dominus
3642 1220 3698 1273 in

2093 1325 2389 1399 Evangelio
2417 1326 2623 1396 inquit:
2654 1323 2778 1379 Non
2806 1321 2918 1376 veni
2940 1318 3044 1375 nisi
3060 1316 3258 1373 adores
3277 1330 3401 1387 quae
3421 1314 3700 1385 perierunt

2094 1419 2280 1476 domus
2301 1418 2474 1474 Israel
2499 1416 2714 1491 (Matth.
2738 1414 2854 1487 xv).

2164 1511 2372 1570 Invenit
2401 1528 2524 1584 ergo
2548 1510 2742 1581 Ioseph
2783 1507 2975 1578 fratres
3028 1509 3087 1561 in
3133 1502 3409 1558 Dothaim.
3441 1498 3702 1554 Dothaim

2096 1607 2481 1680 interpretatur
2528 1603 2778 1660 defectio.
2828 1599 2971 1656 Vere
3014 1598 3071 1653 in
3121 1595 3315 1669 grandi
3388 1591 3705 1648 defectione

2098 1706 2277 1765 erant,
2303 1697 2395 1767 qui
2420 1696 2487 1751 de
2523 1691 2819 1748 fratricidio
2839 1688 3170 1762 cogitabant.

2172 1786 2276 1855 Qui
2301 1804 2420 1841 cum
2452 1785 2699 1841 vidissent
2727 1779 2922 1851 Ioseph
2950 1778 3169 1847 fratrem
3196 1789 3353 1829 suum
3374 1771 3597 1844 procul,
3620 1788 3709 1824 oc-

2103 1878 2275 1934 cidere
2303 1858 2767 1946 eum'cogitabant.
2795 1871 2863 1926 Et
2883 1867 3054 1925 Judaei
3089 1867 3336 1923 videntes
3375 1879 3584 1919 verum
3623 1861 3712 1916 Io-

417 1986 637 2041 stantes,
659 1974 882 2030 adorare
902 1973 1230 2045 manipulum
1249 1990 1443 2030 meum.
1478 1971 1872 2044 Responderunt
1888 1972 2001 2041 fra-
2027 1961 2078 2025 B
2106 1971 2239 2041 seph
2265 1969 2555 2026 Dominum
2583 1966 2768 2022 Iesum
2792 1963 3091 2030 Christum,
3136 1970 3196 2016 ut
3235 1975 3362 2016 eum
3411 1957 3713 2023 cruciﬁge-

417 2077 520 2121 tres
550 2066 664 2137 ejus
688 2082 707 2121 :
744 2063 999 2137 Nunquid
1046 2082 1137 2121 rea:
1179 2074 1355 2120 noster
1395 2065 1521 2131 eris,
1546 2073 1637 2118 aut
1665 2063 2005 2133 subjiciemur

419 2141 606 2213 ditioni
628 2157 772 2213 tua?
805 2156 936 2212 Haac
961 2174 1082 2229 ergo
1109 2175 1271 2213 causa
1291 2158 1615 2212 somniorum
1637 2166 1791 2227 atque
1809 2172 2006 2211 sermo-

419 2264 564 2313 num,
593 2247 805 2302 inuidia:
826 2257 876 2302 et
904 2247 1012 2301 odii
1033 2246 1266 2316 fomitem
1316 2246 1649 2300 ministravit.
1690 2243 1850 2299 Aliud
1881 2262 2009 2316 quo-

417 2353 517 2408 que
533 2337 794 2392 somnium
820 2338 972 2403 uidit,
997 2336 1134 2408 quod
1163 2352 1389 2390 narrans
1413 2336 1667 2405 fratribus
1720 2337 1795 2389 ait
1830 2352 1848 2391 :
1890 2333 2009 2390 Vidi

418 2444 511 2498 per
537 2429 795 2483 somnium
822 2429 976 2500 quasi
1019 2427 1180 2483 solem
1206 2436 1253 2481 et
1283 2426 1464 2481 lunam
1489 2435 1540 2481 et
1565 2426 1741 2482 stellas
1765 2426 2007 2481 undecim

421 2519 646 2575 adorare
668 2538 770 2576 me.
794 2519 946 2586 Quod
964 2537 1079 2576 cum
1105 2522 1358 2592 patrisuo
1378 2529 1427 2575 et
1451 2519 1704 2591 fratribus
1728 2506 2008 2586 retulisset;

422 2611 710 2683 increpavit
734 2629 853 2669 eum
875 2623 1025 2685 pater
1043 2622 1094 2668 et
1128 2613 1296 2668 dixit:
1325 2612 1468 2679 Quid
1490 2614 1589 2668 sibi
1615 2612 1725 2668 vult
1749 2613 1846 2667 hoc
1869 2629 2010 2667 som-

426 2706 570 2758 nium
589 2705 728 2775 quod
750 2704 925 2760 uidisti
948 2706 972 2760 ?
995 2704 1141 2760 Num
1162 2723 1275 2778 ego,
1322 2714 1371 2762 et
1396 2718 1565 2762 mater
1591 2716 1705 2775 tua,
1743 2716 1792 2763 et
1819 2707 2010 2778 fratres

422 2795 522 2861 tui,
552 2794 888 2870 adorabimus
914 2806 1131 2867 tesuper
1150 2799 1382 2852 terram?
1426 2797 1540 2853 Nisi
1584 2800 1640 2854 in
1689 2799 1868 2870 aliquo
1893 2814 2012 2870 my-

425 2884 592 2938 sterio
617 2884 821 2941 dictum
844 2887 1159 2956 accipiatur,
1190 2889 1793 2962 quomodointelligitur
1807 2891 1874 2947 de
1897 2906 2012 2946 ma-

424 2982 507 3028 tre
536 2972 755 3045 Joseph,
786 2991 903 3045 quae
924 2976 1037 3045 jam
1062 2986 1182 3034 erat
1194 2981 1441 3036 mortua?
1472 2980 1627 3037 Unde
1645 2996 1747 3037 nec
1770 2982 1825 3037 in
1846 2980 2013 3053 Egy-

423 3073 519 3133 pto
549 3079 673 3120 cum
702 3066 1106 3135 sublimaretur,
1152 3071 1454 3139 putandum
1498 3079 1583 3128 est
1629 3086 1749 3128 esse
1778 3071 2013 3142 comple-

424 3164 561 3223 tum,
590 3159 718 3229 quia
764 3174 866 3216 nec
911 3169 1068 3231 pater
1112 3176 1238 3218 eum
1265 3164 1532 3232 adoravit,
1557 3167 1774 3237 quando
1797 3168 1865 3223 ad
1888 3182 2013 3222 eum

423 3247 571 3301 venit
602 3246 657 3302 in
684 3246 997 3320 Egyptum,
1032 3266 1131 3308 nec
1152 3262 1330 3310 mater
1352 3255 1482 3311 olim
1508 3256 1760 3313 defuncta
1813 3258 2008 3328 potuit.

423 3334 485 3390 In
510 3334 712 3393 Christi
744 3354 874 3410 ergo
899 3355 1132 3410 persona
1153 3343 1311 3401 facile
1351 3346 1579 3420 intelligi
1626 3322 1834 3420 potest
1846 3351 2012 3405 etiam
2040 3322 2087 3387 C

426 3428 493 3483 de
534 3429 787 3496 mortuis,
837 3433 1131 3488 secundum
1173 3435 1305 3491 illud
1349 3439 1495 3507 quod
1534 3438 1665 3494 dicit
1724 3440 2014 3511 Apostolus

428 3513 597 3586 (Phil.
626 3515 711 3589 ιι).
744 3516 884 3583 Quia
909 3520 1123 3577 donauit
1154 3526 1202 3578 ei
1222 3542 1410 3581 nomen
1447 3527 1588 3600 quod
1608 3540 1683 3584 est
1713 3546 1873 3600 super
1899 3547 2015 3585 om-

428 3622 493 3659 ne
517 3621 724 3673 nomen,
749 3616 806 3660 ut
829 3610 888 3663 in
917 3612 1124 3668 nomine
1146 3614 1276 3670 Iesu
1303 3633 1453 3671 omne
1478 3634 1611 3689 genu
1633 3620 1895 3689 flectatur,
1912 3637 2017 3675 cte-

429 3693 660 3761 lestium,
683 3700 1006 3754 terrestrium
1035 3711 1082 3756 et
1112 3704 1460 3775 infernarum.
1518 3707 1714 3781 (Isid.)'
1735 3708 2019 3767 Somnium

428 3799 558 3840 vero
608 3784 737 3841 illud
784 3801 882 3857 per
937 3791 1078 3859 quod
1118 3792 1348 3849 fratrum
1372 3798 1629 3868 manipuli
1657 3799 2020 3856 adoraverunt

430 3876 762 3947 manipulum
774 3877 912 3948 ejus,
936 3880 1065 3936 illud
1092 3892 1176 3938 est
1200 3886 1344 3954 quod
1366 3888 1787 3958 spiritualiterin
1798 3890 2019 3949 Christo

430 3968 710 4038 impletum
732 3980 817 4026 est
838 3990 852 4025 :
874 3972 945 4026 Et
964 3974 1261 4031 adorabunt
1282 3996 1423 4047 eum,
1449 3983 1642 4053 inquit,
1670 4001 1847 4040 omnes
1875 4002 2020 4057 reges

431 4066 604 4147 terrae,
634 4075 811 4115 omnes
837 4071 1010 4132 gentes
1038 4067 1258 4120 servient
1283 4070 1331 4122 ei
1361 4068 1533 4142 (Psal.
1587 4075 1761 4147 Lm),
1814 4076 2023 4132 scilicet

430 4159 530 4215 per
556 4145 719 4202 ﬁdem
751 4148 989 4207 fructum
1022 4155 1288 4213 bonorum
1311 4176 1537 4231 operum
1558 4145 1867 4223 offerentes.
1891 4168 2013 4240 Ipse

434 4243 521 4329 est
544 4248 707 4306 quem
732 4241 815 4296 sol
834 4283 850 4308 ,
887 4253 943 4299 et
968 4244 1116 4311 luna,
1145 4256 1201 4303 et
1228 4250 1396 4307 stella:
1416 4255 1663 4323 adorant,
1695 4260 1762 4314 de
1782 4274 1889 4329 quo
1910 4260 2022 4317 sole

434 4327 641 4397 dictum
661 4344 746 4388 eat
766 4350 782 4386 :
806 4332 1046 4391 Laudate
1068 4355 1205 4406 eum,
1229 4342 1310 4396 sol
1328 4353 1377 4398 et
1395 4344 1545 4413 luna,
1571 4358 1619 4403 et
1653 4327 1829 4406 omnes
1854 4353 2021 4409 stella;

435 4416 610 4490 (Psal.
664 4423 871 4496 cum).
915 4426 1094 4497 ipsum
1142 4431 1289 4487 enim
1330 4435 1648 4493 excellentia
1692 4450 2013 4498 sanctorum

436 4508 492 4564 in
517 4510 650 4568 solis
667 4516 906 4583 nomine,
930 4525 984 4572 et
1012 4518 1265 4578 Ecclesiae
1289 4524 1506 4582 claritas
1528 4530 1626 4584 sub
1661 4531 1898 4603 imagine
1939 4534 2024 4589 lu-

435 4615 540 4691 nae,
564 4609 621 4657 et
643 4606 884 4660 omnium
905 4610 1225 4677 populorum
1239 4618 1601 4672 numerositas
1626 4620 1681 4672 in
1701 4621 1873 4691 figura
1896 4624 2021 4678 stel-

2107 2072 2250 2132 reut,
2273 2078 2441 2118 unum
2479 2059 2765 2117 consilium
2810 2070 3001 2114 omnes
3055 2059 3366 2141 statuerunt
3423 2050 3711 2106 dicentes:

2107 2158 2364 2231 Cruciﬁge
2386 2175 2503 2213 eum
2526 2156 2742 2230 (Matth.
2759 2152 2955 2226 xxv").

2177 2251 2321 2308 .Fera
2368 2252 2593 2322 pessima
2638 2249 2902 2304 devoravit
2944 2263 3083 2312 eum,
3117 2245 3172 2302 id
3196 2252 3299 2311 est,
3339 2241 3585 2299 Iudaica
3628 2239 3719 2294 be-

2108 2342 2212 2399 stia
2235 2341 2508 2397 interfecit
2530 2356 2676 2407 eum,
2705 2340 2771 2395 de
2802 2354 2908 2409 qua
2933 2337 3193 2394 Dominus
3222 2336 3277 2390 in
3303 2331 3617 2404 Evangelio
3640 2331 3718 2384 di-

2110 2437 2217 2492 cit:
2246 2435 2382 2490 Ecce
2406 2451 2500 2505 ego
2523 2434 2671 2489 mitto
2692 2449 2779 2488 uos
2799 2433 2937 2488 sicut
2977 2447 3092 2487 oves
3117 2431 3175 2485 in
3212 2428 3383 2485 medio
3439 2426 3718 2498 luporum.

2112 2524 2329 2597 (Matth.
2353 2523 2432 2598 ι).

2181 2616 2468 2687 Confestim
2491 2617 2652 2687 igitur
2675 2625 2730 2670 ut
2750 2614 2977 2687 pervenit
3012 2616 3081 2669 ad
3152 2624 3337 2680 ratres,
3376 2615 3722 2668 nudaverant

2112 2722 2230 2761 eum
2256 2706 2434 2761 tunica
2457 2704 2617 2760 talari
2639 2716 2689 2760 et
2714 2704 2991 2776 polymita,
3013 2705 3368 2775 miseruntque
3425 2704 3483 2758 in
3535 2704 3725 2757 cister-

2113 2812 2237 2851 nam
2254 2812 2370 2868 qua:
2393 2812 2497 2851 non
2517 2795 2735 2850 habebat
2774 2812 2983 2867 aquam,
3013 2804 3060 2849 et
3088 2794 3333 2850 sederunt
3362 2802 3423 2848 ut
3473 2794 3725 2848 comede-

2114 2898 2226 2943 rent
2260 2905 2468 2960 panem.
2497 2887 2850 2944 Nudaverunt
2897 2887 3093 2959 Ioseph
3145 2887 3343 2944 fratres
3395 2887 3484 2943 sui
3535 2888 3725 2941 tunica

2113 2981 2377 3053 polymita
2406 2988 2461 3037 et
2485 2981 2676 3049 talari;
2696 2980 2971 3037 Christum
2996 2981 3164 3037 Iudaei
3202 2997 3305 3053 per
3326 2990 3569 3037 mortem
3601 2996 3728 3035 cru-

2115 3073 2194 3128 eis
2224 3057 2667 3143 exspoliaverun't
2688 3073 2869 3129 tunica
2890 3072 3179 3144 corporali.
3210 3072 3484 3144 Polymita
3510 3082 3726 3137 autem,

2117 3164 2173 3218 id
2210 3174 2312 3231 est,
2344 3165 2599 3221 decorata
2621 3165 2862 3220 omnium
2893 3163 3157 3221 virtutum
3210 3165 3555 3221 diversitate.
3625 3164 3732 3219 Re-

2116 3264 2433 3323 sparserunt
2450 3263 2632 3311 autem
2656 3256 2889 3311 tunicam
2917 3256 3057 3312 haedi
3083 3257 3362 3328 sanguine,
3394 3257 3528 3328 quia
3574 3256 3731 3311 falsis

2119 3359 2243 3400 cum
2271 3346 2601 3403 testimoniis
2627 3356 2968 3416 accusantes,
3026 3349 3081 3404 in
3127 3348 3384 3404 invidiam
3442 3349 3730 3404 deduxere

2118 3439 2352 3510 peccati,
2382 3439 2624 3496 omnium
2654 3449 2878 3511 peccata
2902 3442 3212 3497 donantem.
3243 3440 3482 3495 Mittitur
3526 3442 3731 3496 dehinc

2120 3534 2177 3587 iu
2197 3534 2513 3601 cisternam,
2529 3535 2581 3589 id
2601 3543 2707 3600 est,
2731 3536 2786 3590 in
2812 3535 3007 3600 lacum,
3033 3544 3090 3591 et
3110 3535 3359 3591 Christus
3387 3534 3731 3605 exspoliatus

2121 3639 2284 3680 carne
2310 3627 2563 3693 humana,
2592 3626 2870 3682 descendit
2892 3624 3255 3691 ininfernum.

2200 3712 2558 3788 Videruntque
2605 3717 2830 3772 viatores
2855 3715 3155 3771 Ismaelitas
3180 3716 3355 3771 venire
3379 3714 3446 3771 de
3490 3715 3727 3780 Galaad,

2122 3814 2169 3860 et
2196 3807 2420 3861 camelos
2443 3823 2624 3861 eorum
2650 3816 2920 3877 portantes
2972 3819 3233 3872 aromata,
3268 3817 3317 3862 et
3365 3809 3630 3871 resinam,
3684 3818 3727 3861 et

2123 3905 2363 3963 stactem,
2384 3897 2438 3950 in
2461 3895 2771 3969 zEgyptum.
2812 3897 2997 3971 (Aug.)
3027 3898 3303 3966 Quaeritur
3322 3914 3500 3968 quare
3519 3900 3730 3954 lsmae—

2123 3985 2246 4041 litas
2272 3985 2555 4057 Scriptura
2582 3988 2779 4057 quibus
2827 4003 2858 4042 a
2909 3988 3171 4045 fratribus
3223 3990 3480 4044 venditus
3534 4001 3619 4045 est
3646 3989 3732 4046 ,ιο-

2124 4077 2279 4145 seph,
2331 4077 2496 4131 etiam
2539 4077 2861 4134 Madianitas
2912 4089 3091 4146 vocet,
3142 4095 3264 4136 cum
3321 4080 3522 4136 lsmael
3550 4083 3627 4137 sit
3667 4084 3731 4137 de

2124 4169 2269 4239 Agar
2310 4167 2454 4223 ﬁlius
2490 4168 2745 4236 Abrahae,
2777 4170 3084 4226 Madianita:
3109 4187 3237 4228 vero
3276 4172 3342 4227 de
3367 4172 3593 4228 Cetura.
3648 4177 3731 4228 An

2126 4258 2254 4329 quia
2276 4256 2560 4330 Scriptura
2575 4262 2788 4317 dixerat
2803 4264 2871 4319 de
2881 4262 3182 4331 Abraham,
3220 4266 3366 4335 quod
3387 4283 3618 4322 munera
3636 4268 3732 4322 de-

2125 4349 2279 4404 derat
2303 4349 2429 4405 ﬁliis
2466 4353 2894 4409 concubinarum
2915 4370 3159 4422 suarum,
3212 4355 3365 4427 Agar
3411 4356 3628 4412 scilicet
3678 4366 3729 4411 et

2124 4438 2357 4505 Ceturaa,
2390 4449 2447 4496 et
2465 4441 2713 4498 diviserit
2745 4459 2838 4499 eos
2872 4447 2941 4501 ab
2962 4445 3111 4500 Isaac
3141 4444 3252 4501 ﬁlio
3282 4462 3385 4501 suo
3413 4447 3470 4501 iu
3519 4458 3728 4504 terram

2124 4530 2378 4599 Orientis,
2403 4548 2570 4589 unam
2594 4546 2809 4607 gentem
2832 4537 3025 4594 fecisse
3053 4538 3387 4611 intelligendi
3414 4542 3583 4595 sunt?

2198 4623 2348 4678 Dixit
2370 4641 2490 4695 ergo
2524 4624 2698 4681 Iudas
2723 4628 2979 4697 fratribus
3013 4631 3155 4685 suis:
3200 4630 3341 4698 Quid
3384 4633 3537 4686 nobis
3594 4650 3729 4701 pro-

908 4674 921 4675 ,
978 4674 993 4677 _
1740 4674 1769 4691 υ
2373 4674 2482 4695 μη-
2528 4674 2695 4681 ηπ-
2750 4674 2979 4684 .--πη
3013 4674 3148 4685 η.-.
3250 4674 3339 4685 ...η
3384 4674 3536 4686 ,ηυη
3641 4674 3695 4687 ,ν

435 4690 616 4789 larum
671 4695 917 4752 adorant.
964 4696 1115 4754 Unde
1158 4709 1215 4756 et
1238 4710 1394 4772 pater
1419 4720 1551 4764 suus
1573 4708 1876 4784 increpavit
1896 4728 2022 4771 eum
2046 4674 2102 4737 Β
2134 4710 2262 4778 dest,
2293 4714 2338 4768 si
2364 4674 2952 4787 occiderimusfratrem
2979 4674 3240 4789 nostrum:
3288 4732 3337 4776 et
3380 4674 3728 4777 celei-crimes

435 4782 625 4838 dicens
642 4802 656 4838 :

512 4871 772 4944 Nunquid
801 4891 895 4946 ego
945 4888 993 4931 et
1021 4891 1188 4937 mater
1216 4893 1329 4951 tua,
1353 4896 1404 4941 et
1429 4888 1624 4958 fratres
1646 4894 1742 4960 tui,
1774 4894 2022 4951 adorabi-

436 4980 557 5020 mus
594 4966 687 5021 te?
712 4967 1028 5042 Obiurgatio
1070 4973 1173 5029 ista
1204 4978 1377 5046 patris
1412 4980 1666 5037 duritiam
1719 4985 1902 5055 populi
1947 4986 2026 5042 Is-

438 5056 555 5113 rael
607 5059 894 5131 signiﬁcat,
936 5064 1028 5134 qui
1078 5080 1179 5136 pro
1207 5083 1272 5125 eo
1293 5074 1435 5140 quod
1462 5088 1525 5128 ex
1555 5090 1613 5130 se
1645 5085 1835 5134 natum
1868 5078 2024 5136 Chri-

439 5155 586 5204 stum
608 5161 944 5222 cognOscunt
954 5170 1098 5223 esse,
1115 5160 1347 5217 adorare
1361 5172 1737 5223 contemnunt.

998 5287 1224 5346 CAPUT
1254 5291 1462 5350 XXVII.

442 5364 616 5458 lie-.50:
644 5372 995 5458 quod_Iacob
1047 5379 1188 5433 misit
1220 5379 1413 5458 Ioseph
1442 5385 1512 5439 ad
1534 5386 1725 5458 fratres
1751 5404 1898 5458 suos,
1937 5394 2027 5449 ubi

514 5436 918 5563 pascebant
939 5463 1087 5514 oves;
1115 5468 1148 5503 a
1193 5436 1406 5521 quibu's'
1427 5436 2025 5520 ié'nbiidé'ésijiédﬂl

515 5595 750 5671 Cumque
790 5604 983 5674 fratres
1021 5607 1167 5667 illius
1203 5613 1258 5669 in
1278 5616 1553 5685 pascendis
1598 5620 1837 5693 gregibus
1864 5624 2031 5696 patris

440 5700 778 5748 morarentur
798 5696 855 5751 in
874 5696 1107 5770 Sichem,
1132 5704 1266 5761 dixit
1288 5709 1383 5780 adf
1412 5728 1531 5766 eum
1560 5712 1734 5769 Israel
1759 5730 1777 5767 :
1804 5716 2028 5776 Fratres

445 5784 525 5837 tui
560 5795 783 5856 pascunt
804 5804 921 5846 oves
941 5793 1000 5849 in
1023 5792 1311 5855 Sicltimis‘:
1340 5804 1476 5869 ueni,
1508 5806 1711 5860 mittam
1743 5819 1792 5862 te
1818 5811 1887 5864 ad
1921 5829 2027 5867 eos.

448 5870 566 5936 Quo
613 5884 971 5953 respondente,
1022 5895 1214 5957 priesto
1267 5907 1403 5962 sum,
1439 5894 1548 5950 ait:
1582 5895 1724 5955 Vade
1743 5909 1792 5955 et
1822 5902 1957 5973 vide,

2134 4810 2441 4881 sanguinem
2475 4811 2638 4881 ipsius
2659 4812 2685 4866 ?
2710 4811 2902 4870 Melius
2926 4820 3020 4882 est,
3046 4827 3103 4870 ut
3128 4815 3453 4871 uenundetur
3475 4814 3731 4871 Ismaeli-

2135 4899 2223 4963 tis,
2250 4907 2300 4953 et
2323 4916 2512 4955 manus
2542 4912 2735 4958 nostra:
2779 4920 2883 4959 non
2908 4904 3235 4977 polluantur,
3283 4906 3454 4975 frater
3488 4906 3636 4961 ertim
3682 4916 3729 4961 et

2134 5010 2258 5048 caro
2279 5005 2459 5051 nostra
2474 5006 2571 5053 est.
2602 5002 2980 5071 Acquieverunt
3006 5003 3196 5074 fratres
3211 5004 3547 5061 sermonibus
3586 5007 3726 5078 ejus,

2133 5093 2181 5138 et
2206 5088 2638 5151 prcetereuntibus
2677 5088 3008 5160 Madianitis,
3062 5095 3494 5166 negotiatoribus,
3550 5110 3729 5153 extra-

2133 5174 2309 5231 hentes
2331 5180 2525 5234 eumde
2545 5181 2792 5248 cisterna,
2828 5183 3169 5240 vendiderunt
3214 5185 3500 5241 Ismaelitis
3541 5191 3729 5260 viginti

2134 5266 2411 5335 argenteis.
2434 5268 2537 5334 Qui
2563 5269 2830 5324 duxerunt
2853 5288 2972 5326 eum
3019 5275 3076 5329 in
3128 5274 3446 5347 Egyptum,
3474 5286 3589 5333 etc.
3619 5278 3727 5335 Pro

2129 5354 2311 5426 viginti
2344 5359 2539 5425 aureis,
2569 5360 2714 5430 quod
2734 5359 2876 5415 LXX
2898 5374 3218 5433 posuerunt,
3263 5365 3535 5424 Hebraica
3581 5370 3729 5423 veri-

2131 5453 2217 5502 tas
2254 5451 2513 5520 argenteis
2555 5450 2738 5507 habet.
2774 5451 2961 5523 Neque
2987 5457 3132 5510 enim
3154 5457 3333 5512 viliori
3368 5459 3595 5515 metallo
3618 5461 3729 5515 Do—

2132 5538 2311 5594 minus
2329 5541 2628 5596 venuudari
2674 5543 2857 5598 debuit
2895 5560 3059 5616 quam
3084 5546 3302 5619 Ioseph.
3354 5550 3433 5606 De
3477 5550 3724 5607 cisterna

2133 5644 2347 5699 quoque
2396 5630 2608 5688 levatus
2632 5633 2720 5690 ille
2742 5634 3049 5705 lsmaelitis,
3075 5639 3131 5695 id
3153 5649 3255 5707 est,
3282 5643 3562 5711 gentibus,
3588 5660 3724 5700 ven-

2132 5720 2307 5791 ditur;
2370 5734 2424 5781 et
2479 5727 2729 5784 Christus
2753 5739 2938 5800 postea
2982 5747 3143 5801 quam
3171 5734 3237 5788 de
3266 5733 3480 5791 inferno
3503 5737 3725 5807 egredi-

2134 5824 2240 5879 tur,
2273 5816 2341 5871 ab
2367 5821 2617 5876 omnibus
2640 5823 2890 5892 gentibus
2922 5823 3047 5880 fidei
3075 5829 3401 5884 commercio
3431 5844 3725 5899 compara-

1988 5905 2036 5960 si
2137 5915 2243 5965 tur.
2286 5910 2401 5982 LIlle
2441 5928 2538 5983 per
2608 5913 2762 5975 Iuda:
2822 5916 3149 6009 consilium}
3176 5921 3365 5993 viginti
3412 5923 3721 6006 matteis!
