3946 6454
243 448 345 504 625

1273 447 1622 506 COMMENT.
1663 445 1731 502 IN
1767 438 2194 530 GENESIM..-
2227 441 2357 499 LIB.
2399 443 2518 502 111..

246 563 596 618 distrahitur:
621 573 676 619 et
702 563 790 619 hic
811 580 908 635 per
937 566 1220 621 consilium
1250 564 1398 620 Judzc
1429 565 1700 627 Scarioth,
1719 561 1818 618 tri-
1845 561 1899 618 A
1922 568 2192 614 cresceret
2221 561 2440 628 tertius;
2466 568 2664 617 etcum
2691 562 2973 630 crevisset,
3001 576 3101 621 nec
3136 563 3216 620 illi
3254 578 3378 622 eam
3419 567 3512 624 de-

246 655 380 725 ginti
414 657 689 725 argenteis
719 658 1075 713 venundatur.

320 742 571 798 Tulerunt
604 755 777 798 autem
809 749 1037 801 tunicam
1061 748 1195 818 ejus,
1223 758 1269 802 et
1297 751 1351 801 in
1401 750 1652 820 sanguine
1687 749 1825 802 hwdi

247 850 396 906 quem
426 835 726 890 occiderant
765 838 1052 903 tinxerunt,
1103 839 1358 893 mittentes
1386 841 1475 910 qui
1523 839 1714 908 ferrent
1757 839 1826 892 ad

246 934 448 994 patrem
475 934 524 979 et
545 925 812 980 dicerent:
842 927 997 983 Hanc
1015 930 1305 985 invenimus
1323 930 1469 985 :vide
1485 939 1661 985 utrum
1687 933 1828 985 tuni-

248 1031 308 1068 ca
331 1013 431 1082 ﬁlii
459 1015 538 1073 tui
561 1015 630 1069 sit
653 1033 723 1070 an
744 1018 1058 1084 non.’Quam
1071 1036 1187 1074 cum
1201 1022 1516 1092 cognovisset
1527 1032 1675 1092 pater
1690 1022 1826 1091 ejus,

249 1106 354 1158 ait:
384 1103 583 1160 Tunica
603 1107 702 1176 ﬁlii
741 1109 844 1162 mei
893 1118 998 1163 est:
1039 1109 1152 1180 fera
1177 1113 1398 1181 pessima
1439 1113 1657 1166 comedit
1680 1128 1827 1167 eum:

251 1197 412 1251 bestia
435 1199 701 1253 devoravit
735 1199 952 1272 Joseph.
995 1201 1286 1275 Scissisque
1325 1206 1568 1270 vestibus,
1613 1206 1828 1260 indutus

249 1298 325 1341 est
355 1288 548 1355 cilicio,
571 1288 752 1360 lugens
781 1291 951 1361 ﬁlium
977 1293 1141 1347 multo
1170 1304 1414 1366 tempore.
1442 1295 1625 1368 (Isid.)
1663 1296 1831 1352 Jacob

249 1382 584 1450 posteritatis
614 1397 724 1437 suae
754 1384 1040 1454 deplorans
1065 1385 1366 1456 dispendia,
1399 1388 1550 1456 quasi
1579 1397 1735 1457 pater
1764 1387 1829 1441 ﬁ-

250 1469 382 1524 lium
430 1471 649 1543 lugebat
694 1475 974 1541 amissum,
1025 1477 1176 1545 quasi
1213 1478 1474 1548 propheta
1505 1477 1667 1533 ﬂebat
1697 1479 1832 1533 inte-

252 1564 414 1615 ritum
430 1562 756 1620 Iudaeorum.
773 1567 899 1621 Inde
922 1567 1080 1622 scidit
1096 1570 1474 1624 vestimentum
1492 1585 1667 1636 suum,
1689 1570 1834 1639 quod

252 1656 305 1708 in
337 1657 588 1724 passione
614 1658 824 1713 Domini
847 1659 1074 1733 legimus
1100 1661 1300 1717 factum
1329 1679 1358 1716 a
1383 1664 1626 1733 principe
1653 1678 1835 1719 sacer-

252 1747 457 1800 dotum.
496 1748 603 1804 Sed
640 1758 696 1804 et
720 1751 889 1805 velum
912 1752 1086 1823 templi
1107 1756 1327 1808 scissum
1352 1765 1446 1820 est,
1493 1763 1552 1809 ut
1603 1757 1835 1824 prophe-

253 1839 346 1902 tia,
377 1849 432 1894 et
461 1842 722 1898 nudatum
775 1861 934 1899 suum
985 1846 1264 1917 populum,
1293 1857 1348 1902 et
1377 1849 1608 1903 divisum
1643 1857 1830 1904 osten-

251 1929 406 1986 deret
433 1949 676 2002 regnum.

326 2023 663 2096 Congregatis
687 2037 860 2084 autem
891 2034 1089 2087 cunctis
1128 2033 1304 2088 liberis
1349 2036 1485 2105 ejus,
1516 2045 1572 2088 ut
1613 2035 1834 2090 lenirent

253 2110 485 2166 dolorem
507 2117 690 2183 patris,
720 2116 885 2171 noluit
921 2120 1326 2175 consolationem
1349 2124 1597 2194 recipere,
1613 2124 1703 2178 sed
1719 2125 1833 2178 ait:

251 2205 577 2262 Descendam
599 2211 667 2263 ad
682 2211 850 2279 ﬁlium
875 2230 1044 2267 meum
1068 2214 1248 2285 lugens
1270 2217 1324 2269 in
1348 2217 1629 2286 infernum.
1649 2215 1832 2291 (Aug.)

252 2299 406 2355 Solet
436 2319 557 2358 esse
579 2320 774 2376 magna
811 2309 1042 2376 quaestio
1093 2311 1360 2380 quomodo
1393 2310 1726 2380 intelligatur
1755 2312 1836 2365 in-

249 2390 438 2447 fernus
463 2413 476 2448 :
509 2403 690 2451 utrum
720 2398 847 2452 illuc
867 2399 994 2453 mali
1019 2409 1248 2467 tantum,
1278 2418 1345 2456 an
1370 2405 1533 2457 etiam
1550 2402 1838 2459 bonitnoro

250 2482 330 2535 tui
363 2484 690 2542 descendere
730 2489 956 2543 soleant.
991 2489 1045 2544 Si
1101 2508 1229 2562 ergo
1260 2501 1469 2546 tantum
1500 2493 1646 2559 mali,
1699 2510 1834 2564 quo-

248 2573 413 2628 modo
445 2575 547 2630 istc
576 2578 644 2632 ad
682 2578 854 2634 ﬁlium
910 2597 1066 2636 suum
1104 2599 1162 2637 se
1206 2584 1337 2638 dicit
1369 2584 1640 2656 lugentem
1701 2587 1836 2643 velle

247 2665 614 2726 descendere?
666 2671 783 2728 Non
838 2676 980 2730 enim
1044 2677 1099 2732 in
1145 2680 1321 2748 poenis
1342 2678 1540 2734 inferni
1569 2697 1691 2735 eum
1718 2696 1836 2736 esse

207 2756 441 2825 _crcdit.
484 2757 567 2812 An
607 2762 906 2838 perturbati
942 2774 996 2822 et
1050 2766 1284 2822 dolentis
1321 2770 1509 2836 verba,
1544 2785 1642 2826 sua
1693 2770 1836 2828 mala

244 2848 414 2902 etiam
438 2851 564 2906 hinc
601 2858 1021 2925 exaggerantis?

328 2939 398 2993 Et
427 2941 519 2996 illo
554 2957 910 3014 perseverante
947 2950 1003 3003 in
1033 2952 1197 3021 ﬂetu,
1241 2950 1554 3008 Madianita:
1599 2955 1837 3010 vendide~

248 3041 372 3085 runt
395 3031 589 3101 Joseph
611 3038 665 3092 in
686 3037 976 3110 Egi/ptum
1003 3040 1286 3114 Putiphari
1327 3047 1564 3100 eunucho
1587 3045 1834 3101 Pharao-

247 3129 624 3199 nis,magistro
647 3133 849 3188 militis.
879 3135 938 3190 ln
967 3137 1238 3209 plerisque
1252 3139 1405 3207 locis,
1423 3142 1833 3216 archimagiros,

245 3217 305 3272 id
350 3228 451 3283 est,
505 3237 756 3278 cocorum
793 3227 1066 3298 principes
1114 3245 1211 3300 pro
1262 3233 1536 3303 magistris
1562 3237 1837 3292 exercitus

249 3307 540 3378 Scriptura
560 3329 969 3373 commemorat.
1001 3320 1261 3378 Venditus
1310 3332 1392 3378 est
1425 3326 1590 3396 igitur
1636 3325 1834 3399 Joseph

246 3400 482 3471 principi
511 3407 784 3462 exercitus
831 3409 1174 3479 bellatorum,
1224 3431 1330 3470 non
1375 3415 1662 3488 Petephre,
1695 3429 1755 3474 ut
1783 3421 1838 3474 in

248 3492 447 3548 Latino
475 3498 735 3566 scriptum
769 3508 870 3566 est,
890 3503 983 3557 sed
1007 3503 1268 3574 Putiphar
1290 3509 1556 3564 eunucho.
1581 3510 1683 3566 Ubi
1700 3527 1841 3580 quaa~

248 3585 394 3639 ritur
423 3591 692 3657 quomodo
714 3602 900 3661 postea
933 3610 1157 3651 uxorem
1189 3598 1389 3654 habere
1429 3601 1659 3656 dicatur.
1707 3603 1840 3658 Tra-

245 3677 388 3732 dunt
409 3680 552 3734 enim
576 3681 786 3739 Hebraei
812 3696 1052 3757 emptum
1077 3691 1145 3745 ab
1167 3691 1271 3746 hoc
1289 3691 1510 3764 Joseph,
1527 3696 1596 3749 ob
1616 3696 1838 3752 nimiam

248 3768 710 3838 pulchritudinem
741 3775 795 3830 in
828 3785 982 3850 turpe
1010 3781 1393 3851 ministerium,
1433 3794 1489 3840 et
1537 3804 1564 3840 a
1612 3788 1840 3844 Domino

248 3863 504 3920 virilibus
518 3867 634 3937 ejus
648 3869 925 3939 arefactis,
939 3885 1125 3944 postea
1141 3877 1372 3934 electum
1387 3896 1523 3945 esse,
1544 3880 1700 3950 juxta
1726 3899 1840 3939 mo«

249 3972 371 4010 rem
395 3958 894 4031 hierophantarum,
919 3967 972 4021 in
993 3969 1373 4037 pontificatum
1401 3971 1759 4044 Heliopoleos,
1785 3983 1841 4031 et

249 4047 415 4117 hujus
437 4050 601 4105 tiliam
635 4070 752 4110 esse
772 4056 1009 4114 Aseneth
1033 4102 1048 4127 ,
1078 4077 1238 4131 quam
1267 4072 1454 4135 postea
1482 4064 1682 4136 Joseph
1705 4084 1839 4125 uxo-

251 4146 369 4195 r'em
399 4146 688 4214 acceperit.

797 4240 1022 4300 CAPUT
1052 4244 1284 4303 XXVIII.

248 4325 331 4380 De
350 4327 495 4383 Juda
510 4342 556 4408 et
577 4349 745 4408 uxore
774 4336 913 4408 ejus
969 4357 1030 4392 ac
1072 4340 1229 4408 ﬁliis:
1262 4359 1354 4397 nec
1392 4361 1497 4398 non
1529 4353 1578 4400 et
1613 4346 1679 4401 de
1709 4363 1837 4401 con-

472 4402 645 4456 cubitu
686 4402 848 4474 ipsius
886 4424 1003 4461 cum
1047 4402 1277 4466 Thamar
1321 4431 1458 4468 nuru
1504 4434 1622 4471 sua.

325 4514 476 4586 (CAP.
505 4520 758 4592 xxxvm.)
779 4520 862 4578 Eo
882 4531 1109 4594 tempore
1132 4528 1448 4584 descendens
1478 4531 1650 4586 ludas
1673 4550 1705 4586 a
1722 4532 1840 4602 fra-

248 4607 418 4660 tribus
440 4611 568 4673 suis,
601 4610 806 4665 divertit
827 4613 896 4667 ad
918 4615 1087 4669 virum
1113 4615 1486 4674 Odollamitem
1511 4623 1720 4677 nomine
1733 4622 1837 4676 Hi-

250 4715 385 4752 ram.
425 4697 667 4770 Viditque
698 4701 866 4770 ﬁliam
897 4704 967 4757 ibi
1011 4706 1255 4771 hominis,
1274 4705 1564 4764 Chananwi
1588 4711 1838 4766 vocabulo

251 4790 362 4847 Sue
384 4809 402 4858 ;
428 4802 473 4847 et
529 4810 690 4849 uxore
724 4807 958 4868 accepta,
1003 4799 1267 4870 ingressus
1295 4811 1373 4855 est
1431 4803 1500 4857 ad
1535 4820 1669 4858 eam.
1706 4803 1838 4870 Qua:

249 4887 483 4956 concepit
518 4896 567 4940 et
589 4889 785 4958 peperit
823 4889 1014 4958 filium,
1043 4893 1339 4958 vocavitque
1359 4910 1546 4948 nomen
1565 4895 1680 4966 ejus
1703 4892 1834 4951 Her.

247 4975 482 5030 Rursum
507 4988 751 5048 concepto
781 4979 913 5050 fetu,
948 4983 1312 5047 natumﬁlium
1327 4987 1610 5040 nominavit
1642 4984 1834 5042 Onam.

253 5066 488 5122 Tertium
513 5086 716 5141 quoque
753 5074 971 5143 peperit,
1010 5091 1162 5146 quem
1200 5076 1479 5147 appellavit
1529 5077 1674 5133 Sela.
1720 5076 1836 5143 Quo

252 5167 396 5223 nato,
439 5176 622 5228 parere
661 5161 802 5216 ultra
857 5165 1094 5227 cessavit,
1151 5174 1256 5220 etc.
1308 5165 1492 5239 (Aug)
1541 5167 1836 5234 Quaeritur,

251 5249 467 5318 quando
493 5249 595 5304 ista
623 5249 742 5306 ﬁeri
769 5255 1065 5323 potuerint.
1100 5253 1157 5310 Si
1186 5256 1332 5311 enim
1359 5265 1714 5327 posteaquam
1741 5256 1836 5312 Jo-

251 5341 382 5410 seph
434 5342 648 5397 devenit
699 5344 754 5398 in
805 5345 1117 5418 IEgyptum,
1150 5350 1423 5419 quomodo
1474 5349 1616 5404 intra
1645 5349 1838 5420 viginti

251 5431 422 5489 ferme
450 5441 506 5490 et
533 5435 669 5490 duos
693 5452 864 5494 annos
895 5437 1040 5511 (nam
1055 5450 1176 5511 post
1189 5450 1402 5498 tantum
1421 5447 1702 5514 temporis,
1727 5450 1839 5504 col-

252 5522 432 5596 ligitur
460 5543 554 5584 eos
577 5528 790 5583 venisse
814 5530 882 5584 ad
911 5532 1159 5588 eumdem
1185 5533 1384 5606 Joseph
1418 5534 1645 5592 fratrem
1677 5556 1833 5596 suum

256 5618 308 5671 in
332 5619 621 5692 Egyptum
647 5637 768 5676 cum
799 5630 955 5693 patre
982 5625 1099 5695 suo)
1129 5625 1244 5681 fieri
1291 5629 1529 5696 potuerit
1583 5639 1638 5684 et
1683 5629 1835 5688 Iudas

257 5709 349 5764 ﬁlii
377 5710 492 5780 ejus
515 5714 690 5768 aetatis
719 5730 908 5771 omnes
934 5725 1156 5785 possent
1185 5719 1384 5775 ducere
1411 5722 1644 5776 uxores?
1696 5721 1832 5778 Nam

259 5802 493 5859 Thamar
519 5822 715 5862 nurum
745 5824 920 5876 suam,
950 5818 1166 5865 mortuo
1187 5811 1550 5882 primogenita
1588 5829 1709 5881 suo,
1755 5815 1834 5869 al-

261 5896 359 5950 teri
413 5896 559 5952 dedit
605 5899 753 5966 lilio;
802 5917 909 5970 quo
950 5902 1114 5958 etiam
1143 5912 1378 5973 mortuo,
1414 5908 1750 5976 exspectavit
1777 5915 1836 5962 ut

1862 4667 1918 4729 D

1925 654 2023 720 dit,
2048 654 2243 709 timens
2269 669 2334 709 ne
2357 663 2411 710 et
2442 655 2557 725 ipse
2585 665 2908 713 moreretur.
2954 656 3109 714 Unde
3152 657 3355 715 factum
3380 667 3494 725 est,

1926 756 1989 803 ut
2017 749 2189 803 eidem
2215 763 2401 804 socero
2429 763 2528 804 suo
2572 763 2633 804 se
2681 749 2768 804 illa
2827 759 3171 821 supponeret.
3223 749 3505 818 Quomodo

1930 859 2057 914 ergo
2085 843 2265 897 omnia
2295 843 2408 897 haec
2446 843 2587 896 intra
2622 849 2733 897 tam
2754 857 2955 913 paucos
2984 858 3157 900 annos
3171 843 3290 898 ﬁeri
3314 851 3504 915 potue-

1930 935 2056 1000 rint,
2086 936 2276 991 merito
2301 942 2500 1001 movet,
2533 935 2638 1013 nisi
2669 934 2826 1001 forte,
2855 943 2915 990 ut
2941 935 3077 992 solet
3099 935 3382 1006 Scriptura
3409 950 3510 1006 per

1931 1029 2452 1098 recapitulationem,
2480 1027 2685 1098 aliquot
2707 1044 2878 1084 annos
2923 1036 3048 1084 ante
3101 1028 3380 1084 venditum
3421 1025 3512 1083 Jo-

1931 1125 2065 1193 seph
2119 1123 2222 1178 hoc
2272 1121 2390 1176 fieri
2432 1121 2661 1191 coepisse
2717 1119 2940 1192 intelligi
2960 1121 3110 1187 velit,
3140 1120 3397 1190 quoniam
3428 1119 3508 1176 sic

1930 1213 2164 1284 positum
2200 1220 2302 1278 est,
2324 1221 2385 1267 ut
2411 1213 2710 1267 diceretur:
2751 1211 2948 1281 factum
3000 1220 3076 1266 est
3129 1221 3304 1266 autem
3332 1213 3390 1265 in
3418 1209 3511 1265 illo

1932 1315 2176 1376 tempore.
2207 1303 2310 1360 Ubi
2332 1313 2513 1360 tamen
2552 1303 2814 1374 quaeritur
2838 1305 2884 1359 si
2907 1305 3093 1359 decem
3117 1313 3174 1358 et
3187 1312 3392 1373 septem
3420 1319 3517 1358 an-

1934 1412 2128 1453 norum
2159 1406 2277 1450 erat
2301 1394 2520 1466 Joseph,
2551 1397 2765 1466 quando
2793 1397 3040 1451 venditus
3069 1403 3172 1462 est,
3190 1404 3321 1466 quot
3347 1411 3518 1451 anno-

1933 1505 2052 1544 rum
2081 1503 2201 1544 esse
2233 1487 2398 1543 Judas
2433 1489 2670 1558 potuerit
2694 1497 2918 1557 quartus
2946 1488 3085 1544 filius
3098 1489 3282 1553 Jacob,
3301 1489 3520 1558 quando

1934 1579 2072 1634 idem
2104 1579 2217 1647 ipse
2235 1580 2628 1650 primogenitus
2656 1580 2868 1646 Ruben,
2931 1587 2993 1635 ut
3039 1580 3357 1652 plurimum,
3406 1578 3520 1634 fra-

1936 1678 2074 1724 trem
2109 1685 2266 1724 suum
2296 1669 2494 1741 Joseph
2521 1673 2787 1742 quinque;
2833 1680 2927 1726 aut
2955 1688 3049 1728 sex
3080 1688 3248 1727 annos
3278 1671 3519 1742 potuerit

1935 1771 2096 1818 aetate
2127 1765 2452 1833 praecedere.
2485 1764 2775 1821 Evidenter
2805 1774 2984 1820 autem
3017 1764 3300 1834 Scriptura
3365 1763 3518 1828 dicit,

1936 1854 2162 1924 triginta
2227 1871 2489 1910 annorum
2550 1854 2716 1911 fuisse
2773 1855 2994 1926 Joseph,
3041 1855 3255 1924 quando
3286 1853 3523 1909 innotuit

1859 1925 1909 1986 Β
1938 1943 2226 2002 Pharaoni.
2253 1945 2386 2001 Cum
2403 1962 2533 2018 ergo
2558 1947 2672 2016 ipse
2700 1961 2841 2002 anno
2872 1925 3082 2001 decimo
3109 1945 3338 2015 septimo
3393 1950 3522 1998 teta-

1938 2040 2008 2095 tis
2033 2055 2144 2094 sua:
2167 2041 2413 2094 venditus
2441 2040 2606 2095 fuisse
2630 2041 2900 2102 credatur,
2925 2039 3183 2093 tredecim
3209 2053 3378 2092 annos
3398 2051 3522 2105 per-

1937 2144 2121 2205 egerat
2174 2135 2228 2188 in
2265 2133 2497 2205 Egypto
2537 2134 2749 2204 ignotus
2770 2132 3060 2188 Pharaoni.
3088 2131 3170 2186 Ad
3191 2132 3294 2186 hos
3337 2137 3519 2184 autem

1938 2226 2344 2296 quatuordecim
2390 2241 2561 2280 annos
2591 2235 2938 2280 accesserunt
2961 2231 3167 2294 septem
3190 2221 3315 2276 anni
3359 2219 3522 2274 uber-

1943 2319 2085 2384 tatis,
2133 2324 2188 2373 et
2225 2317 2354 2371 iacti
2398 2324 2523 2370 sunt
2574 2316 2701 2370 anni
2746 2315 2953 2386 viginti.
2979 2314 3074 2369 His
3100 2315 3368 2369 adduntur
3394 2311 3522 2375 duo,

1937 2411 2060 2482 quia
2088 2411 2323 2467 secundo
2351 2424 2492 2463 anno
2512 2407 2669 2462 famis
2695 2407 2916 2461 intravit
2937 2406 3102 2460 Jacob
3130 2406 3184 2459 in
3224 2403 3522 2474 Egyptum

1939 2517 2060 2557 cum
2090 2500 2215 2554 ﬁliis
2236 2499 2369 2565 suis,
2398 2507 2453 2553 et
2478 2497 2827 2552 inveniuntur
2854 2495 3043 2566 viginti
3067 2495 3174 2549 duo
3206 2493 3352 2556 anni,
3399 2490 3520 2560 qui-

1937 2593 2039 2647 bus
2070 2590 2242 2646 abfuit
2269 2587 2479 2660 Joseph
2505 2605 2535 2643 a
2560 2598 2715 2658 patre
2736 2596 2791 2643 et
2816 2587 3076 2642 fratribus
3104 2585 3236 2641 suis.
3263 2583 3380 2651 Quo
3408 2598 3524 2636 me-

1937 2686 2026 2742 dio
2057 2695 2319 2755 tempore,
2345 2683 2615 2754 quomodo
2653 2682 2772 2738 fieri
2799 2682 3077 2753 potuerint
3110 2680 3177 2735 de
3202 2693 3373 2733 uxore
3398 2683 3453 2730 et
3468 2675 3526 2730 ﬁ-

1938 2776 2025 2833 liis
2059 2785 2114 2832 et
2161 2793 2301 2832 nuru
2357 2774 2508 2831 Judae
2559 2775 2740 2830 omnia
2782 2789 2900 2845 quae
2938 2780 3248 2837 narrantur,
3282 2768 3525 2840 indagari

1832 2896 1839 2904 ~
1939 2870 2152 2926 difﬁcile
2186 2878 2290 2933 est,
2329 2869 2433 2923 nisi
2457 2867 2595 2922 forte
2618 2874 2679 2920 ut
2703 2867 3010 2928 credamus,
3026 2872 3082 2919 et
3105 2864 3208 2918 hoc
3229 2863 3374 2917 enim
3401 2859 3525 2914 fieri

1938 2961 2115 3034 potuit
2135 2976 2280 3027 mox,
2311 2969 2371 3014 ut
2398 2959 2705 3020 adolescere
2729 2957 2895 3013 ludas
2922 2955 3110 3026 coepit,
3137 2970 3261 3011 eum
3275 2953 3530 3009 incidisse

1941 3054 1996 3108 in
2058 3067 2299 3108 amorem
2327 3050 2445 3121 ejus
2490 3067 2654 3121 quam
2685 3050 2840 3106 duxit
2863 3064 3106 3115 uxorem,
3140 3047 3379 3104 nondum
3399 3061 3529 3102 ven-

1941 3143 2054 3199 dito
2083 3141 2284 3213 Joseph
2307 3143 2362 3197 in
2391 3142 2681 3214 ngyptum

2016 3233 2259 3290 Evolutis
2273 3244 2447 3288 autem
2476 3234 2653 3289 multis
2677 3235 2878 3302 diebus,
2919 3243 3130 3289 mortua
3171 3243 3248 3290 est
3270 3250 3411 3290 uxor
3430 3232 3532 3287 Ju-

1947 3327 2050 3381 dte.
2093 3326 2196 3390 Qui
2226 3335 2340 3397 post
2370 3325 2567 3380 luctum
2597 3325 2951 3380 consolatione
2988 3334 3252 3396 suscepta,
3283 3323 3532 3379 ascende-

1945 3419 2032 3472 bat
2085 3417 2153 3471 ad
2207 3427 2444 3472 tonsores
2494 3419 2666 3471 ovium
2701 3434 2940 3484 suarum,
2991 3419 3100 3487 ipse
3119 3427 3166 3471 et
3189 3415 3354 3471 Hiras
3373 3413 3532 3486 opilio

1944 3509 2112 3579 gregis
2137 3507 2500 3574 Odollamites,
2531 3509 2585 3561 in
2619 3501 2904 3562 Thamnas.
2947 3507 3053 3564 Pro
3081 3514 3319 3579 pastore,
3343 3507 3401 3561 in
3427 3505 3536 3561 He.
3627 3555 3631 3562 .

1943 3602 2096 3658 brato
2125 3601 2330 3657 amicus
2378 3601 2600 3672 legitur;
2657 3601 2751 3656 sed
2798 3599 3021 3656 verbum
3080 3601 3392 3672 ambiguum
3428 3605 3532 3664 est,

1945 3695 2071 3764 quia
2095 3695 2286 3750 iisdem
2313 3694 2509 3748 litteris
2527 3701 2819 3763 utrumque
2848 3706 3046 3747 nomen
3098 3691 3374 3746 scribitur.
3434 3689 3534 3745 Ve-

1946 3802 2064 3841 rum
2085 3787 2292 3842 amicus
2320 3803 2422 3850 ree,
2453 3795 2589 3851 mh,
2621 3793 2822 3855 pastor,
2857 3800 2986 3850 rate,
3007 3794 3147 3849 mn,
3172 3781 3387 3853 legitur.

2017 3875 2437 3947 Nuntiatumque
2457 3885 2531 3930 est
2563 3875 2796 3930 Thamar
2823 3875 2961 3947 q’uod
2991 3891 3141 3930 socer
3163 3872 3307 3928 illius
3348 3889 3530 3928 ascen-

1945 3973 2087 4027 deret
2107 3974 2162 4027 in
2195 3971 2458 4026 Thamnas
2475 3971 2542 4025 ad
2567 3969 2856 4024 tondendas
2878 3957 3014 4024 oves.
3044 3967 3176 4034 Qua:
3201 3966 3448 4037 depositis
3465 3965 3536 4018 vi-

1945 4067 2162 4122 duitatis
2217 4066 2460 4130 vestibus,
2508 4062 2786 4133 assumpsit
2833 4061 3159 4125 theristrum,
3213 4069 3281 4125 et,
3329 4067 3534 4112 mutato

1858 4191 1865 4197 α
1945 4157 2147 4222 habitu,
2171 4158 2302 4211 sedit
2327 4158 2381 4210 in
2410 4157 2545 4210 bivio
2583 4155 2788 4210 itineris
2815 4170 2930 4225 qua:
2962 4153 3104 4207 ducit
3132 4152 3449 4216 Thamnam,
3471 4165 3532 4203 eo

1945 4250 2085 4320 quod
2113 4250 2349 4303 crevisset
2383 4247 2528 4314 Sela,
2560 4256 2609 4302 et
2641 4265 2748 4301 non
2775 4249 2893 4301 e'um
2931 4246 3213 4316 accepisset
3257 4243 3528 4298 maritum.

1945 4341 2046 4397 Hic
2078 4343 2403 4409 insinuatur,
2434 4351 2488 4397 et
2513 4342 2846 4412 temporibus
2877 4339 3330 4410 patriarcharum,
3381 4342 3533 4392 certa

1946 4443 2001 4489 et
2023 4451 2120 4490 sua
2150 4435 2315 4491 fuisse
2340 4437 2664 4491 vestimenta
2686 4434 2991 4498 viduarum,
3031 4449 3141 4489 non
3168 4433 3356 4502 utique
3403 4428 3532 4484 talia

1946 4529 2126 4599 qualia
2157 4530 2277 4599 conj
2286 4538 2588 4598 ugatarum.

2020 4619 2193 4683 Quam
2215 4638 2333 4674 cum
2363 4619 2572 4673 vidisset
2592 4616 2630 4670 Ι
2633 4618 2788 4679 udas,
2817 4617 3112 4684 suspicatus
3135 4621 3211 4668 est
3229 4630 3340 4668 esse
3365 4630 3534 4690 mere-

1944 4711 2147 4764 tricem.
2183 4708 2473 4779 Operuerat
2529 4707 2666 4761 enim
2710 4705 2910 4759 vultum
2941 4721 3095 4760 suum
3134 4721 3198 4759 ne
3227 4721 3558 4784 agnoscerej

1945 4813 2051 4856 tur.
2077 4801 2482 4872 Ingrediensque
2511 4800 2580 4852 ad
2609 4816 2744 4865 eam,
2771 4798 2847 4852 ait
2868 4797 3120 4852 :Dimitte
3140 4815 3240 4863 me,
3269 4807 3326 4852 ut
3352 4813 3531 4851 coeam
3559 4808 3572 4819 ‘

1944 4903 2134 4948 tecum.
2163 4891 2438 4945 Nesciebat
2459 4891 2595 4944 enim
2617 4891 2757 4961 quod
2787 4908 2948 4945 nurus
2980 4907 3077 4945 sua
3099 4880 3248 4944 esset:
3277 4889 3396 4955 Qua
3456 4906 3534 4943 re-

1942 4985 2230 5056 pondente:
2255 4981 2394 5048 Quid
2425 4983 2552 5039 mihi
2571 4983 2742 5049 dabis,
2767 4993 2823 5036 ut
2851 4983 3050 5052 fruaris
3071 4981 3349 5036 concubitu
3373 4979 3532 5034 meo?

1944 5077 2103 5131 dixit:
2136 5073 2345 5128 Mittam
2367 5073 2458 5126 tibi
2486 5073 2771 5128 hwdumde
2812 5072 3071 5143 gregibus.
3091 5069 3532 5143 Rursumqueilla

1943 5169 2178 5222 dicente:
2206 5164 2394 5218 Patiar
2421 5165 2560 5236 quod
2584 5166 2678 5230 vis,
2703 5166 2747 5218 si
2774 5163 2977 5217 dederis
3003 5163 3131 5216 mihi
3158 5161 3527 5228 arrhabonem,

1943 5263 2106 5316 donec
2129 5261 2305 5314 mittas
2328 5259 2465 5330 quod
2493 5257 2789 5328 polliceris;
2815 5257 2888 5309 ait
2917 5255 3087 5310 Iudas
3104 5273 3122 5310 :
3149 5254 3290 5322 Quid
3334 5255 3409 5310 vis
3431 5255 3530 5310 tibi

1942 5369 2036 5424 pro
2056 5350 2349 5405 arrhabone
2372 5348 2531 5402 dari?
2552 5346 2869 5418 Respondit:
2893 5345 3162 5400 Annulum
3183 5356 3348 5412 tuum,
3377 5356 3425 5402 et
3449 5363 3532 5402 ar-

1944 5445 2166 5510 millam,
2197 5453 2246 5500 et
2269 5441 2510 5498 baculum
2534 5458 2682 5512 quem
2708 5457 2868 5493 manu
2895 5439 3151 5494 tenes.Ad
3175 5457 3337 5495 unum
3366 5440 3532 5512 igitur

1944 5539 2136 5593 coitum
2159 5537 2392 5606 concepit
2414 5533 2621 5598 mulier,
2646 5543 2693 5586 et
2713 5548 2926 5603 surgens
2948 5533 3095 5586 abiit.
3120 5533 3177 5588 In
3195 5533 3340 5589 facto
3354 5531 3528 5599 Iudae,

1943 5647 2048 5686 non
2069 5630 2352 5685 sinceritas
2367 5626 2614 5695 justitize,
2637 5625 2730 5679 sed
2765 5625 2994 5680 fidelitas
3040 5626 3293 5695 promissi
3346 5626 3529 5681 cerni-

1947 5733 2053 5779 tur.
2079 5724 2136 5778 Si
2163 5723 2306 5776 cnim
2331 5727 2574 5775 servaret
2591 5717 2860 5785 justitiam
2884 5717 3148 5773 servando
3196 5717 3526 5778 castitatem,

1944 5832 2052 5870 non
2071 5814 2370 5876 introisset,
2395 5817 2454 5863 ut
2475 5809 2566 5864 ille
2593 5809 2844 5879 opinatus
2867 5816 2974 5875 est,
3020 5809 3087 5863 ad
3136 5805 3479 5862 meretricem
3508 5846 3522 5870 ,

1945 5909 2040 5964 sed
2063 5916 2243 5960 tamen
2284 5905 2337 5959 id
2363 5903 2507 5972 quod
2537 5902 2788 5972 promisit
2812 5917 2911 5971 per
2949 5909 3220 5971 pastorem
3248 5913 3402 5954 suum
3437 5913 3526 5953 se-
