  <div class='ocr_page' id='page_1' title='image "/cluster/home/n/w/nwhite01/storage/ocr_20150623/107/hvd.32044015466832/320.png"; bbox 0 0 3946 6454; ppageno 0'>
   <div class='ocr_carea' id='block_1_1' title="bbox 286 453 393 513">
    <p class='ocr_par' dir='ltr' id='par_1_1' title="bbox 286 453 393 513">
     <span class='ocr_line' id='line_1_1' title="bbox 286 453 393 513; baseline -0.009 0"><span class='ocrx_word' id='word_1_1' title='bbox 286 453 393 513; x_wconf 75' lang='lat'><strong>629</strong></span> 
     </span>
    </p>
   </div>
   <div class='ocr_carea' id='block_1_2' title="bbox 1310 369 2540 506">
    <p class='ocr_par' dir='ltr' id='par_1_2' title="bbox 1310 369 2540 506">
     <span class='ocr_line' id='line_1_2' title="bbox 1310 369 2540 506; baseline 0.002 -2"><span class='ocrx_word' id='word_1_2' title='bbox 1310 369 1669 506; x_wconf 64' lang='lat' dir='ltr'><strong>causam.</strong></span> <span class='ocrx_word' id='word_1_3' title='bbox 1709 430 1780 502; x_wconf 70' lang='lat' dir='ltr'><strong>ut</strong></span> <span class='ocrx_word' id='word_1_4' title='bbox 1817 422 2138 503; x_wconf 67' lang='lat' dir='ltr'><strong>caussis.</strong></span> <span class='ocrx_word' id='word_1_5' title='bbox 2177 429 2412 503; x_wconf 48' lang='lat' dir='ltr'><strong>aliti.</strong></span> <span class='ocrx_word' id='word_1_6' title='bbox 2447 429 2540 506; x_wconf 80' lang='lat' dir='ltr'><strong>i&#39;v.</strong></span> 
     </span>
    </p>
   </div>
   <div class='ocr_carea' id='block_1_3' title="bbox 3433 437 3538 508">
    <p class='ocr_par' dir='ltr' id='par_1_3' title="bbox 3433 437 3538 508">
     <span class='ocr_line' id='line_1_3' title="bbox 3433 437 3538 508; baseline 0 0"><span class='ocrx_word' id='word_1_7' title='bbox 3433 437 3538 508; x_wconf 66' lang='grc' dir='ltr'><strong>ιω</strong></span> 
     </span>
    </p>
   </div>
   <div class='ocr_carea' id='block_1_4' title="bbox 287 551 3539 648">
    <p class='ocr_par' dir='ltr' id='par_1_4' title="bbox 287 551 3539 648">
     <span class='ocr_line' id='line_1_4' title="bbox 287 551 3539 648; baseline -0.001 -17"><span class='ocrx_word' id='word_1_8' title='bbox 287 575 414 648; x_wconf 83' lang='lat' dir='ltr'><strong>quia</strong></span> <span class='ocrx_word' id='word_1_9' title='bbox 441 571 580 628; x_wconf 91' lang='lat' dir='ltr'><strong>sicut</strong></span> <span class='ocrx_word' id='word_1_10' title='bbox 607 568 721 640; x_wconf 87' lang='lat' dir='ltr'><strong>ipse</strong></span> <span class='ocrx_word' id='word_1_11' title='bbox 745 553 850 637; x_wconf 84' lang='lat' dir='ltr'><strong>ait,</strong></span> <span class='ocrx_word' id='word_1_12' title='bbox 879 585 944 624; x_wconf 70' lang='lat' dir='ltr'><strong>ex</strong></span> <span class='ocrx_word' id='word_1_13' title='bbox 975 559 1296 642; x_wconf 70' lang='lat' dir='ltr'><strong>plenitudine</strong></span> <span class='ocrx_word' id='word_1_14' title='bbox 1315 555 1427 640; x_wconf 67' lang='lat' dir='ltr'><strong>ejus</strong></span> <span class='ocrx_word' id='word_1_15' title='bbox 1456 559 1650 640; x_wconf 76' lang='lat' dir='ltr'><strong>accepit</strong></span> <span class='ocrx_word' id='word_1_16' title='bbox 1674 554 1856 642; x_wconf 66' lang='lat' dir='ltr'><strong>(John.</strong></span> <span class='ocrx_word' id='word_1_17' title='bbox 1887 563 1940 634; x_wconf 76' lang='grc' dir='ltr'><strong>Α</strong></span> <span class='ocrx_word' id='word_1_18' title='bbox 1964 571 2176 626; x_wconf 76' lang='lat' dir='ltr'><strong>canone</strong></span> <span class='ocrx_word' id='word_1_19' title='bbox 2211 569 2495 627; x_wconf 65' lang='lat' dir='ltr'><strong>enitatur.</strong></span> <span class='ocrx_word' id='word_1_20' title='bbox 2545 567 2690 640; x_wconf 77' lang='lat' dir='ltr'><strong>Quos</strong></span> <span class='ocrx_word' id='word_1_21' title='bbox 2726 571 2864 626; x_wconf 76' lang='lat' dir='ltr'><strong>enim</strong></span> <span class='ocrx_word' id='word_1_22' title='bbox 2909 551 3318 644; x_wconf 64' lang='lat' dir='ltr'><strong>pmdatin‘avit,</strong></span> <span class='ocrx_word' id='word_1_23' title='bbox 3343 565 3464 626; x_wconf 73' lang='lat' dir='ltr'><strong>illos</strong></span> <span class='ocrx_word' id='word_1_24' title='bbox 3488 578 3539 628; x_wconf 83' lang='lat' dir='ltr'><strong>et</strong></span> 
     </span>
    </p>
   </div>
   <div class='ocr_carea' id='block_1_5' title="bbox 287 651 1868 740">
    <p class='ocr_par' dir='ltr' id='par_1_5' title="bbox 287 651 1868 740">
     <span class='ocr_line' id='line_1_5' title="bbox 287 651 1868 740; baseline -0.006 -15"><span class='ocrx_word' id='word_1_25' title='bbox 287 667 352 740; x_wconf 83' lang='grc' dir='ltr'><strong>ι).</strong></span> <span class='ocrx_word' id='word_1_26' title='bbox 401 665 553 722; x_wconf 81' lang='lat' dir='ltr'><strong>Vidit</strong></span> <span class='ocrx_word' id='word_1_27' title='bbox 578 662 816 729; x_wconf 93' lang='lat' dir='ltr'><strong>omnino,</strong></span> <span class='ocrx_word' id='word_1_28' title='bbox 843 667 900 717; x_wconf 86' lang='lat' dir='ltr'><strong>&#39;et</strong></span> <span class='ocrx_word' id='word_1_29' title='bbox 943 651 1064 718; x_wconf 87' lang='lat' dir='ltr'><strong>ideo</strong></span> <span class='ocrx_word' id='word_1_30' title='bbox 1098 661 1155 718; x_wconf 87' lang='lat' dir='ltr'><strong>in</strong></span> <span class='ocrx_word' id='word_1_31' title='bbox 1196 655 1332 718; x_wconf 80' lang='lat' dir='ltr'><strong>natis</strong></span> <span class='ocrx_word' id='word_1_32' title='bbox 1369 659 1649 717; x_wconf 72' lang='lat' dir='ltr'><strong>mulierum</strong></span> <span class='ocrx_word' id='word_1_33' title='bbox 1696 663 1868 732; x_wconf 70' lang='lat' dir='ltr'><strong>major</strong></span> 
     </span>
    </p>
   </div>
   <div class='ocr_carea' id='block_1_6' title="bbox 286 747 1864 826">
    <p class='ocr_par' dir='ltr' id='par_1_6' title="bbox 286 747 1864 826">
     <span class='ocr_line' id='line_1_6' title="bbox 286 747 1864 826; baseline -0.004 -11"><span class='ocrx_word' id='word_1_34' title='bbox 286 759 379 816; x_wconf 86' lang='lat' dir='ltr'><strong>illo</strong></span> <span class='ocrx_word' id='word_1_35' title='bbox 403 773 508 812; x_wconf 83' lang='lat' dir='ltr'><strong>non</strong></span> <span class='ocrx_word' id='word_1_36' title='bbox 532 753 949 824; x_wconf 78' lang='lat' dir='ltr'><strong>surrexit,&#39;quia</strong></span> <span class='ocrx_word' id='word_1_37' title='bbox 977 769 1044 809; x_wconf 78' lang='lat' dir='ltr'><strong>ex</strong></span> <span class='ocrx_word' id='word_1_38' title='bbox 1075 747 1324 810; x_wconf 90' lang='lat' dir='ltr'><strong>omnibus</strong></span> <span class='ocrx_word' id='word_1_39' title='bbox 1361 749 1864 826; x_wconf 66' lang='lat' dir='ltr'><strong>praenuntiantibus,</strong></span> 
     </span>
    </p>
   </div>
   <div class='ocr_carea' id='block_1_7' title="bbox 287 833 1868 920">
    <p class='ocr_par' dir='ltr' id='par_1_7' title="bbox 287 833 1868 920">
     <span class='ocr_line' id='line_1_7' title="bbox 287 833 1868 920; baseline -0.006 -13"><span class='ocrx_word' id='word_1_40' title='bbox 287 849 561 907; x_wconf 75' lang='lat' dir='ltr'><strong>Christum</strong></span> <span class='ocrx_word' id='word_1_41' title='bbox 588 848 702 920; x_wconf 79' lang='lat' dir='ltr'><strong>ipso</strong></span> <span class='ocrx_word' id='word_1_42' title='bbox 722 846 892 912; x_wconf 87' lang='lat' dir='ltr'><strong>vidit,</strong></span> <span class='ocrx_word' id='word_1_43' title='bbox 920 833 1061 918; x_wconf 85' lang='lat' dir='ltr'><strong>quod</strong></span> <span class='ocrx_word' id='word_1_44' title='bbox 1088 845 1240 900; x_wconf 87' lang='lat' dir='ltr'><strong>multi</strong></span> <span class='ocrx_word' id='word_1_45' title='bbox 1259 834 1392 917; x_wconf 74' lang='lat' dir='ltr'><strong>justi</strong></span> <span class='ocrx_word' id='word_1_46' title='bbox 1417 857 1465 901; x_wconf 89' lang='lat' dir='ltr'><strong>et</strong></span> <span class='ocrx_word' id='word_1_47' title='bbox 1487 845 1748 918; x_wconf 69' lang='lat' dir='ltr'><strong>propheta:</strong></span> <span class='ocrx_word' id='word_1_48' title='bbox 1774 849 1868 900; x_wconf 80' lang='lat' dir='ltr'><strong>c‘u-</strong></span> 
     </span>
    </p>
   </div>
   <div class='ocr_carea' id='block_1_8' title="bbox 283 925 1872 1016">
    <p class='ocr_par' dir='ltr' id='par_1_8' title="bbox 283 925 1872 1016">
     <span class='ocr_line' id='line_1_8' title="bbox 283 925 1872 1016; baseline -0.003 -17"><span class='ocrx_word' id='word_1_49' title='bbox 283 943 492 1016; x_wconf 85' lang='lat' dir='ltr'><strong>pierunt</strong></span> <span class='ocrx_word' id='word_1_50' title='bbox 514 940 684 997; x_wconf 81' lang='lat' dir='ltr'><strong>videre</strong></span> <span class='ocrx_word' id='word_1_51' title='bbox 708 948 757 994; x_wconf 87' lang='lat' dir='ltr'><strong>et</strong></span> <span class='ocrx_word' id='word_1_52' title='bbox 791 955 895 993; x_wconf 90' lang='lat' dir='ltr'><strong>non</strong></span> <span class='ocrx_word' id='word_1_53' title='bbox 921 927 1157 993; x_wconf 77' lang='lat' dir='ltr'><strong>uiderunt</strong></span> <span class='ocrx_word' id='word_1_54' title='bbox 1187 925 1402 1005; x_wconf 77' lang='lat' dir='ltr'><strong>(Matth.</strong></span> <span class='ocrx_word' id='word_1_55' title='bbox 1436 937 1589 1013; x_wconf 78' lang='lat' dir='ltr'><strong>xm);</strong></span> <span class='ocrx_word' id='word_1_56' title='bbox 1620 927 1872 994; x_wconf 74' lang='lat' dir='ltr'><strong>salutavit</strong></span> 
     </span>
    </p>
   </div>
   <div class='ocr_carea' id='block_1_9' title="bbox 286 1019 1867 1101">
    <p class='ocr_par' dir='ltr' id='par_1_9' title="bbox 286 1019 1867 1101">
     <span class='ocr_line' id='line_1_9' title="bbox 286 1019 1867 1101; baseline -0.003 -12"><span class='ocrx_word' id='word_1_57' title='bbox 286 1050 354 1089; x_wconf 84' lang='lat' dir='ltr'><strong>ex</strong></span> <span class='ocrx_word' id='word_1_58' title='bbox 402 1041 594 1098; x_wconf 86' lang='lat' dir='ltr'><strong>utero,</strong></span> <span class='ocrx_word' id='word_1_59' title='bbox 629 1026 844 1101; x_wconf 87' lang='lat' dir='ltr'><strong>agnovit</strong></span> <span class='ocrx_word' id='word_1_60' title='bbox 892 1019 1184 1100; x_wconf 77' lang='lat' dir='ltr'><strong>perfectius</strong></span> <span class='ocrx_word' id='word_1_61' title='bbox 1226 1045 1293 1083; x_wconf 73' lang='lat' dir='ltr'><strong>ex</strong></span> <span class='ocrx_word' id='word_1_62' title='bbox 1335 1027 1613 1094; x_wconf 83' lang='lat' dir='ltr'><strong>columba;</strong></span> <span class='ocrx_word' id='word_1_63' title='bbox 1644 1027 1700 1084; x_wconf 83' lang='lat' dir='ltr'><strong>et</strong></span> <span class='ocrx_word' id='word_1_64' title='bbox 1747 1019 1867 1084; x_wconf 90' lang='lat' dir='ltr'><strong>ideo</strong></span> 
     </span>
    </p>
   </div>
   <div class='ocr_carea' id='block_1_10' title="bbox 288 1111 1868 1194">
    <p class='ocr_par' dir='ltr' id='par_1_10' title="bbox 288 1111 1868 1194">
     <span class='ocr_line' id='line_1_10' title="bbox 288 1111 1868 1194; baseline -0.003 -15"><span class='ocrx_word' id='word_1_65' title='bbox 288 1133 549 1194; x_wconf 76' lang='lat' dir='ltr'><strong>tanquam</strong></span> <span class='ocrx_word' id='word_1_66' title='bbox 577 1111 927 1178; x_wconf 85' lang='lat' dir='ltr'><strong>Odollamiles</strong></span> <span class='ocrx_word' id='word_1_67' title='bbox 961 1133 1086 1174; x_wconf 90' lang='lat' dir='ltr'><strong>vere</strong></span> <span class='ocrx_word' id='word_1_68' title='bbox 1127 1117 1492 1174; x_wconf 88' lang='lat' dir='ltr'><strong>testimonium</strong></span> <span class='ocrx_word' id='word_1_69' title='bbox 1519 1111 1787 1192; x_wconf 75' lang='lat' dir='ltr'><strong>perhibuit</strong></span> <span class='ocrx_word' id='word_1_70' title='bbox 1811 1112 1868 1174; x_wconf 85' lang='lat' dir='ltr'><strong>in</strong></span> 
     </span>
    </p>
   </div>
   <div class='ocr_carea' id='block_1_11' title="bbox 285 1204 1869 1286">
    <p class='ocr_par' dir='ltr' id='par_1_11' title="bbox 285 1204 1869 1286">
     <span class='ocr_line' id='line_1_11' title="bbox 285 1204 1869 1286; baseline -0.003 -15"><span class='ocrx_word' id='word_1_71' title='bbox 285 1231 445 1286; x_wconf 88' lang='lat' dir='ltr'><strong>aqua.</strong></span> <span class='ocrx_word' id='word_1_72' title='bbox 475 1211 636 1268; x_wconf 75' lang='lat' dir='ltr'><strong>Venit</strong></span> <span class='ocrx_word' id='word_1_73' title='bbox 665 1219 844 1267; x_wconf 90' lang='lat' dir='ltr'><strong>autem</strong></span> <span class='ocrx_word' id='word_1_74' title='bbox 876 1209 1134 1267; x_wconf 87' lang='lat' dir='ltr'><strong>Dominus</strong></span> <span class='ocrx_word' id='word_1_75' title='bbox 1163 1205 1231 1265; x_wconf 88' lang='lat' dir='ltr'><strong>ad</strong></span> <span class='ocrx_word' id='word_1_76' title='bbox 1263 1227 1390 1266; x_wconf 86' lang='lat' dir='ltr'><strong>oves</strong></span> <span class='ocrx_word' id='word_1_77' title='bbox 1425 1211 1740 1278; x_wconf 90' lang='lat' dir='ltr'><strong>tondendas,</strong></span> <span class='ocrx_word' id='word_1_78' title='bbox 1767 1204 1869 1267; x_wconf 91' lang='lat' dir='ltr'><strong>hoc</strong></span> 
     </span>
    </p>
   </div>
   <div class='ocr_carea' id='block_1_12' title="bbox 286 1297 1867 1374">
    <p class='ocr_par' dir='ltr' id='par_1_12' title="bbox 286 1297 1867 1374">
     <span class='ocr_line' id='line_1_12' title="bbox 286 1297 1867 1374; baseline -0.004 -10"><span class='ocrx_word' id='word_1_79' title='bbox 286 1317 370 1364; x_wconf 91' lang='lat' dir='ltr'><strong>est</strong></span> <span class='ocrx_word' id='word_1_80' title='bbox 416 1305 790 1362; x_wconf 78' lang='lat' dir='ltr'><strong>exonerandas</strong></span> <span class='ocrx_word' id='word_1_81' title='bbox 839 1297 1068 1358; x_wconf 83' lang='lat' dir='ltr'><strong>sarcinis</strong></span> <span class='ocrx_word' id='word_1_82' title='bbox 1097 1311 1460 1374; x_wconf 86' lang='lat' dir='ltr'><strong>peccatorum,</strong></span> <span class='ocrx_word' id='word_1_83' title='bbox 1489 1318 1558 1358; x_wconf 81' lang='lat' dir='ltr'><strong>ex</strong></span> <span class='ocrx_word' id='word_1_84' title='bbox 1592 1302 1788 1372; x_wconf 85' lang='lat' dir='ltr'><strong>quibus</strong></span> <span class='ocrx_word' id='word_1_85' title='bbox 1813 1300 1867 1358; x_wconf 87' lang='lat' dir='ltr'><strong>in</strong></span> 
     </span>
    </p>
   </div>
   <div class='ocr_carea' id='block_1_13' title="bbox 285 1385 1868 1454">
    <p class='ocr_par' dir='ltr' id='par_1_13' title="bbox 285 1385 1868 1454">
     <span class='ocr_line' id='line_1_13' title="bbox 285 1385 1868 1454; baseline -0.003 0"><span class='ocrx_word' id='word_1_86' title='bbox 285 1399 544 1454; x_wconf 67' lang='lat' dir='ltr'><strong>Ecclesiae</strong></span> <span class='ocrx_word' id='word_1_87' title='bbox 570 1397 725 1452; x_wconf 86' lang='lat' dir='ltr'><strong>laude</strong></span> <span class='ocrx_word' id='word_1_88' title='bbox 753 1387 806 1451; x_wconf 81' lang='lat' dir='ltr'><strong>in</strong></span> <span class='ocrx_word' id='word_1_89' title='bbox 834 1385 1070 1452; x_wconf 84' lang='lat' dir='ltr'><strong>Canticis</strong></span> <span class='ocrx_word' id='word_1_90' title='bbox 1109 1393 1440 1451; x_wconf 85' lang='lat' dir='ltr'><strong>canticorum</strong></span> <span class='ocrx_word' id='word_1_91' title='bbox 1471 1395 1662 1451; x_wconf 84' lang='lat' dir='ltr'><strong>dentes</strong></span> <span class='ocrx_word' id='word_1_92' title='bbox 1687 1403 1868 1451; x_wconf 90' lang='lat' dir='ltr'><strong>essent</strong></span> 
     </span>
    </p>
   </div>
   <div class='ocr_carea' id='block_1_14' title="bbox 284 1479 1870 1562">
    <p class='ocr_par' dir='ltr' id='par_1_14' title="bbox 284 1479 1870 1562">
     <span class='ocr_line' id='line_1_14' title="bbox 284 1479 1870 1562; baseline -0.003 -15"><span class='ocrx_word' id='word_1_93' title='bbox 284 1493 433 1547; x_wconf 88' lang='lat' dir='ltr'><strong>velut</strong></span> <span class='ocrx_word' id='word_1_94' title='bbox 461 1506 592 1562; x_wconf 78' lang='lat' dir='ltr'><strong>grex</strong></span> <span class='ocrx_word' id='word_1_95' title='bbox 619 1501 894 1544; x_wconf 86' lang='lat' dir='ltr'><strong>tonsarnm</strong></span> <span class='ocrx_word' id='word_1_96' title='bbox 921 1484 1096 1561; x_wconf 86' lang='lat' dir='ltr'><strong>(Cant.</strong></span> <span class='ocrx_word' id='word_1_97' title='bbox 1128 1485 1222 1559; x_wconf 83' lang='lat' dir='ltr'><strong>tv).</strong></span> <span class='ocrx_word' id='word_1_98' title='bbox 1269 1481 1388 1540; x_wconf 85' lang='lat' dir='ltr'><strong>Jam</strong></span> <span class='ocrx_word' id='word_1_99' title='bbox 1413 1485 1602 1542; x_wconf 90' lang='lat' dir='ltr'><strong>deinde</strong></span> <span class='ocrx_word' id='word_1_100' title='bbox 1634 1479 1870 1542; x_wconf 83' lang='lat' dir='ltr'><strong>Thamar</strong></span> 
     </span>
    </p>
   </div>
   <div class='ocr_carea' id='block_1_15' title="bbox 283 1569 1864 1649">
    <p class='ocr_par' dir='ltr' id='par_1_15' title="bbox 283 1569 1864 1649">
     <span class='ocr_line' id='line_1_15' title="bbox 283 1569 1864 1649; baseline -0.004 -10"><span class='ocrx_word' id='word_1_101' title='bbox 283 1583 530 1639; x_wconf 90' lang='lat' dir='ltr'><strong>habitum</strong></span> <span class='ocrx_word' id='word_1_102' title='bbox 575 1589 776 1648; x_wconf 86' lang='lat' dir='ltr'><strong>mutat;</strong></span> <span class='ocrx_word' id='word_1_103' title='bbox 828 1596 952 1635; x_wconf 89' lang='lat' dir='ltr'><strong>nam</strong></span> <span class='ocrx_word' id='word_1_104' title='bbox 997 1587 1054 1636; x_wconf 88' lang='lat' dir='ltr'><strong>et</strong></span> <span class='ocrx_word' id='word_1_105' title='bbox 1089 1589 1414 1634; x_wconf 88' lang='lat' dir='ltr'><strong>commutans</strong></span> <span class='ocrx_word' id='word_1_106' title='bbox 1455 1569 1864 1649; x_wconf 80' lang='lat' dir='ltr'><strong>interpretatur.</strong></span> 
     </span>
    </p>
   </div>
   <div class='ocr_carea' id='block_1_16' title="bbox 285 1665 1868 1737">
    <p class='ocr_par' dir='ltr' id='par_1_16' title="bbox 285 1665 1868 1737">
     <span class='ocr_line' id='line_1_16' title="bbox 285 1665 1868 1737; baseline -0.001 -10"><span class='ocrx_word' id='word_1_107' title='bbox 285 1671 522 1729; x_wconf 84' lang='lat' dir='ltr'><strong>Thamar</strong></span> <span class='ocrx_word' id='word_1_108' title='bbox 569 1679 741 1727; x_wconf 88' lang='lat' dir='ltr'><strong>mutat</strong></span> <span class='ocrx_word' id='word_1_109' title='bbox 781 1665 1048 1736; x_wconf 88' lang='lat' dir='ltr'><strong>habitum,</strong></span> <span class='ocrx_word' id='word_1_110' title='bbox 1075 1679 1246 1725; x_wconf 88' lang='lat' dir='ltr'><strong>mutat</strong></span> <span class='ocrx_word' id='word_1_111' title='bbox 1273 1678 1328 1726; x_wconf 91' lang='lat' dir='ltr'><strong>et</strong></span> <span class='ocrx_word' id='word_1_112' title='bbox 1375 1685 1594 1737; x_wconf 81' lang='lat' dir='ltr'><strong>nomen,</strong></span> <span class='ocrx_word' id='word_1_113' title='bbox 1622 1679 1678 1725; x_wconf 90' lang='lat' dir='ltr'><strong>et</strong></span> <span class='ocrx_word' id='word_1_114' title='bbox 1713 1671 1773 1724; x_wconf 84' lang='lat' dir='ltr'><strong>tit</strong></span> <span class='ocrx_word' id='word_1_115' title='bbox 1801 1667 1868 1726; x_wconf 89' lang='lat' dir='ltr'><strong>de</strong></span> 
     </span>
    </p>
   </div>
   <div class='ocr_carea' id='block_1_17' title="bbox 285 1754 1868 1836">
    <p class='ocr_par' dir='ltr' id='par_1_17' title="bbox 285 1754 1868 1836">
     <span class='ocr_line' id='line_1_17' title="bbox 285 1754 1868 1836; baseline -0.003 -16"><span class='ocrx_word' id='word_1_116' title='bbox 285 1764 568 1836; x_wconf 77' lang='lat' dir='ltr'><strong>Synagoga</strong></span> <span class='ocrx_word' id='word_1_117' title='bbox 585 1754 824 1819; x_wconf 78' lang='lat' dir='ltr'><strong>Ecclesia</strong></span> <span class='ocrx_word' id='word_1_118' title='bbox 842 1781 856 1830; x_wconf 92' lang='lat'><strong>;</strong></span> <span class='ocrx_word' id='word_1_119' title='bbox 887 1765 978 1818; x_wconf 88' lang='lat' dir='ltr'><strong>sed</strong></span> <span class='ocrx_word' id='word_1_120' title='bbox 1007 1763 1062 1818; x_wconf 91' lang='lat' dir='ltr'><strong>in</strong></span> <span class='ocrx_word' id='word_1_121' title='bbox 1079 1779 1142 1818; x_wconf 88' lang='lat' dir='ltr'><strong>ea</strong></span> <span class='ocrx_word' id='word_1_122' title='bbox 1159 1778 1379 1834; x_wconf 90' lang='lat' dir='ltr'><strong>prorsus</strong></span> <span class='ocrx_word' id='word_1_123' title='bbox 1394 1777 1587 1817; x_wconf 89' lang='lat' dir='ltr'><strong>nomen</strong></span> <span class='ocrx_word' id='word_1_124' title='bbox 1610 1762 1868 1817; x_wconf 88' lang='lat' dir='ltr'><strong>amaritu-</strong></span> 
     </span>
    </p>
   </div>
   <div class='ocr_carea' id='block_1_18' title="bbox 284 1849 1867 1926">
    <p class='ocr_par' dir='ltr' id='par_1_18' title="bbox 284 1849 1867 1926">
     <span class='ocr_line' id='line_1_18' title="bbox 284 1849 1867 1926; baseline -0.001 -13"><span class='ocrx_word' id='word_1_125' title='bbox 284 1860 427 1914; x_wconf 88' lang='lat' dir='ltr'><strong>dinis</strong></span> <span class='ocrx_word' id='word_1_126' title='bbox 463 1867 820 1923; x_wconf 85' lang='lat' dir='ltr'><strong>maneat,non</strong></span> <span class='ocrx_word' id='word_1_127' title='bbox 851 1857 992 1912; x_wconf 90' lang='lat' dir='ltr'><strong>illius</strong></span> <span class='ocrx_word' id='word_1_128' title='bbox 1019 1857 1394 1912; x_wconf 87' lang='lat' dir='ltr'><strong>amaritudinis</strong></span> <span class='ocrx_word' id='word_1_129' title='bbox 1424 1857 1478 1909; x_wconf 93' lang='lat' dir='ltr'><strong>in</strong></span> <span class='ocrx_word' id='word_1_130' title='bbox 1508 1871 1614 1926; x_wconf 86' lang='lat' dir='ltr'><strong>qua</strong></span> <span class='ocrx_word' id='word_1_131' title='bbox 1639 1849 1867 1911; x_wconf 86' lang='lat' dir='ltr'><strong>Domino</strong></span> 
     </span>
    </p>
   </div>
   <div class='ocr_carea' id='block_1_19' title="bbox 283 1941 1942 2020">
    <p class='ocr_par' dir='ltr' id='par_1_19' title="bbox 283 1941 1942 2020">
     <span class='ocr_line' id='line_1_19' title="bbox 283 1941 1942 2020; baseline -0.002 -14"><span class='ocrx_word' id='word_1_132' title='bbox 283 1951 356 2007; x_wconf 93' lang='lat' dir='ltr'><strong>fel</strong></span> <span class='ocrx_word' id='word_1_133' title='bbox 389 1951 732 2015; x_wconf 79' lang='lat' dir='ltr'><strong>ministravit,</strong></span> <span class='ocrx_word' id='word_1_134' title='bbox 764 1943 856 2005; x_wconf 87' lang='lat' dir='ltr'><strong>sed</strong></span> <span class='ocrx_word' id='word_1_135' title='bbox 887 1949 1027 2005; x_wconf 89' lang='lat' dir='ltr'><strong>illius</strong></span> <span class='ocrx_word' id='word_1_136' title='bbox 1058 1951 1110 2004; x_wconf 90' lang='lat' dir='ltr'><strong>in</strong></span> <span class='ocrx_word' id='word_1_137' title='bbox 1142 1965 1246 2020; x_wconf 90' lang='lat' dir='ltr'><strong>qua</strong></span> <span class='ocrx_word' id='word_1_138' title='bbox 1275 1947 1464 2004; x_wconf 83' lang='lat' dir='ltr'><strong>Petrus</strong></span> <span class='ocrx_word' id='word_1_139' title='bbox 1492 1964 1676 2002; x_wconf 85' lang='lat' dir='ltr'><strong>amare</strong></span> <span class='ocrx_word' id='word_1_140' title='bbox 1699 1943 1864 2003; x_wconf 84' lang='lat' dir='ltr'><strong>ﬂevit.</strong></span> <span class='ocrx_word' id='word_1_141' title='bbox 1895 1941 1942 2010; x_wconf 79' lang='grc' dir='ltr'><strong>Β</strong></span> 
     </span>
    </p>
   </div>
   <div class='ocr_carea' id='block_1_20' title="bbox 282 2031 1912 2111">
    <p class='ocr_par' dir='ltr' id='par_1_20' title="bbox 282 2031 1912 2111">
     <span class='ocr_line' id='line_1_20' title="bbox 282 2031 1912 2111; baseline -0.002 -13"><span class='ocrx_word' id='word_1_142' title='bbox 282 2042 420 2098; x_wconf 85' lang='lat' dir='ltr'><strong>Nam</strong></span> <span class='ocrx_word' id='word_1_143' title='bbox 435 2053 488 2099; x_wconf 91' lang='lat' dir='ltr'><strong>et</strong></span> <span class='ocrx_word' id='word_1_144' title='bbox 501 2042 633 2098; x_wconf 83' lang='lat' dir='ltr'><strong>Juda</strong></span> <span class='ocrx_word' id='word_1_145' title='bbox 649 2042 836 2097; x_wconf 86' lang='lat' dir='ltr'><strong>Latine</strong></span> <span class='ocrx_word' id='word_1_146' title='bbox 853 2041 1109 2111; x_wconf 77' lang='lat' dir='ltr'><strong>confessio</strong></span> <span class='ocrx_word' id='word_1_147' title='bbox 1123 2051 1218 2095; x_wconf 87' lang='lat' dir='ltr'><strong>est.</strong></span> <span class='ocrx_word' id='word_1_148' title='bbox 1233 2031 1572 2096; x_wconf 82' lang='lat' dir='ltr'><strong>Confessioni</strong></span> <span class='ocrx_word' id='word_1_149' title='bbox 1586 2056 1714 2110; x_wconf 84' lang='lat' dir='ltr'><strong>ergo</strong></span> <span class='ocrx_word' id='word_1_150' title='bbox 1726 2056 1872 2095; x_wconf 85' lang='lat' dir='ltr'><strong>ama-</strong></span> <span class='ocrx_word' id='word_1_151' title='bbox 1905 2045 1912 2053; x_wconf 92' lang='lat'><em>&#39;</em></span> 
     </span>
    </p>
   </div>
   <div class='ocr_carea' id='block_1_21' title="bbox 284 2123 1870 2205">
    <p class='ocr_par' dir='ltr' id='par_1_21' title="bbox 284 2123 1870 2205">
     <span class='ocr_line' id='line_1_21' title="bbox 284 2123 1870 2205; baseline -0.001 -14"><span class='ocrx_word' id='word_1_152' title='bbox 284 2133 464 2192; x_wconf 89' lang='lat' dir='ltr'><strong>riludo</strong></span> <span class='ocrx_word' id='word_1_153' title='bbox 490 2138 794 2199; x_wconf 88' lang='lat' dir='ltr'><strong>misceatur,</strong></span> <span class='ocrx_word' id='word_1_154' title='bbox 815 2143 872 2188; x_wconf 93' lang='lat' dir='ltr'><strong>ut</strong></span> <span class='ocrx_word' id='word_1_155' title='bbox 888 2150 1013 2188; x_wconf 89' lang='lat' dir='ltr'><strong>vera</strong></span> <span class='ocrx_word' id='word_1_156' title='bbox 1028 2125 1343 2205; x_wconf 64' lang='lat' dir='ltr'><strong>poenitentia</strong></span> <span class='ocrx_word' id='word_1_157' title='bbox 1361 2133 1736 2204; x_wconf 66' lang='lat' dir='ltr'><strong>praesignetur.</strong></span> <span class='ocrx_word' id='word_1_158' title='bbox 1758 2123 1870 2189; x_wconf 82' lang='lat' dir='ltr'><strong>Hac</strong></span> 
     </span>
    </p>
   </div>
   <div class='ocr_carea' id='block_1_22' title="bbox 278 2217 1871 2303">
    <p class='ocr_par' dir='ltr' id='par_1_22' title="bbox 278 2217 1871 2303">
     <span class='ocr_line' id='line_1_22' title="bbox 278 2217 1871 2303; baseline -0.003 -15"><span class='ocrx_word' id='word_1_159' title='bbox 278 2231 596 2303; x_wconf 62' lang='lat' dir='ltr'><strong>paenitentia</strong></span> <span class='ocrx_word' id='word_1_160' title='bbox 623 2229 942 2287; x_wconf 83' lang='lat' dir='ltr'><strong>fecundatur</strong></span> <span class='ocrx_word' id='word_1_161' title='bbox 973 2229 1210 2284; x_wconf 84' lang='lat' dir='ltr'><strong>Ecclesia</strong></span> <span class='ocrx_word' id='word_1_162' title='bbox 1241 2217 1295 2282; x_wconf 89' lang='lat' dir='ltr'><strong>in</strong></span> <span class='ocrx_word' id='word_1_163' title='bbox 1335 2217 1586 2283; x_wconf 86' lang='lat' dir='ltr'><strong>omnibus</strong></span> <span class='ocrx_word' id='word_1_164' title='bbox 1622 2217 1871 2298; x_wconf 76' lang='lat' dir='ltr'><strong>gentibus</strong></span> 
     </span>
    </p>
   </div>
   <div class='ocr_carea' id='block_1_23' title="bbox 279 2313 1872 2394">
    <p class='ocr_par' dir='ltr' id='par_1_23' title="bbox 279 2313 1872 2394">
     <span class='ocr_line' id='line_1_23' title="bbox 279 2313 1872 2394; baseline -0.003 -14"><span class='ocrx_word' id='word_1_165' title='bbox 279 2324 592 2380; x_wconf 87' lang='lat' dir='ltr'><strong>constituta.</strong></span> <span class='ocrx_word' id='word_1_166' title='bbox 622 2321 902 2394; x_wconf 71' lang='lat' dir='ltr'><strong>Oportebat</strong></span> <span class='ocrx_word' id='word_1_167' title='bbox 927 2321 1072 2378; x_wconf 89' lang='lat' dir='ltr'><strong>enim</strong></span> <span class='ocrx_word' id='word_1_168' title='bbox 1097 2321 1359 2376; x_wconf 77' lang='lat' dir='ltr'><strong>Christum</strong></span> <span class='ocrx_word' id='word_1_169' title='bbox 1385 2313 1516 2392; x_wconf 84' lang='lat' dir='ltr'><strong>pali,</strong></span> <span class='ocrx_word' id='word_1_170' title='bbox 1532 2331 1579 2376; x_wconf 88' lang='lat' dir='ltr'><strong>et</strong></span> <span class='ocrx_word' id='word_1_171' title='bbox 1605 2337 1872 2391; x_wconf 83' lang='lat' dir='ltr'><strong>resurgere</strong></span> 
     </span>
    </p>
   </div>
   <div class='ocr_carea' id='block_1_24' title="bbox 279 2401 1870 2485">
    <p class='ocr_par' dir='ltr' id='par_1_24' title="bbox 279 2401 1870 2485">
     <span class='ocr_line' id='line_1_24' title="bbox 279 2401 1870 2485; baseline -0.001 -16"><span class='ocrx_word' id='word_1_172' title='bbox 279 2433 314 2470; x_wconf 82' lang='grc' dir='ltr'><em>α</em></span> <span class='ocrx_word' id='word_1_173' title='bbox 330 2415 548 2469; x_wconf 82' lang='lat' dir='ltr'><strong>mortuis</strong></span> <span class='ocrx_word' id='word_1_174' title='bbox 563 2414 648 2468; x_wconf 88' lang='lat' dir='ltr'><strong>die</strong></span> <span class='ocrx_word' id='word_1_175' title='bbox 661 2415 834 2480; x_wconf 86' lang='lat' dir='ltr'><strong>tertia,</strong></span> <span class='ocrx_word' id='word_1_176' title='bbox 849 2423 898 2468; x_wconf 84' lang='lat' dir='ltr'><strong>et</strong></span> <span class='ocrx_word' id='word_1_177' title='bbox 915 2412 1194 2485; x_wconf 57' lang='lat' dir='ltr'><strong>praedicari</strong></span> <span class='ocrx_word' id='word_1_178' title='bbox 1207 2415 1262 2466; x_wconf 90' lang='lat' dir='ltr'><strong>in</strong></span> <span class='ocrx_word' id='word_1_179' title='bbox 1275 2401 1480 2467; x_wconf 78' lang='lat' dir='ltr'><strong>nomine</strong></span> <span class='ocrx_word' id='word_1_180' title='bbox 1499 2403 1612 2483; x_wconf 74' lang='lat' dir='ltr'><strong>ejus</strong></span> <span class='ocrx_word' id='word_1_181' title='bbox 1623 2406 1870 2484; x_wconf 68' lang='lat' dir='ltr'><strong>paeniten-</strong></span> 
     </span>
    </p>
   </div>
   <div class='ocr_carea' id='block_1_25' title="bbox 281 2505 1868 2579">
    <p class='ocr_par' dir='ltr' id='par_1_25' title="bbox 281 2505 1868 2579">
     <span class='ocr_line' id='line_1_25' title="bbox 281 2505 1868 2579; baseline -0.001 -17"><span class='ocrx_word' id='word_1_182' title='bbox 281 2508 411 2562; x_wconf 85' lang='lat' dir='ltr'><strong>tiam</strong></span> <span class='ocrx_word' id='word_1_183' title='bbox 437 2517 483 2562; x_wconf 87' lang='lat' dir='ltr'><strong>et</strong></span> <span class='ocrx_word' id='word_1_184' title='bbox 501 2508 856 2562; x_wconf 75' lang='lat' dir='ltr'><strong>remissionem</strong></span> <span class='ocrx_word' id='word_1_185' title='bbox 869 2516 1203 2579; x_wconf 84' lang='lat' dir='ltr'><strong>peccatorum</strong></span> <span class='ocrx_word' id='word_1_186' title='bbox 1213 2524 1307 2578; x_wconf 85' lang='lat' dir='ltr'><strong>per</strong></span> <span class='ocrx_word' id='word_1_187' title='bbox 1331 2525 1506 2562; x_wconf 83' lang='lat' dir='ltr'><strong>omnes</strong></span> <span class='ocrx_word' id='word_1_188' title='bbox 1525 2515 1718 2578; x_wconf 80' lang='lat' dir='ltr'><strong>gentes,</strong></span> <span class='ocrx_word' id='word_1_189' title='bbox 1735 2505 1868 2562; x_wconf 86' lang='lat' dir='ltr'><strong>inci-</strong></span> 
     </span>
    </p>
   </div>
   <div class='ocr_carea' id='block_1_26' title="bbox 277 2603 1870 2676">
    <p class='ocr_par' dir='ltr' id='par_1_26' title="bbox 277 2603 1870 2676">
     <span class='ocr_line' id='line_1_26' title="bbox 277 2603 1870 2676; baseline 0.001 -18"><span class='ocrx_word' id='word_1_190' title='bbox 277 2604 540 2676; x_wconf 83' lang='lat' dir='ltr'><strong>pientibus</strong></span> <span class='ocrx_word' id='word_1_191' title='bbox 557 2605 622 2659; x_wconf 89' lang='lat' dir='ltr'><strong>ab</strong></span> <span class='ocrx_word' id='word_1_192' title='bbox 635 2605 952 2660; x_wconf 76' lang='lat' dir='ltr'><strong>Jerusalem.</strong></span> <span class='ocrx_word' id='word_1_193' title='bbox 971 2604 1103 2660; x_wconf 83' lang='lat' dir='ltr'><strong>Nam</strong></span> <span class='ocrx_word' id='word_1_194' title='bbox 1119 2613 1173 2660; x_wconf 93' lang='lat' dir='ltr'><strong>et</strong></span> <span class='ocrx_word' id='word_1_195' title='bbox 1187 2605 1301 2676; x_wconf 89' lang='lat' dir='ltr'><strong>ipse</strong></span> <span class='ocrx_word' id='word_1_196' title='bbox 1317 2603 1533 2661; x_wconf 81' lang='lat' dir='ltr'><strong>habitus</strong></span> <span class='ocrx_word' id='word_1_197' title='bbox 1546 2603 1870 2672; x_wconf 85' lang='lat' dir='ltr'><strong>meretricis,</strong></span> 
     </span>
    </p>
   </div>
   <div class='ocr_carea' id='block_1_27' title="bbox 279 2683 1872 2772">
    <p class='ocr_par' dir='ltr' id='par_1_27' title="bbox 279 2683 1872 2772">
     <span class='ocr_line' id='line_1_27' title="bbox 279 2683 1872 2772; baseline -0.001 -18"><span class='ocrx_word' id='word_1_198' title='bbox 279 2697 554 2754; x_wconf 80' lang='lat' dir='ltr'><strong>confessio</strong></span> <span class='ocrx_word' id='word_1_199' title='bbox 591 2708 960 2770; x_wconf 85' lang='lat' dir='ltr'><strong>peccatorum.</strong></span> <span class='ocrx_word' id='word_1_200' title='bbox 991 2699 1197 2772; x_wconf 81' lang='lat' dir='ltr'><strong>Typum</strong></span> <span class='ocrx_word' id='word_1_201' title='bbox 1227 2700 1424 2771; x_wconf 88' lang='lat' dir='ltr'><strong>quippe</strong></span> <span class='ocrx_word' id='word_1_202' title='bbox 1453 2699 1709 2755; x_wconf 73' lang='lat' dir='ltr'><strong>Ecclesia:</strong></span> <span class='ocrx_word' id='word_1_203' title='bbox 1735 2683 1872 2771; x_wconf 89' lang='lat' dir='ltr'><strong>gerit</strong></span> 
     </span>
    </p>
   </div>
   <div class='ocr_carea' id='block_1_28' title="bbox 280 2789 1873 2864">
    <p class='ocr_par' dir='ltr' id='par_1_28' title="bbox 280 2789 1873 2864">
     <span class='ocr_line' id='line_1_28' title="bbox 280 2789 1873 2864; baseline -0.001 -19"><span class='ocrx_word' id='word_1_204' title='bbox 280 2789 524 2846; x_wconf 84' lang='lat' dir='ltr'><strong>Thamar</strong></span> <span class='ocrx_word' id='word_1_205' title='bbox 543 2806 610 2846; x_wconf 81' lang='lat' dir='ltr'><strong>ex</strong></span> <span class='ocrx_word' id='word_1_206' title='bbox 635 2792 890 2864; x_wconf 82' lang='lat' dir='ltr'><strong>gentibus</strong></span> <span class='ocrx_word' id='word_1_207' title='bbox 912 2799 1168 2858; x_wconf 77' lang='lat' dir='ltr'><strong>evocatos,</strong></span> <span class='ocrx_word' id='word_1_208' title='bbox 1187 2791 1380 2848; x_wconf 86' lang='lat' dir='ltr'><strong>sedens</strong></span> <span class='ocrx_word' id='word_1_209' title='bbox 1406 2807 1528 2846; x_wconf 92' lang='lat' dir='ltr'><strong>cum</strong></span> <span class='ocrx_word' id='word_1_210' title='bbox 1557 2790 1662 2846; x_wconf 93' lang='lat' dir='ltr'><strong>hoc</strong></span> <span class='ocrx_word' id='word_1_211' title='bbox 1686 2791 1873 2846; x_wconf 87' lang='lat' dir='ltr'><strong>habitu</strong></span> 
     </span>
    </p>
   </div>
   <div class='ocr_carea' id='block_1_29' title="bbox 278 2877 1867 2954">
    <p class='ocr_par' dir='ltr' id='par_1_29' title="bbox 278 2877 1867 2954">
     <span class='ocr_line' id='line_1_29' title="bbox 278 2877 1867 2954; baseline 0 -16"><span class='ocrx_word' id='word_1_212' title='bbox 278 2883 354 2938; x_wconf 88' lang='lat' dir='ltr'><strong>ad</strong></span> <span class='ocrx_word' id='word_1_213' title='bbox 381 2889 593 2954; x_wconf 87' lang='lat' dir='ltr'><strong>portam</strong></span> <span class='ocrx_word' id='word_1_214' title='bbox 614 2883 730 2938; x_wconf 82' lang='lat' dir='ltr'><strong>Ena</strong></span> <span class='ocrx_word' id='word_1_215' title='bbox 751 2883 836 2940; x_wconf 88' lang='lat' dir='ltr'><strong>vel</strong></span> <span class='ocrx_word' id='word_1_216' title='bbox 863 2883 1116 2950; x_wconf 88' lang='lat' dir='ltr'><strong>Enahim,</strong></span> <span class='ocrx_word' id='word_1_217' title='bbox 1141 2884 1286 2954; x_wconf 88' lang='lat' dir='ltr'><strong>quod</strong></span> <span class='ocrx_word' id='word_1_218' title='bbox 1312 2884 1705 2954; x_wconf 87' lang='lat' dir='ltr'><strong>interpretatur</strong></span> <span class='ocrx_word' id='word_1_219' title='bbox 1730 2877 1867 2954; x_wconf 79' lang='lat' dir='ltr'><strong>fons.</strong></span> 
     </span>
    </p>
   </div>
   <div class='ocr_carea' id='block_1_30' title="bbox 277 2968 1868 3052">
    <p class='ocr_par' dir='ltr' id='par_1_30' title="bbox 277 2968 1868 3052">
     <span class='ocr_line' id='line_1_30' title="bbox 277 2968 1868 3052; baseline 0.004 -24"><span class='ocrx_word' id='word_1_220' title='bbox 277 2973 537 3032; x_wconf 85' lang='lat' dir='ltr'><strong>Cucurrit</strong></span> <span class='ocrx_word' id='word_1_221' title='bbox 565 2978 711 3034; x_wconf 88' lang='lat' dir='ltr'><strong>enim</strong></span> <span class='ocrx_word' id='word_1_222' title='bbox 739 2978 872 3034; x_wconf 85' lang='lat' dir='ltr'><strong>velut</strong></span> <span class='ocrx_word' id='word_1_223' title='bbox 901 2997 1081 3035; x_wconf 78' lang='lat' dir='ltr'><strong>cervus</strong></span> <span class='ocrx_word' id='word_1_224' title='bbox 1110 2979 1179 3034; x_wconf 89' lang='lat' dir='ltr'><strong>ad</strong></span> <span class='ocrx_word' id='word_1_225' title='bbox 1209 2980 1375 3051; x_wconf 77' lang='lat' dir='ltr'><strong>fontes</strong></span> <span class='ocrx_word' id='word_1_226' title='bbox 1407 2995 1665 3052; x_wconf 83' lang='lat' dir='ltr'><strong>aquarum</strong></span> <span class='ocrx_word' id='word_1_227' title='bbox 1695 2968 1868 3052; x_wconf 76' lang='lat' dir='ltr'><strong>(Psai.</strong></span> 
     </span>
    </p>
   </div>
   <div class='ocr_carea' id='block_1_31' title="bbox 276 3065 1872 3140">
    <p class='ocr_par' dir='ltr' id='par_1_31' title="bbox 276 3065 1872 3140">
     <span class='ocr_line' id='line_1_31' title="bbox 276 3065 1872 3140; baseline 0.008 -23"><span class='ocrx_word' id='word_1_228' title='bbox 276 3065 410 3136; x_wconf 76' lang='lat' dir='ltr'><strong>xu)</strong></span> <span class='ocrx_word' id='word_1_229' title='bbox 457 3069 740 3138; x_wconf 87' lang='lat' dir='ltr'><strong>pervenire</strong></span> <span class='ocrx_word' id='word_1_230' title='bbox 789 3071 857 3126; x_wconf 89' lang='lat' dir='ltr'><strong>ad</strong></span> <span class='ocrx_word' id='word_1_231' title='bbox 895 3087 1082 3128; x_wconf 84' lang='lat' dir='ltr'><strong>semen</strong></span> <span class='ocrx_word' id='word_1_232' title='bbox 1127 3073 1396 3140; x_wconf 66' lang='lat' dir='ltr'><strong>Abrahae;</strong></span> <span class='ocrx_word' id='word_1_233' title='bbox 1441 3073 1530 3128; x_wconf 92' lang='lat' dir='ltr'><strong>illo</strong></span> <span class='ocrx_word' id='word_1_234' title='bbox 1577 3073 1720 3130; x_wconf 88' lang='lat' dir='ltr'><strong>enim</strong></span> <span class='ocrx_word' id='word_1_235' title='bbox 1765 3080 1872 3130; x_wconf 85' lang='lat' dir='ltr'><strong>non</strong></span> 
     </span>
    </p>
   </div>
   <div class='ocr_carea' id='block_1_32' title="bbox 277 3158 1868 3235">
    <p class='ocr_par' dir='ltr' id='par_1_32' title="bbox 277 3158 1868 3235">
     <span class='ocr_line' id='line_1_32' title="bbox 277 3158 1868 3235; baseline 0.004 -24"><span class='ocrx_word' id='word_1_236' title='bbox 277 3165 641 3225; x_wconf 74' lang='lat' dir='ltr'><strong>cognoscente</strong></span> <span class='ocrx_word' id='word_1_237' title='bbox 686 3158 927 3228; x_wconf 88' lang='lat' dir='ltr'><strong>fetatur,</strong></span> <span class='ocrx_word' id='word_1_238' title='bbox 972 3163 1100 3233; x_wconf 87' lang='lat' dir='ltr'><strong>quia</strong></span> <span class='ocrx_word' id='word_1_239' title='bbox 1145 3163 1213 3219; x_wconf 88' lang='lat' dir='ltr'><strong>de</strong></span> <span class='ocrx_word' id='word_1_240' title='bbox 1261 3163 1354 3218; x_wconf 89' lang='lat' dir='ltr'><strong>illo</strong></span> <span class='ocrx_word' id='word_1_241' title='bbox 1396 3163 1712 3235; x_wconf 70' lang='lat' dir='ltr'><strong>praedictum</strong></span> <span class='ocrx_word' id='word_1_242' title='bbox 1747 3169 1868 3218; x_wconf 87' lang='lat' dir='ltr'><strong>est:</strong></span> 
     </span>
    </p>
   </div>
   <div class='ocr_carea' id='block_1_33' title="bbox 279 3245 1868 3328">
    <p class='ocr_par' dir='ltr' id='par_1_33' title="bbox 279 3245 1868 3328">
     <span class='ocr_line' id='line_1_33' title="bbox 279 3245 1868 3328; baseline 0.006 -27"><span class='ocrx_word' id='word_1_243' title='bbox 279 3245 524 3320; x_wconf 87' lang='lat' dir='ltr'><strong>Populus</strong></span> <span class='ocrx_word' id='word_1_244' title='bbox 552 3268 704 3323; x_wconf 82' lang='lat' dir='ltr'><strong>quem</strong></span> <span class='ocrx_word' id='word_1_245' title='bbox 732 3271 836 3308; x_wconf 87' lang='lat' dir='ltr'><strong>non</strong></span> <span class='ocrx_word' id='word_1_246' title='bbox 866 3257 1078 3326; x_wconf 82' lang='lat' dir='ltr'><strong>cognovi</strong></span> <span class='ocrx_word' id='word_1_247' title='bbox 1115 3255 1321 3310; x_wconf 84' lang='lat' dir='ltr'><strong>servivit</strong></span> <span class='ocrx_word' id='word_1_248' title='bbox 1349 3256 1478 3310; x_wconf 83' lang='lat' dir='ltr'><strong>mihi</strong></span> <span class='ocrx_word' id='word_1_249' title='bbox 1507 3245 1678 3328; x_wconf 84' lang='lat' dir='ltr'><strong>(Psal.</strong></span> <span class='ocrx_word' id='word_1_250' title='bbox 1710 3253 1868 3328; x_wconf 83' lang='lat' dir='ltr'><strong>xvii).</strong></span> 
     </span>
    </p>
   </div>
   <div class='ocr_carea' id='block_1_34' title="bbox 274 3338 1870 3420">
    <p class='ocr_par' dir='ltr' id='par_1_34' title="bbox 274 3338 1870 3420">
     <span class='ocr_line' id='line_1_34' title="bbox 274 3338 1870 3420; baseline 0.007 -26"><span class='ocrx_word' id='word_1_251' title='bbox 274 3338 508 3412; x_wconf 83' lang='lat' dir='ltr'><strong>Accepit</strong></span> <span class='ocrx_word' id='word_1_252' title='bbox 547 3344 601 3399; x_wconf 90' lang='lat' dir='ltr'><strong>in</strong></span> <span class='ocrx_word' id='word_1_253' title='bbox 641 3345 852 3402; x_wconf 87' lang='lat' dir='ltr'><strong>occulto</strong></span> <span class='ocrx_word' id='word_1_254' title='bbox 900 3348 1177 3415; x_wconf 90' lang='lat' dir='ltr'><strong>annulum,</strong></span> <span class='ocrx_word' id='word_1_255' title='bbox 1214 3356 1270 3403; x_wconf 90' lang='lat' dir='ltr'><strong>et</strong></span> <span class='ocrx_word' id='word_1_256' title='bbox 1297 3349 1518 3416; x_wconf 90' lang='lat' dir='ltr'><strong>monile,</strong></span> <span class='ocrx_word' id='word_1_257' title='bbox 1545 3356 1600 3404; x_wconf 89' lang='lat' dir='ltr'><strong>et</strong></span> <span class='ocrx_word' id='word_1_258' title='bbox 1640 3349 1870 3420; x_wconf 86' lang='lat' dir='ltr'><strong>virgam,</strong></span> 
     </span>
    </p>
   </div>
   <div class='ocr_carea' id='block_1_35' title="bbox 274 3432 1872 3512">
    <p class='ocr_par' dir='ltr' id='par_1_35' title="bbox 274 3432 1872 3512">
     <span class='ocr_line' id='line_1_35' title="bbox 274 3432 1872 3512; baseline 0.006 -28"><span class='ocrx_word' id='word_1_259' title='bbox 274 3432 568 3489; x_wconf 81' lang='lat' dir='ltr'><strong>vocatione</strong></span> <span class='ocrx_word' id='word_1_260' title='bbox 601 3435 867 3506; x_wconf 83' lang='lat' dir='ltr'><strong>signatur,</strong></span> <span class='ocrx_word' id='word_1_261' title='bbox 904 3434 1293 3506; x_wconf 77' lang='lat' dir='ltr'><strong>justificatione</strong></span> <span class='ocrx_word' id='word_1_262' title='bbox 1331 3437 1640 3506; x_wconf 90' lang='lat' dir='ltr'><strong>decoratur,</strong></span> <span class='ocrx_word' id='word_1_263' title='bbox 1670 3435 1872 3512; x_wconf 86' lang='lat' dir='ltr'><strong>glorili-</strong></span> 
     </span>
    </p>
   </div>
   <div class='ocr_carea' id='block_1_36' title="bbox 1969 652 3538 736">
    <p class='ocr_par' dir='ltr' id='par_1_36' title="bbox 1969 652 3538 736">
     <span class='ocr_line' id='line_1_36' title="bbox 1969 652 3538 736; baseline 0.001 -17"><span class='ocrx_word' id='word_1_264' title='bbox 1969 652 2202 730; x_wconf 73' lang='lat' dir='ltr'><strong>boc&#39;avit;</strong></span> <span class='ocrx_word' id='word_1_265' title='bbox 2239 673 2366 736; x_wconf 77' lang='lat' dir='ltr'><strong>quos</strong></span> <span class='ocrx_word' id='word_1_266' title='bbox 2415 669 2588 720; x_wconf 69' lang='lat' dir='ltr'><strong>autem</strong></span> <span class='ocrx_word' id='word_1_267' title='bbox 2631 663 2852 732; x_wconf 73' lang='lat' dir='ltr'><strong>vocabit,</strong></span> <span class='ocrx_word' id='word_1_268' title='bbox 2874 659 2994 720; x_wconf 76' lang='lat' dir='ltr'><strong>illos</strong></span> <span class='ocrx_word' id='word_1_269' title='bbox 3037 668 3087 720; x_wconf 90' lang='lat' dir='ltr'><strong>et</strong></span> <span class='ocrx_word' id='word_1_270' title='bbox 3117 659 3464 736; x_wconf 78' lang='lat' dir='ltr'><strong>justiﬁcavtt;</strong></span> <span class='ocrx_word' id='word_1_271' title='bbox 3489 667 3538 720; x_wconf 86' lang='lat' dir='ltr'><strong>et</strong></span> 
     </span>
    </p>
   </div>
   <div class='ocr_carea' id='block_1_37' title="bbox 1967 743 3536 829">
    <p class='ocr_par' dir='ltr' id='par_1_37' title="bbox 1967 743 3536 829">
     <span class='ocr_line' id='line_1_37' title="bbox 1967 743 3536 829; baseline 0.001 -19"><span class='ocrx_word' id='word_1_272' title='bbox 1967 766 2096 829; x_wconf 76' lang='lat' dir='ltr'><strong>quos</strong></span> <span class='ocrx_word' id='word_1_273' title='bbox 2121 743 2451 826; x_wconf 70' lang='lat' dir='ltr'><strong>justiﬁe-astt,</strong></span> <span class='ocrx_word' id='word_1_274' title='bbox 2486 749 2604 810; x_wconf 84' lang='lat' dir='ltr'><strong>illos</strong></span> <span class='ocrx_word' id='word_1_275' title='bbox 2627 763 2676 811; x_wconf 78' lang='lat' dir='ltr'><strong>et</strong></span> <span class='ocrx_word' id='word_1_276' title='bbox 2713 745 3026 828; x_wconf 69' lang='lat' dir='ltr'><strong>gloriﬁcavtt</strong></span> <span class='ocrx_word' id='word_1_277' title='bbox 3045 749 3222 829; x_wconf 75' lang='lat' dir='ltr'><strong>(item.</strong></span> <span class='ocrx_word' id='word_1_278' title='bbox 3251 755 3394 829; x_wconf 71' lang='lat' dir='ltr'><strong>nu).</strong></span> <span class='ocrx_word' id='word_1_279' title='bbox 3428 755 3536 812; x_wconf 83' lang='lat' dir='ltr'><strong>Sed</strong></span> 
     </span>
    </p>
   </div>
   <div class='ocr_carea' id='block_1_38' title="bbox 1967 835 3540 919">
    <p class='ocr_par' dir='ltr' id='par_1_38' title="bbox 1967 835 3540 919">
     <span class='ocr_line' id='line_1_38' title="bbox 1967 835 3540 919; baseline -0.001 -13"><span class='ocrx_word' id='word_1_280' title='bbox 1967 851 2103 916; x_wconf 79' lang='lat' dir='ltr'><strong>haec,</strong></span> <span class='ocrx_word' id='word_1_281' title='bbox 2137 843 2198 903; x_wconf 86' lang='lat' dir='ltr'><strong>ut</strong></span> <span class='ocrx_word' id='word_1_282' title='bbox 2220 838 2352 912; x_wconf 73' lang='lat' dir='ltr'><strong>dixi,</strong></span> <span class='ocrx_word' id='word_1_283' title='bbox 2381 835 2435 901; x_wconf 86' lang='lat' dir='ltr'><strong>in</strong></span> <span class='ocrx_word' id='word_1_284' title='bbox 2459 839 2674 903; x_wconf 73' lang='lat' dir='ltr'><strong>occulto</strong></span> <span class='ocrx_word' id='word_1_285' title='bbox 2691 889 2706 915; x_wconf 93' lang='lat'><strong>,</strong></span> <span class='ocrx_word' id='word_1_286' title='bbox 2734 839 2828 903; x_wconf 79' lang='lat' dir='ltr'><strong>ubi</strong></span> <span class='ocrx_word' id='word_1_287' title='bbox 2855 839 2918 903; x_wconf 83' lang='lat' dir='ltr'><strong>ut</strong></span> <span class='ocrx_word' id='word_1_288' title='bbox 2941 851 3002 904; x_wconf 79' lang='lat' dir='ltr'><strong>et</strong></span> <span class='ocrx_word' id='word_1_289' title='bbox 3030 840 3311 919; x_wconf 78' lang='lat' dir='ltr'><strong>conceptio</strong></span> <span class='ocrx_word' id='word_1_290' title='bbox 3337 855 3540 904; x_wconf 78' lang='lat' dir='ltr'><strong>sanctae</strong></span> 
     </span>
    </p>
   </div>
   <div class='ocr_carea' id='block_1_39' title="bbox 1967 934 3539 1012">
    <p class='ocr_par' dir='ltr' id='par_1_39' title="bbox 1967 934 3539 1012">
     <span class='ocr_line' id='line_1_39' title="bbox 1967 934 3539 1012; baseline -0.001 -16"><span class='ocrx_word' id='word_1_291' title='bbox 1967 936 2250 996; x_wconf 72' lang='lat' dir='ltr'><strong>ubertatis.</strong></span> <span class='ocrx_word' id='word_1_292' title='bbox 2278 935 2507 994; x_wconf 78' lang='lat' dir='ltr'><strong>Mittitur</strong></span> <span class='ocrx_word' id='word_1_293' title='bbox 2533 945 2710 994; x_wconf 81' lang='lat' dir='ltr'><strong>autem</strong></span> <span class='ocrx_word' id='word_1_294' title='bbox 2745 937 3042 1011; x_wconf 82' lang='lat' dir='ltr'><strong>promissus</strong></span> <span class='ocrx_word' id='word_1_295' title='bbox 3068 934 3256 996; x_wconf 77' lang='lat' dir='ltr'><strong>haedus</strong></span> <span class='ocrx_word' id='word_1_296' title='bbox 3281 945 3539 1012; x_wconf 81' lang='lat' dir='ltr'><strong>tanquam</strong></span> 
     </span>
    </p>
   </div>
   <div class='ocr_carea' id='block_1_40' title="bbox 1968 1025 3539 1103">
    <p class='ocr_par' dir='ltr' id='par_1_40' title="bbox 1968 1025 3539 1103">
     <span class='ocr_line' id='line_1_40' title="bbox 1968 1025 3539 1103; baseline -0.001 -16"><span class='ocrx_word' id='word_1_297' title='bbox 1968 1031 2264 1097; x_wconf 77' lang='lat' dir='ltr'><strong>meretrici,</strong></span> <span class='ocrx_word' id='word_1_298' title='bbox 2292 1025 2478 1088; x_wconf 62' lang='lat' dir='ltr'><strong>nauus</strong></span> <span class='ocrx_word' id='word_1_299' title='bbox 2505 1027 2851 1103; x_wconf 75' lang='lat' dir='ltr'><strong>exprobratio</strong></span> <span class='ocrx_word' id='word_1_300' title='bbox 2893 1029 3124 1102; x_wconf 77' lang='lat' dir='ltr'><strong>peccati,</strong></span> <span class='ocrx_word' id='word_1_301' title='bbox 3154 1039 3254 1103; x_wconf 85' lang='lat' dir='ltr'><strong>per</strong></span> <span class='ocrx_word' id='word_1_302' title='bbox 3289 1029 3539 1088; x_wconf 84' lang='lat' dir='ltr'><strong>eumdem</strong></span> 
     </span>
    </p>
   </div>
   <div class='ocr_carea' id='block_1_41' title="bbox 1968 1115 3536 1196">
    <p class='ocr_par' dir='ltr' id='par_1_41' title="bbox 1968 1115 3536 1196">
     <span class='ocr_line' id='line_1_41' title="bbox 1968 1115 3536 1196; baseline -0.002 -15"><span class='ocrx_word' id='word_1_303' title='bbox 1968 1119 2343 1181; x_wconf 84' lang='lat' dir='ltr'><strong>Odoilamitem</strong></span> <span class='ocrx_word' id='word_1_304' title='bbox 2396 1131 2652 1196; x_wconf 78' lang='lat' dir='ltr'><strong>tanquam</strong></span> <span class='ocrx_word' id='word_1_305' title='bbox 2711 1123 3080 1195; x_wconf 75' lang='lat' dir='ltr'><strong>increpantem</strong></span> <span class='ocrx_word' id='word_1_306' title='bbox 3123 1129 3178 1180; x_wconf 88' lang='lat' dir='ltr'><strong>et</strong></span> <span class='ocrx_word' id='word_1_307' title='bbox 3232 1115 3536 1180; x_wconf 86' lang='lat' dir='ltr'><strong>dicentem:</strong></span> 
     </span>
    </p>
   </div>
   <div class='ocr_carea' id='block_1_42' title="bbox 1968 1205 3541 1291">
    <p class='ocr_par' dir='ltr' id='par_1_42' title="bbox 1968 1205 3541 1291">
     <span class='ocr_line' id='line_1_42' title="bbox 1968 1205 3541 1291; baseline -0.001 -17"><span class='ocrx_word' id='word_1_308' title='bbox 1968 1212 2244 1274; x_wconf 78' lang='lat' dir='ltr'><strong>Cenerdlto</strong></span> <span class='ocrx_word' id='word_1_309' title='bbox 2273 1216 2566 1288; x_wconf 79' lang='lat' dir='ltr'><strong>viperarum</strong></span> <span class='ocrx_word' id='word_1_310' title='bbox 2592 1205 2804 1289; x_wconf 72' lang='lat' dir='ltr'><strong>(Hann.</strong></span> <span class='ocrx_word' id='word_1_311' title='bbox 2834 1213 2949 1291; x_wconf 83' lang='lat' dir='ltr'><strong>in);</strong></span> <span class='ocrx_word' id='word_1_312' title='bbox 2984 1213 3080 1273; x_wconf 87' lang='lat' dir='ltr'><strong>sed</strong></span> <span class='ocrx_word' id='word_1_313' title='bbox 3105 1225 3212 1272; x_wconf 85' lang='lat' dir='ltr'><strong>non</strong></span> <span class='ocrx_word' id='word_1_314' title='bbox 3239 1229 3360 1273; x_wconf 85' lang='lat' dir='ltr'><strong>eam</strong></span> <span class='ocrx_word' id='word_1_315' title='bbox 3389 1217 3541 1274; x_wconf 81' lang='lat' dir='ltr'><strong>inve-</strong></span> 
     </span>
    </p>
   </div>
   <div class='ocr_carea' id='block_1_43' title="bbox 1966 1300 3544 1381">
    <p class='ocr_par' dir='ltr' id='par_1_43' title="bbox 1966 1300 3544 1381">
     <span class='ocr_line' id='line_1_43' title="bbox 1966 1300 3544 1381; baseline 0 -16"><span class='ocrx_word' id='word_1_316' title='bbox 1966 1311 2048 1366; x_wconf 81' lang='lat' dir='ltr'><strong>nit</strong></span> <span class='ocrx_word' id='word_1_317' title='bbox 2089 1301 2295 1381; x_wconf 83' lang='lat' dir='ltr'><strong>peccati</strong></span> <span class='ocrx_word' id='word_1_318' title='bbox 2327 1300 2694 1380; x_wconf 76' lang='lat' dir='ltr'><strong>exprobratio,</strong></span> <span class='ocrx_word' id='word_1_319' title='bbox 2722 1317 2886 1380; x_wconf 84' lang='lat' dir='ltr'><strong>quam</strong></span> <span class='ocrx_word' id='word_1_320' title='bbox 2934 1300 3160 1364; x_wconf 85' lang='lat' dir='ltr'><strong>mutavit</strong></span> <span class='ocrx_word' id='word_1_321' title='bbox 3191 1301 3544 1366; x_wconf 86' lang='lat' dir='ltr'><strong>confessionis</strong></span> 
     </span>
    </p>
   </div>
   <div class='ocr_carea' id='block_1_44' title="bbox 1969 1389 3546 1473">
    <p class='ocr_par' dir='ltr' id='par_1_44' title="bbox 1969 1389 3546 1473">
     <span class='ocr_line' id='line_1_44' title="bbox 1969 1389 3546 1473; baseline -0.001 -16"><span class='ocrx_word' id='word_1_322' title='bbox 1969 1397 2288 1457; x_wconf 84' lang='lat' dir='ltr'><strong>amaritudo.</strong></span> <span class='ocrx_word' id='word_1_323' title='bbox 2338 1389 2468 1457; x_wconf 73' lang='lat' dir='ltr'><strong>Post</strong></span> <span class='ocrx_word' id='word_1_324' title='bbox 2499 1407 2630 1456; x_wconf 81' lang='lat' dir='ltr'><strong>vero</strong></span> <span class='ocrx_word' id='word_1_325' title='bbox 2651 1390 2761 1470; x_wconf 79' lang='lat' dir='ltr'><strong>jam</strong></span> <span class='ocrx_word' id='word_1_326' title='bbox 2799 1399 3026 1472; x_wconf 76' lang='lat' dir='ltr'><strong>publicis</strong></span> <span class='ocrx_word' id='word_1_327' title='bbox 3057 1401 3225 1473; x_wconf 83' lang='lat' dir='ltr'><strong>signis</strong></span> <span class='ocrx_word' id='word_1_328' title='bbox 3255 1397 3460 1467; x_wconf 89' lang='lat' dir='ltr'><strong>annuli,</strong></span> <span class='ocrx_word' id='word_1_329' title='bbox 3488 1407 3546 1457; x_wconf 90' lang='lat' dir='ltr'><strong>et</strong></span> 
     </span>
    </p>
   </div>
   <div class='ocr_carea' id='block_1_45' title="bbox 1967 1481 3544 1564">
    <p class='ocr_par' dir='ltr' id='par_1_45' title="bbox 1967 1481 3544 1564">
     <span class='ocr_line' id='line_1_45' title="bbox 1967 1481 3544 1564; baseline -0.001 -14"><span class='ocrx_word' id='word_1_330' title='bbox 1967 1491 2202 1559; x_wconf 89' lang='lat' dir='ltr'><strong>&#39;monilis,</strong></span> <span class='ocrx_word' id='word_1_331' title='bbox 2234 1501 2289 1548; x_wconf 89' lang='lat' dir='ltr'><strong>et</strong></span> <span class='ocrx_word' id='word_1_332' title='bbox 2308 1491 2493 1564; x_wconf 60' lang='lat' dir='ltr'><strong>virgae,</strong></span> <span class='ocrx_word' id='word_1_333' title='bbox 2523 1491 2654 1548; x_wconf 82' lang='lat' dir='ltr'><strong>vicit</strong></span> <span class='ocrx_word' id='word_1_334' title='bbox 2689 1499 2890 1547; x_wconf 84' lang='lat' dir='ltr'><strong>temere</strong></span> <span class='ocrx_word' id='word_1_335' title='bbox 2925 1489 3262 1562; x_wconf 72' lang='lat' dir='ltr'><strong>judaizantes</strong></span> <span class='ocrx_word' id='word_1_336' title='bbox 3309 1481 3544 1560; x_wconf 65' lang='lat' dir='ltr'><strong>indutos,</strong></span> 
     </span>
    </p>
   </div>
   <div class='ocr_carea' id='block_1_46' title="bbox 1967 1576 3550 1661">
    <p class='ocr_par' dir='ltr' id='par_1_46' title="bbox 1967 1576 3550 1661">
     <span class='ocr_line' id='line_1_46' title="bbox 1967 1576 3550 1661; baseline -0.002 -18"><span class='ocrx_word' id='word_1_337' title='bbox 1967 1598 2196 1661; x_wconf 85' lang='lat' dir='ltr'><strong>quorum</strong></span> <span class='ocrx_word' id='word_1_338' title='bbox 2233 1583 2348 1656; x_wconf 80' lang='lat' dir='ltr'><strong>jam</strong></span> <span class='ocrx_word' id='word_1_339' title='bbox 2367 1589 2667 1658; x_wconf 82' lang='lat' dir='ltr'><strong>personam</strong></span> <span class='ocrx_word' id='word_1_340' title='bbox 2697 1576 2863 1641; x_wconf 74' lang='lat' dir='ltr'><strong>indas</strong></span> <span class='ocrx_word' id='word_1_341' title='bbox 2901 1586 3016 1657; x_wconf 82' lang='lat' dir='ltr'><strong>ipse</strong></span> <span class='ocrx_word' id='word_1_342' title='bbox 3052 1583 3320 1657; x_wconf 78' lang='lat' dir='ltr'><strong>gestabat,</strong></span> <span class='ocrx_word' id='word_1_343' title='bbox 3348 1583 3550 1655; x_wconf 86' lang='lat' dir='ltr'><strong>quique</strong></span> 
     </span>
    </p>
   </div>
   <div class='ocr_carea' id='block_1_47' title="bbox 1968 1669 3548 1750">
    <p class='ocr_par' dir='ltr' id='par_1_47' title="bbox 1968 1669 3548 1750">
     <span class='ocr_line' id='line_1_47' title="bbox 1968 1669 3548 1750; baseline -0.004 -12"><span class='ocrx_word' id='word_1_344' title='bbox 1968 1678 2128 1738; x_wconf 82' lang='lat' dir='ltr'><strong>hodie</strong></span> <span class='ocrx_word' id='word_1_345' title='bbox 2169 1670 2358 1736; x_wconf 81' lang='lat' dir='ltr'><strong>dicunt</strong></span> <span class='ocrx_word' id='word_1_346' title='bbox 2400 1695 2505 1736; x_wconf 91' lang='lat' dir='ltr'><strong>non</strong></span> <span class='ocrx_word' id='word_1_347' title='bbox 2543 1679 2688 1736; x_wconf 89' lang='lat' dir='ltr'><strong>hunc</strong></span> <span class='ocrx_word' id='word_1_348' title='bbox 2733 1679 2988 1750; x_wconf 85' lang='lat' dir='ltr'><strong>populum</strong></span> <span class='ocrx_word' id='word_1_349' title='bbox 3029 1688 3152 1734; x_wconf 82' lang='lat' dir='ltr'><strong>esse</strong></span> <span class='ocrx_word' id='word_1_350' title='bbox 3190 1669 3415 1742; x_wconf 83' lang='lat' dir='ltr'><strong>Christi,</strong></span> <span class='ocrx_word' id='word_1_351' title='bbox 3448 1679 3548 1732; x_wconf 86' lang='lat' dir='ltr'><strong>nec</strong></span> 
     </span>
    </p>
   </div>
   <div class='ocr_carea' id='block_1_48' title="bbox 1969 1763 3550 1840">
    <p class='ocr_par' dir='ltr' id='par_1_48' title="bbox 1969 1763 3550 1840">
     <span class='ocr_line' id='line_1_48' title="bbox 1969 1763 3550 1840; baseline -0.008 -8"><span class='ocrx_word' id='word_1_352' title='bbox 1969 1773 2170 1832; x_wconf 84' lang='lat' dir='ltr'><strong>habere</strong></span> <span class='ocrx_word' id='word_1_353' title='bbox 2208 1781 2309 1829; x_wconf 86' lang='lat' dir='ltr'><strong>nos</strong></span> <span class='ocrx_word' id='word_1_354' title='bbox 2353 1783 2537 1828; x_wconf 88' lang='lat' dir='ltr'><strong>semen</strong></span> <span class='ocrx_word' id='word_1_355' title='bbox 2571 1767 2828 1836; x_wconf 66' lang='lat' dir='ltr'><strong>Abrahae;</strong></span> <span class='ocrx_word' id='word_1_356' title='bbox 2859 1763 2955 1824; x_wconf 88' lang='lat' dir='ltr'><strong>sed</strong></span> <span class='ocrx_word' id='word_1_357' title='bbox 2977 1767 3202 1840; x_wconf 80' lang='lat' dir='ltr'><strong>prolatis</strong></span> <span class='ocrx_word' id='word_1_358' title='bbox 3230 1764 3550 1823; x_wconf 84' lang='lat' dir='ltr'><strong>certissimis</strong></span> 
     </span>
    </p>
   </div>
   <div class='ocr_carea' id='block_1_49' title="bbox 1971 1854 3550 1931">
    <p class='ocr_par' dir='ltr' id='par_1_49' title="bbox 1971 1854 3550 1931">
     <span class='ocr_line' id='line_1_49' title="bbox 1971 1854 3550 1931; baseline -0.007 -7"><span class='ocrx_word' id='word_1_359' title='bbox 1971 1865 2308 1924; x_wconf 77' lang='lat' dir='ltr'><strong>documentis</strong></span> <span class='ocrx_word' id='word_1_360' title='bbox 2347 1873 2560 1922; x_wconf 72' lang='lat' dir='ltr'><strong>nostra:</strong></span> <span class='ocrx_word' id='word_1_361' title='bbox 2611 1861 2908 1919; x_wconf 78' lang='lat' dir='ltr'><strong>vocationis</strong></span> <span class='ocrx_word' id='word_1_362' title='bbox 2941 1854 3455 1931; x_wconf 80' lang='lat' dir='ltr'><strong>justillcatiunisquc</strong></span> <span class='ocrx_word' id='word_1_363' title='bbox 3494 1863 3550 1914; x_wconf 88' lang='lat' dir='ltr'><strong>et</strong></span> 
     </span>
    </p>
   </div>
   <div class='ocr_carea' id='block_1_50' title="bbox 1970 1949 3548 2034">
    <p class='ocr_par' dir='ltr' id='par_1_50' title="bbox 1970 1949 3548 2034">
     <span class='ocr_line' id='line_1_50' title="bbox 1970 1949 3548 2034; baseline -0.004 -18"><span class='ocrx_word' id='word_1_364' title='bbox 1970 1958 2399 2034; x_wconf 83' lang='lat' dir='ltr'><strong>gloriﬁcalionis,</strong></span> <span class='ocrx_word' id='word_1_365' title='bbox 2423 1959 2752 2016; x_wconf 68' lang='lat' dir='ltr'><strong>erubestunt</strong></span> <span class='ocrx_word' id='word_1_366' title='bbox 2786 1959 2902 2015; x_wconf 82' lang='lat' dir='ltr'><strong>sin‘e</strong></span> <span class='ocrx_word' id='word_1_367' title='bbox 2933 1949 3094 2012; x_wconf 82' lang='lat' dir='ltr'><strong>dubio</strong></span> <span class='ocrx_word' id='word_1_368' title='bbox 3123 1958 3177 2014; x_wconf 90' lang='lat' dir='ltr'><strong>et</strong></span> <span class='ocrx_word' id='word_1_369' title='bbox 3206 1950 3548 2013; x_wconf 81' lang='lat' dir='ltr'><strong>c0nl‘undun-</strong></span> 
     </span>
    </p>
   </div>
   <div class='ocr_carea' id='block_1_51' title="bbox 1969 2046 3550 2126">
    <p class='ocr_par' dir='ltr' id='par_1_51' title="bbox 1969 2046 3550 2126">
     <span class='ocr_line' id='line_1_51' title="bbox 1969 2046 3550 2126; baseline -0.003 -16"><span class='ocrx_word' id='word_1_370' title='bbox 1969 2063 2076 2122; x_wconf 90' lang='lat' dir='ltr'><strong>tur,</strong></span> <span class='ocrx_word' id='word_1_371' title='bbox 2103 2062 2157 2110; x_wconf 91' lang='lat' dir='ltr'><strong>et</strong></span> <span class='ocrx_word' id='word_1_372' title='bbox 2185 2071 2282 2110; x_wconf 90' lang='lat' dir='ltr'><strong>nos</strong></span> <span class='ocrx_word' id='word_1_373' title='bbox 2319 2053 2490 2126; x_wconf 83' lang='lat' dir='ltr'><strong>magis</strong></span> <span class='ocrx_word' id='word_1_374' title='bbox 2515 2061 2678 2124; x_wconf 85' lang='lat' dir='ltr'><strong>quam</strong></span> <span class='ocrx_word' id='word_1_375' title='bbox 2705 2061 2764 2109; x_wconf 85' lang='lat' dir='ltr'><strong>se</strong></span> <span class='ocrx_word' id='word_1_376' title='bbox 2782 2046 3108 2124; x_wconf 86' lang='lat' dir='ltr'><strong>justilicatos</strong></span> <span class='ocrx_word' id='word_1_377' title='bbox 3135 2057 3258 2109; x_wconf 76' lang='lat' dir='ltr'><strong>esSe</strong></span> <span class='ocrx_word' id='word_1_378' title='bbox 3302 2047 3550 2106; x_wconf 86' lang='lat' dir='ltr'><strong>fatebun-</strong></span> 
     </span>
    </p>
   </div>
   <div class='ocr_carea' id='block_1_52' title="bbox 1971 2131 3548 2218">
    <p class='ocr_par' dir='ltr' id='par_1_52' title="bbox 1971 2131 3548 2218">
     <span class='ocr_line' id='line_1_52' title="bbox 1971 2131 3548 2218; baseline -0.004 -15"><span class='ocrx_word' id='word_1_379' title='bbox 1971 2155 2078 2204; x_wconf 91' lang='lat' dir='ltr'><strong>tur.</strong></span> <span class='ocrx_word' id='word_1_380' title='bbox 2128 2131 2358 2218; x_wconf 72' lang='lat' dir='ltr'><strong>Pig‘nora</strong></span> <span class='ocrx_word' id='word_1_381' title='bbox 2402 2146 2546 2201; x_wconf 90' lang='lat' dir='ltr'><strong>enim</strong></span> <span class='ocrx_word' id='word_1_382' title='bbox 2589 2143 2754 2200; x_wconf 89' lang='lat' dir='ltr'><strong>refert</strong></span> <span class='ocrx_word' id='word_1_383' title='bbox 2799 2135 3000 2200; x_wconf 82' lang='lat' dir='ltr'><strong>habere</strong></span> <span class='ocrx_word' id='word_1_384' title='bbox 3051 2147 3236 2200; x_wconf 71' lang='lat' dir='ltr'><strong>Secum</strong></span> <span class='ocrx_word' id='word_1_385' title='bbox 3281 2139 3548 2200; x_wconf 86' lang='lat' dir='ltr'><strong>Ecclesia.</strong></span> 
     </span>
    </p>
   </div>
   <div class='ocr_carea' id='block_1_53' title="bbox 1967 2227 3596 2312">
    <p class='ocr_par' dir='ltr' id='par_1_53' title="bbox 1967 2227 3596 2312">
     <span class='ocr_line' id='line_1_53' title="bbox 1967 2227 3596 2312; baseline -0.002 -14"><span class='ocrx_word' id='word_1_386' title='bbox 1967 2243 2272 2298; x_wconf 75' lang='lat' dir='ltr'><strong>Acchsatur</strong></span> <span class='ocrx_word' id='word_1_387' title='bbox 2303 2227 2464 2297; x_wconf 62' lang='lat' dir='ltr'><strong>’enim</strong></span> <span class='ocrx_word' id='word_1_388' title='bbox 2494 2258 2524 2296; x_wconf 88' lang='lat' dir='ltr'><strong>a</strong></span> <span class='ocrx_word' id='word_1_389' title='bbox 2568 2237 2767 2298; x_wconf 58' lang='lat' dir='ltr'><strong>ludatis</strong></span> <span class='ocrx_word' id='word_1_390' title='bbox 2807 2241 2962 2312; x_wconf 89' lang='lat' dir='ltr'><strong>quasi</strong></span> <span class='ocrx_word' id='word_1_391' title='bbox 3001 2234 3354 2297; x_wconf 80' lang='lat' dir='ltr'><strong>adulteratrix</strong></span> <span class='ocrx_word' id='word_1_392' title='bbox 3381 2237 3550 2311; x_wconf 80' lang='lat' dir='ltr'><strong>legis;</strong></span> <span class='ocrx_word' id='word_1_393' title='bbox 3588 2237 3596 2244; x_wconf 86' lang='grc'><em>’</em></span> 
     </span>
    </p>
   </div>
   <div class='ocr_carea' id='block_1_54' title="bbox 1971 2323 3552 2404">
    <p class='ocr_par' dir='ltr' id='par_1_54' title="bbox 1971 2323 3552 2404">
     <span class='ocr_line' id='line_1_54' title="bbox 1971 2323 3552 2404; baseline -0.003 -16"><span class='ocrx_word' id='word_1_394' title='bbox 1971 2333 2063 2388; x_wconf 86' lang='lat' dir='ltr'><strong>&#39;sed</strong></span> <span class='ocrx_word' id='word_1_395' title='bbox 2087 2329 2322 2388; x_wconf 85' lang='lat' dir='ltr'><strong>ostendit</strong></span> <span class='ocrx_word' id='word_1_396' title='bbox 2361 2331 2565 2403; x_wconf 83' lang='lat' dir='ltr'><strong>virgam</strong></span> <span class='ocrx_word' id='word_1_397' title='bbox 2602 2333 2812 2404; x_wconf 86' lang='lat' dir='ltr'><strong>signum</strong></span> <span class='ocrx_word' id='word_1_398' title='bbox 2848 2331 3134 2403; x_wconf 86' lang='lat' dir='ltr'><strong>passionis,</strong></span> <span class='ocrx_word' id='word_1_399' title='bbox 3159 2338 3214 2386; x_wconf 90' lang='lat' dir='ltr'><strong>et</strong></span> <span class='ocrx_word' id='word_1_400' title='bbox 3247 2325 3446 2385; x_wconf 80' lang='lat' dir='ltr'><strong>monile</strong></span> <span class='ocrx_word' id='word_1_401' title='bbox 3473 2323 3552 2384; x_wconf 71' lang='lat' dir='ltr'><strong>te.</strong></span> 
     </span>
    </p>
   </div>
   <div class='ocr_carea' id='block_1_55' title="bbox 1971 2411 3552 2496">
    <p class='ocr_par' dir='ltr' id='par_1_55' title="bbox 1971 2411 3552 2496">
     <span class='ocr_line' id='line_1_55' title="bbox 1971 2411 3552 2496; baseline -0.002 -18"><span class='ocrx_word' id='word_1_402' title='bbox 1971 2422 2054 2496; x_wconf 85' lang='lat' dir='ltr'><strong>gis</strong></span> <span class='ocrx_word' id='word_1_403' title='bbox 2076 2411 2335 2496; x_wconf 79' lang='lat' dir='ltr'><strong>legitima,</strong></span> <span class='ocrx_word' id='word_1_404' title='bbox 2363 2429 2417 2478; x_wconf 84' lang='lat' dir='ltr'><strong>’et</strong></span> <span class='ocrx_word' id='word_1_405' title='bbox 2440 2423 2696 2478; x_wconf 86' lang='lat' dir='ltr'><strong>annulum</strong></span> <span class='ocrx_word' id='word_1_406' title='bbox 2720 2419 2912 2494; x_wconf 84' lang='lat' dir='ltr'><strong>pignus</strong></span> <span class='ocrx_word' id='word_1_407' title='bbox 2933 2415 3376 2478; x_wconf 77' lang='lat' dir='ltr'><strong>immortalitatis.</strong></span> <span class='ocrx_word' id='word_1_408' title='bbox 3396 2411 3552 2490; x_wconf 78' lang='lat' dir='ltr'><strong>Quod</strong></span> 
     </span>
    </p>
   </div>
   <div class='ocr_carea' id='block_1_56' title="bbox 1973 2507 3556 2588">
    <p class='ocr_par' dir='ltr' id='par_1_56' title="bbox 1973 2507 3556 2588">
     <span class='ocr_line' id='line_1_56' title="bbox 1973 2507 3556 2588; baseline -0.003 -16"><span class='ocrx_word' id='word_1_409' title='bbox 1973 2523 2154 2572; x_wconf 85' lang='lat' dir='ltr'><strong>autem</strong></span> <span class='ocrx_word' id='word_1_410' title='bbox 2182 2516 2460 2588; x_wconf 82' lang='lat' dir='ltr'><strong>Scriptura</strong></span> <span class='ocrx_word' id='word_1_411' title='bbox 2497 2513 2702 2572; x_wconf 84' lang='lat' dir='ltr'><strong>inducit</strong></span> <span class='ocrx_word' id='word_1_412' title='bbox 2727 2513 3017 2586; x_wconf 74' lang='lat' dir='ltr'><strong>patientem</strong></span> <span class='ocrx_word' id='word_1_413' title='bbox 3055 2507 3317 2579; x_wconf 75' lang='lat' dir='ltr'><strong>Thamar,</strong></span> <span class='ocrx_word' id='word_1_414' title='bbox 3343 2519 3398 2568; x_wconf 86' lang='lat' dir='ltr'><strong>et</strong></span> <span class='ocrx_word' id='word_1_415' title='bbox 3422 2513 3556 2568; x_wconf 83' lang='lat' dir='ltr'><strong>duos</strong></span> 
     </span>
    </p>
   </div>
   <div class='ocr_carea' id='block_1_57' title="bbox 1973 2605 3551 2681">
    <p class='ocr_par' dir='ltr' id='par_1_57' title="bbox 1973 2605 3551 2681">
     <span class='ocr_line' id='line_1_57' title="bbox 1973 2605 3551 2681; baseline -0.003 -15"><span class='ocrx_word' id='word_1_416' title='bbox 1973 2609 2029 2666; x_wconf 91' lang='lat' dir='ltr'><strong>in</strong></span> <span class='ocrx_word' id='word_1_417' title='bbox 2053 2616 2210 2666; x_wconf 84' lang='lat' dir='ltr'><strong>&#39;utero</strong></span> <span class='ocrx_word' id='word_1_418' title='bbox 2230 2611 2474 2681; x_wconf 81' lang='lat' dir='ltr'><strong>geminos</strong></span> <span class='ocrx_word' id='word_1_419' title='bbox 2499 2607 2808 2676; x_wconf 85' lang='lat' dir='ltr'><strong>habentem,</strong></span> <span class='ocrx_word' id='word_1_420' title='bbox 2837 2613 3065 2680; x_wconf 78' lang='lat' dir='ltr'><strong>quorum</strong></span> <span class='ocrx_word' id='word_1_421' title='bbox 3089 2605 3297 2680; x_wconf 80' lang='lat' dir='ltr'><strong>primus</strong></span> <span class='ocrx_word' id='word_1_422' title='bbox 3325 2606 3551 2672; x_wconf 76' lang='lat' dir='ltr'><strong>scilicet,</strong></span> 
     </span>
    </p>
   </div>
   <div class='ocr_carea' id='block_1_58' title="bbox 1973 2697 3557 2774">
    <p class='ocr_par' dir='ltr' id='par_1_58' title="bbox 1973 2697 3557 2774">
     <span class='ocr_line' id='line_1_58' title="bbox 1973 2697 3557 2774; baseline -0.003 -17"><span class='ocrx_word' id='word_1_423' title='bbox 1973 2703 2066 2774; x_wconf 91' lang='lat' dir='ltr'><strong>qui</strong></span> <span class='ocrx_word' id='word_1_424' title='bbox 2107 2701 2306 2758; x_wconf 88' lang='lat' dir='ltr'><strong>dicitur</strong></span> <span class='ocrx_word' id='word_1_425' title='bbox 2345 2699 2503 2768; x_wconf 87' lang='lat' dir='ltr'><strong>Zara,</strong></span> <span class='ocrx_word' id='word_1_426' title='bbox 2534 2697 2683 2758; x_wconf 90' lang='lat' dir='ltr'><strong>misit</strong></span> <span class='ocrx_word' id='word_1_427' title='bbox 2721 2709 2940 2758; x_wconf 85' lang='lat' dir='ltr'><strong>manum</strong></span> <span class='ocrx_word' id='word_1_428' title='bbox 2991 2706 3166 2767; x_wconf 83' lang='lat' dir='ltr'><strong>suam,</strong></span> <span class='ocrx_word' id='word_1_429' title='bbox 3193 2699 3249 2756; x_wconf 85' lang='lat' dir='ltr'><strong>et</strong></span> <span class='ocrx_word' id='word_1_430' title='bbox 3291 2698 3557 2756; x_wconf 70' lang='lat' dir='ltr'><strong>obstetrit</strong></span> 
     </span>
    </p>
   </div>
   <div class='ocr_carea' id='block_1_59' title="bbox 1973 2783 3556 2874">
    <p class='ocr_par' dir='ltr' id='par_1_59' title="bbox 1973 2783 3556 2874">
     <span class='ocr_line' id='line_1_59' title="bbox 1973 2783 3556 2874; baseline -0.003 -26"><span class='ocrx_word' id='word_1_431' title='bbox 1973 2783 2160 2867; x_wconf 76' lang='lat' dir='ltr'><strong>ligavit</strong></span> <span class='ocrx_word' id='word_1_432' title='bbox 2205 2793 2506 2860; x_wconf 90' lang='lat' dir='ltr'><strong>coccinum,</strong></span> <span class='ocrx_word' id='word_1_433' title='bbox 2535 2789 2590 2848; x_wconf 92' lang='lat' dir='ltr'><strong>et</strong></span> <span class='ocrx_word' id='word_1_434' title='bbox 2615 2787 2810 2849; x_wconf 86' lang='lat' dir='ltr'><strong>dehinc</strong></span> <span class='ocrx_word' id='word_1_435' title='bbox 2841 2783 2933 2848; x_wconf 84' lang='lat' dir='ltr'><strong>ilio</strong></span> <span class='ocrx_word' id='word_1_436' title='bbox 2976 2800 3195 2847; x_wconf 87' lang='lat' dir='ltr'><strong>manum</strong></span> <span class='ocrx_word' id='word_1_437' title='bbox 3242 2791 3556 2874; x_wconf 72' lang='lat' dir='ltr'><strong>retrahente</strong></span> 
     </span>
    </p>
   </div>
   <div class='ocr_carea' id='block_1_60' title="bbox 1974 2877 3556 2956">
    <p class='ocr_par' dir='ltr' id='par_1_60' title="bbox 1974 2877 3556 2956">
     <span class='ocr_line' id='line_1_60' title="bbox 1974 2877 3556 2956; baseline -0.003 -15"><span class='ocrx_word' id='word_1_438' title='bbox 1974 2885 2321 2953; x_wconf 89' lang='lat' dir='ltr'><strong>intrinsecus,</strong></span> <span class='ocrx_word' id='word_1_439' title='bbox 2348 2883 2638 2956; x_wconf 81' lang='lat' dir='ltr'><strong>posterior,</strong></span> <span class='ocrx_word' id='word_1_440' title='bbox 2667 2885 2760 2956; x_wconf 88' lang='lat' dir='ltr'><strong>qui</strong></span> <span class='ocrx_word' id='word_1_441' title='bbox 2784 2877 2996 2940; x_wconf 78' lang='lat' dir='ltr'><strong>Phares</strong></span> <span class='ocrx_word' id='word_1_442' title='bbox 3027 2890 3275 2950; x_wconf 82' lang='lat' dir='ltr'><strong>vocatur,</strong></span> <span class='ocrx_word' id='word_1_443' title='bbox 3309 2881 3556 2954; x_wconf 85' lang='lat' dir='ltr'><strong>porrexit</strong></span> 
     </span>
    </p>
   </div>
   <div class='ocr_carea' id='block_1_61' title="bbox 1976 2973 3554 3048">
    <p class='ocr_par' dir='ltr' id='par_1_61' title="bbox 1976 2973 3554 3048">
     <span class='ocr_line' id='line_1_61' title="bbox 1976 2973 3554 3048; baseline -0.004 -16"><span class='ocrx_word' id='word_1_444' title='bbox 1976 2985 2219 3044; x_wconf 85' lang='lat' dir='ltr'><strong>manum,</strong></span> <span class='ocrx_word' id='word_1_445' title='bbox 2241 2981 2297 3032; x_wconf 87' lang='lat' dir='ltr'><strong>et</strong></span> <span class='ocrx_word' id='word_1_446' title='bbox 2327 2977 2598 3032; x_wconf 81' lang='lat' dir='ltr'><strong>nascendo</strong></span> <span class='ocrx_word' id='word_1_447' title='bbox 2629 2975 2927 3047; x_wconf 75' lang='lat' dir='ltr'><strong>praecessit,</strong></span> <span class='ocrx_word' id='word_1_448' title='bbox 2963 2973 3258 3048; x_wconf 84' lang='lat' dir='ltr'><strong>ligulariter</strong></span> <span class='ocrx_word' id='word_1_449' title='bbox 3288 2973 3554 3044; x_wconf 79' lang='lat' dir='ltr'><strong>congruit,</strong></span> 
     </span>
    </p>
   </div>
   <div class='ocr_carea' id='block_1_62' title="bbox 1975 3057 3552 3141">
    <p class='ocr_par' dir='ltr' id='par_1_62' title="bbox 1975 3057 3552 3141">
     <span class='ocr_line' id='line_1_62' title="bbox 1975 3057 3552 3141; baseline -0.003 -18"><span class='ocrx_word' id='word_1_450' title='bbox 1975 3069 2118 3141; x_wconf 88' lang='lat' dir='ltr'><strong>quod</strong></span> <span class='ocrx_word' id='word_1_451' title='bbox 2163 3067 2482 3124; x_wconf 81' lang='lat' dir='ltr'><strong>extenderet</strong></span> <span class='ocrx_word' id='word_1_452' title='bbox 2505 3059 2670 3123; x_wconf 77' lang='lat' dir='ltr'><strong>lstael</strong></span> <span class='ocrx_word' id='word_1_453' title='bbox 2695 3067 2750 3122; x_wconf 84' lang='lat' dir='ltr'><strong>in</strong></span> <span class='ocrx_word' id='word_1_454' title='bbox 2780 3057 2913 3138; x_wconf 77' lang='lat' dir='ltr'><strong>legis</strong></span> <span class='ocrx_word' id='word_1_455' title='bbox 2947 3077 3113 3138; x_wconf 85' lang='lat' dir='ltr'><strong>opera</strong></span> <span class='ocrx_word' id='word_1_456' title='bbox 3137 3070 3359 3121; x_wconf 81' lang='lat' dir='ltr'><strong>manum</strong></span> <span class='ocrx_word' id='word_1_457' title='bbox 3382 3071 3552 3129; x_wconf 86' lang='lat' dir='ltr'><strong>suam,</strong></span> 
     </span>
    </p>
   </div>
   <div class='ocr_carea' id='block_1_63' title="bbox 1974 3147 3558 3232">
    <p class='ocr_par' dir='ltr' id='par_1_63' title="bbox 1974 3147 3558 3232">
     <span class='ocr_line' id='line_1_63' title="bbox 1974 3147 3558 3232; baseline -0.001 -18"><span class='ocrx_word' id='word_1_458' title='bbox 1974 3165 2029 3215; x_wconf 82' lang='lat' dir='ltr'><strong>ct</strong></span> <span class='ocrx_word' id='word_1_459' title='bbox 2058 3167 2180 3215; x_wconf 84' lang='lat' dir='ltr'><strong>eam</strong></span> <span class='ocrx_word' id='word_1_460' title='bbox 2225 3161 2612 3232; x_wconf 78' lang='lat' dir='ltr'><strong>prophetarum</strong></span> <span class='ocrx_word' id='word_1_461' title='bbox 2651 3166 2708 3214; x_wconf 81' lang='lat' dir='ltr'><strong>et</strong></span> <span class='ocrx_word' id='word_1_462' title='bbox 2744 3155 2913 3230; x_wconf 79' lang='lat' dir='ltr'><strong>ipsius</strong></span> <span class='ocrx_word' id='word_1_463' title='bbox 2953 3155 3252 3215; x_wconf 79' lang='lat' dir='ltr'><strong>Salvaturis</strong></span> <span class='ocrx_word' id='word_1_464' title='bbox 3299 3147 3558 3230; x_wconf 76' lang='lat' dir='ltr'><strong>pollutam</strong></span> 
     </span>
    </p>
   </div>
   <div class='ocr_carea' id='block_1_64' title="bbox 1975 3240 3561 3320">
    <p class='ocr_par' dir='ltr' id='par_1_64' title="bbox 1975 3240 3561 3320">
     <span class='ocr_line' id='line_1_64' title="bbox 1975 3240 3561 3320; baseline -0.003 -13"><span class='ocrx_word' id='word_1_465' title='bbox 1975 3257 2170 3307; x_wconf 77' lang='lat' dir='ltr'><strong>cruore</strong></span> <span class='ocrx_word' id='word_1_466' title='bbox 2211 3241 2574 3316; x_wconf 84' lang='lat' dir='ltr'><strong>contraxerit;</strong></span> <span class='ocrx_word' id='word_1_467' title='bbox 2611 3252 2799 3320; x_wconf 83' lang='lat' dir='ltr'><strong>postea</strong></span> <span class='ocrx_word' id='word_1_468' title='bbox 2827 3253 2958 3304; x_wconf 66' lang='lat' dir='ltr'><strong>Vero</strong></span> <span class='ocrx_word' id='word_1_469' title='bbox 2983 3241 3292 3320; x_wconf 81' lang='lat' dir='ltr'><strong>proruperit</strong></span> <span class='ocrx_word' id='word_1_470' title='bbox 3329 3240 3561 3318; x_wconf 79' lang='lat' dir='ltr'><strong>populus</strong></span> 
     </span>
    </p>
   </div>
   <div class='ocr_carea' id='block_1_65' title="bbox 1897 3293 3562 3416">
    <p class='ocr_par' dir='ltr' id='par_1_65' title="bbox 1897 3293 3562 3416">
     <span class='ocr_line' id='line_1_65' title="bbox 1897 3293 3562 3416; baseline -0.004 -18"><span class='ocrx_word' id='word_1_471' title='bbox 1897 3293 1945 3377; x_wconf 57' lang='grc' dir='ltr'>α</span> <span class='ocrx_word' id='word_1_472' title='bbox 1977 3341 2217 3416; x_wconf 75' lang='lat' dir='ltr'><strong>gentium</strong></span> <span class='ocrx_word' id='word_1_473' title='bbox 2250 3330 2477 3410; x_wconf 80' lang='lat' dir='ltr'><strong>scilicet,</strong></span> <span class='ocrx_word' id='word_1_474' title='bbox 2497 3293 2746 3396; x_wconf 54' lang='lat' dir='ltr'><strong>ut’itituﬂ</strong></span> <span class='ocrx_word' id='word_1_475' title='bbox 2772 3343 2954 3397; x_wconf 74' lang='lat' dir='ltr'><strong>eSsent</strong></span> <span class='ocrx_word' id='word_1_476' title='bbox 2979 3293 3262 3395; x_wconf 59' lang='lat' dir='ltr'><strong>novissimi</strong></span> <span class='ocrx_word' id='word_1_477' title='bbox 3288 3293 3380 3408; x_wconf 61' lang='lat' dir='ltr'><strong>qui</strong></span> <span class='ocrx_word' id='word_1_478' title='bbox 3403 3293 3562 3392; x_wconf 54' lang='lat' dir='ltr'><strong>grant</strong></span> 
     </span>
    </p>
   </div>
   <div class='ocr_carea' id='block_1_66' title="bbox 1976 3427 3460 3509">
    <p class='ocr_par' dir='ltr' id='par_1_66' title="bbox 1976 3427 3460 3509">
     <span class='ocr_line' id='line_1_66' title="bbox 1976 3427 3460 3509; baseline -0.005 -17"><span class='ocrx_word' id='word_1_479' title='bbox 1976 3433 2160 3509; x_wconf 86' lang='lat' dir='ltr'><strong>primi,</strong></span> <span class='ocrx_word' id='word_1_480' title='bbox 2191 3433 2247 3493; x_wconf 86' lang='lat' dir='ltr'><strong>et</strong></span> <span class='ocrx_word' id='word_1_481' title='bbox 2270 3431 2433 3508; x_wconf 80' lang='lat' dir='ltr'><strong>primi</strong></span> <span class='ocrx_word' id='word_1_482' title='bbox 2461 3427 2629 3491; x_wconf 85' lang='lat' dir='ltr'><strong>futuri</strong></span> <span class='ocrx_word' id='word_1_483' title='bbox 2658 3439 2840 3491; x_wconf 75' lang='lat' dir='ltr'><strong>esSent</strong></span> <span class='ocrx_word' id='word_1_484' title='bbox 2869 3433 2960 3506; x_wconf 88' lang='lat' dir='ltr'><strong>qui</strong></span> <span class='ocrx_word' id='word_1_485' title='bbox 2985 3431 3144 3490; x_wconf 82' lang='lat' dir='ltr'><strong>erant</strong></span> <span class='ocrx_word' id='word_1_486' title='bbox 3165 3427 3460 3488; x_wconf 81' lang='lat' dir='ltr'><strong>novissimi.</strong></span> 
     </span>
    </p>
   </div>
   <div class='ocr_carea' id='block_1_67' title="bbox 290 3559 3554 3606">
    <p class='ocr_par' dir='ltr' id='par_1_67' title="bbox 290 3559 3554 3606">
     <span class='ocr_line' id='line_1_67' title="bbox 290 3559 3554 3606; baseline 0 -4"><span class='ocrx_word' id='word_1_487' title='bbox 290 3559 3554 3606; x_wconf 44' lang='grc' dir='ltr'><strong>*ψ’-Μ*-</strong></span> 
     </span>
    </p>
   </div>
   <div class='ocr_carea' id='block_1_68' title="bbox 1471 3676 2346 3784">
    <p class='ocr_par' dir='ltr' id='par_1_68' title="bbox 1471 3676 2346 3784">
     <span class='ocr_line' id='line_1_68' title="bbox 1471 3676 2346 3784; baseline -0.002 -15"><span class='ocrx_word' id='word_1_488' title='bbox 1471 3676 1766 3770; x_wconf 77' lang='lat' dir='ltr'><strong>LIBER</strong></span> <span class='ocrx_word' id='word_1_489' title='bbox 1839 3681 2346 3784; x_wconf 76' lang='lat' dir='ltr'><strong>QUARTUS.</strong></span> 
     </span>
    </p>
   </div>
   <div class='ocr_carea' id='block_1_69' title="bbox 796 3958 1347 4033">
    <p class='ocr_par' dir='ltr' id='par_1_69' title="bbox 796 3958 1347 4033">
     <span class='ocr_line' id='line_1_69' title="bbox 796 3958 1347 4033; baseline 0.004 -4"><span class='ocrx_word' id='word_1_490' title='bbox 796 3958 1024 4031; x_wconf 66' lang='lat' dir='ltr'><strong>CAPUT</strong></span> <span class='ocrx_word' id='word_1_491' title='bbox 1059 3963 1347 4033; x_wconf 75' lang='lat' dir='ltr'><strong>PRIMUM.</strong></span> 
     </span>
    </p>
   </div>
   <div class='ocr_carea' id='block_1_70' title="bbox 279 4053 1874 4140">
    <p class='ocr_par' dir='ltr' id='par_1_70' title="bbox 279 4053 1874 4140">
     <span class='ocr_line' id='line_1_70' title="bbox 279 4053 1874 4140; baseline 0.006 -22"><span class='ocrx_word' id='word_1_492' title='bbox 279 4061 366 4118; x_wconf 89' lang='lat' dir='ltr'><strong>De</strong></span> <span class='ocrx_word' id='word_1_493' title='bbox 399 4055 730 4140; x_wconf 68' lang='lat' dir='ltr'><strong>descensione</strong></span> <span class='ocrx_word' id='word_1_494' title='bbox 773 4053 965 4136; x_wconf 69' lang='lat' dir='ltr'><strong>Ioseph</strong></span> <span class='ocrx_word' id='word_1_495' title='bbox 1007 4064 1062 4122; x_wconf 89' lang='lat' dir='ltr'><strong>in</strong></span> <span class='ocrx_word' id='word_1_496' title='bbox 1101 4057 1414 4140; x_wconf 65' lang='lat' dir='ltr'><strong>zEgyptum,</strong></span> <span class='ocrx_word' id='word_1_497' title='bbox 1449 4064 1506 4140; x_wconf 74' lang='lat' dir='ltr'><strong>et</strong></span> <span class='ocrx_word' id='word_1_498' title='bbox 1548 4069 1612 4126; x_wconf 85' lang='lat' dir='ltr'><strong>de</strong></span> <span class='ocrx_word' id='word_1_499' title='bbox 1657 4061 1874 4127; x_wconf 68' lang='lat' dir='ltr'><strong>libidine</strong></span> 
     </span>
    </p>
   </div>
   <div class='ocr_carea' id='block_1_71' title="bbox 380 4129 1774 4207">
    <p class='ocr_par' dir='ltr' id='par_1_71' title="bbox 380 4129 1774 4207">
     <span class='ocr_line' id='line_1_71' title="bbox 380 4129 1774 4207; baseline 0.008 -20"><span class='ocrx_word' id='word_1_500' title='bbox 380 4133 606 4188; x_wconf 64' lang='lat' dir='ltr'><strong>domina?</strong></span> <span class='ocrx_word' id='word_1_501' title='bbox 631 4129 816 4205; x_wconf 79' lang='lat' dir='ltr'><strong>ipsius,</strong></span> <span class='ocrx_word' id='word_1_502' title='bbox 842 4129 947 4207; x_wconf 71' lang='lat' dir='ltr'><strong>qua</strong></span> <span class='ocrx_word' id='word_1_503' title='bbox 973 4151 1092 4191; x_wconf 85' lang='lat' dir='ltr'><strong>cum</strong></span> <span class='ocrx_word' id='word_1_504' title='bbox 1131 4129 1201 4193; x_wconf 64' lang='grc' dir='ltr'><strong><em>εὖ</em></strong></span> <span class='ocrx_word' id='word_1_505' title='bbox 1213 4129 1564 4197; x_wconf 44' lang='lat' dir='ltr'><strong>&quot;concumbere</strong></span> <span class='ocrx_word' id='word_1_506' title='bbox 1590 4141 1774 4198; x_wconf 78' lang='lat' dir='ltr'><strong>uoluit.</strong></span> 
     </span>
    </p>
   </div>
   <div class='ocr_carea' id='block_1_72' title="bbox 359 4245 1868 4333">
    <p class='ocr_par' dir='ltr' id='par_1_72' title="bbox 359 4245 1868 4333">
     <span class='ocr_line' id='line_1_72' title="bbox 359 4245 1868 4333; baseline 0.007 -25"><span class='ocrx_word' id='word_1_507' title='bbox 359 4250 508 4324; x_wconf 71' lang='lat' dir='ltr'><strong>(CAP.</strong></span> <span class='ocrx_word' id='word_1_508' title='bbox 533 4245 744 4333; x_wconf 65' lang='lat' dir='ltr'><strong>nux.)</strong></span> <span class='ocrx_word' id='word_1_509' title='bbox 771 4252 944 4325; x_wconf 84' lang='lat' dir='ltr'><strong>Igitur</strong></span> <span class='ocrx_word' id='word_1_510' title='bbox 961 4247 1156 4328; x_wconf 67' lang='lat' dir='ltr'><strong>Ioseph</strong></span> <span class='ocrx_word' id='word_1_511' title='bbox 1179 4259 1367 4315; x_wconf 85' lang='lat' dir='ltr'><strong>ductus</strong></span> <span class='ocrx_word' id='word_1_512' title='bbox 1389 4271 1464 4316; x_wconf 89' lang='lat' dir='ltr'><strong>est</strong></span> <span class='ocrx_word' id='word_1_513' title='bbox 1482 4261 1538 4317; x_wconf 90' lang='lat' dir='ltr'><strong>in</strong></span> <span class='ocrx_word' id='word_1_514' title='bbox 1559 4261 1868 4333; x_wconf 58' lang='lat' dir='ltr'><strong>Egyptum.</strong></span> 
     </span>
    </p>
   </div>
   <div class='ocr_carea' id='block_1_73' title="bbox 281 4327 1872 4424">
    <p class='ocr_par' dir='ltr' id='par_1_73' title="bbox 281 4327 1872 4424">
     <span class='ocr_line' id='line_1_73' title="bbox 281 4327 1872 4424; baseline 0.006 -26"><span class='ocrx_word' id='word_1_515' title='bbox 281 4342 529 4415; x_wconf 86' lang='lat' dir='ltr'><strong>Emitque</strong></span> <span class='ocrx_word' id='word_1_516' title='bbox 547 4360 666 4398; x_wconf 88' lang='lat' dir='ltr'><strong>eum</strong></span> <span class='ocrx_word' id='word_1_517' title='bbox 691 4327 971 4416; x_wconf 69' lang='lat' dir='ltr'><strong>Putiphar,</strong></span> <span class='ocrx_word' id='word_1_518' title='bbox 996 4327 1262 4403; x_wconf 86' lang='lat' dir='ltr'><strong>eunuchus</strong></span> <span class='ocrx_word' id='word_1_519' title='bbox 1292 4347 1612 4418; x_wconf 79' lang='lat' dir='ltr'><strong>Pharaonis,</strong></span> <span class='ocrx_word' id='word_1_520' title='bbox 1635 4327 1872 4424; x_wconf 68' lang='lat' dir='ltr'><strong>princeps</strong></span> 
     </span>
    </p>
   </div>
   <div class='ocr_carea' id='block_1_74' title="bbox 280 4433 1872 4512">
    <p class='ocr_par' dir='ltr' id='par_1_74' title="bbox 280 4433 1872 4512">
     <span class='ocr_line' id='line_1_74' title="bbox 280 4433 1872 4512; baseline 0.004 -18"><span class='ocrx_word' id='word_1_521' title='bbox 280 4439 569 4506; x_wconf 69' lang='lat' dir='ltr'><strong>exercitus,</strong></span> <span class='ocrx_word' id='word_1_522' title='bbox 611 4440 692 4494; x_wconf 80' lang='lat' dir='ltr'><strong>uir</strong></span> <span class='ocrx_word' id='word_1_523' title='bbox 734 4433 1036 4512; x_wconf 65' lang='lat' dir='ltr'><strong>aEgyptius,</strong></span> <span class='ocrx_word' id='word_1_524' title='bbox 1074 4443 1142 4497; x_wconf 84' lang='lat' dir='ltr'><strong>de</strong></span> <span class='ocrx_word' id='word_1_525' title='bbox 1183 4460 1345 4498; x_wconf 82' lang='lat' dir='ltr'><strong>manu</strong></span> <span class='ocrx_word' id='word_1_526' title='bbox 1391 4443 1808 4512; x_wconf 78' lang='lat' dir='ltr'><strong>Ismuelitarum,</strong></span> <span class='ocrx_word' id='word_1_527' title='bbox 1838 4463 1872 4500; x_wconf 88' lang='lat' dir='ltr'><strong>a</strong></span> 
     </span>
    </p>
   </div>
   <div class='ocr_carea' id='block_1_75' title="bbox 281 4531 1872 4608">
    <p class='ocr_par' dir='ltr' id='par_1_75' title="bbox 281 4531 1872 4608">
     <span class='ocr_line' id='line_1_75' title="bbox 281 4531 1872 4608; baseline 0.004 -23"><span class='ocrx_word' id='word_1_528' title='bbox 281 4531 473 4603; x_wconf 79' lang='lat' dir='ltr'><strong>quibus</strong></span> <span class='ocrx_word' id='word_1_529' title='bbox 525 4534 804 4602; x_wconf 86' lang='lat' dir='ltr'><strong>perductus</strong></span> <span class='ocrx_word' id='word_1_530' title='bbox 854 4541 987 4587; x_wconf 88' lang='lat' dir='ltr'><strong>erat.</strong></span> <span class='ocrx_word' id='word_1_531' title='bbox 1043 4533 1113 4588; x_wconf 86' lang='lat' dir='ltr'><strong>Et</strong></span> <span class='ocrx_word' id='word_1_532' title='bbox 1165 4535 1394 4604; x_wconf 84' lang='lat' dir='ltr'><strong>possedit</strong></span> <span class='ocrx_word' id='word_1_533' title='bbox 1443 4553 1562 4590; x_wconf 86' lang='lat' dir='ltr'><strong>eum</strong></span> <span class='ocrx_word' id='word_1_534' title='bbox 1609 4534 1872 4608; x_wconf 86' lang='lat' dir='ltr'><strong>Putiphar</strong></span> 
     </span>
    </p>
   </div>
   <div class='ocr_carea' id='block_1_76' title="bbox 281 4621 1872 4696">
    <p class='ocr_par' dir='ltr' id='par_1_76' title="bbox 281 4621 1872 4696">
     <span class='ocr_line' id='line_1_76' title="bbox 281 4621 1872 4696; baseline 0.003 -16"><span class='ocrx_word' id='word_1_535' title='bbox 281 4623 453 4694; x_wconf 76' lang='lat' dir='ltr'><strong>spado</strong></span> <span class='ocrx_word' id='word_1_536' title='bbox 482 4621 796 4678; x_wconf 80' lang='lat' dir='ltr'><strong>Pharaonis.</strong></span> <span class='ocrx_word' id='word_1_537' title='bbox 841 4623 1110 4696; x_wconf 83' lang='lat' dir='ltr'><strong>(August.)</strong></span> <span class='ocrx_word' id='word_1_538' title='bbox 1151 4624 1233 4681; x_wconf 85' lang='lat' dir='ltr'><strong>Ad</strong></span> <span class='ocrx_word' id='word_1_539' title='bbox 1261 4627 1506 4682; x_wconf 87' lang='lat' dir='ltr'><strong>ordinem</strong></span> <span class='ocrx_word' id='word_1_540' title='bbox 1535 4628 1676 4684; x_wconf 90' lang='lat' dir='ltr'><strong>redit</strong></span> <span class='ocrx_word' id='word_1_541' title='bbox 1721 4627 1872 4684; x_wconf 89' lang='lat' dir='ltr'><strong>Scri-</strong></span> 
     </span>
    </p>
   </div>
   <div class='ocr_carea' id='block_1_77' title="bbox 282 4715 1877 4791">
    <p class='ocr_par' dir='ltr' id='par_1_77' title="bbox 282 4715 1877 4791">
     <span class='ocr_line' id='line_1_77' title="bbox 282 4715 1877 4791; baseline 0.005 -23"><span class='ocrx_word' id='word_1_542' title='bbox 282 4723 450 4786; x_wconf 89' lang='lat' dir='ltr'><strong>ptura</strong></span> <span class='ocrx_word' id='word_1_543' title='bbox 497 4715 638 4771; x_wconf 90' lang='lat' dir='ltr'><strong>unde</strong></span> <span class='ocrx_word' id='word_1_544' title='bbox 687 4723 1006 4782; x_wconf 82' lang='lat' dir='ltr'><strong>recesserat,</strong></span> <span class='ocrx_word' id='word_1_545' title='bbox 1037 4724 1099 4770; x_wconf 87' lang='lat' dir='ltr'><strong>ut</strong></span> <span class='ocrx_word' id='word_1_546' title='bbox 1142 4715 1236 4771; x_wconf 88' lang='lat' dir='ltr'><strong>illa</strong></span> <span class='ocrx_word' id='word_1_547' title='bbox 1279 4727 1532 4774; x_wconf 89' lang='lat' dir='ltr'><strong>narraret</strong></span> <span class='ocrx_word' id='word_1_548' title='bbox 1567 4734 1686 4789; x_wconf 64' lang='lat' dir='ltr'><strong>quae</strong></span> <span class='ocrx_word' id='word_1_549' title='bbox 1713 4735 1877 4791; x_wconf 86' lang='lat' dir='ltr'><strong>supra</strong></span> 
     </span>
    </p>
   </div>
   <div class='ocr_carea' id='block_1_78' title="bbox 283 4805 1874 4886">
    <p class='ocr_par' dir='ltr' id='par_1_78' title="bbox 283 4805 1874 4886">
     <span class='ocr_line' id='line_1_78' title="bbox 283 4805 1874 4886; baseline 0.002 -21"><span class='ocrx_word' id='word_1_550' title='bbox 283 4807 498 4880; x_wconf 77' lang='lat' dir='ltr'><strong>digesta</strong></span> <span class='ocrx_word' id='word_1_551' title='bbox 545 4816 689 4864; x_wconf 89' lang='lat' dir='ltr'><strong>sunt.</strong></span> <span class='ocrx_word' id='word_1_552' title='bbox 736 4809 903 4882; x_wconf 88' lang='lat' dir='ltr'><strong>Igitur</strong></span> <span class='ocrx_word' id='word_1_553' title='bbox 925 4808 1125 4884; x_wconf 69' lang='lat' dir='ltr'><strong>Ioseph</strong></span> <span class='ocrx_word' id='word_1_554' title='bbox 1172 4811 1451 4868; x_wconf 88' lang='lat' dir='ltr'><strong>descendit</strong></span> <span class='ocrx_word' id='word_1_555' title='bbox 1476 4805 1530 4868; x_wconf 89' lang='lat' dir='ltr'><strong>in</strong></span> <span class='ocrx_word' id='word_1_556' title='bbox 1557 4812 1874 4886; x_wconf 62' lang='lat' dir='ltr'><strong>Egyptum,</strong></span> 
     </span>
    </p>
   </div>
   <div class='ocr_carea' id='block_1_79' title="bbox 283 4898 1876 4975">
    <p class='ocr_par' dir='ltr' id='par_1_79' title="bbox 283 4898 1876 4975">
     <span class='ocr_line' id='line_1_79' title="bbox 283 4898 1876 4975; baseline 0.003 -17"><span class='ocrx_word' id='word_1_557' title='bbox 283 4907 348 4958; x_wconf 83' lang='lat' dir='ltr'><strong>et</strong></span> <span class='ocrx_word' id='word_1_558' title='bbox 369 4898 616 4957; x_wconf 86' lang='lat' dir='ltr'><strong>Christus</strong></span> <span class='ocrx_word' id='word_1_559' title='bbox 645 4902 698 4957; x_wconf 93' lang='lat' dir='ltr'><strong>in</strong></span> <span class='ocrx_word' id='word_1_560' title='bbox 727 4901 1008 4960; x_wconf 85' lang='lat' dir='ltr'><strong>mundum.</strong></span> <span class='ocrx_word' id='word_1_561' title='bbox 1055 4903 1308 4975; x_wconf 86' lang='lat' dir='ltr'><strong>Emitque</strong></span> <span class='ocrx_word' id='word_1_562' title='bbox 1337 4921 1459 4961; x_wconf 89' lang='lat' dir='ltr'><strong>eum</strong></span> <span class='ocrx_word' id='word_1_563' title='bbox 1486 4908 1789 4974; x_wconf 86' lang='lat' dir='ltr'><strong>eunuchus,</strong></span> <span class='ocrx_word' id='word_1_564' title='bbox 1823 4907 1876 4963; x_wconf 93' lang='lat' dir='ltr'><strong>id</strong></span> 
     </span>
    </p>
   </div>
   <div class='ocr_carea' id='block_1_80' title="bbox 288 4993 1629 5070">
    <p class='ocr_par' dir='ltr' id='par_1_80' title="bbox 288 4993 1629 5070">
     <span class='ocr_line' id='line_1_80' title="bbox 288 4993 1629 5070; baseline 0.004 -23"><span class='ocrx_word' id='word_1_565' title='bbox 288 5001 375 5048; x_wconf 90' lang='lat' dir='ltr'><strong>est</strong></span> <span class='ocrx_word' id='word_1_566' title='bbox 395 4999 574 5047; x_wconf 89' lang='lat' dir='ltr'><strong>castus</strong></span> <span class='ocrx_word' id='word_1_567' title='bbox 606 4993 659 5068; x_wconf 86' lang='lat' dir='ltr'><strong>in</strong></span> <span class='ocrx_word' id='word_1_568' title='bbox 688 4993 988 5064; x_wconf 86' lang='lat' dir='ltr'><strong>disciplinis</strong></span> <span class='ocrx_word' id='word_1_569' title='bbox 1029 4995 1354 5068; x_wconf 85' lang='lat' dir='ltr'><strong>evangelicis</strong></span> <span class='ocrx_word' id='word_1_570' title='bbox 1381 4997 1629 5070; x_wconf 91' lang='lat' dir='ltr'><strong>populus.</strong></span> 
     </span>
    </p>
   </div>
   <div class='ocr_carea' id='block_1_81' title="bbox 363 5082 1878 5155">
    <p class='ocr_par' dir='ltr' id='par_1_81' title="bbox 363 5082 1878 5155">
     <span class='ocr_line' id='line_1_81' title="bbox 363 5082 1878 5155; baseline 0.005 -18"><span class='ocrx_word' id='word_1_571' title='bbox 363 5082 591 5155; x_wconf 82' lang='lat' dir='ltr'><strong>Fuitque</strong></span> <span class='ocrx_word' id='word_1_572' title='bbox 631 5085 886 5141; x_wconf 84' lang='lat' dir='ltr'><strong>Dominus</strong></span> <span class='ocrx_word' id='word_1_573' title='bbox 930 5103 1050 5141; x_wconf 87' lang='lat' dir='ltr'><strong>cum</strong></span> <span class='ocrx_word' id='word_1_574' title='bbox 1096 5105 1179 5154; x_wconf 90' lang='lat' dir='ltr'><strong>eo,</strong></span> <span class='ocrx_word' id='word_1_575' title='bbox 1204 5099 1252 5142; x_wconf 90' lang='lat' dir='ltr'><strong>et</strong></span> <span class='ocrx_word' id='word_1_576' title='bbox 1301 5098 1412 5142; x_wconf 86' lang='lat' dir='ltr'><strong>erat</strong></span> <span class='ocrx_word' id='word_1_577' title='bbox 1461 5089 1541 5143; x_wconf 80' lang='lat' dir='ltr'><strong>vir</strong></span> <span class='ocrx_word' id='word_1_578' title='bbox 1577 5090 1634 5144; x_wconf 90' lang='lat' dir='ltr'><strong>in</strong></span> <span class='ocrx_word' id='word_1_579' title='bbox 1677 5090 1878 5145; x_wconf 83' lang='lat' dir='ltr'><strong>cunctis</strong></span> 
     </span>
    </p>
   </div>
   <div class='ocr_carea' id='block_1_82' title="bbox 291 5177 1877 5250">
    <p class='ocr_par' dir='ltr' id='par_1_82' title="bbox 291 5177 1877 5250">
     <span class='ocr_line' id='line_1_82' title="bbox 291 5177 1877 5250; baseline 0.004 -22"><span class='ocrx_word' id='word_1_580' title='bbox 291 5191 535 5247; x_wconf 79' lang='lat' dir='ltr'><strong>prospere</strong></span> <span class='ocrx_word' id='word_1_581' title='bbox 557 5193 745 5248; x_wconf 76' lang='lat' dir='ltr'><strong>agens,</strong></span> <span class='ocrx_word' id='word_1_582' title='bbox 770 5177 1140 5250; x_wconf 77' lang='lat' dir='ltr'><strong>habitabatque</strong></span> <span class='ocrx_word' id='word_1_583' title='bbox 1169 5180 1224 5232; x_wconf 87' lang='lat' dir='ltr'><strong>in</strong></span> <span class='ocrx_word' id='word_1_584' title='bbox 1253 5179 1408 5234; x_wconf 88' lang='lat' dir='ltr'><strong>domo</strong></span> <span class='ocrx_word' id='word_1_585' title='bbox 1433 5179 1633 5235; x_wconf 85' lang='lat' dir='ltr'><strong>domini</strong></span> <span class='ocrx_word' id='word_1_586' title='bbox 1662 5180 1764 5248; x_wconf 79' lang='lat' dir='ltr'><strong>sui,</strong></span> <span class='ocrx_word' id='word_1_587' title='bbox 1787 5181 1877 5250; x_wconf 86' lang='lat' dir='ltr'><strong>qui</strong></span> 
     </span>
    </p>
   </div>
   <div class='ocr_carea' id='block_1_83' title="bbox 217 5267 1879 5343">
    <p class='ocr_par' dir='ltr' id='par_1_83' title="bbox 217 5267 1879 5343">
     <span class='ocr_line' id='line_1_83' title="bbox 217 5267 1879 5343; baseline 0.004 -24"><span class='ocrx_word' id='word_1_588' title='bbox 217 5334 220 5338; x_wconf 16' lang='lat' dir='ltr'><strong>I</strong></span> <span class='ocrx_word' id='word_1_589' title='bbox 293 5267 485 5337; x_wconf 84' lang='lat' dir='ltr'><strong>optime</strong></span> <span class='ocrx_word' id='word_1_590' title='bbox 509 5277 718 5323; x_wconf 85' lang='lat' dir='ltr'><strong>noverat</strong></span> <span class='ocrx_word' id='word_1_591' title='bbox 753 5285 862 5324; x_wconf 78' lang='lat' dir='ltr'><strong>esse</strong></span> <span class='ocrx_word' id='word_1_592' title='bbox 892 5269 1172 5324; x_wconf 85' lang='lat' dir='ltr'><strong>Dominum</strong></span> <span class='ocrx_word' id='word_1_593' title='bbox 1200 5287 1316 5324; x_wconf 88' lang='lat' dir='ltr'><strong>cum</strong></span> <span class='ocrx_word' id='word_1_594' title='bbox 1344 5288 1426 5336; x_wconf 91' lang='lat' dir='ltr'><strong>eo,</strong></span> <span class='ocrx_word' id='word_1_595' title='bbox 1451 5279 1500 5324; x_wconf 89' lang='lat' dir='ltr'><strong>et</strong></span> <span class='ocrx_word' id='word_1_596' title='bbox 1542 5272 1719 5326; x_wconf 86' lang='lat' dir='ltr'><strong>omnia</strong></span> <span class='ocrx_word' id='word_1_597' title='bbox 1761 5288 1879 5343; x_wconf 76' lang='lat' dir='ltr'><strong>qua:</strong></span> 
     </span>
    </p>
   </div>
   <div class='ocr_carea' id='block_1_84' title="bbox 291 5358 1877 5434">
    <p class='ocr_par' dir='ltr' id='par_1_84' title="bbox 291 5358 1877 5434">
     <span class='ocr_line' id='line_1_84' title="bbox 291 5358 1877 5434; baseline 0.004 -23"><span class='ocrx_word' id='word_1_598' title='bbox 291 5367 490 5430; x_wconf 85' lang='lat' dir='ltr'><strong>gereret</strong></span> <span class='ocrx_word' id='word_1_599' title='bbox 519 5358 584 5412; x_wconf 90' lang='lat' dir='ltr'><strong>ab</strong></span> <span class='ocrx_word' id='word_1_600' title='bbox 611 5375 670 5413; x_wconf 89' lang='lat' dir='ltr'><strong>eo</strong></span> <span class='ocrx_word' id='word_1_601' title='bbox 697 5359 856 5430; x_wconf 59' lang='lat' dir='ltr'><strong>dir&#39;qi</strong></span> <span class='ocrx_word' id='word_1_602' title='bbox 892 5361 948 5414; x_wconf 90' lang='lat' dir='ltr'><strong>in</strong></span> <span class='ocrx_word' id='word_1_603' title='bbox 977 5376 1137 5415; x_wconf 89' lang='lat' dir='ltr'><strong>manu</strong></span> <span class='ocrx_word' id='word_1_604' title='bbox 1162 5361 1326 5416; x_wconf 86' lang='lat' dir='ltr'><strong>illius.</strong></span> <span class='ocrx_word' id='word_1_605' title='bbox 1353 5360 1656 5432; x_wconf 79' lang='lat' dir='ltr'><strong>Invenitque</strong></span> <span class='ocrx_word' id='word_1_606' title='bbox 1679 5361 1877 5434; x_wconf 82' lang='lat' dir='ltr'><strong>Joseplt</strong></span> 
     </span>
    </p>
   </div>
   <div class='ocr_carea' id='block_1_85' title="bbox 297 5449 1880 5525">
    <p class='ocr_par' dir='ltr' id='par_1_85' title="bbox 297 5449 1880 5525">
     <span class='ocr_line' id='line_1_85' title="bbox 297 5449 1880 5525; baseline 0.004 -23"><span class='ocrx_word' id='word_1_607' title='bbox 297 5449 519 5520; x_wconf 71' lang='lat' dir='ltr'><strong>gratiam</strong></span> <span class='ocrx_word' id='word_1_608' title='bbox 547 5465 724 5504; x_wconf 88' lang='lat' dir='ltr'><strong>coram</strong></span> <span class='ocrx_word' id='word_1_609' title='bbox 768 5451 982 5506; x_wconf 85' lang='lat' dir='ltr'><strong>domino</strong></span> <span class='ocrx_word' id='word_1_610' title='bbox 1021 5469 1153 5518; x_wconf 84' lang='lat' dir='ltr'><strong>suo,</strong></span> <span class='ocrx_word' id='word_1_611' title='bbox 1179 5461 1230 5506; x_wconf 87' lang='lat' dir='ltr'><strong>et</strong></span> <span class='ocrx_word' id='word_1_612' title='bbox 1255 5453 1584 5508; x_wconf 87' lang='lat' dir='ltr'><strong>ministrabat</strong></span> <span class='ocrx_word' id='word_1_613' title='bbox 1608 5455 1676 5507; x_wconf 85' lang='lat' dir='ltr'><strong>ei.</strong></span> <span class='ocrx_word' id='word_1_614' title='bbox 1706 5455 1747 5507; x_wconf 86' lang='grc' dir='ltr'><strong><em>Α</em></strong></span> <span class='ocrx_word' id='word_1_615' title='bbox 1776 5471 1880 5525; x_wconf 83' lang='lat' dir='ltr'><strong>quo</strong></span> 
     </span>
    </p>
   </div>
   <div class='ocr_carea' id='block_1_86' title="bbox 289 5541 1878 5612">
    <p class='ocr_par' dir='ltr' id='par_1_86' title="bbox 289 5541 1878 5612">
     <span class='ocr_line' id='line_1_86' title="bbox 289 5541 1878 5612; baseline 0.004 -19"><span class='ocrx_word' id='word_1_616' title='bbox 289 5541 606 5610; x_wconf 67' lang='lat' dir='ltr'><strong>praepositus</strong></span> <span class='ocrx_word' id='word_1_617' title='bbox 634 5541 892 5608; x_wconf 82' lang='lat' dir='ltr'><strong>omnibus,</strong></span> <span class='ocrx_word' id='word_1_618' title='bbox 906 5543 1226 5612; x_wconf 81' lang='lat' dir='ltr'><strong>gubernabat</strong></span> <span class='ocrx_word' id='word_1_619' title='bbox 1249 5544 1501 5600; x_wconf 83' lang='lat' dir='ltr'><strong>creditam</strong></span> <span class='ocrx_word' id='word_1_620' title='bbox 1523 5545 1622 5600; x_wconf 86' lang='lat' dir='ltr'><strong>sibi</strong></span> <span class='ocrx_word' id='word_1_621' title='bbox 1644 5545 1878 5610; x_wconf 83' lang='lat' dir='ltr'><strong>domum,</strong></span> 
     </span>
    </p>
   </div>
   <div class='ocr_carea' id='block_1_87' title="bbox 299 5630 1880 5707">
    <p class='ocr_par' dir='ltr' id='par_1_87' title="bbox 299 5630 1880 5707">
     <span class='ocr_line' id='line_1_87' title="bbox 299 5630 1880 5707; baseline 0.004 -23"><span class='ocrx_word' id='word_1_622' title='bbox 299 5639 350 5685; x_wconf 82' lang='lat' dir='ltr'><strong>et</strong></span> <span class='ocrx_word' id='word_1_623' title='bbox 379 5631 617 5686; x_wconf 75' lang='lat' dir='ltr'><strong>uniusne</strong></span> <span class='ocrx_word' id='word_1_624' title='bbox 643 5648 762 5702; x_wconf 68' lang='lat' dir='ltr'><strong>quia</strong></span> <span class='ocrx_word' id='word_1_625' title='bbox 790 5630 985 5685; x_wconf 82' lang='lat' dir='ltr'><strong>tradita</strong></span> <span class='ocrx_word' id='word_1_626' title='bbox 1015 5631 1246 5701; x_wconf 79' lang='lat' dir='ltr'><strong>fuerant.</strong></span> <span class='ocrx_word' id='word_1_627' title='bbox 1293 5635 1664 5707; x_wconf 71' lang='lat' dir='ltr'><strong>Benedixitque</strong></span> <span class='ocrx_word' id='word_1_628' title='bbox 1695 5631 1880 5691; x_wconf 85' lang='lat' dir='ltr'><strong>Domi-</strong></span> 
     </span>
    </p>
   </div>
   <div class='ocr_carea' id='block_1_88' title="bbox 301 5717 1884 5797">
    <p class='ocr_par' dir='ltr' id='par_1_88' title="bbox 301 5717 1884 5797">
     <span class='ocr_line' id='line_1_88' title="bbox 301 5717 1884 5797; baseline 0.004 -23"><span class='ocrx_word' id='word_1_629' title='bbox 301 5737 398 5775; x_wconf 81' lang='lat' dir='ltr'><strong>nus</strong></span> <span class='ocrx_word' id='word_1_630' title='bbox 439 5717 620 5774; x_wconf 80' lang='lat' dir='ltr'><strong>domui</strong></span> <span class='ocrx_word' id='word_1_631' title='bbox 661 5721 898 5793; x_wconf 61' lang='lat' dir='ltr'><strong>ngyptii</strong></span> <span class='ocrx_word' id='word_1_632' title='bbox 929 5732 1144 5792; x_wconf 85' lang='lat' dir='ltr'><strong>propter</strong></span> <span class='ocrx_word' id='word_1_633' title='bbox 1180 5723 1394 5796; x_wconf 75' lang='lat' dir='ltr'><strong>Ioseph,</strong></span> <span class='ocrx_word' id='word_1_634' title='bbox 1426 5733 1474 5780; x_wconf 87' lang='lat' dir='ltr'><strong>et</strong></span> <span class='ocrx_word' id='word_1_635' title='bbox 1518 5725 1884 5797; x_wconf 77' lang='lat' dir='ltr'><strong>multiplicauit</strong></span> 
     </span>
    </p>
   </div>
   <div class='ocr_carea' id='block_1_89' title="bbox 295 5815 1886 5890">
    <p class='ocr_par' dir='ltr' id='par_1_89' title="bbox 295 5815 1886 5890">
     <span class='ocr_line' id='line_1_89' title="bbox 295 5815 1886 5890; baseline 0.004 -22"><span class='ocrx_word' id='word_1_636' title='bbox 295 5822 406 5868; x_wconf 76' lang='lat' dir='ltr'><strong>tam</strong></span> <span class='ocrx_word' id='word_1_637' title='bbox 445 5815 501 5869; x_wconf 84' lang='lat' dir='ltr'><strong>in</strong></span> <span class='ocrx_word' id='word_1_638' title='bbox 546 5815 744 5870; x_wconf 68' lang='lat' dir='ltr'><strong>aedibus</strong></span> <span class='ocrx_word' id='word_1_639' title='bbox 768 5832 928 5887; x_wconf 85' lang='lat' dir='ltr'><strong>quam</strong></span> <span class='ocrx_word' id='word_1_640' title='bbox 955 5815 1011 5869; x_wconf 83' lang='lat' dir='ltr'><strong>in</strong></span> <span class='ocrx_word' id='word_1_641' title='bbox 1051 5816 1191 5888; x_wconf 81' lang='lat' dir='ltr'><strong>agris</strong></span> <span class='ocrx_word' id='word_1_642' title='bbox 1215 5827 1454 5871; x_wconf 88' lang='lat' dir='ltr'><strong>cunctam</strong></span> <span class='ocrx_word' id='word_1_643' title='bbox 1485 5835 1600 5890; x_wconf 62' lang='lat' dir='ltr'><strong>ejus</strong></span> <span class='ocrx_word' id='word_1_644' title='bbox 1641 5821 1886 5875; x_wconf 81' lang='lat' dir='ltr'><strong>substan-</strong></span> 
     </span>
    </p>
   </div>
   <div class='ocr_carea' id='block_1_90' title="bbox 306 5905 1882 5981">
    <p class='ocr_par' dir='ltr' id='par_1_90' title="bbox 306 5905 1882 5981">
     <span class='ocr_line' id='line_1_90' title="bbox 306 5905 1882 5981; baseline 0.003 -18"><span class='ocrx_word' id='word_1_645' title='bbox 306 5905 464 5972; x_wconf 79' lang='lat' dir='ltr'><strong>tiam;</strong></span> <span class='ocrx_word' id='word_1_646' title='bbox 495 5921 586 5960; x_wconf 86' lang='lat' dir='ltr'><strong>nec</strong></span> <span class='ocrx_word' id='word_1_647' title='bbox 635 5906 923 5981; x_wconf 83' lang='lat' dir='ltr'><strong>quidquam</strong></span> <span class='ocrx_word' id='word_1_648' title='bbox 961 5905 1109 5960; x_wconf 83' lang='lat' dir='ltr'><strong>aliud</strong></span> <span class='ocrx_word' id='word_1_649' title='bbox 1146 5918 1378 5975; x_wconf 81' lang='lat' dir='ltr'><strong>nouerat,</strong></span> <span class='ocrx_word' id='word_1_650' title='bbox 1409 5910 1508 5964; x_wconf 86' lang='lat' dir='ltr'><strong>nisi</strong></span> <span class='ocrx_word' id='word_1_651' title='bbox 1555 5929 1742 5981; x_wconf 87' lang='lat' dir='ltr'><strong>panem</strong></span> <span class='ocrx_word' id='word_1_652' title='bbox 1779 5929 1882 5979; x_wconf 88' lang='lat' dir='ltr'><strong>quo</strong></span> 
     </span>
    </p>
   </div>
   <div class='ocr_carea' id='block_1_91' title="bbox 1895 4585 1952 4647">
    <p class='ocr_par' dir='ltr' id='par_1_91' title="bbox 1895 4585 1952 4647">
     <span class='ocr_line' id='line_1_91' title="bbox 1895 4585 1952 4647; baseline 0 0"><span class='ocrx_word' id='word_1_653' title='bbox 1895 4585 1952 4647; x_wconf 75' lang='grc' dir='ltr'><strong>Β</strong></span> 
     </span>
    </p>
   </div>
   <div class='ocr_carea' id='block_1_92' title="bbox 1979 3967 3561 4056">
    <p class='ocr_par' dir='ltr' id='par_1_92' title="bbox 1979 3967 3561 4056">
     <span class='ocr_line' id='line_1_92' title="bbox 1979 3967 3561 4056; baseline -0.001 -18"><span class='ocrx_word' id='word_1_654' title='bbox 1979 3969 2299 4038; x_wconf 74' lang='lat' dir='ltr'><strong>vescebatur.</strong></span> <span class='ocrx_word' id='word_1_655' title='bbox 2331 3968 2538 4056; x_wconf 67' lang='grc' dir='ltr'><strong>(Βνεσ.)</strong></span> <span class='ocrx_word' id='word_1_656' title='bbox 2581 3977 2736 4054; x_wconf 79' lang='lat' dir='ltr'><strong>Saepe</strong></span> <span class='ocrx_word' id='word_1_657' title='bbox 2759 3967 3002 4038; x_wconf 81' lang='lat' dir='ltr'><strong>nonnulli</strong></span> <span class='ocrx_word' id='word_1_658' title='bbox 3033 3976 3267 4036; x_wconf 77' lang='lat' dir='ltr'><strong>humana</strong></span> <span class='ocrx_word' id='word_1_659' title='bbox 3294 3971 3561 4052; x_wconf 72' lang='lat' dir='ltr'><strong>sapientia</strong></span> 
     </span>
    </p>
   </div>
   <div class='ocr_carea' id='block_1_93' title="bbox 1977 4063 3564 4144">
    <p class='ocr_par' dir='ltr' id='par_1_93' title="bbox 1977 4063 3564 4144">
     <span class='ocr_line' id='line_1_93' title="bbox 1977 4063 3564 4144; baseline 0 -16"><span class='ocrx_word' id='word_1_660' title='bbox 1977 4067 2181 4141; x_wconf 82' lang='lat' dir='ltr'><strong>inflati,</strong></span> <span class='ocrx_word' id='word_1_661' title='bbox 2211 4069 2339 4128; x_wconf 88' lang='lat' dir='ltr'><strong>dum</strong></span> <span class='ocrx_word' id='word_1_662' title='bbox 2383 4063 2669 4130; x_wconf 75' lang='lat' dir='ltr'><strong>desideriis</strong></span> <span class='ocrx_word' id='word_1_663' title='bbox 2710 4070 2824 4130; x_wconf 86' lang='lat' dir='ltr'><strong>suis</strong></span> <span class='ocrx_word' id='word_1_664' title='bbox 2857 4066 3037 4130; x_wconf 80' lang='lat' dir='ltr'><strong>divina</strong></span> <span class='ocrx_word' id='word_1_665' title='bbox 3059 4068 3261 4144; x_wconf 76' lang='lat' dir='ltr'><strong>judicia</strong></span> <span class='ocrx_word' id='word_1_666' title='bbox 3290 4071 3564 4129; x_wconf 87' lang='lat' dir='ltr'><strong>contraire</strong></span> 
     </span>
    </p>
   </div>
   <div class='ocr_carea' id='block_1_94' title="bbox 1979 4157 3565 4238">
    <p class='ocr_par' dir='ltr' id='par_1_94' title="bbox 1979 4157 3565 4238">
     <span class='ocr_line' id='line_1_94' title="bbox 1979 4157 3565 4238; baseline 0 -17"><span class='ocrx_word' id='word_1_667' title='bbox 1979 4165 2341 4238; x_wconf 86' lang='lat' dir='ltr'><strong>conspiciunt,</strong></span> <span class='ocrx_word' id='word_1_668' title='bbox 2374 4167 2569 4224; x_wconf 84' lang='lat' dir='ltr'><strong>astutis</strong></span> <span class='ocrx_word' id='word_1_669' title='bbox 2608 4165 2726 4238; x_wconf 86' lang='lat' dir='ltr'><strong>ejus</strong></span> <span class='ocrx_word' id='word_1_670' title='bbox 2771 4157 3028 4223; x_wconf 83' lang='lat' dir='ltr'><strong>reluctari</strong></span> <span class='ocrx_word' id='word_1_671' title='bbox 3075 4158 3565 4222; x_wconf 86' lang='lat' dir='ltr'><strong>machinationibus</strong></span> 
     </span>
    </p>
   </div>
   <div class='ocr_carea' id='block_1_95' title="bbox 1981 4253 3660 4332">
    <p class='ocr_par' dir='ltr' id='par_1_95' title="bbox 1981 4253 3660 4332">
     <span class='ocr_line' id='line_1_95' title="bbox 1981 4253 3660 4332; baseline 0.001 -18"><span class='ocrx_word' id='word_1_672' title='bbox 1981 4263 2262 4326; x_wconf 82' lang='lat' dir='ltr'><strong>conantur,</strong></span> <span class='ocrx_word' id='word_1_673' title='bbox 2289 4267 2471 4332; x_wconf 78' lang='lat' dir='ltr'><strong>etquo</strong></span> <span class='ocrx_word' id='word_1_674' title='bbox 2499 4253 2567 4316; x_wconf 88' lang='lat' dir='ltr'><strong>ad</strong></span> <span class='ocrx_word' id='word_1_675' title='bbox 2593 4268 2777 4317; x_wconf 90' lang='lat' dir='ltr'><strong>votum</strong></span> <span class='ocrx_word' id='word_1_676' title='bbox 2801 4274 2956 4316; x_wconf 90' lang='lat' dir='ltr'><strong>suum</strong></span> <span class='ocrx_word' id='word_1_677' title='bbox 2974 4261 3086 4316; x_wconf 81' lang='lat' dir='ltr'><strong>vim</strong></span> <span class='ocrx_word' id='word_1_678' title='bbox 3109 4269 3356 4332; x_wconf 71' lang='lat' dir='ltr'><strong>superna:</strong></span> <span class='ocrx_word' id='word_1_679' title='bbox 3385 4255 3568 4332; x_wconf 82' lang='lat' dir='ltr'><strong>dispo—</strong></span> <span class='ocrx_word' id='word_1_680' title='bbox 3654 4281 3660 4284; x_wconf 89' lang='grc'><strong>·</strong></span> 
     </span>
    </p>
   </div>
   <div class='ocr_carea' id='block_1_96' title="bbox 1977 4347 3562 4428">
    <p class='ocr_par' dir='ltr' id='par_1_96' title="bbox 1977 4347 3562 4428">
     <span class='ocr_line' id='line_1_96' title="bbox 1977 4347 3562 4428; baseline 0.003 -22"><span class='ocrx_word' id='word_1_681' title='bbox 1977 4351 2194 4408; x_wconf 85' lang='lat' dir='ltr'><strong>sitionis</strong></span> <span class='ocrx_word' id='word_1_682' title='bbox 2219 4353 2554 4426; x_wconf 88' lang='lat' dir='ltr'><strong>intorquent,</strong></span> <span class='ocrx_word' id='word_1_683' title='bbox 2583 4355 2791 4412; x_wconf 89' lang='lat' dir='ltr'><strong>callidis</strong></span> <span class='ocrx_word' id='word_1_684' title='bbox 2820 4347 3240 4428; x_wconf 75' lang='lat' dir='ltr'><strong>cogitationibus</strong></span> <span class='ocrx_word' id='word_1_685' title='bbox 3281 4353 3562 4422; x_wconf 89' lang='lat' dir='ltr'><strong>insistunt,</strong></span> 
     </span>
    </p>
   </div>
   <div class='ocr_carea' id='block_1_97' title="bbox 1979 4437 3565 4518">
    <p class='ocr_par' dir='ltr' id='par_1_97' title="bbox 1979 4437 3565 4518">
     <span class='ocr_line' id='line_1_97' title="bbox 1979 4437 3565 4518; baseline 0.003 -21"><span class='ocrx_word' id='word_1_686' title='bbox 1979 4437 2261 4500; x_wconf 75' lang='lat' dir='ltr'><strong>Subtiliora</strong></span> <span class='ocrx_word' id='word_1_687' title='bbox 2288 4443 2513 4502; x_wconf 86' lang='lat' dir='ltr'><strong>consilia</strong></span> <span class='ocrx_word' id='word_1_688' title='bbox 2548 4446 2861 4518; x_wconf 81' lang='lat' dir='ltr'><strong>exquirunt.</strong></span> <span class='ocrx_word' id='word_1_689' title='bbox 2907 4441 3018 4502; x_wconf 81' lang='lat' dir='ltr'><strong>Sed</strong></span> <span class='ocrx_word' id='word_1_690' title='bbox 3065 4441 3189 4502; x_wconf 84' lang='lat' dir='ltr'><strong>inde</strong></span> <span class='ocrx_word' id='word_1_691' title='bbox 3233 4445 3565 4502; x_wconf 77' lang='lat' dir='ltr'><strong>voluntatem</strong></span> 
     </span>
    </p>
   </div>
   <div class='ocr_carea' id='block_1_98' title="bbox 1977 4533 3566 4612">
    <p class='ocr_par' dir='ltr' id='par_1_98' title="bbox 1977 4533 3566 4612">
     <span class='ocr_line' id='line_1_98' title="bbox 1977 4533 3566 4612; baseline 0.006 -23"><span class='ocrx_word' id='word_1_692' title='bbox 1977 4533 2074 4590; x_wconf 89' lang='lat' dir='ltr'><strong>Dei</strong></span> <span class='ocrx_word' id='word_1_693' title='bbox 2089 4547 2375 4608; x_wconf 88' lang='lat' dir='ltr'><strong>peragunt,</strong></span> <span class='ocrx_word' id='word_1_694' title='bbox 2393 4538 2536 4594; x_wconf 86' lang='lat' dir='ltr'><strong>unde</strong></span> <span class='ocrx_word' id='word_1_695' title='bbox 2549 4539 2690 4594; x_wconf 89' lang='lat' dir='ltr'><strong>hanc</strong></span> <span class='ocrx_word' id='word_1_696' title='bbox 2711 4539 3002 4594; x_wconf 88' lang='lat' dir='ltr'><strong>immutare</strong></span> <span class='ocrx_word' id='word_1_697' title='bbox 3014 4540 3377 4607; x_wconf 88' lang='lat' dir='ltr'><strong>contendunt;</strong></span> <span class='ocrx_word' id='word_1_698' title='bbox 3403 4547 3566 4612; x_wconf 85' lang='lat' dir='ltr'><strong>atque</strong></span> 
     </span>
    </p>
   </div>
   <div class='ocr_carea' id='block_1_99' title="bbox 1977 4624 3561 4700">
    <p class='ocr_par' dir='ltr' id='par_1_99' title="bbox 1977 4624 3561 4700">
     <span class='ocr_line' id='line_1_99' title="bbox 1977 4624 3561 4700; baseline 0.004 -19"><span class='ocrx_word' id='word_1_699' title='bbox 1977 4627 2366 4696; x_wconf 86' lang='lat' dir='ltr'><strong>omnipotentis</strong></span> <span class='ocrx_word' id='word_1_700' title='bbox 2404 4624 2502 4682; x_wconf 90' lang='lat' dir='ltr'><strong>Dei</strong></span> <span class='ocrx_word' id='word_1_701' title='bbox 2551 4627 2779 4684; x_wconf 91' lang='lat' dir='ltr'><strong>consilio</strong></span> <span class='ocrx_word' id='word_1_702' title='bbox 2827 4627 2954 4682; x_wconf 93' lang='lat' dir='ltr'><strong>dum</strong></span> <span class='ocrx_word' id='word_1_703' title='bbox 2999 4629 3252 4685; x_wconf 88' lang='lat' dir='ltr'><strong>resistere</strong></span> <span class='ocrx_word' id='word_1_704' title='bbox 3296 4629 3561 4700; x_wconf 90' lang='lat' dir='ltr'><strong>nituntur,</strong></span> 
     </span>
    </p>
   </div>
   <div class='ocr_carea' id='block_1_100' title="bbox 1978 4713 3567 4796">
    <p class='ocr_par' dir='ltr' id='par_1_100' title="bbox 1978 4713 3567 4796">
     <span class='ocr_line' id='line_1_100' title="bbox 1978 4713 3567 4796; baseline 0.004 -23"><span class='ocrx_word' id='word_1_705' title='bbox 1978 4713 2369 4788; x_wconf 85' lang='lat' dir='ltr'><strong>obsequuntur,</strong></span> <span class='ocrx_word' id='word_1_706' title='bbox 2403 4720 2530 4792; x_wconf 90' lang='lat' dir='ltr'><strong>quia</strong></span> <span class='ocrx_word' id='word_1_707' title='bbox 2561 4736 2700 4791; x_wconf 68' lang='lat' dir='ltr'><strong>smpe</strong></span> <span class='ocrx_word' id='word_1_708' title='bbox 2721 4729 2775 4776; x_wconf 91' lang='lat' dir='ltr'><strong>et</strong></span> <span class='ocrx_word' id='word_1_709' title='bbox 2803 4713 2908 4778; x_wconf 88' lang='lat' dir='ltr'><strong>hoc</strong></span> <span class='ocrx_word' id='word_1_710' title='bbox 2934 4719 3051 4794; x_wconf 91' lang='lat' dir='ltr'><strong>ejus</strong></span> <span class='ocrx_word' id='word_1_711' title='bbox 3079 4721 3416 4794; x_wconf 90' lang='lat' dir='ltr'><strong>dispositioni</strong></span> <span class='ocrx_word' id='word_1_712' title='bbox 3442 4733 3567 4796; x_wconf 85' lang='lat' dir='ltr'><strong>apte</strong></span> 
     </span>
    </p>
   </div>
   <div class='ocr_carea' id='block_1_101' title="bbox 1979 4804 3562 4882">
    <p class='ocr_par' dir='ltr' id='par_1_101' title="bbox 1979 4804 3562 4882">
     <span class='ocr_line' id='line_1_101' title="bbox 1979 4804 3562 4882; baseline 0.004 -19"><span class='ocrx_word' id='word_1_713' title='bbox 1979 4807 2196 4876; x_wconf 88' lang='lat' dir='ltr'><strong>militat,</strong></span> <span class='ocrx_word' id='word_1_714' title='bbox 2229 4809 2374 4879; x_wconf 91' lang='lat' dir='ltr'><strong>quod</strong></span> <span class='ocrx_word' id='word_1_715' title='bbox 2422 4811 2471 4866; x_wconf 92' lang='lat' dir='ltr'><strong>ei</strong></span> <span class='ocrx_word' id='word_1_716' title='bbox 2514 4825 2612 4882; x_wconf 89' lang='lat' dir='ltr'><strong>per</strong></span> <span class='ocrx_word' id='word_1_717' title='bbox 2649 4806 2948 4867; x_wconf 87' lang='lat' dir='ltr'><strong>humanum</strong></span> <span class='ocrx_word' id='word_1_718' title='bbox 2989 4805 3228 4868; x_wconf 89' lang='lat' dir='ltr'><strong>studium</strong></span> <span class='ocrx_word' id='word_1_719' title='bbox 3255 4804 3448 4870; x_wconf 84' lang='lat' dir='ltr'><strong>frivole</strong></span> <span class='ocrx_word' id='word_1_720' title='bbox 3473 4831 3562 4870; x_wconf 90' lang='lat' dir='ltr'><strong>re-</strong></span> 
     </span>
    </p>
   </div>
   <div class='ocr_carea' id='block_1_102' title="bbox 1980 4897 3565 4980">
    <p class='ocr_par' dir='ltr' id='par_1_102' title="bbox 1980 4897 3565 4980">
     <span class='ocr_line' id='line_1_102' title="bbox 1980 4897 3565 4980; baseline 0.004 -23"><span class='ocrx_word' id='word_1_721' title='bbox 1980 4901 2146 4957; x_wconf 77' lang='lat' dir='ltr'><strong>sultat</strong></span> <span class='ocrx_word' id='word_1_722' title='bbox 2169 4901 2311 4958; x_wconf 91' lang='lat' dir='ltr'><strong>sicut</strong></span> <span class='ocrx_word' id='word_1_723' title='bbox 2337 4898 2596 4974; x_wconf 88' lang='lat' dir='ltr'><strong>scriptum</strong></span> <span class='ocrx_word' id='word_1_724' title='bbox 2621 4913 2704 4959; x_wconf 91' lang='lat' dir='ltr'><strong>est</strong></span> <span class='ocrx_word' id='word_1_725' title='bbox 2729 4923 2742 4959; x_wconf 91' lang='lat'><strong>:</strong></span> <span class='ocrx_word' id='word_1_726' title='bbox 2768 4897 2873 4972; x_wconf 72' lang='lat' dir='ltr'><strong>&#39;Qui</strong></span> <span class='ocrx_word' id='word_1_727' title='bbox 2903 4902 3289 4978; x_wconf 85' lang='lat' dir='ltr'><strong>comprehendit</strong></span> <span class='ocrx_word' id='word_1_728' title='bbox 3307 4907 3565 4980; x_wconf 80' lang='lat' dir='ltr'><strong>sapientes</strong></span> 
     </span>
    </p>
   </div>
   <div class='ocr_carea' id='block_1_103' title="bbox 1979 4985 3565 5070">
    <p class='ocr_par' dir='ltr' id='par_1_103' title="bbox 1979 4985 3565 5070">
     <span class='ocr_line' id='line_1_103' title="bbox 1979 4985 3565 5070; baseline 0.007 -25"><span class='ocrx_word' id='word_1_729' title='bbox 1979 4987 2034 5046; x_wconf 84' lang='lat' dir='ltr'><strong>in</strong></span> <span class='ocrx_word' id='word_1_730' title='bbox 2065 4993 2261 5047; x_wconf 85' lang='lat' dir='ltr'><strong>astutia</strong></span> <span class='ocrx_word' id='word_1_731' title='bbox 2285 5010 2466 5048; x_wconf 88' lang='lat' dir='ltr'><strong>eorum</strong></span> <span class='ocrx_word' id='word_1_732' title='bbox 2491 4985 2633 5066; x_wconf 78' lang='lat' dir='ltr'><strong>(Job.</strong></span> <span class='ocrx_word' id='word_1_733' title='bbox 2663 4995 2741 5069; x_wconf 75' lang='grc' dir='ltr'><strong>ν).</strong></span> <span class='ocrx_word' id='word_1_734' title='bbox 2780 4995 2839 5052; x_wconf 86' lang='lat' dir='ltr'><strong>In</strong></span> <span class='ocrx_word' id='word_1_735' title='bbox 2862 4999 3059 5054; x_wconf 87' lang='lat' dir='ltr'><strong>astutia</strong></span> <span class='ocrx_word' id='word_1_736' title='bbox 3090 5013 3324 5070; x_wconf 85' lang='lat' dir='ltr'><strong>namque</strong></span> <span class='ocrx_word' id='word_1_737' title='bbox 3350 5015 3446 5056; x_wconf 87' lang='lat' dir='ltr'><strong>a</strong></span> <span class='ocrx_word' id='word_1_738' title='bbox 3473 5016 3565 5058; x_wconf 89' lang='lat' dir='ltr'><strong>sa-</strong></span> 
     </span>
    </p>
   </div>
   <div class='ocr_carea' id='block_1_104' title="bbox 1978 5083 3566 5162">
    <p class='ocr_par' dir='ltr' id='par_1_104' title="bbox 1978 5083 3566 5162">
     <span class='ocr_line' id='line_1_104' title="bbox 1978 5083 3566 5162; baseline 0.004 -22"><span class='ocrx_word' id='word_1_739' title='bbox 1978 5083 2188 5162; x_wconf 88' lang='lat' dir='ltr'><strong>pientes</strong></span> <span class='ocrx_word' id='word_1_740' title='bbox 2215 5085 2657 5156; x_wconf 86' lang='lat' dir='ltr'><strong>comprehendit,</strong></span> <span class='ocrx_word' id='word_1_741' title='bbox 2684 5087 2900 5160; x_wconf 89' lang='lat' dir='ltr'><strong>quando</strong></span> <span class='ocrx_word' id='word_1_742' title='bbox 2922 5088 3039 5160; x_wconf 88' lang='lat' dir='ltr'><strong>ejus</strong></span> <span class='ocrx_word' id='word_1_743' title='bbox 3065 5083 3306 5148; x_wconf 83' lang='lat' dir='ltr'><strong>consiliis</strong></span> <span class='ocrx_word' id='word_1_744' title='bbox 3330 5091 3566 5148; x_wconf 87' lang='lat' dir='ltr'><strong>humana</strong></span> 
     </span>
    </p>
   </div>
   <div class='ocr_carea' id='block_1_105' title="bbox 1981 5175 3560 5254">
    <p class='ocr_par' dir='ltr' id='par_1_105' title="bbox 1981 5175 3560 5254">
     <span class='ocr_line' id='line_1_105' title="bbox 1981 5175 3560 5254; baseline 0.004 -18"><span class='ocrx_word' id='word_1_745' title='bbox 1981 5179 2125 5237; x_wconf 88' lang='lat' dir='ltr'><strong>facta</strong></span> <span class='ocrx_word' id='word_1_746' title='bbox 2167 5183 2329 5238; x_wconf 90' lang='lat' dir='ltr'><strong>etiam</strong></span> <span class='ocrx_word' id='word_1_747' title='bbox 2371 5191 2500 5240; x_wconf 85' lang='lat' dir='ltr'><strong>tunc</strong></span> <span class='ocrx_word' id='word_1_748' title='bbox 2539 5200 2778 5254; x_wconf 87' lang='lat' dir='ltr'><strong>congrue</strong></span> <span class='ocrx_word' id='word_1_749' title='bbox 2822 5185 3083 5252; x_wconf 87' lang='lat' dir='ltr'><strong>serviunt.</strong></span> <span class='ocrx_word' id='word_1_750' title='bbox 3109 5201 3234 5242; x_wconf 88' lang='lat' dir='ltr'><strong>cum</strong></span> <span class='ocrx_word' id='word_1_751' title='bbox 3283 5175 3560 5244; x_wconf 87' lang='lat' dir='ltr'><strong>resistunt.</strong></span> 
     </span>
    </p>
   </div>
   <div class='ocr_carea' id='block_1_106' title="bbox 1981 5261 3566 5346">
    <p class='ocr_par' dir='ltr' id='par_1_106' title="bbox 1981 5261 3566 5346">
     <span class='ocr_line' id='line_1_106' title="bbox 1981 5261 3566 5346; baseline 0.003 -14"><span class='ocrx_word' id='word_1_752' title='bbox 1981 5274 2138 5332; x_wconf 88' lang='lat' dir='ltr'><strong>Unde</strong></span> <span class='ocrx_word' id='word_1_753' title='bbox 2164 5284 2216 5329; x_wconf 90' lang='lat' dir='ltr'><strong>et</strong></span> <span class='ocrx_word' id='word_1_754' title='bbox 2241 5290 2341 5346; x_wconf 91' lang='lat' dir='ltr'><strong>per</strong></span> <span class='ocrx_word' id='word_1_755' title='bbox 2370 5275 2710 5330; x_wconf 84' lang='lat' dir='ltr'><strong>Psalmistam</strong></span> <span class='ocrx_word' id='word_1_756' title='bbox 2739 5276 2974 5332; x_wconf 87' lang='lat' dir='ltr'><strong>dicitur:</strong></span> <span class='ocrx_word' id='word_1_757' title='bbox 3004 5261 3164 5332; x_wconf 78' lang='lat' dir='ltr'><strong>Novit</strong></span> <span class='ocrx_word' id='word_1_758' title='bbox 3188 5275 3446 5334; x_wconf 81' lang='lat' dir='ltr'><strong>Dominus</strong></span> <span class='ocrx_word' id='word_1_759' title='bbox 3473 5295 3566 5336; x_wconf 90' lang='lat' dir='ltr'><strong>co-</strong></span> 
     </span>
    </p>
   </div>
   <div class='ocr_carea' id='block_1_107' title="bbox 1975 5364 3562 5444">
    <p class='ocr_par' dir='ltr' id='par_1_107' title="bbox 1975 5364 3562 5444">
     <span class='ocr_line' id='line_1_107' title="bbox 1975 5364 3562 5444; baseline 0.003 -22"><span class='ocrx_word' id='word_1_760' title='bbox 1975 5364 2257 5436; x_wconf 80' lang='lat' dir='ltr'><strong>gitationes</strong></span> <span class='ocrx_word' id='word_1_761' title='bbox 2285 5365 2579 5431; x_wconf 82' lang='lat' dir='ltr'><strong>hominum,</strong></span> <span class='ocrx_word' id='word_1_762' title='bbox 2603 5366 2852 5438; x_wconf 84' lang='lat' dir='ltr'><strong>quoniam</strong></span> <span class='ocrx_word' id='word_1_763' title='bbox 2879 5381 3030 5421; x_wconf 70' lang='lat' dir='ltr'><strong>nam</strong></span> <span class='ocrx_word' id='word_1_764' title='bbox 3055 5375 3180 5422; x_wconf 84' lang='lat' dir='ltr'><strong>sunt</strong></span> <span class='ocrx_word' id='word_1_765' title='bbox 3199 5365 3320 5440; x_wconf 87' lang='lat' dir='ltr'><strong>(Ps.</strong></span> <span class='ocrx_word' id='word_1_766' title='bbox 3346 5369 3562 5444; x_wconf 79' lang='lat' dir='ltr'><strong>xcxtu).</strong></span> 
     </span>
    </p>
   </div>
   <div class='ocr_carea' id='block_1_108' title="bbox 1979 5460 3565 5538">
    <p class='ocr_par' dir='ltr' id='par_1_108' title="bbox 1979 5460 3565 5538">
     <span class='ocr_line' id='line_1_108' title="bbox 1979 5460 3565 5538; baseline 0.004 -23"><span class='ocrx_word' id='word_1_767' title='bbox 1979 5460 2135 5528; x_wconf 77' lang='lat' dir='ltr'><strong>Quod</strong></span> <span class='ocrx_word' id='word_1_768' title='bbox 2163 5460 2356 5517; x_wconf 89' lang='lat' dir='ltr'><strong>melius</strong></span> <span class='ocrx_word' id='word_1_769' title='bbox 2376 5462 2730 5528; x_wconf 90' lang='lat' dir='ltr'><strong>ostendimus,</strong></span> <span class='ocrx_word' id='word_1_770' title='bbox 2756 5461 2802 5516; x_wconf 89' lang='lat' dir='ltr'><strong>si</strong></span> <span class='ocrx_word' id='word_1_771' title='bbox 2830 5477 3001 5533; x_wconf 88' lang='lat' dir='ltr'><strong>pauca</strong></span> <span class='ocrx_word' id='word_1_772' title='bbox 3025 5463 3092 5520; x_wconf 90' lang='lat' dir='ltr'><strong>ad</strong></span> <span class='ocrx_word' id='word_1_773' title='bbox 3119 5463 3355 5520; x_wconf 85' lang='lat' dir='ltr'><strong>medium</strong></span> <span class='ocrx_word' id='word_1_774' title='bbox 3383 5474 3565 5538; x_wconf 83' lang='lat' dir='ltr'><strong>gesta-</strong></span> 
     </span>
    </p>
   </div>
   <div class='ocr_carea' id='block_1_109' title="bbox 1982 5551 3562 5627">
    <p class='ocr_par' dir='ltr' id='par_1_109' title="bbox 1982 5551 3562 5627">
     <span class='ocr_line' id='line_1_109' title="bbox 1982 5551 3562 5627; baseline 0.004 -21"><span class='ocrx_word' id='word_1_775' title='bbox 1982 5567 2104 5607; x_wconf 89' lang='lat' dir='ltr'><strong>rum</strong></span> <span class='ocrx_word' id='word_1_776' title='bbox 2151 5567 2333 5608; x_wconf 85' lang='lat' dir='ltr'><strong>rerum</strong></span> <span class='ocrx_word' id='word_1_777' title='bbox 2379 5553 2623 5623; x_wconf 82' lang='lat' dir='ltr'><strong>exempla</strong></span> <span class='ocrx_word' id='word_1_778' title='bbox 2653 5551 3011 5624; x_wconf 87' lang='lat' dir='ltr'><strong>proferamus.</strong></span> <span class='ocrx_word' id='word_1_779' title='bbox 3056 5551 3257 5627; x_wconf 71' lang='lat' dir='ltr'><strong>Ioseph</strong></span> <span class='ocrx_word' id='word_1_780' title='bbox 3294 5558 3562 5612; x_wconf 89' lang='lat' dir='ltr'><strong>somnium</strong></span> 
     </span>
    </p>
   </div>
   <div class='ocr_carea' id='block_1_110' title="bbox 1983 5638 3566 5720">
    <p class='ocr_par' dir='ltr' id='par_1_110' title="bbox 1983 5638 3566 5720">
     <span class='ocr_line' id='line_1_110' title="bbox 1983 5638 3566 5720; baseline 0.005 -24"><span class='ocrx_word' id='word_1_781' title='bbox 1983 5642 2214 5709; x_wconf 90' lang='lat' dir='ltr'><strong>viderat,</strong></span> <span class='ocrx_word' id='word_1_782' title='bbox 2244 5643 2389 5714; x_wconf 87' lang='lat' dir='ltr'><strong>quod</strong></span> <span class='ocrx_word' id='word_1_783' title='bbox 2430 5638 2498 5698; x_wconf 90' lang='lat' dir='ltr'><strong>ad</strong></span> <span class='ocrx_word' id='word_1_784' title='bbox 2530 5659 2687 5698; x_wconf 87' lang='lat' dir='ltr'><strong>suum</strong></span> <span class='ocrx_word' id='word_1_785' title='bbox 2727 5644 3060 5717; x_wconf 87' lang='lat' dir='ltr'><strong>manipulum</strong></span> <span class='ocrx_word' id='word_1_786' title='bbox 3093 5643 3324 5703; x_wconf 85' lang='lat' dir='ltr'><strong>fratrum</strong></span> <span class='ocrx_word' id='word_1_787' title='bbox 3357 5649 3474 5720; x_wconf 73' lang='lat' dir='ltr'><strong>eius</strong></span> <span class='ocrx_word' id='word_1_788' title='bbox 3508 5663 3566 5704; x_wconf 84' lang='lat' dir='ltr'><strong>se</strong></span> 
     </span>
    </p>
   </div>
   <div class='ocr_carea' id='block_1_111' title="bbox 1982 5732 3570 5811">
    <p class='ocr_par' dir='ltr' id='par_1_111' title="bbox 1982 5732 3570 5811">
     <span class='ocr_line' id='line_1_111' title="bbox 1982 5732 3570 5811; baseline 0.006 -26"><span class='ocrx_word' id='word_1_789' title='bbox 1982 5732 2242 5802; x_wconf 89' lang='lat' dir='ltr'><strong>manipuli</strong></span> <span class='ocrx_word' id='word_1_790' title='bbox 2277 5734 2714 5803; x_wconf 86' lang='lat' dir='ltr'><strong>prosternebant.</strong></span> <span class='ocrx_word' id='word_1_791' title='bbox 2749 5734 3029 5792; x_wconf 91' lang='lat' dir='ltr'><strong>Somnium</strong></span> <span class='ocrx_word' id='word_1_792' title='bbox 3055 5739 3284 5805; x_wconf 87' lang='lat' dir='ltr'><strong>viderat,</strong></span> <span class='ocrx_word' id='word_1_793' title='bbox 3314 5740 3452 5811; x_wconf 89' lang='lat' dir='ltr'><strong>quod</strong></span> <span class='ocrx_word' id='word_1_794' title='bbox 3486 5738 3570 5794; x_wconf 84' lang='lat' dir='ltr'><strong>sol</strong></span> 
     </span>
    </p>
   </div>
   <div class='ocr_carea' id='block_1_112' title="bbox 1985 5823 3566 5898">
    <p class='ocr_par' dir='ltr' id='par_1_112' title="bbox 1985 5823 3566 5898">
     <span class='ocr_line' id='line_1_112' title="bbox 1985 5823 3566 5898; baseline 0.003 -20"><span class='ocrx_word' id='word_1_795' title='bbox 1985 5838 2050 5878; x_wconf 91' lang='lat' dir='ltr'><strong>ac</strong></span> <span class='ocrx_word' id='word_1_796' title='bbox 2077 5823 2203 5877; x_wconf 87' lang='lat' dir='ltr'><strong>luna</strong></span> <span class='ocrx_word' id='word_1_797' title='bbox 2238 5837 2296 5878; x_wconf 90' lang='lat' dir='ltr'><strong>se</strong></span> <span class='ocrx_word' id='word_1_798' title='bbox 2322 5838 2444 5878; x_wconf 89' lang='lat' dir='ltr'><strong>cum</strong></span> <span class='ocrx_word' id='word_1_799' title='bbox 2476 5824 2698 5895; x_wconf 89' lang='lat' dir='ltr'><strong>reliquis</strong></span> <span class='ocrx_word' id='word_1_800' title='bbox 2735 5825 2902 5882; x_wconf 87' lang='lat' dir='ltr'><strong>stellis</strong></span> <span class='ocrx_word' id='word_1_801' title='bbox 2924 5826 3240 5884; x_wconf 74' lang='lat' dir='ltr'><strong>adorabunt.</strong></span> <span class='ocrx_word' id='word_1_802' title='bbox 3283 5823 3411 5894; x_wconf 75' lang='lat' dir='ltr'><strong>Quae</strong></span> <span class='ocrx_word' id='word_1_803' title='bbox 3439 5829 3566 5898; x_wconf 85' lang='lat' dir='ltr'><strong>quia</strong></span> 
     </span>
    </p>
   </div>
   <div class='ocr_carea' id='block_1_113' title="bbox 1983 5912 3567 5991">
    <p class='ocr_par' dir='ltr' id='par_1_113' title="bbox 1983 5912 3567 5991">
     <span class='ocr_line' id='line_1_113' title="bbox 1983 5912 3567 5991; baseline 0.006 -24"><span class='ocrx_word' id='word_1_804' title='bbox 1983 5913 2070 5984; x_wconf 89' lang='lat' dir='ltr'><strong>pie</strong></span> <span class='ocrx_word' id='word_1_805' title='bbox 2113 5912 2372 5970; x_wconf 85' lang='lat' dir='ltr'><strong>fratribus</strong></span> <span class='ocrx_word' id='word_1_806' title='bbox 2400 5915 2604 5984; x_wconf 88' lang='lat' dir='ltr'><strong>retulit,</strong></span> <span class='ocrx_word' id='word_1_807' title='bbox 2635 5931 2824 5973; x_wconf 89' lang='lat' dir='ltr'><strong>eorum</strong></span> <span class='ocrx_word' id='word_1_808' title='bbox 2865 5915 3031 5976; x_wconf 89' lang='lat' dir='ltr'><strong>corda</strong></span> <span class='ocrx_word' id='word_1_809' title='bbox 3081 5919 3328 5991; x_wconf 86' lang='lat' dir='ltr'><strong>protinus</strong></span> <span class='ocrx_word' id='word_1_810' title='bbox 3375 5916 3567 5977; x_wconf 72' lang='lat' dir='ltr'><strong>futura:</strong></span> 
     </span>
    </p>
   </div>
  </div>
