  <div class='ocr_page' id='page_1' title='image "/cluster/home/n/w/nwhite01/storage/ocr_20150623/107/hvd.32044015466832/321.png"; bbox 0 0 3946 6462; ppageno 0'>
   <div class='ocr_carea' id='block_1_1' title="bbox 1059 395 2990 470">
    <p class='ocr_par' dir='ltr' id='par_1_1' title="bbox 1059 395 2990 470">
     <span class='ocr_line' id='line_1_1' title="bbox 1059 395 2990 470; baseline -0.01 0"><span class='ocrx_word' id='word_1_1' title='bbox 1059 415 1121 470; x_wconf 86' lang='grc' dir='ltr'><strong>Β.</strong></span> <span class='ocrx_word' id='word_1_2' title='bbox 1161 411 1415 470; x_wconf 81' lang='lat' dir='ltr'><strong>RABANI</strong></span> <span class='ocrx_word' id='word_1_3' title='bbox 1452 408 1675 470; x_wconf 73' lang='lat' dir='ltr'><strong>MAURI</strong></span> <span class='ocrx_word' id='word_1_4' title='bbox 1705 406 2026 467; x_wconf 80' lang='lat' dir='ltr'><strong>ARCHIEP.</strong></span> <span class='ocrx_word' id='word_1_5' title='bbox 2064 399 2371 461; x_wconf 73' lang='lat' dir='ltr'><strong>MOGUNT.</strong></span> <span class='ocrx_word' id='word_1_6' title='bbox 2406 397 2696 458; x_wconf 73' lang='lat' dir='ltr'><strong>OPERUI</strong></span> <span class='ocrx_word' id='word_1_7' title='bbox 2727 396 2910 454; x_wconf 78' lang='lat' dir='ltr'><strong>PARS</strong></span> <span class='ocrx_word' id='word_1_8' title='bbox 2945 395 2990 451; x_wconf 90' lang='grc' dir='ltr'><strong>ι.</strong></span> 
     </span>
    </p>
   </div>
   <div class='ocr_carea' id='block_1_2' title="bbox 3537 386 3662 444">
    <p class='ocr_par' dir='ltr' id='par_1_2' title="bbox 3537 386 3662 444">
     <span class='ocr_line' id='line_1_2' title="bbox 3537 386 3662 444; baseline -0.008 0"><span class='ocrx_word' id='word_1_9' title='bbox 3537 386 3662 444; x_wconf 68' lang='lat'><strong>652</strong></span> 
     </span>
    </p>
   </div>
   <div class='ocr_carea' id='block_1_3' title="bbox 399 505 3665 603">
    <p class='ocr_par' dir='ltr' id='par_1_3' title="bbox 399 505 3665 603">
     <span class='ocr_line' id='line_1_3' title="bbox 399 505 3665 603; baseline -0.007 -18"><span class='ocrx_word' id='word_1_10' title='bbox 399 530 781 590; x_wconf 75' lang='lat' dir='ltr'><strong>dominationis</strong></span> <span class='ocrx_word' id='word_1_11' title='bbox 805 532 1005 589; x_wconf 80' lang='lat' dir='ltr'><strong>invidia</strong></span> <span class='ocrx_word' id='word_1_12' title='bbox 1027 545 1298 603; x_wconf 80' lang='lat' dir='ltr'><strong>pavorque</strong></span> <span class='ocrx_word' id='word_1_13' title='bbox 1316 529 1600 601; x_wconf 80' lang='lat' dir='ltr'><strong>percussit.</strong></span> <span class='ocrx_word' id='word_1_14' title='bbox 1630 526 1872 596; x_wconf 83' lang='lat' dir='ltr'><strong>Cumque</strong></span> <span class='ocrx_word' id='word_1_15' title='bbox 1901 522 1969 580; x_wconf 88' lang='lat' dir='ltr'><strong>ad</strong></span> <span class='ocrx_word' id='word_1_16' title='bbox 1994 524 2048 585; x_wconf 81' lang='grc' dir='ltr'><strong>Α</strong></span> <span class='ocrx_word' id='word_1_17' title='bbox 2070 529 2176 576; x_wconf 86' lang='lat' dir='ltr'><strong>ctu.</strong></span> <span class='ocrx_word' id='word_1_18' title='bbox 2207 517 2337 572; x_wconf 86' lang='lat' dir='ltr'><strong>Post</strong></span> <span class='ocrx_word' id='word_1_19' title='bbox 2361 516 2553 572; x_wconf 89' lang='lat' dir='ltr'><strong>multos</strong></span> <span class='ocrx_word' id='word_1_20' title='bbox 2579 516 2752 586; x_wconf 80' lang='lat' dir='ltr'><strong>itaque</strong></span> <span class='ocrx_word' id='word_1_21' title='bbox 2773 514 2903 578; x_wconf 89' lang='lat' dir='ltr'><strong>dies,</strong></span> <span class='ocrx_word' id='word_1_22' title='bbox 2918 512 3047 582; x_wconf 86' lang='lat' dir='ltr'><strong>jecit</strong></span> <span class='ocrx_word' id='word_1_23' title='bbox 3079 508 3292 603; x_wconf 75' lang='lat' dir='ltr'><strong>domina</strong></span> <span class='ocrx_word' id='word_1_24' title='bbox 3316 505 3499 562; x_wconf 87' lang='lat' dir='ltr'><strong>oculos</strong></span> <span class='ocrx_word' id='word_1_25' title='bbox 3529 522 3665 561; x_wconf 78' lang='lat' dir='ltr'><strong>suos</strong></span> 
     </span>
    </p>
   </div>
   <div class='ocr_carea' id='block_1_4' title="bbox 398 621 1967 694">
    <p class='ocr_par' dir='ltr' id='par_1_4' title="bbox 398 621 1967 694">
     <span class='ocr_line' id='line_1_4' title="bbox 398 621 1967 694; baseline -0.002 -16"><span class='ocrx_word' id='word_1_26' title='bbox 398 637 458 678; x_wconf 91' lang='lat' dir='ltr'><strong>se</strong></span> <span class='ocrx_word' id='word_1_27' title='bbox 496 623 640 680; x_wconf 92' lang='lat' dir='ltr'><strong>hunc</strong></span> <span class='ocrx_word' id='word_1_28' title='bbox 680 626 866 681; x_wconf 88' lang='lat' dir='ltr'><strong>venire</strong></span> <span class='ocrx_word' id='word_1_29' title='bbox 910 624 1303 694; x_wconf 76' lang='lat' dir='ltr'><strong>conspicerent,</strong></span> <span class='ocrx_word' id='word_1_30' title='bbox 1350 621 1555 677; x_wconf 90' lang='lat' dir='ltr'><strong>malitia</strong></span> <span class='ocrx_word' id='word_1_31' title='bbox 1600 633 1659 674; x_wconf 88' lang='lat' dir='ltr'><strong>se</strong></span> <span class='ocrx_word' id='word_1_32' title='bbox 1695 625 1967 676; x_wconf 80' lang='lat' dir='ltr'><strong>vertentes</strong></span> 
     </span>
    </p>
   </div>
   <div class='ocr_carea' id='block_1_5' title="bbox 399 710 1966 779">
    <p class='ocr_par' dir='ltr' id='par_1_5' title="bbox 399 710 1966 779">
     <span class='ocr_line' id='line_1_5' title="bbox 399 710 1966 779; baseline -0.001 -11"><span class='ocrx_word' id='word_1_33' title='bbox 399 714 685 770; x_wconf 83' lang='lat' dir='ltr'><strong>dixerunt:</strong></span> <span class='ocrx_word' id='word_1_34' title='bbox 711 714 847 770; x_wconf 82' lang='lat' dir='ltr'><strong>Ecce</strong></span> <span class='ocrx_word' id='word_1_35' title='bbox 881 716 1165 771; x_wconf 86' lang='lat' dir='ltr'><strong>somniator</strong></span> <span class='ocrx_word' id='word_1_36' title='bbox 1206 716 1382 770; x_wconf 90' lang='lat' dir='ltr'><strong>venit:</strong></span> <span class='ocrx_word' id='word_1_37' title='bbox 1413 710 1622 779; x_wconf 81' lang='lat' dir='ltr'><strong>Venite,</strong></span> <span class='ocrx_word' id='word_1_38' title='bbox 1669 712 1966 767; x_wconf 86' lang='lat' dir='ltr'><strong>occidamus</strong></span> 
     </span>
    </p>
   </div>
   <div class='ocr_carea' id='block_1_6' title="bbox 396 806 1964 880">
    <p class='ocr_par' dir='ltr' id='par_1_6' title="bbox 396 806 1964 880">
     <span class='ocr_line' id='line_1_6' title="bbox 396 806 1964 880; baseline -0.001 -20"><span class='ocrx_word' id='word_1_39' title='bbox 396 823 533 871; x_wconf 91' lang='lat' dir='ltr'><strong>eum,</strong></span> <span class='ocrx_word' id='word_1_40' title='bbox 579 817 628 862; x_wconf 88' lang='lat' dir='ltr'><strong>et</strong></span> <span class='ocrx_word' id='word_1_41' title='bbox 668 808 935 863; x_wconf 74' lang='lat' dir='ltr'><strong>videamus</strong></span> <span class='ocrx_word' id='word_1_42' title='bbox 977 808 1103 880; x_wconf 88' lang='lat' dir='ltr'><strong>quid</strong></span> <span class='ocrx_word' id='word_1_43' title='bbox 1148 808 1229 862; x_wconf 89' lang='lat' dir='ltr'><strong>illi</strong></span> <span class='ocrx_word' id='word_1_44' title='bbox 1275 807 1562 879; x_wconf 84' lang='lat' dir='ltr'><strong>proderunt</strong></span> <span class='ocrx_word' id='word_1_45' title='bbox 1604 806 1807 862; x_wconf 86' lang='lat' dir='ltr'><strong>somnia</strong></span> <span class='ocrx_word' id='word_1_46' title='bbox 1845 821 1964 859; x_wconf 87' lang='lat' dir='ltr'><strong>sua.</strong></span> 
     </span>
    </p>
   </div>
   <div class='ocr_carea' id='block_1_7' title="bbox 396 895 1966 970">
    <p class='ocr_par' dir='ltr' id='par_1_7' title="bbox 396 895 1966 970">
     <span class='ocr_line' id='line_1_7' title="bbox 396 895 1966 970; baseline -0.001 -19"><span class='ocrx_word' id='word_1_47' title='bbox 396 895 637 969; x_wconf 86' lang='lat' dir='ltr'><strong>Cumque</strong></span> <span class='ocrx_word' id='word_1_48' title='bbox 658 898 936 967; x_wconf 88' lang='lat' dir='ltr'><strong>se.subjici</strong></span> <span class='ocrx_word' id='word_1_49' title='bbox 963 899 1079 970; x_wconf 87' lang='lat' dir='ltr'><strong>ejus</strong></span> <span class='ocrx_word' id='word_1_50' title='bbox 1105 898 1341 955; x_wconf 89' lang='lat' dir='ltr'><strong>dominio</strong></span> <span class='ocrx_word' id='word_1_51' title='bbox 1366 904 1641 963; x_wconf 90' lang='lat' dir='ltr'><strong>metuunt,</strong></span> <span class='ocrx_word' id='word_1_52' title='bbox 1670 896 1966 952; x_wconf 87' lang='lat' dir='ltr'><strong>somniato-</strong></span> 
     </span>
    </p>
   </div>
   <div class='ocr_carea' id='block_1_8' title="bbox 396 990 1968 1064">
    <p class='ocr_par' dir='ltr' id='par_1_8' title="bbox 396 990 1968 1064">
     <span class='ocr_line' id='line_1_8' title="bbox 396 990 1968 1064; baseline 0.001 -21"><span class='ocrx_word' id='word_1_53' title='bbox 396 1004 513 1044; x_wconf 89' lang='lat' dir='ltr'><strong>rem</strong></span> <span class='ocrx_word' id='word_1_54' title='bbox 541 991 597 1045; x_wconf 91' lang='lat' dir='ltr'><strong>in</strong></span> <span class='ocrx_word' id='word_1_55' title='bbox 629 999 850 1062; x_wconf 85' lang='lat' dir='ltr'><strong>puteum</strong></span> <span class='ocrx_word' id='word_1_56' title='bbox 887 994 1190 1064; x_wconf 88' lang='lat' dir='ltr'><strong>deponunt,</strong></span> <span class='ocrx_word' id='word_1_57' title='bbox 1221 1006 1452 1062; x_wconf 89' lang='lat' dir='ltr'><strong>eumque</strong></span> <span class='ocrx_word' id='word_1_58' title='bbox 1479 990 1760 1047; x_wconf 87' lang='lat' dir='ltr'><strong>lsmaelitis</strong></span> <span class='ocrx_word' id='word_1_59' title='bbox 1788 998 1968 1045; x_wconf 90' lang='lat' dir='ltr'><strong>trans-</strong></span> 
     </span>
    </p>
   </div>
   <div class='ocr_carea' id='block_1_9' title="bbox 394 1081 1969 1155">
    <p class='ocr_par' dir='ltr' id='par_1_9' title="bbox 394 1081 1969 1155">
     <span class='ocr_line' id='line_1_9' title="bbox 394 1081 1969 1155; baseline 0.001 -22"><span class='ocrx_word' id='word_1_60' title='bbox 394 1081 647 1136; x_wconf 83' lang='lat' dir='ltr'><strong>euntibus</strong></span> <span class='ocrx_word' id='word_1_61' title='bbox 671 1084 926 1139; x_wconf 90' lang='lat' dir='ltr'><strong>vendunt.</strong></span> <span class='ocrx_word' id='word_1_62' title='bbox 948 1084 1051 1152; x_wconf 87' lang='lat' dir='ltr'><strong>Qui</strong></span> <span class='ocrx_word' id='word_1_63' title='bbox 1079 1084 1135 1140; x_wconf 87' lang='lat' dir='ltr'><strong>in</strong></span> <span class='ocrx_word' id='word_1_64' title='bbox 1161 1082 1455 1155; x_wconf 67' lang='lat' dir='ltr'><strong>Egyptum</strong></span> <span class='ocrx_word' id='word_1_65' title='bbox 1482 1084 1694 1148; x_wconf 89' lang='lat' dir='ltr'><strong>ductus,</strong></span> <span class='ocrx_word' id='word_1_66' title='bbox 1723 1082 1969 1138; x_wconf 87' lang='lat' dir='ltr'><strong>servituti</strong></span> 
     </span>
    </p>
   </div>
   <div class='ocr_carea' id='block_1_10' title="bbox 393 1171 1970 1241">
    <p class='ocr_par' dir='ltr' id='par_1_10' title="bbox 393 1171 1970 1241">
     <span class='ocr_line' id='line_1_10' title="bbox 393 1171 1970 1241; baseline 0.003 -16"><span class='ocrx_word' id='word_1_67' title='bbox 393 1171 660 1238; x_wconf 90' lang='lat' dir='ltr'><strong>subditus,</strong></span> <span class='ocrx_word' id='word_1_68' title='bbox 686 1172 913 1229; x_wconf 76' lang='lat' dir='ltr'><strong>luxuriae</strong></span> <span class='ocrx_word' id='word_1_69' title='bbox 960 1176 1302 1233; x_wconf 85' lang='lat' dir='ltr'><strong>accusatione</strong></span> <span class='ocrx_word' id='word_1_70' title='bbox 1344 1175 1661 1241; x_wconf 88' lang='lat' dir='ltr'><strong>damnatus,</strong></span> <span class='ocrx_word' id='word_1_71' title='bbox 1688 1173 1970 1230; x_wconf 87' lang='lat' dir='ltr'><strong>charitatis</strong></span> 
     </span>
    </p>
   </div>
   <div class='ocr_carea' id='block_1_11' title="bbox 393 1263 1968 1339">
    <p class='ocr_par' dir='ltr' id='par_1_11' title="bbox 393 1263 1968 1339">
     <span class='ocr_line' id='line_1_11' title="bbox 393 1263 1968 1339; baseline 0.003 -23"><span class='ocrx_word' id='word_1_72' title='bbox 393 1265 587 1318; x_wconf 84' lang='lat' dir='ltr'><strong>merito</strong></span> <span class='ocrx_word' id='word_1_73' title='bbox 641 1263 856 1334; x_wconf 85' lang='lat' dir='ltr'><strong>adjutus</strong></span> <span class='ocrx_word' id='word_1_74' title='bbox 880 1307 894 1332; x_wconf 93' lang='lat'><strong>,</strong></span> <span class='ocrx_word' id='word_1_75' title='bbox 942 1268 1238 1339; x_wconf 83' lang='lat' dir='ltr'><strong>prophetiae</strong></span> <span class='ocrx_word' id='word_1_76' title='bbox 1269 1266 1475 1336; x_wconf 89' lang='lat' dir='ltr'><strong>judicio</strong></span> <span class='ocrx_word' id='word_1_77' title='bbox 1522 1274 1774 1338; x_wconf 90' lang='lat' dir='ltr'><strong>ereptus,</strong></span> <span class='ocrx_word' id='word_1_78' title='bbox 1822 1265 1968 1321; x_wconf 92' lang='lat' dir='ltr'><strong>omni</strong></span> 
     </span>
    </p>
   </div>
   <div class='ocr_carea' id='block_1_12' title="bbox 391 1350 1968 1428">
    <p class='ocr_par' dir='ltr' id='par_1_12' title="bbox 391 1350 1968 1428">
     <span class='ocr_line' id='line_1_12' title="bbox 391 1350 1968 1428; baseline 0.004 -23"><span class='ocrx_word' id='word_1_79' title='bbox 391 1350 627 1422; x_wconf 69' lang='lat' dir='ltr'><strong>IEgypto</strong></span> <span class='ocrx_word' id='word_1_80' title='bbox 674 1355 936 1424; x_wconf 81' lang='lat' dir='ltr'><strong>praelatus</strong></span> <span class='ocrx_word' id='word_1_81' title='bbox 971 1366 1070 1413; x_wconf 88' lang='lat' dir='ltr'><strong>est.</strong></span> <span class='ocrx_word' id='word_1_82' title='bbox 1108 1357 1210 1412; x_wconf 90' lang='lat' dir='ltr'><strong>Per</strong></span> <span class='ocrx_word' id='word_1_83' title='bbox 1255 1373 1542 1428; x_wconf 89' lang='lat' dir='ltr'><strong>supernam</strong></span> <span class='ocrx_word' id='word_1_84' title='bbox 1586 1372 1715 1414; x_wconf 90' lang='lat' dir='ltr'><strong>vero</strong></span> <span class='ocrx_word' id='word_1_85' title='bbox 1753 1357 1968 1428; x_wconf 90' lang='lat' dir='ltr'><strong>sapien-</strong></span> 
     </span>
    </p>
   </div>
   <div class='ocr_carea' id='block_1_13' title="bbox 393 1434 1968 1520">
    <p class='ocr_par' dir='ltr' id='par_1_13' title="bbox 393 1434 1968 1520">
     <span class='ocr_line' id='line_1_13' title="bbox 393 1434 1968 1520; baseline 0.004 -24"><span class='ocrx_word' id='word_1_86' title='bbox 393 1443 521 1498; x_wconf 88' lang='lat' dir='ltr'><strong>tiam</strong></span> <span class='ocrx_word' id='word_1_87' title='bbox 551 1446 807 1513; x_wconf 88' lang='lat' dir='ltr'><strong>providus</strong></span> <span class='ocrx_word' id='word_1_88' title='bbox 828 1446 1098 1503; x_wconf 89' lang='lat' dir='ltr'><strong>frumenta</strong></span> <span class='ocrx_word' id='word_1_89' title='bbox 1124 1451 1415 1520; x_wconf 83' lang='lat' dir='ltr'><strong>congessit,</strong></span> <span class='ocrx_word' id='word_1_90' title='bbox 1437 1457 1494 1503; x_wconf 89' lang='lat' dir='ltr'><strong>et</strong></span> <span class='ocrx_word' id='word_1_91' title='bbox 1521 1449 1704 1504; x_wconf 87' lang='lat' dir='ltr'><strong>futuro</strong></span> <span class='ocrx_word' id='word_1_92' title='bbox 1728 1434 1968 1518; x_wconf 88' lang='lat' dir='ltr'><strong>periculo</strong></span> 
     </span>
    </p>
   </div>
   <div class='ocr_carea' id='block_1_14' title="bbox 392 1540 1969 1613">
    <p class='ocr_par' dir='ltr' id='par_1_14' title="bbox 392 1540 1969 1613">
     <span class='ocr_line' id='line_1_14' title="bbox 392 1540 1969 1613; baseline 0.003 -22"><span class='ocrx_word' id='word_1_93' title='bbox 392 1540 730 1595; x_wconf 84' lang='lat' dir='ltr'><strong>necessitatis</strong></span> <span class='ocrx_word' id='word_1_94' title='bbox 757 1541 1012 1597; x_wconf 90' lang='lat' dir='ltr'><strong>obviavit.</strong></span> <span class='ocrx_word' id='word_1_95' title='bbox 1042 1541 1283 1613; x_wconf 86' lang='lat' dir='ltr'><strong>Cumque</strong></span> <span class='ocrx_word' id='word_1_96' title='bbox 1313 1545 1366 1597; x_wconf 92' lang='lat' dir='ltr'><strong>in</strong></span> <span class='ocrx_word' id='word_1_97' title='bbox 1396 1546 1582 1599; x_wconf 90' lang='lat' dir='ltr'><strong>orbem</strong></span> <span class='ocrx_word' id='word_1_98' title='bbox 1608 1543 1765 1598; x_wconf 89' lang='lat' dir='ltr'><strong>famis</strong></span> <span class='ocrx_word' id='word_1_99' title='bbox 1791 1544 1969 1598; x_wconf 86' lang='lat' dir='ltr'><strong>inhor-</strong></span> 
     </span>
    </p>
   </div>
   <div class='ocr_carea' id='block_1_15' title="bbox 390 1627 1968 1704">
    <p class='ocr_par' dir='ltr' id='par_1_15' title="bbox 390 1627 1968 1704">
     <span class='ocr_line' id='line_1_15' title="bbox 390 1627 1968 1704; baseline 0.005 -25"><span class='ocrx_word' id='word_1_100' title='bbox 390 1627 518 1693; x_wconf 86' lang='lat' dir='ltr'><strong>ruit,</strong></span> <span class='ocrx_word' id='word_1_101' title='bbox 549 1629 615 1683; x_wconf 92' lang='lat' dir='ltr'><strong>de</strong></span> <span class='ocrx_word' id='word_1_102' title='bbox 642 1630 1023 1687; x_wconf 87' lang='lat' dir='ltr'><strong>alimentorum</strong></span> <span class='ocrx_word' id='word_1_103' title='bbox 1065 1634 1456 1704; x_wconf 67' lang='lat' dir='ltr'><strong>praeparatione</strong></span> <span class='ocrx_word' id='word_1_104' title='bbox 1486 1634 1768 1697; x_wconf 89' lang='lat' dir='ltr'><strong>sollicitus,</strong></span> <span class='ocrx_word' id='word_1_105' title='bbox 1801 1631 1968 1687; x_wconf 84' lang='lat' dir='ltr'><strong>Iacob</strong></span> 
     </span>
    </p>
   </div>
   <div class='ocr_carea' id='block_1_16' title="bbox 390 1716 1969 1794">
    <p class='ocr_par' dir='ltr' id='par_1_16' title="bbox 390 1716 1969 1794">
     <span class='ocr_line' id='line_1_16' title="bbox 390 1716 1969 1794; baseline 0.005 -24"><span class='ocrx_word' id='word_1_106' title='bbox 390 1716 527 1773; x_wconf 86' lang='lat' dir='ltr'><strong>filios</strong></span> <span class='ocrx_word' id='word_1_107' title='bbox 557 1719 610 1773; x_wconf 94' lang='lat' dir='ltr'><strong>in</strong></span> <span class='ocrx_word' id='word_1_108' title='bbox 633 1719 928 1793; x_wconf 67' lang='lat' dir='ltr'><strong>Egyptum</strong></span> <span class='ocrx_word' id='word_1_109' title='bbox 952 1724 1121 1790; x_wconf 87' lang='lat' dir='ltr'><strong>misit,</strong></span> <span class='ocrx_word' id='word_1_110' title='bbox 1149 1725 1240 1794; x_wconf 91' lang='lat' dir='ltr'><strong>qui</strong></span> <span class='ocrx_word' id='word_1_111' title='bbox 1271 1724 1662 1780; x_wconf 88' lang='lat' dir='ltr'><strong>frumentorum</strong></span> <span class='ocrx_word' id='word_1_112' title='bbox 1688 1726 1969 1794; x_wconf 88' lang='lat' dir='ltr'><strong>dispensa-</strong></span> 
     </span>
    </p>
   </div>
   <div class='ocr_carea' id='block_1_17' title="bbox 388 1811 1967 1887">
    <p class='ocr_par' dir='ltr' id='par_1_17' title="bbox 388 1811 1967 1887">
     <span class='ocr_line' id='line_1_17' title="bbox 388 1811 1967 1887; baseline 0.003 -22"><span class='ocrx_word' id='word_1_113' title='bbox 388 1811 521 1866; x_wconf 91' lang='lat' dir='ltr'><strong>tioni</strong></span> <span class='ocrx_word' id='word_1_114' title='bbox 544 1816 890 1885; x_wconf 74' lang='lat' dir='ltr'><strong>praepositum</strong></span> <span class='ocrx_word' id='word_1_115' title='bbox 918 1816 1115 1887; x_wconf 89' lang='lat' dir='ltr'><strong>Ioseph</strong></span> <span class='ocrx_word' id='word_1_116' title='bbox 1143 1818 1446 1874; x_wconf 87' lang='lat' dir='ltr'><strong>nescientes</strong></span> <span class='ocrx_word' id='word_1_117' title='bbox 1473 1819 1772 1883; x_wconf 90' lang='lat' dir='ltr'><strong>inveniunt,</strong></span> <span class='ocrx_word' id='word_1_118' title='bbox 1805 1827 1967 1886; x_wconf 89' lang='lat' dir='ltr'><strong>atque</strong></span> 
     </span>
    </p>
   </div>
   <div class='ocr_carea' id='block_1_18' title="bbox 2064 602 3669 683">
    <p class='ocr_par' dir='ltr' id='par_1_18' title="bbox 2064 602 3669 683">
     <span class='ocr_line' id='line_1_18' title="bbox 2064 602 3669 683; baseline -0.01 -14"><span class='ocrx_word' id='word_1_119' title='bbox 2064 614 2121 668; x_wconf 85' lang='lat' dir='ltr'><strong>in</strong></span> <span class='ocrx_word' id='word_1_120' title='bbox 2148 612 2363 683; x_wconf 77' lang='lat' dir='ltr'><strong>Ioseph,</strong></span> <span class='ocrx_word' id='word_1_121' title='bbox 2379 618 2429 665; x_wconf 90' lang='lat' dir='ltr'><strong>et</strong></span> <span class='ocrx_word' id='word_1_122' title='bbox 2450 611 2564 664; x_wconf 87' lang='lat' dir='ltr'><strong>ait:</strong></span> <span class='ocrx_word' id='word_1_123' title='bbox 2586 607 2770 663; x_wconf 88' lang='lat' dir='ltr'><strong>Dormi</strong></span> <span class='ocrx_word' id='word_1_124' title='bbox 2807 622 3026 661; x_wconf 89' lang='lat' dir='ltr'><strong>mecum.</strong></span> <span class='ocrx_word' id='word_1_125' title='bbox 3068 602 3172 670; x_wconf 83' lang='lat' dir='ltr'><strong>Qui</strong></span> <span class='ocrx_word' id='word_1_126' title='bbox 3210 616 3545 673; x_wconf 84' lang='lat' dir='ltr'><strong>nequaquam</strong></span> <span class='ocrx_word' id='word_1_127' title='bbox 3566 615 3669 655; x_wconf 74' lang='lat' dir='ltr'><strong>ac—</strong></span> 
     </span>
    </p>
   </div>
   <div class='ocr_carea' id='block_1_19' title="bbox 2064 689 3667 773">
    <p class='ocr_par' dir='ltr' id='par_1_19' title="bbox 2064 689 3667 773">
     <span class='ocr_line' id='line_1_19' title="bbox 2064 689 3667 773; baseline -0.009 -16"><span class='ocrx_word' id='word_1_128' title='bbox 2064 703 2327 773; x_wconf 85' lang='lat' dir='ltr'><strong>quiescens</strong></span> <span class='ocrx_word' id='word_1_129' title='bbox 2357 701 2499 771; x_wconf 84' lang='lat' dir='ltr'><strong>aperi</strong></span> <span class='ocrx_word' id='word_1_130' title='bbox 2526 698 2753 769; x_wconf 73' lang='lat' dir='ltr'><strong>nefario,</strong></span> <span class='ocrx_word' id='word_1_131' title='bbox 2773 695 2905 750; x_wconf 75' lang='lat' dir='ltr'><strong>dixit</strong></span> <span class='ocrx_word' id='word_1_132' title='bbox 2936 693 3004 748; x_wconf 90' lang='lat' dir='ltr'><strong>ad</strong></span> <span class='ocrx_word' id='word_1_133' title='bbox 3042 709 3159 747; x_wconf 88' lang='lat' dir='ltr'><strong>eam</strong></span> <span class='ocrx_word' id='word_1_134' title='bbox 3180 705 3198 744; x_wconf 91' lang='lat'><strong><em>:</em></strong></span> <span class='ocrx_word' id='word_1_135' title='bbox 3220 691 3358 746; x_wconf 83' lang='lat' dir='ltr'><strong>Ecce</strong></span> <span class='ocrx_word' id='word_1_136' title='bbox 3402 689 3667 744; x_wconf 73' lang='lat' dir='ltr'><strong>dominus</strong></span> 
     </span>
    </p>
   </div>
   <div class='ocr_carea' id='block_1_20' title="bbox 2065 782 3668 856">
    <p class='ocr_par' dir='ltr' id='par_1_20' title="bbox 2065 782 3668 856">
     <span class='ocr_line' id='line_1_20' title="bbox 2065 782 3668 856; baseline -0.007 -9"><span class='ocrx_word' id='word_1_137' title='bbox 2065 809 2228 856; x_wconf 89' lang='lat' dir='ltr'><strong>meus,</strong></span> <span class='ocrx_word' id='word_1_138' title='bbox 2268 790 2506 844; x_wconf 88' lang='lat' dir='ltr'><strong>omnibus</strong></span> <span class='ocrx_word' id='word_1_139' title='bbox 2542 788 2672 843; x_wconf 90' lang='lat' dir='ltr'><strong>mihi</strong></span> <span class='ocrx_word' id='word_1_140' title='bbox 2706 786 2939 852; x_wconf 74' lang='lat' dir='ltr'><strong>traditis,</strong></span> <span class='ocrx_word' id='word_1_141' title='bbox 2962 785 3171 856; x_wconf 84' lang='lat' dir='ltr'><strong>ignorat</strong></span> <span class='ocrx_word' id='word_1_142' title='bbox 3212 782 3341 855; x_wconf 86' lang='lat' dir='ltr'><strong>quid</strong></span> <span class='ocrx_word' id='word_1_143' title='bbox 3375 782 3572 836; x_wconf 89' lang='lat' dir='ltr'><strong>habeat</strong></span> <span class='ocrx_word' id='word_1_144' title='bbox 3606 782 3668 835; x_wconf 67' lang='lat' dir='ltr'><strong>in</strong></span> 
     </span>
    </p>
   </div>
   <div class='ocr_carea' id='block_1_21' title="bbox 2066 873 3669 951">
    <p class='ocr_par' dir='ltr' id='par_1_21' title="bbox 2066 873 3669 951">
     <span class='ocr_line' id='line_1_21' title="bbox 2066 873 3669 951; baseline -0.007 -15"><span class='ocrx_word' id='word_1_145' title='bbox 2066 881 2218 936; x_wconf 89' lang='lat' dir='ltr'><strong>domo</strong></span> <span class='ocrx_word' id='word_1_146' title='bbox 2240 898 2357 947; x_wconf 89' lang='lat' dir='ltr'><strong>sua,</strong></span> <span class='ocrx_word' id='word_1_147' title='bbox 2386 897 2476 935; x_wconf 88' lang='lat' dir='ltr'><strong>nec</strong></span> <span class='ocrx_word' id='word_1_148' title='bbox 2501 878 2790 951; x_wconf 83' lang='lat' dir='ltr'><strong>quidquam</strong></span> <span class='ocrx_word' id='word_1_149' title='bbox 2820 885 2894 931; x_wconf 91' lang='lat' dir='ltr'><strong>est</strong></span> <span class='ocrx_word' id='word_1_150' title='bbox 2922 874 3060 947; x_wconf 88' lang='lat' dir='ltr'><strong>quod</strong></span> <span class='ocrx_word' id='word_1_151' title='bbox 3090 892 3197 929; x_wconf 88' lang='lat' dir='ltr'><strong>non</strong></span> <span class='ocrx_word' id='word_1_152' title='bbox 3227 875 3284 929; x_wconf 87' lang='lat' dir='ltr'><strong>in</strong></span> <span class='ocrx_word' id='word_1_153' title='bbox 3308 890 3427 928; x_wconf 89' lang='lat' dir='ltr'><strong>mea</strong></span> <span class='ocrx_word' id='word_1_154' title='bbox 3456 873 3531 928; x_wconf 94' lang='lat' dir='ltr'><strong>sit</strong></span> <span class='ocrx_word' id='word_1_155' title='bbox 3568 890 3669 943; x_wconf 79' lang='lat' dir='ltr'><strong>po-</strong></span> 
     </span>
    </p>
   </div>
   <div class='ocr_carea' id='block_1_22' title="bbox 2068 970 3671 1040">
    <p class='ocr_par' dir='ltr' id='par_1_22' title="bbox 2068 970 3671 1040">
     <span class='ocr_line' id='line_1_22' title="bbox 2068 970 3671 1040; baseline -0.006 -11"><span class='ocrx_word' id='word_1_156' title='bbox 2068 983 2268 1038; x_wconf 75' lang='lat' dir='ltr'><strong>testate,</strong></span> <span class='ocrx_word' id='word_1_157' title='bbox 2297 973 2372 1028; x_wconf 86' lang='lat' dir='ltr'><strong>vel</strong></span> <span class='ocrx_word' id='word_1_158' title='bbox 2416 989 2518 1027; x_wconf 87' lang='lat' dir='ltr'><strong>non</strong></span> <span class='ocrx_word' id='word_1_159' title='bbox 2561 970 2837 1026; x_wconf 85' lang='lat' dir='ltr'><strong>tradiderit</strong></span> <span class='ocrx_word' id='word_1_160' title='bbox 2883 970 3032 1035; x_wconf 87' lang='lat' dir='ltr'><strong>mihi,</strong></span> <span class='ocrx_word' id='word_1_161' title='bbox 3061 978 3249 1039; x_wconf 76' lang='lat' dir='ltr'><strong>prteter</strong></span> <span class='ocrx_word' id='word_1_162' title='bbox 3278 978 3347 1034; x_wconf 90' lang='lat' dir='ltr'><strong>te,</strong></span> <span class='ocrx_word' id='word_1_163' title='bbox 3372 985 3499 1040; x_wconf 80' lang='lat' dir='ltr'><strong>qua:</strong></span> <span class='ocrx_word' id='word_1_164' title='bbox 3524 982 3671 1021; x_wconf 68' lang='lat' dir='ltr'><strong>uror</strong></span> 
     </span>
    </p>
   </div>
   <div class='ocr_carea' id='block_1_23' title="bbox 2067 1059 3669 1136">
    <p class='ocr_par' dir='ltr' id='par_1_23' title="bbox 2067 1059 3669 1136">
     <span class='ocr_line' id='line_1_23' title="bbox 2067 1059 3669 1136; baseline -0.004 -17"><span class='ocrx_word' id='word_1_165' title='bbox 2067 1066 2180 1136; x_wconf 82' lang='lat' dir='ltr'><strong>ejus</strong></span> <span class='ocrx_word' id='word_1_166' title='bbox 2211 1083 2285 1120; x_wconf 88' lang='lat' dir='ltr'><strong>es.</strong></span> <span class='ocrx_word' id='word_1_167' title='bbox 2317 1064 2589 1130; x_wconf 85' lang='lat' dir='ltr'><strong>Quomodo</strong></span> <span class='ocrx_word' id='word_1_168' title='bbox 2628 1079 2749 1133; x_wconf 86' lang='lat' dir='ltr'><strong>ergo</strong></span> <span class='ocrx_word' id='word_1_169' title='bbox 2778 1078 2988 1133; x_wconf 89' lang='lat' dir='ltr'><strong>possum</strong></span> <span class='ocrx_word' id='word_1_170' title='bbox 3028 1059 3225 1114; x_wconf 87' lang='lat' dir='ltr'><strong>malum</strong></span> <span class='ocrx_word' id='word_1_171' title='bbox 3252 1060 3349 1113; x_wconf 88' lang='lat' dir='ltr'><strong>hoc</strong></span> <span class='ocrx_word' id='word_1_172' title='bbox 3377 1059 3586 1129; x_wconf 84' lang='lat' dir='ltr'><strong>facere,</strong></span> <span class='ocrx_word' id='word_1_173' title='bbox 3618 1068 3669 1112; x_wconf 84' lang='lat' dir='ltr'><strong>et</strong></span> 
     </span>
    </p>
   </div>
   <div class='ocr_carea' id='block_1_24' title="bbox 2066 1150 3672 1231">
    <p class='ocr_par' dir='ltr' id='par_1_24' title="bbox 2066 1150 3672 1231">
     <span class='ocr_line' id='line_1_24' title="bbox 2066 1150 3672 1231; baseline -0.007 -18"><span class='ocrx_word' id='word_1_174' title='bbox 2066 1175 2278 1231; x_wconf 86' lang='lat' dir='ltr'><strong>peccare</strong></span> <span class='ocrx_word' id='word_1_175' title='bbox 2301 1159 2356 1211; x_wconf 88' lang='lat' dir='ltr'><strong>in</strong></span> <span class='ocrx_word' id='word_1_176' title='bbox 2380 1157 2549 1211; x_wconf 88' lang='lat' dir='ltr'><strong>Deum</strong></span> <span class='ocrx_word' id='word_1_177' title='bbox 2575 1172 2747 1209; x_wconf 88' lang='lat' dir='ltr'><strong>meum</strong></span> <span class='ocrx_word' id='word_1_178' title='bbox 2764 1155 2790 1209; x_wconf 85' lang='lat'><strong><em>?</em></strong></span> <span class='ocrx_word' id='word_1_179' title='bbox 2816 1153 2867 1206; x_wconf 87' lang='grc' dir='ltr'><em>Η</em></span> <span class='ocrx_word' id='word_1_180' title='bbox 2873 1151 3199 1225; x_wconf 87' lang='lat' dir='ltr'><strong>ujuscemodi</strong></span> <span class='ocrx_word' id='word_1_181' title='bbox 3226 1151 3394 1205; x_wconf 79' lang='lat' dir='ltr'><strong>verbis</strong></span> <span class='ocrx_word' id='word_1_182' title='bbox 3416 1167 3520 1222; x_wconf 85' lang='lat' dir='ltr'><strong>per</strong></span> <span class='ocrx_word' id='word_1_183' title='bbox 3557 1150 3672 1203; x_wconf 77' lang='lat' dir='ltr'><strong>sin-</strong></span> 
     </span>
    </p>
   </div>
   <div class='ocr_carea' id='block_1_25' title="bbox 2067 1239 3671 1320">
    <p class='ocr_par' dir='ltr' id='par_1_25' title="bbox 2067 1239 3671 1320">
     <span class='ocr_line' id='line_1_25' title="bbox 2067 1239 3671 1320; baseline -0.006 -19"><span class='ocrx_word' id='word_1_184' title='bbox 2067 1247 2215 1320; x_wconf 88' lang='lat' dir='ltr'><strong>gulos</strong></span> <span class='ocrx_word' id='word_1_185' title='bbox 2254 1248 2364 1302; x_wconf 88' lang='lat' dir='ltr'><strong>dies</strong></span> <span class='ocrx_word' id='word_1_186' title='bbox 2400 1257 2447 1301; x_wconf 89' lang='lat' dir='ltr'><strong>et</strong></span> <span class='ocrx_word' id='word_1_187' title='bbox 2488 1244 2679 1300; x_wconf 84' lang='lat' dir='ltr'><strong>mulier</strong></span> <span class='ocrx_word' id='word_1_188' title='bbox 2703 1243 2922 1298; x_wconf 89' lang='lat' dir='ltr'><strong>molesta</strong></span> <span class='ocrx_word' id='word_1_189' title='bbox 2959 1251 3072 1297; x_wconf 89' lang='lat' dir='ltr'><strong>erat</strong></span> <span class='ocrx_word' id='word_1_190' title='bbox 3111 1240 3463 1305; x_wconf 82' lang='lat' dir='ltr'><strong>adolescenti,</strong></span> <span class='ocrx_word' id='word_1_191' title='bbox 3496 1250 3550 1293; x_wconf 87' lang='lat' dir='ltr'><strong>et</strong></span> <span class='ocrx_word' id='word_1_192' title='bbox 3579 1239 3671 1292; x_wconf 81' lang='lat' dir='ltr'><strong>ille</strong></span> 
     </span>
    </p>
   </div>
   <div class='ocr_carea' id='block_1_26' title="bbox 2069 1332 3672 1410">
    <p class='ocr_par' dir='ltr' id='par_1_26' title="bbox 2069 1332 3672 1410">
     <span class='ocr_line' id='line_1_26' title="bbox 2069 1332 3672 1410; baseline -0.004 -17"><span class='ocrx_word' id='word_1_193' title='bbox 2069 1339 2339 1394; x_wconf 82' lang='lat' dir='ltr'><strong>recusabat</strong></span> <span class='ocrx_word' id='word_1_194' title='bbox 2383 1348 2644 1410; x_wconf 87' lang='lat' dir='ltr'><strong>stuprum.</strong></span> <span class='ocrx_word' id='word_1_195' title='bbox 2689 1334 2918 1409; x_wconf 88' lang='lat' dir='ltr'><strong>(Greg.)</strong></span> <span class='ocrx_word' id='word_1_196' title='bbox 2967 1334 3222 1404; x_wconf 86' lang='lat' dir='ltr'><strong>Quisquis</strong></span> <span class='ocrx_word' id='word_1_197' title='bbox 3266 1333 3455 1388; x_wconf 89' lang='lat' dir='ltr'><strong>mundi</strong></span> <span class='ocrx_word' id='word_1_198' title='bbox 3504 1332 3672 1401; x_wconf 85' lang='lat' dir='ltr'><strong>hujus</strong></span> 
     </span>
    </p>
   </div>
   <div class='ocr_carea' id='block_1_27' title="bbox 2069 1424 3675 1495">
    <p class='ocr_par' dir='ltr' id='par_1_27' title="bbox 2069 1424 3675 1495">
     <span class='ocr_line' id='line_1_27' title="bbox 2069 1424 3675 1495; baseline -0.006 -8"><span class='ocrx_word' id='word_1_199' title='bbox 2069 1431 2408 1488; x_wconf 87' lang='lat' dir='ltr'><strong>successibus</strong></span> <span class='ocrx_word' id='word_1_200' title='bbox 2436 1429 2700 1495; x_wconf 84' lang='lat' dir='ltr'><strong>elevatus,</strong></span> <span class='ocrx_word' id='word_1_201' title='bbox 2728 1427 3071 1483; x_wconf 88' lang='lat' dir='ltr'><strong>lenocinante</strong></span> <span class='ocrx_word' id='word_1_202' title='bbox 3101 1425 3281 1480; x_wconf 87' lang='lat' dir='ltr'><strong>cordis</strong></span> <span class='ocrx_word' id='word_1_203' title='bbox 3307 1424 3525 1488; x_wconf 68' lang='lat' dir='ltr'><strong>laetitia,</strong></span> <span class='ocrx_word' id='word_1_204' title='bbox 3560 1434 3675 1479; x_wconf 85' lang='lat' dir='ltr'><strong>ten-</strong></span> 
     </span>
    </p>
   </div>
   <div class='ocr_carea' id='block_1_28' title="bbox 2069 1515 3672 1586">
    <p class='ocr_par' dir='ltr' id='par_1_28' title="bbox 2069 1515 3672 1586">
     <span class='ocr_line' id='line_1_28' title="bbox 2069 1515 3672 1586; baseline -0.006 -8"><span class='ocrx_word' id='word_1_205' title='bbox 2069 1522 2174 1578; x_wconf 90' lang='lat' dir='ltr'><strong>tari</strong></span> <span class='ocrx_word' id='word_1_206' title='bbox 2219 1538 2276 1578; x_wconf 89' lang='lat' dir='ltr'><strong>se</strong></span> <span class='ocrx_word' id='word_1_207' title='bbox 2313 1522 2538 1576; x_wconf 61' lang='lat' dir='ltr'><strong>luxuriat</strong></span> <span class='ocrx_word' id='word_1_208' title='bbox 2587 1520 2818 1575; x_wconf 80' lang='lat' dir='ltr'><strong>stimulis</strong></span> <span class='ocrx_word' id='word_1_209' title='bbox 2870 1518 3056 1583; x_wconf 84' lang='lat' dir='ltr'><strong>sentit,</strong></span> <span class='ocrx_word' id='word_1_210' title='bbox 3082 1516 3282 1586; x_wconf 87' lang='lat' dir='ltr'><strong>Ioseph</strong></span> <span class='ocrx_word' id='word_1_211' title='bbox 3332 1515 3555 1571; x_wconf 85' lang='lat' dir='ltr'><strong>factum</strong></span> <span class='ocrx_word' id='word_1_212' title='bbox 3604 1516 3672 1569; x_wconf 86' lang='lat' dir='ltr'><strong>ad</strong></span> 
     </span>
    </p>
   </div>
   <div class='ocr_carea' id='block_1_29' title="bbox 2067 1611 3669 1680">
    <p class='ocr_par' dir='ltr' id='par_1_29' title="bbox 2067 1611 3669 1680">
     <span class='ocr_line' id='line_1_29' title="bbox 2067 1611 3669 1680; baseline -0.006 -9"><span class='ocrx_word' id='word_1_213' title='bbox 2067 1616 2387 1671; x_wconf 87' lang='lat' dir='ltr'><strong>memoriam</strong></span> <span class='ocrx_word' id='word_1_214' title='bbox 2431 1622 2668 1680; x_wconf 88' lang='lat' dir='ltr'><strong>revocet,</strong></span> <span class='ocrx_word' id='word_1_215' title='bbox 2699 1622 2754 1668; x_wconf 91' lang='lat' dir='ltr'><strong>et</strong></span> <span class='ocrx_word' id='word_1_216' title='bbox 2791 1613 2845 1667; x_wconf 92' lang='lat' dir='ltr'><strong>in</strong></span> <span class='ocrx_word' id='word_1_217' title='bbox 2876 1626 3003 1667; x_wconf 88' lang='lat' dir='ltr'><strong>arce</strong></span> <span class='ocrx_word' id='word_1_218' title='bbox 3033 1626 3092 1666; x_wconf 91' lang='lat' dir='ltr'><strong>se</strong></span> <span class='ocrx_word' id='word_1_219' title='bbox 3133 1611 3405 1678; x_wconf 80' lang='lat' dir='ltr'><strong>castitatis</strong></span> <span class='ocrx_word' id='word_1_220' title='bbox 3454 1618 3669 1674; x_wconf 80' lang='lat' dir='ltr'><strong>servat,</strong></span> 
     </span>
    </p>
   </div>
   <div class='ocr_carea' id='block_1_30' title="bbox 2069 1702 3666 1778">
    <p class='ocr_par' dir='ltr' id='par_1_30' title="bbox 2069 1702 3666 1778">
     <span class='ocr_line' id='line_1_30' title="bbox 2069 1702 3666 1778; baseline -0.005 -15"><span class='ocrx_word' id='word_1_221' title='bbox 2069 1709 2160 1778; x_wconf 92' lang='lat' dir='ltr'><strong>qui</strong></span> <span class='ocrx_word' id='word_1_222' title='bbox 2186 1710 2310 1763; x_wconf 88' lang='lat' dir='ltr'><strong>dum</strong></span> <span class='ocrx_word' id='word_1_223' title='bbox 2342 1708 2444 1763; x_wconf 86' lang='lat' dir='ltr'><strong>sibi</strong></span> <span class='ocrx_word' id='word_1_224' title='bbox 2476 1723 2507 1762; x_wconf 93' lang='lat' dir='ltr'><strong>a</strong></span> <span class='ocrx_word' id='word_1_225' title='bbox 2530 1706 2747 1761; x_wconf 91' lang='lat' dir='ltr'><strong>domina</strong></span> <span class='ocrx_word' id='word_1_226' title='bbox 2784 1705 3124 1774; x_wconf 88' lang='lat' dir='ltr'><strong>conspiceret</strong></span> <span class='ocrx_word' id='word_1_227' title='bbox 3146 1702 3426 1773; x_wconf 71' lang='lat' dir='ltr'><strong>pudicitia:</strong></span> <span class='ocrx_word' id='word_1_228' title='bbox 3455 1703 3666 1757; x_wconf 84' lang='lat' dir='ltr'><strong>damna</strong></span> 
     </span>
    </p>
   </div>
   <div class='ocr_carea' id='block_1_31' title="bbox 2070 1800 2453 1866">
    <p class='ocr_par' dir='ltr' id='par_1_31' title="bbox 2070 1800 2453 1866">
     <span class='ocr_line' id='line_1_31' title="bbox 2070 1800 2453 1866; baseline -0.005 -11"><span class='ocrx_word' id='word_1_229' title='bbox 2070 1800 2305 1866; x_wconf 82' lang='lat' dir='ltr'><strong>suaderi,</strong></span> <span class='ocrx_word' id='word_1_230' title='bbox 2338 1800 2415 1854; x_wconf 88' lang='lat' dir='ltr'><strong>ait</strong></span> <span class='ocrx_word' id='word_1_231' title='bbox 2440 1817 2453 1853; x_wconf 89' lang='lat'><strong>:</strong></span> 
     </span>
    </p>
   </div>
   <div class='ocr_carea' id='block_1_32' title="bbox 384 1889 3669 1983">
    <p class='ocr_par' dir='ltr' id='par_1_32' title="bbox 384 1889 3669 1983">
     <span class='ocr_line' id='line_1_32' title="bbox 384 1889 3669 1983; baseline -0.003 -32"><span class='ocrx_word' id='word_1_232' title='bbox 384 1915 443 1960; x_wconf 77' lang='grc' dir='ltr'>ω</span> <span class='ocrx_word' id='word_1_233' title='bbox 479 1916 817 1964; x_wconf 51' lang='lat' dir='ltr'><strong>mererentur</strong></span> <span class='ocrx_word' id='word_1_234' title='bbox 851 1910 1102 1966; x_wconf 54' lang='lat' dir='ltr'><strong>alimenta</strong></span> <span class='ocrx_word' id='word_1_235' title='bbox 1127 1913 1430 1983; x_wconf 56' lang='lat' dir='ltr'><strong>percipere,</strong></span> <span class='ocrx_word' id='word_1_236' title='bbox 1460 1927 1647 1967; x_wconf 68' lang='lat' dir='ltr'><strong>eorum</strong></span> <span class='ocrx_word' id='word_1_237' title='bbox 1685 1912 1963 1981; x_wconf 60' lang='grc' dir='ltr'><strong>ἀίερεηδει-</strong></span> <span class='ocrx_word' id='word_1_238' title='bbox 1990 1892 2037 1951; x_wconf 89' lang='grc' dir='ltr'><strong>Β</strong></span> <span class='ocrx_word' id='word_1_239' title='bbox 2137 1892 2273 1947; x_wconf 88' lang='lat' dir='ltr'><strong>Ecce</strong></span> <span class='ocrx_word' id='word_1_240' title='bbox 2307 1893 2549 1947; x_wconf 87' lang='lat' dir='ltr'><strong>dominus</strong></span> <span class='ocrx_word' id='word_1_241' title='bbox 2592 1909 2758 1958; x_wconf 87' lang='lat' dir='ltr'><strong>meus,</strong></span> <span class='ocrx_word' id='word_1_242' title='bbox 2801 1889 3041 1945; x_wconf 75' lang='lat' dir='ltr'><strong>omnibus</strong></span> <span class='ocrx_word' id='word_1_243' title='bbox 3070 1890 3198 1945; x_wconf 90' lang='lat' dir='ltr'><strong>mihi</strong></span> <span class='ocrx_word' id='word_1_244' title='bbox 3224 1890 3458 1954; x_wconf 86' lang='lat' dir='ltr'><strong>traditis,</strong></span> <span class='ocrx_word' id='word_1_245' title='bbox 3510 1889 3669 1958; x_wconf 80' lang='lat' dir='ltr'><strong>igno-</strong></span> 
     </span>
    </p>
   </div>
   <div class='ocr_carea' id='block_1_33' title="bbox 387 2000 1965 2072">
    <p class='ocr_par' dir='ltr' id='par_1_33' title="bbox 387 2000 1965 2072">
     <span class='ocr_line' id='line_1_33' title="bbox 387 2000 1965 2072; baseline 0.006 -22"><span class='ocrx_word' id='word_1_246' title='bbox 387 2005 555 2051; x_wconf 87' lang='lat' dir='ltr'><strong>torem</strong></span> <span class='ocrx_word' id='word_1_247' title='bbox 600 2000 862 2070; x_wconf 86' lang='lat' dir='ltr'><strong>compulsi</strong></span> <span class='ocrx_word' id='word_1_248' title='bbox 907 2011 1033 2057; x_wconf 90' lang='lat' dir='ltr'><strong>sunt</strong></span> <span class='ocrx_word' id='word_1_249' title='bbox 1078 2005 1266 2072; x_wconf 89' lang='lat' dir='ltr'><strong>pronis</strong></span> <span class='ocrx_word' id='word_1_250' title='bbox 1318 2005 1374 2058; x_wconf 89' lang='lat' dir='ltr'><strong>in</strong></span> <span class='ocrx_word' id='word_1_251' title='bbox 1418 2014 1620 2059; x_wconf 86' lang='lat' dir='ltr'><strong>terram</strong></span> <span class='ocrx_word' id='word_1_252' title='bbox 1663 2003 1965 2060; x_wconf 87' lang='lat' dir='ltr'><strong>cervicibus</strong></span> 
     </span>
    </p>
   </div>
   <div class='ocr_carea' id='block_1_34' title="bbox 385 2086 1966 2164">
    <p class='ocr_par' dir='ltr' id='par_1_34' title="bbox 385 2086 1966 2164">
     <span class='ocr_line' id='line_1_34' title="bbox 385 2086 1966 2164; baseline 0.006 -25"><span class='ocrx_word' id='word_1_253' title='bbox 385 2086 629 2142; x_wconf 86' lang='lat' dir='ltr'><strong>adorare.</strong></span> <span class='ocrx_word' id='word_1_254' title='bbox 660 2088 953 2146; x_wconf 90' lang='lat' dir='ltr'><strong>Pensemus</strong></span> <span class='ocrx_word' id='word_1_255' title='bbox 981 2092 1148 2163; x_wconf 78' lang='lat' dir='ltr'><strong>igitur</strong></span> <span class='ocrx_word' id='word_1_256' title='bbox 1174 2103 1339 2164; x_wconf 73' lang='lat' dir='ltr'><strong>gesta:</strong></span> <span class='ocrx_word' id='word_1_257' title='bbox 1366 2094 1443 2148; x_wconf 88' lang='lat' dir='ltr'><strong>rei</strong></span> <span class='ocrx_word' id='word_1_258' title='bbox 1469 2093 1733 2157; x_wconf 88' lang='lat' dir='ltr'><strong>ordinem,</strong></span> <span class='ocrx_word' id='word_1_259' title='bbox 1772 2107 1966 2164; x_wconf 89' lang='lat' dir='ltr'><strong>pense-</strong></span> 
     </span>
    </p>
   </div>
   <div class='ocr_carea' id='block_1_35' title="bbox 383 2183 1967 2262">
    <p class='ocr_par' dir='ltr' id='par_1_35' title="bbox 383 2183 1967 2262">
     <span class='ocr_line' id='line_1_35' title="bbox 383 2183 1967 2262; baseline 0.006 -31"><span class='ocrx_word' id='word_1_260' title='bbox 383 2193 505 2233; x_wconf 81' lang='lat' dir='ltr'><strong>mus</strong></span> <span class='ocrx_word' id='word_1_261' title='bbox 528 2183 797 2249; x_wconf 92' lang='lat' dir='ltr'><strong>quomodo</strong></span> <span class='ocrx_word' id='word_1_262' title='bbox 825 2184 1177 2262; x_wconf 77' lang='lat' dir='ltr'><strong>cogitationes</strong></span> <span class='ocrx_word' id='word_1_263' title='bbox 1198 2185 1475 2240; x_wconf 90' lang='lat' dir='ltr'><strong>hominum</strong></span> <span class='ocrx_word' id='word_1_264' title='bbox 1502 2187 1554 2240; x_wconf 92' lang='lat' dir='ltr'><strong>in</strong></span> <span class='ocrx_word' id='word_1_265' title='bbox 1580 2185 1697 2256; x_wconf 90' lang='lat' dir='ltr'><strong>ipsa</strong></span> <span class='ocrx_word' id='word_1_266' title='bbox 1719 2201 1814 2241; x_wconf 90' lang='lat' dir='ltr'><strong>sua</strong></span> <span class='ocrx_word' id='word_1_267' title='bbox 1841 2201 1967 2257; x_wconf 88' lang='lat' dir='ltr'><strong>pro-</strong></span> 
     </span>
    </p>
   </div>
   <div class='ocr_carea' id='block_1_36' title="bbox 380 2275 1967 2352">
    <p class='ocr_par' dir='ltr' id='par_1_36' title="bbox 380 2275 1967 2352">
     <span class='ocr_line' id='line_1_36' title="bbox 380 2275 1967 2352; baseline 0.004 -23"><span class='ocrx_word' id='word_1_268' title='bbox 380 2275 591 2331; x_wconf 83' lang='lat' dir='ltr'><strong>visione</strong></span> <span class='ocrx_word' id='word_1_269' title='bbox 616 2278 699 2333; x_wconf 89' lang='lat' dir='ltr'><strong>vis</strong></span> <span class='ocrx_word' id='word_1_270' title='bbox 733 2279 914 2334; x_wconf 90' lang='lat' dir='ltr'><strong>divina</strong></span> <span class='ocrx_word' id='word_1_271' title='bbox 941 2280 1379 2352; x_wconf 89' lang='lat' dir='ltr'><strong>comprehendat.</strong></span> <span class='ocrx_word' id='word_1_272' title='bbox 1412 2281 1539 2337; x_wconf 87' lang='lat' dir='ltr'><strong>Ideo</strong></span> <span class='ocrx_word' id='word_1_273' title='bbox 1566 2282 1633 2336; x_wconf 91' lang='lat' dir='ltr'><strong>ab</strong></span> <span class='ocrx_word' id='word_1_274' title='bbox 1662 2282 1743 2337; x_wconf 90' lang='lat' dir='ltr'><strong>eis</strong></span> <span class='ocrx_word' id='word_1_275' title='bbox 1766 2278 1967 2350; x_wconf 91' lang='lat' dir='ltr'><strong>Ioseph</strong></span> 
     </span>
    </p>
   </div>
   <div class='ocr_carea' id='block_1_37' title="bbox 381 2369 1967 2439">
    <p class='ocr_par' dir='ltr' id='par_1_37' title="bbox 381 2369 1967 2439">
     <span class='ocr_line' id='line_1_37' title="bbox 381 2369 1967 2439; baseline 0.004 -18"><span class='ocrx_word' id='word_1_276' title='bbox 381 2369 632 2427; x_wconf 84' lang='lat' dir='ltr'><strong>venditus</strong></span> <span class='ocrx_word' id='word_1_277' title='bbox 673 2370 871 2438; x_wconf 78' lang='lat' dir='ltr'><strong>fuerat,</strong></span> <span class='ocrx_word' id='word_1_278' title='bbox 898 2389 966 2428; x_wconf 93' lang='lat' dir='ltr'><strong>ne</strong></span> <span class='ocrx_word' id='word_1_279' title='bbox 995 2374 1331 2439; x_wconf 78' lang='lat' dir='ltr'><strong>adoreretur,</strong></span> <span class='ocrx_word' id='word_1_280' title='bbox 1364 2375 1459 2429; x_wconf 90' lang='lat' dir='ltr'><strong>sed</strong></span> <span class='ocrx_word' id='word_1_281' title='bbox 1501 2373 1621 2429; x_wconf 92' lang='lat' dir='ltr'><strong>ideo</strong></span> <span class='ocrx_word' id='word_1_282' title='bbox 1659 2382 1745 2429; x_wconf 87' lang='lat' dir='ltr'><strong>est</strong></span> <span class='ocrx_word' id='word_1_283' title='bbox 1779 2374 1967 2428; x_wconf 88' lang='lat' dir='ltr'><strong>adora-</strong></span> 
     </span>
    </p>
   </div>
   <div class='ocr_carea' id='block_1_38' title="bbox 381 2463 1966 2537">
    <p class='ocr_par' dir='ltr' id='par_1_38' title="bbox 381 2463 1966 2537">
     <span class='ocr_line' id='line_1_38' title="bbox 381 2463 1966 2537; baseline 0.005 -23"><span class='ocrx_word' id='word_1_284' title='bbox 381 2468 489 2526; x_wconf 90' lang='lat' dir='ltr'><strong>tus,</strong></span> <span class='ocrx_word' id='word_1_285' title='bbox 536 2463 661 2531; x_wconf 86' lang='lat' dir='ltr'><strong>quia</strong></span> <span class='ocrx_word' id='word_1_286' title='bbox 702 2466 972 2520; x_wconf 90' lang='lat' dir='ltr'><strong>venditus.</strong></span> <span class='ocrx_word' id='word_1_287' title='bbox 1023 2466 1215 2521; x_wconf 86' lang='lat' dir='ltr'><strong>Astute</strong></span> <span class='ocrx_word' id='word_1_288' title='bbox 1265 2482 1499 2536; x_wconf 88' lang='lat' dir='ltr'><strong>namque</strong></span> <span class='ocrx_word' id='word_1_289' title='bbox 1552 2467 1755 2537; x_wconf 91' lang='lat' dir='ltr'><strong>aliquid</strong></span> <span class='ocrx_word' id='word_1_290' title='bbox 1806 2482 1966 2537; x_wconf 87' lang='lat' dir='ltr'><strong>agere</strong></span> 
     </span>
    </p>
   </div>
   <div class='ocr_carea' id='block_1_39' title="bbox 382 2554 1965 2624">
    <p class='ocr_par' dir='ltr' id='par_1_39' title="bbox 382 2554 1965 2624">
     <span class='ocr_line' id='line_1_39' title="bbox 382 2554 1965 2624; baseline 0.003 -18"><span class='ocrx_word' id='word_1_291' title='bbox 382 2554 501 2607; x_wconf 90' lang='lat' dir='ltr'><strong>ausi</strong></span> <span class='ocrx_word' id='word_1_292' title='bbox 548 2562 693 2621; x_wconf 91' lang='lat' dir='ltr'><strong>sunt,</strong></span> <span class='ocrx_word' id='word_1_293' title='bbox 723 2565 784 2610; x_wconf 90' lang='lat' dir='ltr'><strong>ut</strong></span> <span class='ocrx_word' id='word_1_294' title='bbox 812 2556 909 2611; x_wconf 90' lang='lat' dir='ltr'><strong>Dei</strong></span> <span class='ocrx_word' id='word_1_295' title='bbox 951 2558 1233 2613; x_wconf 88' lang='lat' dir='ltr'><strong>consilium</strong></span> <span class='ocrx_word' id='word_1_296' title='bbox 1281 2566 1600 2624; x_wconf 86' lang='lat' dir='ltr'><strong>mutaretur,</strong></span> <span class='ocrx_word' id='word_1_297' title='bbox 1637 2556 1734 2613; x_wconf 88' lang='lat' dir='ltr'><strong>sed</strong></span> <span class='ocrx_word' id='word_1_298' title='bbox 1784 2558 1965 2612; x_wconf 91' lang='lat' dir='ltr'><strong>divino</strong></span> 
     </span>
    </p>
   </div>
   <div class='ocr_carea' id='block_1_40' title="bbox 379 2641 1963 2716">
    <p class='ocr_par' dir='ltr' id='par_1_40' title="bbox 379 2641 1963 2716">
     <span class='ocr_line' id='line_1_40' title="bbox 379 2641 1963 2716; baseline 0.004 -20"><span class='ocrx_word' id='word_1_299' title='bbox 379 2641 582 2710; x_wconf 88' lang='lat' dir='ltr'><strong>judicio</strong></span> <span class='ocrx_word' id='word_1_300' title='bbox 606 2647 750 2716; x_wconf 91' lang='lat' dir='ltr'><strong>quod</strong></span> <span class='ocrx_word' id='word_1_301' title='bbox 775 2648 1046 2704; x_wconf 89' lang='lat' dir='ltr'><strong>declinare</strong></span> <span class='ocrx_word' id='word_1_302' title='bbox 1069 2651 1248 2705; x_wconf 90' lang='lat' dir='ltr'><strong>conati</strong></span> <span class='ocrx_word' id='word_1_303' title='bbox 1273 2658 1418 2715; x_wconf 91' lang='lat' dir='ltr'><strong>sunt,</strong></span> <span class='ocrx_word' id='word_1_304' title='bbox 1448 2648 1730 2705; x_wconf 89' lang='lat' dir='ltr'><strong>renitendo</strong></span> <span class='ocrx_word' id='word_1_305' title='bbox 1760 2649 1963 2703; x_wconf 87' lang='lat' dir='ltr'><strong>servie-</strong></span> 
     </span>
    </p>
   </div>
   <div class='ocr_carea' id='block_1_41' title="bbox 381 2737 1967 2816">
    <p class='ocr_par' dir='ltr' id='par_1_41' title="bbox 381 2737 1967 2816">
     <span class='ocr_line' id='line_1_41' title="bbox 381 2737 1967 2816; baseline 0.008 -28"><span class='ocrx_word' id='word_1_306' title='bbox 381 2744 528 2790; x_wconf 92' lang='lat' dir='ltr'><strong>runt.</strong></span> <span class='ocrx_word' id='word_1_307' title='bbox 557 2737 686 2794; x_wconf 89' lang='lat' dir='ltr'><strong>Inde</strong></span> <span class='ocrx_word' id='word_1_308' title='bbox 725 2741 921 2811; x_wconf 90' lang='lat' dir='ltr'><strong>quippe</strong></span> <span class='ocrx_word' id='word_1_309' title='bbox 961 2742 1134 2797; x_wconf 89' lang='lat' dir='ltr'><strong>coacti</strong></span> <span class='ocrx_word' id='word_1_310' title='bbox 1178 2751 1302 2797; x_wconf 91' lang='lat' dir='ltr'><strong>sunt</strong></span> <span class='ocrx_word' id='word_1_311' title='bbox 1347 2742 1443 2796; x_wconf 92' lang='lat' dir='ltr'><strong>Dei</strong></span> <span class='ocrx_word' id='word_1_312' title='bbox 1482 2739 1812 2797; x_wconf 89' lang='lat' dir='ltr'><strong>voluntatem</strong></span> <span class='ocrx_word' id='word_1_313' title='bbox 1845 2755 1967 2816; x_wconf 67' lang='lat' dir='ltr'><strong>per-</strong></span> 
     </span>
    </p>
   </div>
   <div class='ocr_carea' id='block_1_42' title="bbox 381 2829 1964 2901">
    <p class='ocr_par' dir='ltr' id='par_1_42' title="bbox 381 2829 1964 2901">
     <span class='ocr_line' id='line_1_42' title="bbox 381 2829 1964 2901; baseline 0.003 -12"><span class='ocrx_word' id='word_1_314' title='bbox 381 2841 561 2901; x_wconf 68' lang='lat' dir='ltr'><strong>agere.</strong></span> <span class='ocrx_word' id='word_1_315' title='bbox 586 2829 728 2891; x_wconf 84' lang='lat' dir='ltr'><strong>unde</strong></span> <span class='ocrx_word' id='word_1_316' title='bbox 768 2831 914 2891; x_wconf 80' lang='lat' dir='ltr'><strong>hanc</strong></span> <span class='ocrx_word' id='word_1_317' title='bbox 935 2832 1103 2893; x_wconf 78' lang='lat' dir='ltr'><strong>moliti</strong></span> <span class='ocrx_word' id='word_1_318' title='bbox 1133 2840 1258 2894; x_wconf 87' lang='lat' dir='ltr'><strong>sunt</strong></span> <span class='ocrx_word' id='word_1_319' title='bbox 1280 2840 1460 2894; x_wconf 68' lang='lat' dir='ltr'><strong>astute</strong></span> <span class='ocrx_word' id='word_1_320' title='bbox 1485 2839 1837 2894; x_wconf 80' lang='lat' dir='ltr'><strong>conunutaie.</strong></span> <span class='ocrx_word' id='word_1_321' title='bbox 1873 2838 1964 2893; x_wconf 88' lang='lat' dir='ltr'><strong>Sic</strong></span> 
     </span>
    </p>
   </div>
   <div class='ocr_carea' id='block_1_43' title="bbox 381 2924 1965 3000">
    <p class='ocr_par' dir='ltr' id='par_1_43' title="bbox 381 2924 1965 3000">
     <span class='ocr_line' id='line_1_43' title="bbox 381 2924 1965 3000; baseline 0.006 -24"><span class='ocrx_word' id='word_1_322' title='bbox 381 2924 620 2979; x_wconf 89' lang='lat' dir='ltr'><strong>divinum</strong></span> <span class='ocrx_word' id='word_1_323' title='bbox 646 2928 929 2984; x_wconf 72' lang='lat' dir='ltr'><strong>mnsilium</strong></span> <span class='ocrx_word' id='word_1_324' title='bbox 957 2931 1084 2986; x_wconf 93' lang='lat' dir='ltr'><strong>dum</strong></span> <span class='ocrx_word' id='word_1_325' title='bbox 1111 2931 1380 2986; x_wconf 89' lang='lat' dir='ltr'><strong>devitatur</strong></span> <span class='ocrx_word' id='word_1_326' title='bbox 1406 2930 1725 3000; x_wconf 88' lang='lat' dir='ltr'><strong>completur,</strong></span> <span class='ocrx_word' id='word_1_327' title='bbox 1754 2930 1835 2985; x_wconf 90' lang='lat' dir='ltr'><strong>sic</strong></span> <span class='ocrx_word' id='word_1_328' title='bbox 1864 2930 1965 2985; x_wconf 89' lang='lat' dir='ltr'><strong>hu-</strong></span> 
     </span>
    </p>
   </div>
   <div class='ocr_carea' id='block_1_44' title="bbox 382 3018 1962 3093">
    <p class='ocr_par' dir='ltr' id='par_1_44' title="bbox 382 3018 1962 3093">
     <span class='ocr_line' id='line_1_44' title="bbox 382 3018 1962 3093; baseline 0.004 -25"><span class='ocrx_word' id='word_1_329' title='bbox 382 3030 546 3070; x_wconf 89' lang='lat' dir='ltr'><strong>mana</strong></span> <span class='ocrx_word' id='word_1_330' title='bbox 574 3018 839 3088; x_wconf 88' lang='lat' dir='ltr'><strong>sapientia</strong></span> <span class='ocrx_word' id='word_1_331' title='bbox 865 3022 993 3076; x_wconf 89' lang='lat' dir='ltr'><strong>dum</strong></span> <span class='ocrx_word' id='word_1_332' title='bbox 1018 3022 1319 3078; x_wconf 87' lang='lat' dir='ltr'><strong>reluctatur</strong></span> <span class='ocrx_word' id='word_1_333' title='bbox 1346 3021 1839 3093; x_wconf 89' lang='lat' dir='ltr'><strong>comprehenditur.</strong></span> <span class='ocrx_word' id='word_1_334' title='bbox 1867 3019 1962 3075; x_wconf 91' lang='lat' dir='ltr'><strong>Ti-</strong></span> 
     </span>
    </p>
   </div>
   <div class='ocr_carea' id='block_1_45' title="bbox 378 3110 1959 3187">
    <p class='ocr_par' dir='ltr' id='par_1_45' title="bbox 378 3110 1959 3187">
     <span class='ocr_line' id='line_1_45' title="bbox 378 3110 1959 3187; baseline 0.004 -24"><span class='ocrx_word' id='word_1_335' title='bbox 378 3119 634 3165; x_wconf 89' lang='lat' dir='ltr'><strong>muerunt</strong></span> <span class='ocrx_word' id='word_1_336' title='bbox 670 3110 870 3170; x_wconf 86' lang='lat' dir='ltr'><strong>fratres</strong></span> <span class='ocrx_word' id='word_1_337' title='bbox 900 3130 972 3171; x_wconf 89' lang='lat' dir='ltr'><strong>ne</strong></span> <span class='ocrx_word' id='word_1_338' title='bbox 1015 3114 1213 3187; x_wconf 89' lang='lat' dir='ltr'><strong>Ioseph</strong></span> <span class='ocrx_word' id='word_1_339' title='bbox 1255 3131 1419 3186; x_wconf 89' lang='lat' dir='ltr'><strong>super</strong></span> <span class='ocrx_word' id='word_1_340' title='bbox 1463 3130 1558 3171; x_wconf 91' lang='lat' dir='ltr'><strong>eos</strong></span> <span class='ocrx_word' id='word_1_341' title='bbox 1598 3124 1959 3179; x_wconf 82' lang='lat' dir='ltr'><strong>excresceret,</strong></span> 
     </span>
    </p>
   </div>
   <div class='ocr_carea' id='block_1_46' title="bbox 379 3203 1963 3279">
    <p class='ocr_par' dir='ltr' id='par_1_46' title="bbox 379 3203 1963 3279">
     <span class='ocr_line' id='line_1_46' title="bbox 379 3203 1963 3279; baseline 0.003 -23"><span class='ocrx_word' id='word_1_342' title='bbox 379 3203 474 3257; x_wconf 87' lang='lat' dir='ltr'><strong>sed</strong></span> <span class='ocrx_word' id='word_1_343' title='bbox 518 3204 624 3261; x_wconf 91' lang='lat' dir='ltr'><strong>hoc</strong></span> <span class='ocrx_word' id='word_1_344' title='bbox 661 3206 807 3277; x_wconf 90' lang='lat' dir='ltr'><strong>quod</strong></span> <span class='ocrx_word' id='word_1_345' title='bbox 845 3207 1104 3265; x_wconf 91' lang='lat' dir='ltr'><strong>divinitus</strong></span> <span class='ocrx_word' id='word_1_346' title='bbox 1139 3208 1457 3279; x_wconf 90' lang='lat' dir='ltr'><strong>dispositum</strong></span> <span class='ocrx_word' id='word_1_347' title='bbox 1500 3205 1679 3262; x_wconf 85' lang='lat' dir='ltr'><strong>fuerat</strong></span> <span class='ocrx_word' id='word_1_348' title='bbox 1721 3205 1963 3262; x_wconf 85' lang='lat' dir='ltr'><strong>cavendo</strong></span> 
     </span>
    </p>
   </div>
   <div class='ocr_carea' id='block_1_47' title="bbox 377 3296 1958 3369">
    <p class='ocr_par' dir='ltr' id='par_1_47' title="bbox 377 3296 1958 3369">
     <span class='ocr_line' id='line_1_47' title="bbox 377 3296 1958 3369; baseline 0.003 -23"><span class='ocrx_word' id='word_1_349' title='bbox 377 3299 559 3348; x_wconf 90' lang='lat' dir='ltr'><strong>actum</strong></span> <span class='ocrx_word' id='word_1_350' title='bbox 605 3303 690 3351; x_wconf 90' lang='lat' dir='ltr'><strong>est</strong></span> <span class='ocrx_word' id='word_1_351' title='bbox 743 3305 804 3350; x_wconf 92' lang='lat' dir='ltr'><strong>ut</strong></span> <span class='ocrx_word' id='word_1_352' title='bbox 848 3297 1088 3369; x_wconf 55' lang='lat' dir='ltr'><strong>veniretd</strong></span> <span class='ocrx_word' id='word_1_353' title='bbox 1112 3297 1359 3353; x_wconf 84' lang='lat' dir='ltr'><strong>Humana</strong></span> <span class='ocrx_word' id='word_1_354' title='bbox 1406 3312 1534 3369; x_wconf 86' lang='lat' dir='ltr'><strong>ergo</strong></span> <span class='ocrx_word' id='word_1_355' title='bbox 1591 3296 1856 3367; x_wconf 88' lang='lat' dir='ltr'><strong>sapientia</strong></span> <span class='ocrx_word' id='word_1_356' title='bbox 1901 3296 1958 3350; x_wconf 92' lang='lat' dir='ltr'><strong>in</strong></span> 
     </span>
    </p>
   </div>
   <div class='ocr_carea' id='block_1_48' title="bbox 377 3382 1958 3457">
    <p class='ocr_par' dir='ltr' id='par_1_48' title="bbox 377 3382 1958 3457">
     <span class='ocr_line' id='line_1_48' title="bbox 377 3382 1958 3457; baseline 0.001 -22"><span class='ocrx_word' id='word_1_357' title='bbox 377 3382 552 3452; x_wconf 90' lang='lat' dir='ltr'><strong>seipsa</strong></span> <span class='ocrx_word' id='word_1_358' title='bbox 576 3385 964 3455; x_wconf 89' lang='lat' dir='ltr'><strong>comprehensa</strong></span> <span class='ocrx_word' id='word_1_359' title='bbox 999 3394 1100 3451; x_wconf 90' lang='lat' dir='ltr'><strong>est,</strong></span> <span class='ocrx_word' id='word_1_360' title='bbox 1129 3402 1250 3457; x_wconf 85' lang='lat' dir='ltr'><strong>quae</strong></span> <span class='ocrx_word' id='word_1_361' title='bbox 1276 3386 1541 3442; x_wconf 86' lang='lat' dir='ltr'><strong>voluntati</strong></span> <span class='ocrx_word' id='word_1_362' title='bbox 1567 3384 1665 3440; x_wconf 89' lang='lat' dir='ltr'><strong>Dei</strong></span> <span class='ocrx_word' id='word_1_363' title='bbox 1692 3384 1836 3439; x_wconf 88' lang='lat' dir='ltr'><strong>unde</strong></span> <span class='ocrx_word' id='word_1_364' title='bbox 1859 3398 1958 3454; x_wconf 90' lang='lat' dir='ltr'><strong>per</strong></span> 
     </span>
    </p>
   </div>
   <div class='ocr_carea' id='block_1_49' title="bbox 378 3471 1953 3550">
    <p class='ocr_par' dir='ltr' id='par_1_49' title="bbox 378 3471 1953 3550">
     <span class='ocr_line' id='line_1_49' title="bbox 378 3471 1953 3550; baseline 0.003 -26"><span class='ocrx_word' id='word_1_365' title='bbox 378 3471 732 3529; x_wconf 89' lang='lat' dir='ltr'><strong>intentionem</strong></span> <span class='ocrx_word' id='word_1_366' title='bbox 773 3476 990 3543; x_wconf 89' lang='lat' dir='ltr'><strong>restitit,</strong></span> <span class='ocrx_word' id='word_1_367' title='bbox 1019 3477 1143 3532; x_wconf 89' lang='lat' dir='ltr'><strong>inde</strong></span> <span class='ocrx_word' id='word_1_368' title='bbox 1190 3478 1308 3550; x_wconf 86' lang='lat' dir='ltr'><strong>ejus</strong></span> <span class='ocrx_word' id='word_1_369' title='bbox 1348 3476 1648 3547; x_wconf 91' lang='lat' dir='ltr'><strong>impletioni</strong></span> <span class='ocrx_word' id='word_1_370' title='bbox 1679 3475 1953 3530; x_wconf 88' lang='lat' dir='ltr'><strong>militavit.</strong></span> 
     </span>
    </p>
   </div>
   <div class='ocr_carea' id='block_1_50' title="bbox 376 3560 1957 3636">
    <p class='ocr_par' dir='ltr' id='par_1_50' title="bbox 376 3560 1957 3636">
     <span class='ocr_line' id='line_1_50' title="bbox 376 3560 1957 3636; baseline 0.003 -20"><span class='ocrx_word' id='word_1_371' title='bbox 376 3560 563 3618; x_wconf 90' lang='lat' dir='ltr'><strong>Iustus</strong></span> <span class='ocrx_word' id='word_1_372' title='bbox 602 3581 833 3636; x_wconf 83' lang='lat' dir='ltr'><strong>namque</strong></span> <span class='ocrx_word' id='word_1_373' title='bbox 868 3578 922 3623; x_wconf 90' lang='lat' dir='ltr'><strong>et</strong></span> <span class='ocrx_word' id='word_1_374' title='bbox 954 3569 1262 3625; x_wconf 88' lang='lat' dir='ltr'><strong>misericors</strong></span> <span class='ocrx_word' id='word_1_375' title='bbox 1309 3568 1449 3624; x_wconf 91' lang='lat' dir='ltr'><strong>Deus</strong></span> <span class='ocrx_word' id='word_1_376' title='bbox 1487 3564 1796 3621; x_wconf 88' lang='lat' dir='ltr'><strong>mortalium</strong></span> <span class='ocrx_word' id='word_1_377' title='bbox 1835 3574 1957 3621; x_wconf 90' lang='lat' dir='ltr'><strong>acta</strong></span> 
     </span>
    </p>
   </div>
   <div class='ocr_carea' id='block_1_51' title="bbox 377 3654 1955 3732">
    <p class='ocr_par' dir='ltr' id='par_1_51' title="bbox 377 3654 1955 3732">
     <span class='ocr_line' id='line_1_51' title="bbox 377 3654 1955 3732; baseline 0.003 -23"><span class='ocrx_word' id='word_1_378' title='bbox 377 3654 685 3725; x_wconf 90' lang='lat' dir='ltr'><strong>disponens,</strong></span> <span class='ocrx_word' id='word_1_379' title='bbox 718 3658 824 3714; x_wconf 90' lang='lat' dir='ltr'><strong>alia</strong></span> <span class='ocrx_word' id='word_1_380' title='bbox 851 3662 1095 3717; x_wconf 86' lang='lat' dir='ltr'><strong>concedit</strong></span> <span class='ocrx_word' id='word_1_381' title='bbox 1117 3662 1401 3732; x_wconf 80' lang='lat' dir='ltr'><strong>prepitius,</strong></span> <span class='ocrx_word' id='word_1_382' title='bbox 1427 3660 1532 3715; x_wconf 89' lang='lat' dir='ltr'><strong>alia</strong></span> <span class='ocrx_word' id='word_1_383' title='bbox 1554 3658 1820 3731; x_wconf 88' lang='lat' dir='ltr'><strong>permittit</strong></span> <span class='ocrx_word' id='word_1_384' title='bbox 1842 3659 1955 3713; x_wconf 90' lang='lat' dir='ltr'><strong>ira-</strong></span> 
     </span>
    </p>
   </div>
   <div class='ocr_carea' id='block_1_52' title="bbox 376 3752 1957 3824">
    <p class='ocr_par' dir='ltr' id='par_1_52' title="bbox 376 3752 1957 3824">
     <span class='ocr_line' id='line_1_52' title="bbox 376 3752 1957 3824; baseline 0.004 -24"><span class='ocrx_word' id='word_1_385' title='bbox 376 3754 482 3811; x_wconf 91' lang='lat' dir='ltr'><strong>tus,</strong></span> <span class='ocrx_word' id='word_1_386' title='bbox 516 3756 677 3819; x_wconf 91' lang='lat' dir='ltr'><strong>atque</strong></span> <span class='ocrx_word' id='word_1_387' title='bbox 709 3764 772 3807; x_wconf 88' lang='lat' dir='ltr'><strong>ea</strong></span> <span class='ocrx_word' id='word_1_388' title='bbox 798 3766 918 3822; x_wconf 59' lang='lat' dir='ltr'><strong>quae</strong></span> <span class='ocrx_word' id='word_1_389' title='bbox 943 3754 1206 3824; x_wconf 89' lang='lat' dir='ltr'><strong>permittit</strong></span> <span class='ocrx_word' id='word_1_390' title='bbox 1244 3753 1324 3809; x_wconf 91' lang='lat' dir='ltr'><strong>sic</strong></span> <span class='ocrx_word' id='word_1_391' title='bbox 1359 3753 1571 3820; x_wconf 91' lang='lat' dir='ltr'><strong>tolerat,</strong></span> <span class='ocrx_word' id='word_1_392' title='bbox 1599 3761 1660 3807; x_wconf 91' lang='lat' dir='ltr'><strong>ut</strong></span> <span class='ocrx_word' id='word_1_393' title='bbox 1691 3767 1757 3807; x_wconf 89' lang='lat' dir='ltr'><strong>ea</strong></span> <span class='ocrx_word' id='word_1_394' title='bbox 1788 3752 1847 3806; x_wconf 91' lang='lat' dir='ltr'><strong>in</strong></span> <span class='ocrx_word' id='word_1_395' title='bbox 1871 3752 1957 3807; x_wconf 91' lang='lat' dir='ltr'><strong>sui</strong></span> 
     </span>
    </p>
   </div>
   <div class='ocr_carea' id='block_1_53' title="bbox 376 3840 1957 3914">
    <p class='ocr_par' dir='ltr' id='par_1_53' title="bbox 376 3840 1957 3914">
     <span class='ocr_line' id='line_1_53' title="bbox 376 3840 1957 3914; baseline 0.004 -21"><span class='ocrx_word' id='word_1_396' title='bbox 376 3840 584 3896; x_wconf 89' lang='lat' dir='ltr'><strong>consilii</strong></span> <span class='ocrx_word' id='word_1_397' title='bbox 611 3858 768 3898; x_wconf 90' lang='lat' dir='ltr'><strong>usum</strong></span> <span class='ocrx_word' id='word_1_398' title='bbox 798 3853 990 3900; x_wconf 88' lang='lat' dir='ltr'><strong>vertat.</strong></span> <span class='ocrx_word' id='word_1_399' title='bbox 1022 3845 1176 3903; x_wconf 90' lang='lat' dir='ltr'><strong>Unde</strong></span> <span class='ocrx_word' id='word_1_400' title='bbox 1203 3845 1343 3901; x_wconf 90' lang='lat' dir='ltr'><strong>miro</strong></span> <span class='ocrx_word' id='word_1_401' title='bbox 1366 3844 1526 3901; x_wconf 92' lang='lat' dir='ltr'><strong>modo</strong></span> <span class='ocrx_word' id='word_1_402' title='bbox 1553 3844 1613 3900; x_wconf 84' lang='lat' dir='ltr'><strong>fit</strong></span> <span class='ocrx_word' id='word_1_403' title='bbox 1639 3852 1699 3899; x_wconf 93' lang='lat' dir='ltr'><strong>ut</strong></span> <span class='ocrx_word' id='word_1_404' title='bbox 1732 3852 1789 3900; x_wconf 93' lang='lat' dir='ltr'><strong>et</strong></span> <span class='ocrx_word' id='word_1_405' title='bbox 1811 3844 1957 3914; x_wconf 91' lang='lat' dir='ltr'><strong>quod</strong></span> 
     </span>
    </p>
   </div>
   <div class='ocr_carea' id='block_1_54' title="bbox 374 3931 1954 4006">
    <p class='ocr_par' dir='ltr' id='par_1_54' title="bbox 374 3931 1954 4006">
     <span class='ocr_line' id='line_1_54' title="bbox 374 3931 1954 4006; baseline 0.004 -21"><span class='ocrx_word' id='word_1_406' title='bbox 374 3931 493 3987; x_wconf 87' lang='lat' dir='ltr'><strong>sine</strong></span> <span class='ocrx_word' id='word_1_407' title='bbox 517 3933 789 3991; x_wconf 88' lang='lat' dir='ltr'><strong>voluntate</strong></span> <span class='ocrx_word' id='word_1_408' title='bbox 818 3936 914 3991; x_wconf 90' lang='lat' dir='ltr'><strong>Dei</strong></span> <span class='ocrx_word' id='word_1_409' title='bbox 956 3937 1155 4006; x_wconf 78' lang='lat' dir='ltr'><strong>agitur,</strong></span> <span class='ocrx_word' id='word_1_410' title='bbox 1177 3937 1439 3995; x_wconf 89' lang='lat' dir='ltr'><strong>voluntati</strong></span> <span class='ocrx_word' id='word_1_411' title='bbox 1477 3936 1576 3993; x_wconf 91' lang='lat' dir='ltr'><strong>Dei</strong></span> <span class='ocrx_word' id='word_1_412' title='bbox 1620 3937 1954 3993; x_wconf 89' lang='lat' dir='ltr'><strong>contrarium</strong></span> 
     </span>
    </p>
   </div>
   <div class='ocr_carea' id='block_1_55' title="bbox 372 4023 1958 4095">
    <p class='ocr_par' dir='ltr' id='par_1_55' title="bbox 372 4023 1958 4095">
     <span class='ocr_line' id='line_1_55' title="bbox 372 4023 1958 4095; baseline 0.006 -20"><span class='ocrx_word' id='word_1_413' title='bbox 372 4036 482 4076; x_wconf 89' lang='lat' dir='ltr'><strong>non</strong></span> <span class='ocrx_word' id='word_1_414' title='bbox 518 4023 606 4088; x_wconf 89' lang='lat' dir='ltr'><strong>sit,</strong></span> <span class='ocrx_word' id='word_1_415' title='bbox 637 4026 765 4095; x_wconf 91' lang='lat' dir='ltr'><strong>quia</strong></span> <span class='ocrx_word' id='word_1_416' title='bbox 799 4026 927 4082; x_wconf 88' lang='lat' dir='ltr'><strong>dum</strong></span> <span class='ocrx_word' id='word_1_417' title='bbox 961 4028 1017 4082; x_wconf 91' lang='lat' dir='ltr'><strong>in</strong></span> <span class='ocrx_word' id='word_1_418' title='bbox 1048 4028 1249 4083; x_wconf 89' lang='lat' dir='ltr'><strong>bonum</strong></span> <span class='ocrx_word' id='word_1_419' title='bbox 1283 4043 1443 4087; x_wconf 87' lang='lat' dir='ltr'><strong>usum</strong></span> <span class='ocrx_word' id='word_1_420' title='bbox 1477 4027 1619 4086; x_wconf 89' lang='lat' dir='ltr'><strong>male</strong></span> <span class='ocrx_word' id='word_1_421' title='bbox 1647 4027 1790 4084; x_wconf 90' lang='lat' dir='ltr'><strong>facta</strong></span> <span class='ocrx_word' id='word_1_422' title='bbox 1833 4045 1958 4085; x_wconf 88' lang='lat' dir='ltr'><strong>ver-</strong></span> 
     </span>
    </p>
   </div>
   <div class='ocr_carea' id='block_1_56' title="bbox 373 4112 1955 4189">
    <p class='ocr_par' dir='ltr' id='par_1_56' title="bbox 373 4112 1955 4189">
     <span class='ocr_line' id='line_1_56' title="bbox 373 4112 1955 4189; baseline 0.005 -24"><span class='ocrx_word' id='word_1_423' title='bbox 373 4119 581 4176; x_wconf 91' lang='lat' dir='ltr'><strong>tuntur,</strong></span> <span class='ocrx_word' id='word_1_424' title='bbox 606 4112 723 4181; x_wconf 88' lang='lat' dir='ltr'><strong>ejus</strong></span> <span class='ocrx_word' id='word_1_425' title='bbox 746 4116 973 4171; x_wconf 90' lang='lat' dir='ltr'><strong>consilio</strong></span> <span class='ocrx_word' id='word_1_426' title='bbox 993 4118 1229 4173; x_wconf 90' lang='lat' dir='ltr'><strong>militant</strong></span> <span class='ocrx_word' id='word_1_427' title='bbox 1250 4119 1417 4177; x_wconf 86' lang='lat' dir='ltr'><strong>etiam</strong></span> <span class='ocrx_word' id='word_1_428' title='bbox 1444 4133 1565 4189; x_wconf 81' lang='lat' dir='ltr'><strong>quae</strong></span> <span class='ocrx_word' id='word_1_429' title='bbox 1581 4117 1700 4188; x_wconf 89' lang='lat' dir='ltr'><strong>ejus</strong></span> <span class='ocrx_word' id='word_1_430' title='bbox 1729 4118 1955 4174; x_wconf 90' lang='lat' dir='ltr'><strong>consilio</strong></span> 
     </span>
    </p>
   </div>
   <div class='ocr_carea' id='block_1_57' title="bbox 374 4206 1956 4281">
    <p class='ocr_par' dir='ltr' id='par_1_57' title="bbox 374 4206 1956 4281">
     <span class='ocr_line' id='line_1_57' title="bbox 374 4206 1956 4281; baseline 0.006 -25"><span class='ocrx_word' id='word_1_431' title='bbox 374 4214 694 4274; x_wconf 81' lang='lat' dir='ltr'><strong>repugnant.</strong></span> <span class='ocrx_word' id='word_1_432' title='bbox 761 4206 899 4263; x_wconf 88' lang='lat' dir='ltr'><strong>Hinc</strong></span> <span class='ocrx_word' id='word_1_433' title='bbox 944 4223 1043 4279; x_wconf 89' lang='lat' dir='ltr'><strong>per</strong></span> <span class='ocrx_word' id='word_1_434' title='bbox 1096 4209 1441 4266; x_wconf 87' lang='lat' dir='ltr'><strong>Psalmistam</strong></span> <span class='ocrx_word' id='word_1_435' title='bbox 1491 4210 1729 4265; x_wconf 89' lang='lat' dir='ltr'><strong>dicitur:</strong></span> <span class='ocrx_word' id='word_1_436' title='bbox 1756 4209 1956 4281; x_wconf 79' lang='lat' dir='ltr'><strong>Magna</strong></span> 
     </span>
    </p>
   </div>
   <div class='ocr_carea' id='block_1_58' title="bbox 375 4300 1953 4378">
    <p class='ocr_par' dir='ltr' id='par_1_58' title="bbox 375 4300 1953 4378">
     <span class='ocr_line' id='line_1_58' title="bbox 375 4300 1953 4378; baseline 0.006 -26"><span class='ocrx_word' id='word_1_437' title='bbox 375 4316 533 4368; x_wconf 85' lang='lat' dir='ltr'><strong>opera</strong></span> <span class='ocrx_word' id='word_1_438' title='bbox 560 4300 786 4368; x_wconf 89' lang='lat' dir='ltr'><strong>Domini,</strong></span> <span class='ocrx_word' id='word_1_439' title='bbox 807 4305 1063 4375; x_wconf 73' lang='lat' dir='ltr'><strong>exquisita</strong></span> <span class='ocrx_word' id='word_1_440' title='bbox 1085 4307 1142 4361; x_wconf 89' lang='lat' dir='ltr'><strong>in</strong></span> <span class='ocrx_word' id='word_1_441' title='bbox 1167 4321 1343 4378; x_wconf 85' lang='lat' dir='ltr'><strong>omnes</strong></span> <span class='ocrx_word' id='word_1_442' title='bbox 1372 4303 1661 4359; x_wconf 83' lang='lat' dir='ltr'><strong>voluntates</strong></span> <span class='ocrx_word' id='word_1_443' title='bbox 1688 4304 1804 4374; x_wconf 85' lang='lat' dir='ltr'><strong>ejus</strong></span> <span class='ocrx_word' id='word_1_444' title='bbox 1832 4301 1953 4375; x_wconf 89' lang='lat' dir='ltr'><strong>(Ps.</strong></span> 
     </span>
    </p>
   </div>
   <div class='ocr_carea' id='block_1_59' title="bbox 374 4387 1954 4466">
    <p class='ocr_par' dir='ltr' id='par_1_59' title="bbox 374 4387 1954 4466">
     <span class='ocr_line' id='line_1_59' title="bbox 374 4387 1954 4466; baseline 0.003 -22"><span class='ocrx_word' id='word_1_445' title='bbox 374 4387 485 4460; x_wconf 75' lang='lat' dir='ltr'><strong>cx).</strong></span> <span class='ocrx_word' id='word_1_446' title='bbox 513 4389 604 4445; x_wconf 90' lang='lat' dir='ltr'><strong>Sic</strong></span> <span class='ocrx_word' id='word_1_447' title='bbox 633 4392 828 4463; x_wconf 89' lang='lat' dir='ltr'><strong>quippe</strong></span> <span class='ocrx_word' id='word_1_448' title='bbox 851 4395 968 4465; x_wconf 88' lang='lat' dir='ltr'><strong>ejus</strong></span> <span class='ocrx_word' id='word_1_449' title='bbox 991 4410 1159 4466; x_wconf 88' lang='lat' dir='ltr'><strong>opera</strong></span> <span class='ocrx_word' id='word_1_450' title='bbox 1184 4411 1383 4466; x_wconf 85' lang='lat' dir='ltr'><strong>magna</strong></span> <span class='ocrx_word' id='word_1_451' title='bbox 1408 4401 1554 4460; x_wconf 91' lang='lat' dir='ltr'><strong>sunt,</strong></span> <span class='ocrx_word' id='word_1_452' title='bbox 1585 4402 1644 4448; x_wconf 90' lang='lat' dir='ltr'><strong>ut</strong></span> <span class='ocrx_word' id='word_1_453' title='bbox 1670 4408 1768 4464; x_wconf 89' lang='lat' dir='ltr'><strong>per</strong></span> <span class='ocrx_word' id='word_1_454' title='bbox 1792 4409 1954 4449; x_wconf 90' lang='lat' dir='ltr'><strong>omne</strong></span> 
     </span>
    </p>
   </div>
   <div class='ocr_carea' id='block_1_60' title="bbox 374 4480 1950 4555">
    <p class='ocr_par' dir='ltr' id='par_1_60' title="bbox 374 4480 1950 4555">
     <span class='ocr_line' id='line_1_60' title="bbox 374 4480 1950 4555; baseline 0.003 -22"><span class='ocrx_word' id='word_1_455' title='bbox 374 4480 515 4549; x_wconf 88' lang='lat' dir='ltr'><strong>quod</strong></span> <span class='ocrx_word' id='word_1_456' title='bbox 542 4481 719 4549; x_wconf 80' lang='lat' dir='ltr'><strong>agitur</strong></span> <span class='ocrx_word' id='word_1_457' title='bbox 744 4484 812 4539; x_wconf 90' lang='lat' dir='ltr'><strong>ab</strong></span> <span class='ocrx_word' id='word_1_458' title='bbox 844 4485 1153 4541; x_wconf 90' lang='lat' dir='ltr'><strong>hominibus</strong></span> <span class='ocrx_word' id='word_1_459' title='bbox 1177 4483 1295 4555; x_wconf 87' lang='lat' dir='ltr'><strong>ejus</strong></span> <span class='ocrx_word' id='word_1_460' title='bbox 1331 4484 1579 4539; x_wconf 88' lang='lat' dir='ltr'><strong>voluntas</strong></span> <span class='ocrx_word' id='word_1_461' title='bbox 1613 4483 1950 4553; x_wconf 87' lang='lat' dir='ltr'><strong>exquiratur.</strong></span> 
     </span>
    </p>
   </div>
   <div class='ocr_carea' id='block_1_61' title="bbox 2066 1980 3668 2055">
    <p class='ocr_par' dir='ltr' id='par_1_61' title="bbox 2066 1980 3668 2055">
     <span class='ocr_line' id='line_1_61' title="bbox 2066 1980 3668 2055; baseline -0.004 -17"><span class='ocrx_word' id='word_1_462' title='bbox 2066 1994 2147 2038; x_wconf 89' lang='lat' dir='ltr'><strong>rat</strong></span> <span class='ocrx_word' id='word_1_463' title='bbox 2170 1984 2295 2055; x_wconf 87' lang='lat' dir='ltr'><strong>quid</strong></span> <span class='ocrx_word' id='word_1_464' title='bbox 2323 1984 2509 2038; x_wconf 84' lang='lat' dir='ltr'><strong>habeat</strong></span> <span class='ocrx_word' id='word_1_465' title='bbox 2536 1985 2595 2038; x_wconf 90' lang='lat' dir='ltr'><strong>in</strong></span> <span class='ocrx_word' id='word_1_466' title='bbox 2622 1982 2777 2037; x_wconf 90' lang='lat' dir='ltr'><strong>domo</strong></span> <span class='ocrx_word' id='word_1_467' title='bbox 2805 1998 2926 2047; x_wconf 88' lang='lat' dir='ltr'><strong>sua,</strong></span> <span class='ocrx_word' id='word_1_468' title='bbox 2951 1998 3043 2035; x_wconf 87' lang='lat' dir='ltr'><strong>nec</strong></span> <span class='ocrx_word' id='word_1_469' title='bbox 3084 1980 3369 2051; x_wconf 87' lang='lat' dir='ltr'><strong>quidquam</strong></span> <span class='ocrx_word' id='word_1_470' title='bbox 3416 1989 3492 2033; x_wconf 79' lang='lat' dir='ltr'><strong>est</strong></span> <span class='ocrx_word' id='word_1_471' title='bbox 3526 1980 3668 2048; x_wconf 81' lang='lat' dir='ltr'><strong>quod</strong></span> 
     </span>
    </p>
   </div>
   <div class='ocr_carea' id='block_1_62' title="bbox 2066 2073 3673 2148">
    <p class='ocr_par' dir='ltr' id='par_1_62' title="bbox 2066 2073 3673 2148">
     <span class='ocr_line' id='line_1_62' title="bbox 2066 2073 3673 2148; baseline -0.004 -17"><span class='ocrx_word' id='word_1_472' title='bbox 2066 2094 2171 2131; x_wconf 88' lang='lat' dir='ltr'><strong>non</strong></span> <span class='ocrx_word' id='word_1_473' title='bbox 2198 2076 2253 2131; x_wconf 88' lang='lat' dir='ltr'><strong>in</strong></span> <span class='ocrx_word' id='word_1_474' title='bbox 2280 2094 2393 2131; x_wconf 89' lang='lat' dir='ltr'><strong>mea</strong></span> <span class='ocrx_word' id='word_1_475' title='bbox 2422 2078 2489 2131; x_wconf 86' lang='lat' dir='ltr'><strong>sit</strong></span> <span class='ocrx_word' id='word_1_476' title='bbox 2516 2085 2789 2148; x_wconf 85' lang='lat' dir='ltr'><strong>potestate,</strong></span> <span class='ocrx_word' id='word_1_477' title='bbox 2807 2074 2885 2130; x_wconf 88' lang='lat' dir='ltr'><strong>vel</strong></span> <span class='ocrx_word' id='word_1_478' title='bbox 2908 2092 3011 2129; x_wconf 89' lang='lat' dir='ltr'><strong>non</strong></span> <span class='ocrx_word' id='word_1_479' title='bbox 3040 2074 3312 2128; x_wconf 86' lang='lat' dir='ltr'><strong>tradiderit</strong></span> <span class='ocrx_word' id='word_1_480' title='bbox 3343 2073 3503 2136; x_wconf 88' lang='lat' dir='ltr'><strong>mihi,</strong></span> <span class='ocrx_word' id='word_1_481' title='bbox 3532 2090 3673 2141; x_wconf 69' lang='lat' dir='ltr'><strong>prte-</strong></span> 
     </span>
    </p>
   </div>
   <div class='ocr_carea' id='block_1_63' title="bbox 2065 2165 3671 2242">
    <p class='ocr_par' dir='ltr' id='par_1_63' title="bbox 2065 2165 3671 2242">
     <span class='ocr_line' id='line_1_63' title="bbox 2065 2165 3671 2242; baseline -0.004 -18"><span class='ocrx_word' id='word_1_482' title='bbox 2065 2178 2143 2226; x_wconf 89' lang='lat' dir='ltr'><strong>ter</strong></span> <span class='ocrx_word' id='word_1_483' title='bbox 2160 2180 2239 2236; x_wconf 88' lang='lat' dir='ltr'><strong>te,</strong></span> <span class='ocrx_word' id='word_1_484' title='bbox 2269 2187 2386 2242; x_wconf 71' lang='lat' dir='ltr'><strong>quae</strong></span> <span class='ocrx_word' id='word_1_485' title='bbox 2412 2186 2551 2225; x_wconf 72' lang='lat' dir='ltr'><strong>uxor</strong></span> <span class='ocrx_word' id='word_1_486' title='bbox 2581 2170 2696 2240; x_wconf 85' lang='lat' dir='ltr'><strong>ejus</strong></span> <span class='ocrx_word' id='word_1_487' title='bbox 2740 2186 2812 2223; x_wconf 88' lang='lat' dir='ltr'><strong>es.</strong></span> <span class='ocrx_word' id='word_1_488' title='bbox 2867 2167 3140 2234; x_wconf 86' lang='lat' dir='ltr'><strong>Quomodo</strong></span> <span class='ocrx_word' id='word_1_489' title='bbox 3165 2183 3284 2237; x_wconf 87' lang='lat' dir='ltr'><strong>ergo</strong></span> <span class='ocrx_word' id='word_1_490' title='bbox 3310 2182 3533 2237; x_wconf 70' lang='lat' dir='ltr'><strong>possunt</strong></span> <span class='ocrx_word' id='word_1_491' title='bbox 3575 2165 3671 2217; x_wconf 79' lang='lat' dir='ltr'><strong>hoc</strong></span> 
     </span>
    </p>
   </div>
   <div class='ocr_carea' id='block_1_64' title="bbox 2065 2253 3670 2331">
    <p class='ocr_par' dir='ltr' id='par_1_64' title="bbox 2065 2253 3670 2331">
     <span class='ocr_line' id='line_1_64' title="bbox 2065 2253 3670 2331; baseline -0.006 -15"><span class='ocrx_word' id='word_1_492' title='bbox 2065 2260 2262 2316; x_wconf 89' lang='lat' dir='ltr'><strong>malum</strong></span> <span class='ocrx_word' id='word_1_493' title='bbox 2284 2260 2479 2330; x_wconf 79' lang='lat' dir='ltr'><strong>facere,</strong></span> <span class='ocrx_word' id='word_1_494' title='bbox 2503 2268 2551 2314; x_wconf 89' lang='lat' dir='ltr'><strong>et</strong></span> <span class='ocrx_word' id='word_1_495' title='bbox 2570 2275 2783 2331; x_wconf 88' lang='lat' dir='ltr'><strong>peccare</strong></span> <span class='ocrx_word' id='word_1_496' title='bbox 2808 2259 2864 2312; x_wconf 89' lang='lat' dir='ltr'><strong>in</strong></span> <span class='ocrx_word' id='word_1_497' title='bbox 2888 2257 3057 2311; x_wconf 87' lang='lat' dir='ltr'><strong>Deum</strong></span> <span class='ocrx_word' id='word_1_498' title='bbox 3077 2255 3279 2310; x_wconf 75' lang='lat' dir='ltr'><strong>meum?</strong></span> <span class='ocrx_word' id='word_1_499' title='bbox 3308 2253 3525 2321; x_wconf 85' lang='lat' dir='ltr'><strong>Quibus</strong></span> <span class='ocrx_word' id='word_1_500' title='bbox 3547 2268 3670 2307; x_wconf 76' lang='lat' dir='ltr'><strong>ver-</strong></span> 
     </span>
    </p>
   </div>
   <div class='ocr_carea' id='block_1_65' title="bbox 2066 2346 3665 2422">
    <p class='ocr_par' dir='ltr' id='par_1_65' title="bbox 2066 2346 3665 2422">
     <span class='ocr_line' id='line_1_65' title="bbox 2066 2346 3665 2422; baseline -0.005 -14"><span class='ocrx_word' id='word_1_501' title='bbox 2066 2352 2150 2408; x_wconf 87' lang='lat' dir='ltr'><strong>bis</strong></span> <span class='ocrx_word' id='word_1_502' title='bbox 2174 2352 2479 2407; x_wconf 85' lang='lat' dir='ltr'><strong>ostenditur</strong></span> <span class='ocrx_word' id='word_1_503' title='bbox 2502 2352 2596 2422; x_wconf 92' lang='lat' dir='ltr'><strong>qui</strong></span> <span class='ocrx_word' id='word_1_504' title='bbox 2617 2352 2757 2406; x_wconf 91' lang='lat' dir='ltr'><strong>bona</strong></span> <span class='ocrx_word' id='word_1_505' title='bbox 2777 2367 2897 2420; x_wconf 63' lang='lat' dir='ltr'><strong>qua:</strong></span> <span class='ocrx_word' id='word_1_506' title='bbox 2923 2356 3204 2405; x_wconf 88' lang='lat' dir='ltr'><strong>assecutus</strong></span> <span class='ocrx_word' id='word_1_507' title='bbox 3222 2346 3407 2402; x_wconf 87' lang='lat' dir='ltr'><strong>fuerat</strong></span> <span class='ocrx_word' id='word_1_508' title='bbox 3432 2356 3665 2417; x_wconf 86' lang='lat' dir='ltr'><strong>repente</strong></span> 
     </span>
    </p>
   </div>
   <div class='ocr_carea' id='block_1_66' title="bbox 2066 2439 3665 2513">
    <p class='ocr_par' dir='ltr' id='par_1_66' title="bbox 2066 2439 3665 2513">
     <span class='ocr_line' id='line_1_66' title="bbox 2066 2439 3665 2513; baseline -0.003 -15"><span class='ocrx_word' id='word_1_509' title='bbox 2066 2443 2340 2498; x_wconf 69' lang='lat' dir='ltr'><strong>memoria:</strong></span> <span class='ocrx_word' id='word_1_510' title='bbox 2372 2443 2570 2509; x_wconf 87' lang='lat' dir='ltr'><strong>intulit,</strong></span> <span class='ocrx_word' id='word_1_511' title='bbox 2610 2452 2667 2497; x_wconf 90' lang='lat' dir='ltr'><strong>et</strong></span> <span class='ocrx_word' id='word_1_512' title='bbox 2693 2444 2894 2497; x_wconf 90' lang='lat' dir='ltr'><strong>malum</strong></span> <span class='ocrx_word' id='word_1_513' title='bbox 2926 2441 3071 2512; x_wconf 90' lang='lat' dir='ltr'><strong>quod</strong></span> <span class='ocrx_word' id='word_1_514' title='bbox 3096 2456 3156 2496; x_wconf 90' lang='lat' dir='ltr'><strong>se</strong></span> <span class='ocrx_word' id='word_1_515' title='bbox 3187 2439 3444 2513; x_wconf 83' lang='lat' dir='ltr'><strong>pulsabat</strong></span> <span class='ocrx_word' id='word_1_516' title='bbox 3471 2440 3665 2504; x_wconf 78' lang='lat' dir='ltr'><strong>evicit,</strong></span> 
     </span>
    </p>
   </div>
   <div class='ocr_carea' id='block_1_67' title="bbox 2064 2529 3666 2606">
    <p class='ocr_par' dir='ltr' id='par_1_67' title="bbox 2064 2529 3666 2606">
     <span class='ocr_line' id='line_1_67' title="bbox 2064 2529 3666 2606; baseline -0.004 -16"><span class='ocrx_word' id='word_1_517' title='bbox 2064 2543 2122 2591; x_wconf 90' lang='lat' dir='ltr'><strong>et</strong></span> <span class='ocrx_word' id='word_1_518' title='bbox 2142 2535 2269 2605; x_wconf 92' lang='lat' dir='ltr'><strong>quia</strong></span> <span class='ocrx_word' id='word_1_519' title='bbox 2295 2542 2566 2606; x_wconf 62' lang='lat' dir='ltr'><strong>perceptae</strong></span> <span class='ocrx_word' id='word_1_520' title='bbox 2592 2534 2780 2606; x_wconf 60' lang='lat' dir='ltr'><strong>gratia:</strong></span> <span class='ocrx_word' id='word_1_521' title='bbox 2825 2533 3089 2597; x_wconf 90' lang='lat' dir='ltr'><strong>meminit,</strong></span> <span class='ocrx_word' id='word_1_522' title='bbox 3126 2530 3239 2585; x_wconf 88' lang='lat' dir='ltr'><strong>vim</strong></span> <span class='ocrx_word' id='word_1_523' title='bbox 3272 2529 3448 2600; x_wconf 76' lang='lat' dir='ltr'><strong>culpae</strong></span> <span class='ocrx_word' id='word_1_524' title='bbox 3476 2530 3666 2584; x_wconf 87' lang='lat' dir='ltr'><strong>immi-</strong></span> 
     </span>
    </p>
   </div>
   <div class='ocr_carea' id='block_1_68' title="bbox 2066 2621 3667 2698">
    <p class='ocr_par' dir='ltr' id='par_1_68' title="bbox 2066 2621 3667 2698">
     <span class='ocr_line' id='line_1_68' title="bbox 2066 2621 3667 2698; baseline -0.004 -17"><span class='ocrx_word' id='word_1_525' title='bbox 2066 2626 2245 2682; x_wconf 91' lang='lat' dir='ltr'><strong>nentis</strong></span> <span class='ocrx_word' id='word_1_526' title='bbox 2294 2625 2474 2698; x_wconf 85' lang='lat' dir='ltr'><strong>fregit.</strong></span> <span class='ocrx_word' id='word_1_527' title='bbox 2505 2624 2640 2681; x_wconf 92' lang='lat' dir='ltr'><strong>Cum</strong></span> <span class='ocrx_word' id='word_1_528' title='bbox 2668 2625 2814 2679; x_wconf 91' lang='lat' dir='ltr'><strong>enim</strong></span> <span class='ocrx_word' id='word_1_529' title='bbox 2841 2623 3093 2694; x_wconf 90' lang='lat' dir='ltr'><strong>voluptas</strong></span> <span class='ocrx_word' id='word_1_530' title='bbox 3130 2621 3342 2677; x_wconf 88' lang='lat' dir='ltr'><strong>lubrica</strong></span> <span class='ocrx_word' id='word_1_531' title='bbox 3388 2628 3569 2675; x_wconf 88' lang='lat' dir='ltr'><strong>tentat</strong></span> <span class='ocrx_word' id='word_1_532' title='bbox 3612 2621 3667 2674; x_wconf 89' lang='lat' dir='ltr'><strong>in</strong></span> 
     </span>
    </p>
   </div>
   <div class='ocr_carea' id='block_1_69' title="bbox 2067 2715 3665 2802">
    <p class='ocr_par' dir='ltr' id='par_1_69' title="bbox 2067 2715 3665 2802">
     <span class='ocr_line' id='line_1_69' title="bbox 2067 2715 3665 2802; baseline -0.006 -22"><span class='ocrx_word' id='word_1_533' title='bbox 2067 2725 2365 2802; x_wconf 88' lang='lat' dir='ltr'><strong>prosperis,</strong></span> <span class='ocrx_word' id='word_1_534' title='bbox 2388 2725 2506 2779; x_wconf 72' lang='lat' dir='ltr'><strong>haec</strong></span> <span class='ocrx_word' id='word_1_535' title='bbox 2526 2723 2643 2792; x_wconf 91' lang='lat' dir='ltr'><strong>ipsa</strong></span> <span class='ocrx_word' id='word_1_536' title='bbox 2674 2729 2801 2776; x_wconf 90' lang='lat' dir='ltr'><strong>sunt</strong></span> <span class='ocrx_word' id='word_1_537' title='bbox 2827 2733 3089 2791; x_wconf 90' lang='lat' dir='ltr'><strong>prospera</strong></span> <span class='ocrx_word' id='word_1_538' title='bbox 3123 2717 3315 2774; x_wconf 89' lang='lat' dir='ltr'><strong>aculeo</strong></span> <span class='ocrx_word' id='word_1_539' title='bbox 3337 2715 3665 2772; x_wconf 85' lang='lat' dir='ltr'><strong>tentationis</strong></span> 
     </span>
    </p>
   </div>
   <div class='ocr_carea' id='block_1_70' title="bbox 2067 2807 3662 2892">
    <p class='ocr_par' dir='ltr' id='par_1_70' title="bbox 2067 2807 3662 2892">
     <span class='ocr_line' id='line_1_70' title="bbox 2067 2807 3662 2892; baseline -0.012 -14"><span class='ocrx_word' id='word_1_540' title='bbox 2067 2817 2407 2892; x_wconf 82' lang='lat' dir='ltr'><strong>opponenda,</strong></span> <span class='ocrx_word' id='word_1_541' title='bbox 2450 2820 2513 2867; x_wconf 91' lang='lat' dir='ltr'><strong>ut</strong></span> <span class='ocrx_word' id='word_1_542' title='bbox 2536 2828 2602 2869; x_wconf 91' lang='lat' dir='ltr'><strong>eo</strong></span> <span class='ocrx_word' id='word_1_543' title='bbox 2639 2812 3026 2867; x_wconf 88' lang='lat' dir='ltr'><strong>erubescamus</strong></span> <span class='ocrx_word' id='word_1_544' title='bbox 3069 2824 3238 2880; x_wconf 89' lang='lat' dir='ltr'><strong>prava</strong></span> <span class='ocrx_word' id='word_1_545' title='bbox 3289 2807 3662 2871; x_wconf 87' lang='lat' dir='ltr'><strong>committere,</strong></span> 
     </span>
    </p>
   </div>
   <div class='ocr_carea' id='block_1_71' title="bbox 2067 2898 3662 2986">
    <p class='ocr_par' dir='ltr' id='par_1_71' title="bbox 2067 2898 3662 2986">
     <span class='ocr_line' id='line_1_71' title="bbox 2067 2898 3662 2986; baseline -0.011 -16"><span class='ocrx_word' id='word_1_546' title='bbox 2067 2929 2176 2986; x_wconf 89' lang='lat' dir='ltr'><strong>quo</strong></span> <span class='ocrx_word' id='word_1_547' title='bbox 2204 2929 2305 2970; x_wconf 88' lang='lat' dir='ltr'><strong>nos</strong></span> <span class='ocrx_word' id='word_1_548' title='bbox 2335 2929 2367 2968; x_wconf 90' lang='lat' dir='ltr'><strong>a</strong></span> <span class='ocrx_word' id='word_1_549' title='bbox 2407 2913 2519 2968; x_wconf 90' lang='lat' dir='ltr'><strong>Deo</strong></span> <span class='ocrx_word' id='word_1_550' title='bbox 2556 2904 2975 2966; x_wconf 74' lang='lat' dir='ltr'><strong>meminerimus</strong></span> <span class='ocrx_word' id='word_1_551' title='bbox 3007 2900 3247 2979; x_wconf 81' lang='lat' dir='ltr'><strong>gratuita</strong></span> <span class='ocrx_word' id='word_1_552' title='bbox 3286 2898 3435 2954; x_wconf 88' lang='lat' dir='ltr'><strong>bona</strong></span> <span class='ocrx_word' id='word_1_553' title='bbox 3474 2913 3662 2969; x_wconf 80' lang='lat' dir='ltr'><strong>perce-</strong></span> 
     </span>
    </p>
   </div>
   <div class='ocr_carea' id='block_1_72' title="bbox 2064 3002 3663 3081">
    <p class='ocr_par' dir='ltr' id='par_1_72' title="bbox 2064 3002 3663 3081">
     <span class='ocr_line' id='line_1_72' title="bbox 2064 3002 3663 3081; baseline -0.008 -18"><span class='ocrx_word' id='word_1_554' title='bbox 2064 3009 2231 3081; x_wconf 88' lang='lat' dir='ltr'><strong>pisse,</strong></span> <span class='ocrx_word' id='word_1_555' title='bbox 2259 3016 2316 3063; x_wconf 92' lang='lat' dir='ltr'><strong>et</strong></span> <span class='ocrx_word' id='word_1_556' title='bbox 2346 3005 2549 3061; x_wconf 90' lang='lat' dir='ltr'><strong>illatam</strong></span> <span class='ocrx_word' id='word_1_557' title='bbox 2590 3004 2820 3076; x_wconf 87' lang='lat' dir='ltr'><strong>gratiam</strong></span> <span class='ocrx_word' id='word_1_558' title='bbox 2845 3002 3180 3058; x_wconf 80' lang='lat' dir='ltr'><strong>exteriorum</strong></span> <span class='ocrx_word' id='word_1_559' title='bbox 3220 3003 3514 3054; x_wconf 71' lang='lat' dir='ltr'><strong>munerum</strong></span> <span class='ocrx_word' id='word_1_560' title='bbox 3540 3007 3663 3051; x_wconf 78' lang='lat' dir='ltr'><strong>ver—</strong></span> 
     </span>
    </p>
   </div>
   <div class='ocr_carea' id='block_1_73' title="bbox 2067 3080 3664 3160">
    <p class='ocr_par' dir='ltr' id='par_1_73' title="bbox 2067 3080 3664 3160">
     <span class='ocr_line' id='line_1_73' title="bbox 2067 3080 3664 3160; baseline -0.009 -4"><span class='ocrx_word' id='word_1_561' title='bbox 2067 3080 2249 3155; x_wconf 79' lang='lat' dir='ltr'><strong>tamus</strong></span> <span class='ocrx_word' id='word_1_562' title='bbox 2264 3099 2320 3153; x_wconf 90' lang='lat' dir='ltr'><strong>in</strong></span> <span class='ocrx_word' id='word_1_563' title='bbox 2342 3112 2494 3152; x_wconf 90' lang='lat' dir='ltr'><strong>arma</strong></span> <span class='ocrx_word' id='word_1_564' title='bbox 2516 3080 2799 3160; x_wconf 83' lang='lat' dir='ltr'><strong>virtutum,</strong></span> <span class='ocrx_word' id='word_1_565' title='bbox 2824 3102 2885 3149; x_wconf 90' lang='lat' dir='ltr'><strong>ut</strong></span> <span class='ocrx_word' id='word_1_566' title='bbox 2904 3093 3018 3148; x_wconf 91' lang='lat' dir='ltr'><strong>sint</strong></span> <span class='ocrx_word' id='word_1_567' title='bbox 3037 3100 3166 3147; x_wconf 87' lang='lat' dir='ltr'><strong>ante</strong></span> <span class='ocrx_word' id='word_1_568' title='bbox 3186 3090 3376 3146; x_wconf 91' lang='lat' dir='ltr'><strong>oculos</strong></span> <span class='ocrx_word' id='word_1_569' title='bbox 3400 3105 3525 3159; x_wconf 64' lang='lat' dir='ltr'><strong>qua:</strong></span> <span class='ocrx_word' id='word_1_570' title='bbox 3545 3103 3664 3159; x_wconf 84' lang='lat' dir='ltr'><strong>per-</strong></span> 
     </span>
    </p>
   </div>
   <div class='ocr_carea' id='block_1_74' title="bbox 2067 3180 3664 3262">
    <p class='ocr_par' dir='ltr' id='par_1_74' title="bbox 2067 3180 3664 3262">
     <span class='ocr_line' id='line_1_74' title="bbox 2067 3180 3664 3262; baseline -0.009 -15"><span class='ocrx_word' id='word_1_571' title='bbox 2067 3192 2326 3262; x_wconf 87' lang='lat' dir='ltr'><strong>cepimus,</strong></span> <span class='ocrx_word' id='word_1_572' title='bbox 2358 3202 2586 3260; x_wconf 64' lang='lat' dir='ltr'><strong>quaaque</strong></span> <span class='ocrx_word' id='word_1_573' title='bbox 2614 3201 2714 3242; x_wconf 91' lang='lat' dir='ltr'><strong>nos</strong></span> <span class='ocrx_word' id='word_1_574' title='bbox 2736 3184 2966 3240; x_wconf 90' lang='lat' dir='ltr'><strong>illiciunt</strong></span> <span class='ocrx_word' id='word_1_575' title='bbox 2988 3183 3323 3254; x_wconf 85' lang='lat' dir='ltr'><strong>subigamus.</strong></span> <span class='ocrx_word' id='word_1_576' title='bbox 3352 3180 3493 3247; x_wconf 84' lang='lat' dir='ltr'><strong>Quia</strong></span> <span class='ocrx_word' id='word_1_577' title='bbox 3516 3181 3664 3235; x_wconf 89' lang='lat' dir='ltr'><strong>enim</strong></span> 
     </span>
    </p>
   </div>
   <div class='ocr_carea' id='block_1_75' title="bbox 1989 3251 3665 3355">
    <p class='ocr_par' dir='ltr' id='par_1_75' title="bbox 1989 3251 3665 3355">
     <span class='ocr_line' id='line_1_75' title="bbox 1989 3251 3665 3355; baseline -0.008 -15"><span class='ocrx_word' id='word_1_578' title='bbox 1989 3251 2037 3317; x_wconf 76' lang='lat' dir='ltr'>C</span> <span class='ocrx_word' id='word_1_579' title='bbox 2069 3251 2321 3354; x_wconf 77' lang='lat' dir='ltr'><strong>voluptas</strong></span> <span class='ocrx_word' id='word_1_580' title='bbox 2338 3251 2456 3353; x_wconf 75' lang='lat' dir='ltr'><strong>ipsa</strong></span> <span class='ocrx_word' id='word_1_581' title='bbox 2476 3251 2545 3337; x_wconf 70' lang='lat' dir='ltr'><strong>ex</strong></span> <span class='ocrx_word' id='word_1_582' title='bbox 2571 3279 2935 3353; x_wconf 80' lang='lat' dir='ltr'><strong>prosperitate</strong></span> <span class='ocrx_word' id='word_1_583' title='bbox 2970 3251 3235 3340; x_wconf 81' lang='lat' dir='ltr'><strong>nascitur,</strong></span> <span class='ocrx_word' id='word_1_584' title='bbox 3267 3274 3665 3355; x_wconf 53' lang='lat' dir='ltr'><strong>ejusdenrpro-</strong></span> 
     </span>
    </p>
   </div>
   <div class='ocr_carea' id='block_1_76' title="bbox 2069 3367 3663 3447">
    <p class='ocr_par' dir='ltr' id='par_1_76' title="bbox 2069 3367 3663 3447">
     <span class='ocr_line' id='line_1_76' title="bbox 2069 3367 3663 3447; baseline -0.009 -14"><span class='ocrx_word' id='word_1_585' title='bbox 2069 3376 2344 3447; x_wconf 89' lang='lat' dir='ltr'><strong>speritatis</strong></span> <span class='ocrx_word' id='word_1_586' title='bbox 2373 3381 2458 3431; x_wconf 90' lang='lat' dir='ltr'><strong>est</strong></span> <span class='ocrx_word' id='word_1_587' title='bbox 2480 3371 2847 3430; x_wconf 85' lang='lat' dir='ltr'><strong>consideratio</strong></span> <span class='ocrx_word' id='word_1_588' title='bbox 2877 3369 3141 3435; x_wconf 88' lang='lat' dir='ltr'><strong>ferienda,</strong></span> <span class='ocrx_word' id='word_1_589' title='bbox 3188 3374 3463 3437; x_wconf 87' lang='lat' dir='ltr'><strong>quatenus</strong></span> <span class='ocrx_word' id='word_1_590' title='bbox 3486 3367 3663 3421; x_wconf 82' lang='lat' dir='ltr'><strong>hostis</strong></span> 
     </span>
    </p>
   </div>
   <div class='ocr_carea' id='block_1_77' title="bbox 2065 3461 3120 3530">
    <p class='ocr_par' dir='ltr' id='par_1_77' title="bbox 2065 3461 3120 3530">
     <span class='ocr_line' id='line_1_77' title="bbox 2065 3461 3120 3530; baseline -0.01 -5"><span class='ocrx_word' id='word_1_591' title='bbox 2065 3477 2251 3525; x_wconf 89' lang='lat' dir='ltr'><strong>noster</strong></span> <span class='ocrx_word' id='word_1_592' title='bbox 2288 3466 2432 3523; x_wconf 90' lang='lat' dir='ltr'><strong>unde</strong></span> <span class='ocrx_word' id='word_1_593' title='bbox 2454 3465 2649 3530; x_wconf 90' lang='lat' dir='ltr'><strong>oritur,</strong></span> <span class='ocrx_word' id='word_1_594' title='bbox 2683 3463 2809 3517; x_wconf 92' lang='lat' dir='ltr'><strong>inde</strong></span> <span class='ocrx_word' id='word_1_595' title='bbox 2835 3461 3120 3516; x_wconf 88' lang='lat' dir='ltr'><strong>moriatur.</strong></span> 
     </span>
    </p>
   </div>
   <div class='ocr_carea' id='block_1_78' title="bbox 2132 3532 3659 3627">
    <p class='ocr_par' dir='ltr' id='par_1_78' title="bbox 2132 3532 3659 3627">
     <span class='ocr_line' id='line_1_78' title="bbox 2132 3532 3659 3627; baseline -0.008 -13"><span class='ocrx_word' id='word_1_596' title='bbox 2132 3559 2335 3614; x_wconf 81' lang='lat' dir='ltr'><strong>Accidit</strong></span> <span class='ocrx_word' id='word_1_597' title='bbox 2365 3564 2561 3621; x_wconf 88' lang='lat' dir='ltr'><strong>autem,</strong></span> <span class='ocrx_word' id='word_1_598' title='bbox 2588 3564 2646 3609; x_wconf 92' lang='lat' dir='ltr'><strong>ut</strong></span> <span class='ocrx_word' id='word_1_599' title='bbox 2676 3553 2907 3627; x_wconf 88' lang='lat' dir='ltr'><strong>quadam</strong></span> <span class='ocrx_word' id='word_1_600' title='bbox 2945 3552 3031 3607; x_wconf 90' lang='lat' dir='ltr'><strong>die</strong></span> <span class='ocrx_word' id='word_1_601' title='bbox 3070 3532 3290 3606; x_wconf 61' lang='lat' dir='ltr'><strong>intraret</strong></span> <span class='ocrx_word' id='word_1_602' title='bbox 3318 3549 3520 3619; x_wconf 84' lang='lat' dir='ltr'><strong>Ioseph</strong></span> <span class='ocrx_word' id='word_1_603' title='bbox 3562 3551 3659 3603; x_wconf 85' lang='lat' dir='ltr'><strong>do-</strong></span> 
     </span>
    </p>
   </div>
   <div class='ocr_carea' id='block_1_79' title="bbox 2062 3639 3660 3719">
    <p class='ocr_par' dir='ltr' id='par_1_79' title="bbox 2062 3639 3660 3719">
     <span class='ocr_line' id='line_1_79' title="bbox 2062 3639 3660 3719; baseline -0.009 -13"><span class='ocrx_word' id='word_1_604' title='bbox 2062 3666 2229 3716; x_wconf 87' lang='lat' dir='ltr'><strong>mum,</strong></span> <span class='ocrx_word' id='word_1_605' title='bbox 2255 3658 2304 3702; x_wconf 87' lang='lat' dir='ltr'><strong>et</strong></span> <span class='ocrx_word' id='word_1_606' title='bbox 2326 3648 2496 3719; x_wconf 88' lang='lat' dir='ltr'><strong>operis</strong></span> <span class='ocrx_word' id='word_1_607' title='bbox 2521 3644 2791 3718; x_wconf 83' lang='lat' dir='ltr'><strong>quidpiam</strong></span> <span class='ocrx_word' id='word_1_608' title='bbox 2823 3643 3016 3714; x_wconf 87' lang='lat' dir='ltr'><strong>absque</strong></span> <span class='ocrx_word' id='word_1_609' title='bbox 3060 3641 3273 3695; x_wconf 86' lang='lat' dir='ltr'><strong>arbitris</strong></span> <span class='ocrx_word' id='word_1_610' title='bbox 3323 3639 3543 3709; x_wconf 74' lang='lat' dir='ltr'><strong>faceret.</strong></span> <span class='ocrx_word' id='word_1_611' title='bbox 3595 3639 3660 3691; x_wconf 74' lang='lat' dir='ltr'><strong>At</strong></span> 
     </span>
    </p>
   </div>
   <div class='ocr_carea' id='block_1_80' title="bbox 2062 3730 3661 3812">
    <p class='ocr_par' dir='ltr' id='par_1_80' title="bbox 2062 3730 3661 3812">
     <span class='ocr_line' id='line_1_80' title="bbox 2062 3730 3661 3812; baseline -0.009 -16"><span class='ocrx_word' id='word_1_612' title='bbox 2062 3742 2180 3807; x_wconf 91' lang='lat' dir='ltr'><strong>illa,</strong></span> <span class='ocrx_word' id='word_1_613' title='bbox 2206 3740 2526 3812; x_wconf 87' lang='lat' dir='ltr'><strong>apprehensa</strong></span> <span class='ocrx_word' id='word_1_614' title='bbox 2549 3737 2743 3791; x_wconf 87' lang='lat' dir='ltr'><strong>lacinia</strong></span> <span class='ocrx_word' id='word_1_615' title='bbox 2758 3732 3194 3804; x_wconf 86' lang='lat' dir='ltr'><strong>vestimentiejus,</strong></span> <span class='ocrx_word' id='word_1_616' title='bbox 3210 3732 3442 3786; x_wconf 86' lang='lat' dir='ltr'><strong>diceret:</strong></span> <span class='ocrx_word' id='word_1_617' title='bbox 3474 3730 3661 3785; x_wconf 82' lang='lat' dir='ltr'><strong>Donni</strong></span> 
     </span>
    </p>
   </div>
   <div class='ocr_carea' id='block_1_81' title="bbox 2059 3821 3659 3898">
    <p class='ocr_par' dir='ltr' id='par_1_81' title="bbox 2059 3821 3659 3898">
     <span class='ocr_line' id='line_1_81' title="bbox 2059 3821 3659 3898; baseline -0.01 -9"><span class='ocrx_word' id='word_1_618' title='bbox 2059 3848 2281 3889; x_wconf 89' lang='lat' dir='ltr'><strong>mecum.</strong></span> <span class='ocrx_word' id='word_1_619' title='bbox 2328 3830 2449 3898; x_wconf 85' lang='lat' dir='ltr'><strong>Qui,</strong></span> <span class='ocrx_word' id='word_1_620' title='bbox 2481 3829 2659 3883; x_wconf 87' lang='lat' dir='ltr'><strong>relicto</strong></span> <span class='ocrx_word' id='word_1_621' title='bbox 2699 3844 2755 3882; x_wconf 75' lang='lat' dir='ltr'><strong>in</strong></span> <span class='ocrx_word' id='word_1_622' title='bbox 2783 3843 2943 3881; x_wconf 87' lang='lat' dir='ltr'><strong>manu</strong></span> <span class='ocrx_word' id='word_1_623' title='bbox 2984 3824 3127 3879; x_wconf 85' lang='lat' dir='ltr'><strong>illius</strong></span> <span class='ocrx_word' id='word_1_624' title='bbox 3178 3821 3361 3894; x_wconf 86' lang='lat' dir='ltr'><strong>pallio,</strong></span> <span class='ocrx_word' id='word_1_625' title='bbox 3409 3822 3570 3892; x_wconf 77' lang='lat' dir='ltr'><strong>fugit,</strong></span> <span class='ocrx_word' id='word_1_626' title='bbox 3612 3831 3659 3874; x_wconf 78' lang='lat' dir='ltr'><strong>et</strong></span> 
     </span>
    </p>
   </div>
   <div class='ocr_carea' id='block_1_82' title="bbox 2062 3912 3656 3995">
    <p class='ocr_par' dir='ltr' id='par_1_82' title="bbox 2062 3912 3656 3995">
     <span class='ocr_line' id='line_1_82' title="bbox 2062 3912 3656 3995; baseline -0.009 -16"><span class='ocrx_word' id='word_1_627' title='bbox 2062 3939 2298 3995; x_wconf 86' lang='lat' dir='ltr'><strong>egressus</strong></span> <span class='ocrx_word' id='word_1_628' title='bbox 2325 3929 2399 3977; x_wconf 87' lang='lat' dir='ltr'><strong>est</strong></span> <span class='ocrx_word' id='word_1_629' title='bbox 2430 3921 2596 3992; x_wconf 79' lang='lat' dir='ltr'><strong>foras.</strong></span> <span class='ocrx_word' id='word_1_630' title='bbox 2626 3921 2766 3975; x_wconf 89' lang='lat' dir='ltr'><strong>Dum</strong></span> <span class='ocrx_word' id='word_1_631' title='bbox 2790 3917 2987 3973; x_wconf 89' lang='lat' dir='ltr'><strong>mulier</strong></span> <span class='ocrx_word' id='word_1_632' title='bbox 3012 3915 3253 3971; x_wconf 89' lang='lat' dir='ltr'><strong>adultera</strong></span> <span class='ocrx_word' id='word_1_633' title='bbox 3282 3912 3491 3983; x_wconf 86' lang='lat' dir='ltr'><strong>Ioseph</strong></span> <span class='ocrx_word' id='word_1_634' title='bbox 3516 3912 3656 3967; x_wconf 85' lang='lat' dir='ltr'><strong>male</strong></span> 
     </span>
    </p>
   </div>
   <div class='ocr_carea' id='block_1_83' title="bbox 2067 4004 3658 4082">
    <p class='ocr_par' dir='ltr' id='par_1_83' title="bbox 2067 4004 3658 4082">
     <span class='ocr_line' id='line_1_83' title="bbox 2067 4004 3658 4082; baseline -0.009 -10"><span class='ocrx_word' id='word_1_635' title='bbox 2067 4016 2143 4071; x_wconf 88' lang='lat' dir='ltr'><strong>uti</strong></span> <span class='ocrx_word' id='word_1_636' title='bbox 2162 4015 2443 4081; x_wconf 91' lang='lat' dir='ltr'><strong>voluisset,</strong></span> <span class='ocrx_word' id='word_1_637' title='bbox 2465 4013 2655 4068; x_wconf 89' lang='lat' dir='ltr'><strong>relicto</strong></span> <span class='ocrx_word' id='word_1_638' title='bbox 2680 4010 2845 4082; x_wconf 89' lang='lat' dir='ltr'><strong>pallio</strong></span> <span class='ocrx_word' id='word_1_639' title='bbox 2868 4007 3006 4079; x_wconf 83' lang='lat' dir='ltr'><strong>fugit</strong></span> <span class='ocrx_word' id='word_1_640' title='bbox 3027 4008 3208 4064; x_wconf 88' lang='lat' dir='ltr'><strong>foras:</strong></span> <span class='ocrx_word' id='word_1_641' title='bbox 3241 4005 3370 4076; x_wconf 89' lang='lat' dir='ltr'><strong>quia</strong></span> <span class='ocrx_word' id='word_1_642' title='bbox 3399 4006 3530 4060; x_wconf 91' lang='lat' dir='ltr'><strong>dum</strong></span> <span class='ocrx_word' id='word_1_643' title='bbox 3558 4004 3658 4075; x_wconf 79' lang='lat' dir='ltr'><strong>Sy-</strong></span> 
     </span>
    </p>
   </div>
   <div class='ocr_carea' id='block_1_84' title="bbox 2061 4098 3660 4180">
    <p class='ocr_par' dir='ltr' id='par_1_84' title="bbox 2061 4098 3660 4180">
     <span class='ocr_line' id='line_1_84' title="bbox 2061 4098 3660 4180; baseline -0.007 -17"><span class='ocrx_word' id='word_1_644' title='bbox 2061 4123 2269 4180; x_wconf 80' lang='lat' dir='ltr'><strong>nagoga</strong></span> <span class='ocrx_word' id='word_1_645' title='bbox 2311 4107 2600 4164; x_wconf 91' lang='lat' dir='ltr'><strong>Dominum</strong></span> <span class='ocrx_word' id='word_1_646' title='bbox 2649 4117 2846 4175; x_wconf 90' lang='lat' dir='ltr'><strong>purum</strong></span> <span class='ocrx_word' id='word_1_647' title='bbox 2886 4102 3161 4157; x_wconf 90' lang='lat' dir='ltr'><strong>hominem</strong></span> <span class='ocrx_word' id='word_1_648' title='bbox 3196 4098 3448 4163; x_wconf 89' lang='lat' dir='ltr'><strong>credens,</strong></span> <span class='ocrx_word' id='word_1_649' title='bbox 3498 4114 3660 4168; x_wconf 63' lang='lat' dir='ltr'><strong>quas;</strong></span> 
     </span>
    </p>
   </div>
   <div class='ocr_carea' id='block_1_85' title="bbox 2059 4189 3651 4267">
    <p class='ocr_par' dir='ltr' id='par_1_85' title="bbox 2059 4189 3651 4267">
     <span class='ocr_line' id='line_1_85' title="bbox 2059 4189 3651 4267; baseline -0.009 -11"><span class='ocrx_word' id='word_1_650' title='bbox 2059 4199 2362 4256; x_wconf 86' lang='lat' dir='ltr'><strong>adulterino</strong></span> <span class='ocrx_word' id='word_1_651' title='bbox 2405 4196 2687 4267; x_wconf 80' lang='lat' dir='ltr'><strong>complexu</strong></span> <span class='ocrx_word' id='word_1_652' title='bbox 2731 4193 3104 4263; x_wconf 84' lang='lat' dir='ltr'><strong>constringere</strong></span> <span class='ocrx_word' id='word_1_653' title='bbox 3150 4189 3343 4256; x_wconf 88' lang='lat' dir='ltr'><strong>voluit,</strong></span> <span class='ocrx_word' id='word_1_654' title='bbox 3401 4190 3519 4258; x_wconf 90' lang='lat' dir='ltr'><strong>ipse</strong></span> <span class='ocrx_word' id='word_1_655' title='bbox 3570 4198 3651 4244; x_wconf 84' lang='lat' dir='ltr'><strong>te-</strong></span> 
     </span>
    </p>
   </div>
   <div class='ocr_carea' id='block_1_86' title="bbox 2058 4280 3653 4363">
    <p class='ocr_par' dir='ltr' id='par_1_86' title="bbox 2058 4280 3653 4363">
     <span class='ocr_line' id='line_1_86' title="bbox 2058 4280 3653 4363; baseline -0.008 -17"><span class='ocrx_word' id='word_1_656' title='bbox 2058 4305 2234 4363; x_wconf 82' lang='lat' dir='ltr'><strong>gmem</strong></span> <span class='ocrx_word' id='word_1_657' title='bbox 2260 4290 2457 4345; x_wconf 60' lang='lat' dir='ltr'><strong>littera:</strong></span> <span class='ocrx_word' id='word_1_658' title='bbox 2484 4286 2601 4356; x_wconf 90' lang='lat' dir='ltr'><strong>ejus</strong></span> <span class='ocrx_word' id='word_1_659' title='bbox 2642 4285 2814 4342; x_wconf 90' lang='lat' dir='ltr'><strong>oculis</strong></span> <span class='ocrx_word' id='word_1_660' title='bbox 2848 4283 3089 4353; x_wconf 89' lang='lat' dir='ltr'><strong>reliquit,</strong></span> <span class='ocrx_word' id='word_1_661' title='bbox 3129 4288 3185 4337; x_wconf 91' lang='lat' dir='ltr'><strong>et</strong></span> <span class='ocrx_word' id='word_1_662' title='bbox 3217 4280 3285 4335; x_wconf 91' lang='lat' dir='ltr'><strong>ad</strong></span> <span class='ocrx_word' id='word_1_663' title='bbox 3317 4294 3653 4350; x_wconf 87' lang='lat' dir='ltr'><strong>cognoscen-</strong></span> 
     </span>
    </p>
   </div>
   <div class='ocr_carea' id='block_1_87' title="bbox 2062 4370 3654 4447">
    <p class='ocr_par' dir='ltr' id='par_1_87' title="bbox 2062 4370 3654 4447">
     <span class='ocr_line' id='line_1_87' title="bbox 2062 4370 3654 4447; baseline -0.009 -9"><span class='ocrx_word' id='word_1_664' title='bbox 2062 4383 2184 4438; x_wconf 89' lang='lat' dir='ltr'><strong>dam</strong></span> <span class='ocrx_word' id='word_1_665' title='bbox 2207 4396 2317 4436; x_wconf 72' lang='lat' dir='ltr'><strong>suze</strong></span> <span class='ocrx_word' id='word_1_666' title='bbox 2339 4378 2638 4434; x_wconf 85' lang='lat' dir='ltr'><strong>divinitatis</strong></span> <span class='ocrx_word' id='word_1_667' title='bbox 2666 4376 2961 4447; x_wconf 87' lang='lat' dir='ltr'><strong>potentiam</strong></span> <span class='ocrx_word' id='word_1_668' title='bbox 3014 4372 3369 4443; x_wconf 89' lang='lat' dir='ltr'><strong>conspicuum</strong></span> <span class='ocrx_word' id='word_1_669' title='bbox 3398 4385 3459 4426; x_wconf 93' lang='lat' dir='ltr'><strong>se</strong></span> <span class='ocrx_word' id='word_1_670' title='bbox 3483 4370 3654 4441; x_wconf 57' lang='lat' dir='ltr'><strong>genti.</strong></span> 
     </span>
    </p>
   </div>
   <div class='ocr_carea' id='block_1_88' title="bbox 2058 4461 3655 4543">
    <p class='ocr_par' dir='ltr' id='par_1_88' title="bbox 2058 4461 3655 4543">
     <span class='ocr_line' id='line_1_88' title="bbox 2058 4461 3655 4543; baseline -0.008 -15"><span class='ocrx_word' id='word_1_671' title='bbox 2058 4474 2162 4528; x_wconf 92' lang='lat' dir='ltr'><strong>bus</strong></span> <span class='ocrx_word' id='word_1_672' title='bbox 2187 4470 2437 4543; x_wconf 68' lang='lat' dir='ltr'><strong>praebuit.</strong></span> <span class='ocrx_word' id='word_1_673' title='bbox 2464 4470 2617 4526; x_wconf 82' lang='lat' dir='ltr'><strong>Unde</strong></span> <span class='ocrx_word' id='word_1_674' title='bbox 2639 4476 2693 4523; x_wconf 88' lang='lat' dir='ltr'><strong>et</strong></span> <span class='ocrx_word' id='word_1_675' title='bbox 2710 4468 2910 4523; x_wconf 84' lang='lat' dir='ltr'><strong>Paulus</strong></span> <span class='ocrx_word' id='word_1_676' title='bbox 2940 4466 3073 4522; x_wconf 89' lang='lat' dir='ltr'><strong>dicit</strong></span> <span class='ocrx_word' id='word_1_677' title='bbox 3096 4484 3109 4520; x_wconf 90' lang='lat'><strong>:</strong></span> <span class='ocrx_word' id='word_1_678' title='bbox 3151 4461 3326 4535; x_wconf 85' lang='lat' dir='ltr'><strong>Usque</strong></span> <span class='ocrx_word' id='word_1_679' title='bbox 3346 4464 3507 4518; x_wconf 83' lang='lat' dir='ltr'><strong>hodie</strong></span> <span class='ocrx_word' id='word_1_680' title='bbox 3529 4464 3655 4516; x_wconf 77' lang='lat' dir='ltr'><strong>dum</strong></span> 
     </span>
    </p>
   </div>
   <div class='ocr_carea' id='block_1_89' title="bbox 376 4554 3654 4666">
    <p class='ocr_par' dir='ltr' id='par_1_89' title="bbox 376 4554 3654 4666">
     <span class='ocr_line' id='line_1_89' title="bbox 376 4554 3654 4666; baseline 0.001 -43"><span class='ocrx_word' id='word_1_681' title='bbox 376 4569 508 4625; x_wconf 85' lang='lat' dir='ltr'><strong>Nam</strong></span> <span class='ocrx_word' id='word_1_682' title='bbox 531 4587 670 4635; x_wconf 59' lang='lat' dir='ltr'><strong>sane</strong></span> <span class='ocrx_word' id='word_1_683' title='bbox 699 4573 822 4631; x_wconf 91' lang='lat' dir='ltr'><strong>inde</strong></span> <span class='ocrx_word' id='word_1_684' title='bbox 845 4575 1143 4646; x_wconf 85' lang='lat' dir='ltr'><strong>perﬁcitur,</strong></span> <span class='ocrx_word' id='word_1_685' title='bbox 1168 4554 1311 4631; x_wconf 87' lang='lat' dir='ltr'><strong>unde</strong></span> <span class='ocrx_word' id='word_1_686' title='bbox 1340 4575 1524 4646; x_wconf 89' lang='lat' dir='ltr'><strong>repelli</strong></span> <span class='ocrx_word' id='word_1_687' title='bbox 1553 4583 1792 4645; x_wconf 86' lang='lat' dir='ltr'><strong>putatur.</strong></span> <span class='ocrx_word' id='word_1_688' title='bbox 1817 4574 1954 4631; x_wconf 84' lang='lat' dir='ltr'><strong>Hinc</strong></span> <span class='ocrx_word' id='word_1_689' title='bbox 1983 4605 2038 4666; x_wconf 69' lang='grc' dir='ltr'><strong>Β</strong></span> <span class='ocrx_word' id='word_1_690' title='bbox 2284 4561 2509 4666; x_wconf 67' lang='grc' dir='ltr'><strong>Μονεςιε»</strong></span> <span class='ocrx_word' id='word_1_691' title='bbox 2530 4559 2868 4666; x_wconf 36' lang='lat' dir='ltr'><strong>gemmati}?</strong></span> <span class='ocrx_word' id='word_1_692' title='bbox 2895 4574 3054 4666; x_wconf 58' lang='lat' dir='ltr'><strong>sulm&quot;</strong></span> <span class='ocrx_word' id='word_1_693' title='bbox 3070 4554 3245 4666; x_wconf 60' lang='grc' dir='ltr'><strong>οξίάοδ</strong></span> <span class='ocrx_word' id='word_1_694' title='bbox 3271 4556 3449 4666; x_wconf 72' lang='grc' dir='ltr'><strong>θον</strong></span> <span class='ocrx_word' id='word_1_695' title='bbox 3472 4572 3654 4666; x_wconf 64' lang='grc' dir='ltr'><strong>εοηίπξ</strong></span> 
     </span>
    </p>
   </div>
   <div class='ocr_carea' id='block_1_90' title="bbox 379 4664 1956 4738">
    <p class='ocr_par' dir='ltr' id='par_1_90' title="bbox 379 4664 1956 4738">
     <span class='ocr_line' id='line_1_90' title="bbox 379 4664 1956 4738; baseline 0.001 -20"><span class='ocrx_word' id='word_1_696' title='bbox 379 4680 593 4719; x_wconf 89' lang='lat' dir='ltr'><strong>rursum</strong></span> <span class='ocrx_word' id='word_1_697' title='bbox 639 4665 773 4720; x_wconf 91' lang='lat' dir='ltr'><strong>dicit</strong></span> <span class='ocrx_word' id='word_1_698' title='bbox 804 4684 818 4720; x_wconf 89' lang='lat'><strong>:</strong></span> <span class='ocrx_word' id='word_1_699' title='bbox 856 4664 1047 4722; x_wconf 88' lang='lat' dir='ltr'><strong>Omnia</strong></span> <span class='ocrx_word' id='word_1_700' title='bbox 1094 4682 1414 4738; x_wconf 59' lang='lat' dir='ltr'><strong>quaecunque</strong></span> <span class='ocrx_word' id='word_1_701' title='bbox 1451 4665 1613 4719; x_wconf 89' lang='lat' dir='ltr'><strong>voluit</strong></span> <span class='ocrx_word' id='word_1_702' title='bbox 1658 4665 1917 4721; x_wconf 85' lang='lat' dir='ltr'><strong>Dominus</strong></span> <span class='ocrx_word' id='word_1_703' title='bbox 1940 4706 1956 4732; x_wconf 94' lang='lat'><strong>,</strong></span> 
     </span>
    </p>
   </div>
   <div class='ocr_carea' id='block_1_91' title="bbox 374 4750 1959 4826">
    <p class='ocr_par' dir='ltr' id='par_1_91' title="bbox 374 4750 1959 4826">
     <span class='ocr_line' id='line_1_91' title="bbox 374 4750 1959 4826; baseline 0.002 -20"><span class='ocrx_word' id='word_1_704' title='bbox 374 4754 495 4821; x_wconf 78' lang='lat' dir='ltr'><strong>fecit</strong></span> <span class='ocrx_word' id='word_1_705' title='bbox 515 4755 571 4808; x_wconf 89' lang='lat' dir='ltr'><strong>in</strong></span> <span class='ocrx_word' id='word_1_706' title='bbox 600 4754 725 4808; x_wconf 71' lang='lat' dir='ltr'><strong>caelo</strong></span> <span class='ocrx_word' id='word_1_707' title='bbox 747 4755 870 4808; x_wconf 90' lang='lat' dir='ltr'><strong>etin</strong></span> <span class='ocrx_word' id='word_1_708' title='bbox 897 4763 1037 4809; x_wconf 89' lang='lat' dir='ltr'><strong>terra</strong></span> <span class='ocrx_word' id='word_1_709' title='bbox 1064 4752 1238 4826; x_wconf 86' lang='lat' dir='ltr'><strong>(Psal.</strong></span> <span class='ocrx_word' id='word_1_710' title='bbox 1265 4751 1507 4824; x_wconf 72' lang='lat' dir='ltr'><strong>cxxxxv).</strong></span> <span class='ocrx_word' id='word_1_711' title='bbox 1539 4751 1676 4807; x_wconf 85' lang='lat' dir='ltr'><strong>Hinc</strong></span> <span class='ocrx_word' id='word_1_712' title='bbox 1701 4750 1959 4809; x_wconf 87' lang='lat' dir='ltr'><strong>Salomon</strong></span> 
     </span>
    </p>
   </div>
   <div class='ocr_carea' id='block_1_92' title="bbox 375 4842 1958 4915">
    <p class='ocr_par' dir='ltr' id='par_1_92' title="bbox 375 4842 1958 4915">
     <span class='ocr_line' id='line_1_92' title="bbox 375 4842 1958 4915; baseline 0.003 -21"><span class='ocrx_word' id='word_1_713' title='bbox 375 4843 451 4895; x_wconf 88' lang='lat' dir='ltr'><strong>ait</strong></span> <span class='ocrx_word' id='word_1_714' title='bbox 479 4861 490 4895; x_wconf 91' lang='lat'>:</span> <span class='ocrx_word' id='word_1_715' title='bbox 518 4842 643 4897; x_wconf 86' lang='lat' dir='ltr'><strong>Non</strong></span> <span class='ocrx_word' id='word_1_716' title='bbox 686 4854 761 4897; x_wconf 87' lang='lat' dir='ltr'><strong>est</strong></span> <span class='ocrx_word' id='word_1_717' title='bbox 814 4844 1091 4913; x_wconf 86' lang='lat' dir='ltr'><strong>sapientia,</strong></span> <span class='ocrx_word' id='word_1_718' title='bbox 1128 4861 1233 4898; x_wconf 88' lang='lat' dir='ltr'><strong>non</strong></span> <span class='ocrx_word' id='word_1_719' title='bbox 1276 4853 1353 4898; x_wconf 86' lang='lat' dir='ltr'><strong>est</strong></span> <span class='ocrx_word' id='word_1_720' title='bbox 1395 4843 1694 4915; x_wconf 89' lang='lat' dir='ltr'><strong>prudentia,</strong></span> <span class='ocrx_word' id='word_1_721' title='bbox 1730 4861 1835 4899; x_wconf 87' lang='lat' dir='ltr'><strong>non</strong></span> <span class='ocrx_word' id='word_1_722' title='bbox 1880 4852 1958 4899; x_wconf 87' lang='lat' dir='ltr'><strong>est</strong></span> 
     </span>
    </p>
   </div>
   <div class='ocr_carea' id='block_1_93' title="bbox 375 4933 1959 5007">
    <p class='ocr_par' dir='ltr' id='par_1_93' title="bbox 375 4933 1959 5007">
     <span class='ocr_line' id='line_1_93' title="bbox 375 4933 1959 5007; baseline 0.002 -19"><span class='ocrx_word' id='word_1_723' title='bbox 375 4935 652 4990; x_wconf 84' lang='lat' dir='ltr'><strong>consilium</strong></span> <span class='ocrx_word' id='word_1_724' title='bbox 700 4944 883 4990; x_wconf 86' lang='lat' dir='ltr'><strong>contra</strong></span> <span class='ocrx_word' id='word_1_725' title='bbox 926 4935 1093 4989; x_wconf 88' lang='lat' dir='ltr'><strong>Deum</strong></span> <span class='ocrx_word' id='word_1_726' title='bbox 1146 4933 1328 5006; x_wconf 85' lang='lat' dir='ltr'><strong>(Prov.</strong></span> <span class='ocrx_word' id='word_1_727' title='bbox 1378 4936 1441 5007; x_wconf 83' lang='lat'><strong>1).</strong></span> <span class='ocrx_word' id='word_1_728' title='bbox 1491 4934 1684 4991; x_wconf 85' lang='lat' dir='ltr'><strong>Restat</strong></span> <span class='ocrx_word' id='word_1_729' title='bbox 1733 4950 1860 5006; x_wconf 81' lang='lat' dir='ltr'><strong>ergo</strong></span> <span class='ocrx_word' id='word_1_730' title='bbox 1901 4936 1959 4991; x_wconf 88' lang='lat' dir='ltr'><strong>in</strong></span> 
     </span>
    </p>
   </div>
   <div class='ocr_carea' id='block_1_94' title="bbox 376 5024 1958 5099">
    <p class='ocr_par' dir='ltr' id='par_1_94' title="bbox 376 5024 1958 5099">
     <span class='ocr_line' id='line_1_94' title="bbox 376 5024 1958 5099; baseline -0.002 -18"><span class='ocrx_word' id='word_1_731' title='bbox 376 5027 586 5083; x_wconf 90' lang='lat' dir='ltr'><strong>cunctis</strong></span> <span class='ocrx_word' id='word_1_732' title='bbox 619 5042 741 5099; x_wconf 83' lang='lat' dir='ltr'><strong>quae</strong></span> <span class='ocrx_word' id='word_1_733' title='bbox 783 5026 1013 5098; x_wconf 88' lang='lat' dir='ltr'><strong>agimus,</strong></span> <span class='ocrx_word' id='word_1_734' title='bbox 1039 5025 1149 5079; x_wconf 88' lang='lat' dir='ltr'><strong>vim</strong></span> <span class='ocrx_word' id='word_1_735' title='bbox 1186 5040 1432 5097; x_wconf 68' lang='lat' dir='ltr'><strong>superna:</strong></span> <span class='ocrx_word' id='word_1_736' title='bbox 1458 5025 1751 5081; x_wconf 87' lang='lat' dir='ltr'><strong>voluntatis</strong></span> <span class='ocrx_word' id='word_1_737' title='bbox 1781 5024 1958 5094; x_wconf 87' lang='lat' dir='ltr'><strong>inqui-</strong></span> 
     </span>
    </p>
   </div>
   <div class='ocr_carea' id='block_1_95' title="bbox 376 5115 1960 5188">
    <p class='ocr_par' dir='ltr' id='par_1_95' title="bbox 376 5115 1960 5188">
     <span class='ocr_line' id='line_1_95' title="bbox 376 5115 1960 5188; baseline 0 -19"><span class='ocrx_word' id='word_1_738' title='bbox 376 5130 580 5172; x_wconf 86' lang='lat' dir='ltr'><strong>ramus.</strong></span> <span class='ocrx_word' id='word_1_739' title='bbox 628 5116 727 5171; x_wconf 92' lang='lat' dir='ltr'><strong>Cui</strong></span> <span class='ocrx_word' id='word_1_740' title='bbox 762 5116 1013 5172; x_wconf 88' lang='lat' dir='ltr'><strong>videlicet</strong></span> <span class='ocrx_word' id='word_1_741' title='bbox 1037 5117 1265 5188; x_wconf 62' lang='lat' dir='ltr'><strong>cognitas</strong></span> <span class='ocrx_word' id='word_1_742' title='bbox 1294 5116 1452 5171; x_wconf 90' lang='lat' dir='ltr'><strong>debet</strong></span> <span class='ocrx_word' id='word_1_743' title='bbox 1479 5124 1669 5171; x_wconf 88' lang='lat' dir='ltr'><strong>nostra</strong></span> <span class='ocrx_word' id='word_1_744' title='bbox 1695 5115 1840 5170; x_wconf 90' lang='lat' dir='ltr'><strong>actio</strong></span> <span class='ocrx_word' id='word_1_745' title='bbox 1867 5115 1960 5170; x_wconf 89' lang='lat' dir='ltr'><strong>de-</strong></span> 
     </span>
    </p>
   </div>
   <div class='ocr_carea' id='block_1_96' title="bbox 379 5204 1956 5276">
    <p class='ocr_par' dir='ltr' id='par_1_96' title="bbox 379 5204 1956 5276">
     <span class='ocr_line' id='line_1_96' title="bbox 379 5204 1956 5276; baseline -0.001 -18"><span class='ocrx_word' id='word_1_746' title='bbox 379 5213 503 5260; x_wconf 87' lang='lat' dir='ltr'><strong>vote</strong></span> <span class='ocrx_word' id='word_1_747' title='bbox 527 5205 798 5273; x_wconf 90' lang='lat' dir='ltr'><strong>famulari,</strong></span> <span class='ocrx_word' id='word_1_748' title='bbox 830 5214 884 5261; x_wconf 89' lang='lat' dir='ltr'><strong>et</strong></span> <span class='ocrx_word' id='word_1_749' title='bbox 909 5207 1063 5276; x_wconf 89' lang='lat' dir='ltr'><strong>quasi</strong></span> <span class='ocrx_word' id='word_1_750' title='bbox 1093 5206 1282 5262; x_wconf 91' lang='lat' dir='ltr'><strong>ducem</strong></span> <span class='ocrx_word' id='word_1_751' title='bbox 1312 5205 1395 5260; x_wconf 87' lang='lat' dir='ltr'><strong>sui</strong></span> <span class='ocrx_word' id='word_1_752' title='bbox 1426 5205 1639 5260; x_wconf 89' lang='lat' dir='ltr'><strong>itineris</strong></span> <span class='ocrx_word' id='word_1_753' title='bbox 1679 5204 1956 5273; x_wconf 85' lang='lat' dir='ltr'><strong>persequi,</strong></span> 
     </span>
    </p>
   </div>
   <div class='ocr_carea' id='block_1_97' title="bbox 374 5295 1959 5365">
    <p class='ocr_par' dir='ltr' id='par_1_97' title="bbox 374 5295 1959 5365">
     <span class='ocr_line' id='line_1_97' title="bbox 374 5295 1959 5365; baseline -0.001 -13"><span class='ocrx_word' id='word_1_754' title='bbox 374 5309 450 5352; x_wconf 77' lang='lat' dir='ltr'><strong>ne</strong></span> <span class='ocrx_word' id='word_1_755' title='bbox 494 5295 657 5349; x_wconf 90' lang='lat' dir='ltr'><strong>etiam</strong></span> <span class='ocrx_word' id='word_1_756' title='bbox 691 5297 743 5351; x_wconf 91' lang='lat' dir='ltr'><strong>ei</strong></span> <span class='ocrx_word' id='word_1_757' title='bbox 791 5305 849 5352; x_wconf 90' lang='lat' dir='ltr'><strong>et</strong></span> <span class='ocrx_word' id='word_1_758' title='bbox 883 5298 1072 5353; x_wconf 91' lang='lat' dir='ltr'><strong>nolens</strong></span> <span class='ocrx_word' id='word_1_759' title='bbox 1116 5298 1334 5362; x_wconf 90' lang='lat' dir='ltr'><strong>serviat,</strong></span> <span class='ocrx_word' id='word_1_760' title='bbox 1363 5296 1411 5350; x_wconf 88' lang='lat' dir='ltr'><strong>si</strong></span> <span class='ocrx_word' id='word_1_761' title='bbox 1454 5296 1594 5351; x_wconf 92' lang='lat' dir='ltr'><strong>hanc</strong></span> <span class='ocrx_word' id='word_1_762' title='bbox 1641 5295 1959 5365; x_wconf 90' lang='lat' dir='ltr'><strong>superbiens</strong></span> 
     </span>
    </p>
   </div>
   <div class='ocr_carea' id='block_1_98' title="bbox 378 5382 1958 5457">
    <p class='ocr_par' dir='ltr' id='par_1_98' title="bbox 378 5382 1958 5457">
     <span class='ocr_line' id='line_1_98' title="bbox 378 5382 1958 5457; baseline 0 -17"><span class='ocrx_word' id='word_1_763' title='bbox 378 5382 631 5440; x_wconf 87' lang='lat' dir='ltr'><strong>declinat.</strong></span> <span class='ocrx_word' id='word_1_764' title='bbox 666 5385 836 5440; x_wconf 80' lang='lat' dir='ltr'><strong>Vitari</strong></span> <span class='ocrx_word' id='word_1_765' title='bbox 858 5388 1004 5441; x_wconf 89' lang='lat' dir='ltr'><strong>enim</strong></span> <span class='ocrx_word' id='word_1_766' title='bbox 1030 5388 1113 5442; x_wconf 90' lang='lat' dir='ltr'><strong>vis</strong></span> <span class='ocrx_word' id='word_1_767' title='bbox 1131 5386 1345 5457; x_wconf 88' lang='lat' dir='ltr'><strong>superni</strong></span> <span class='ocrx_word' id='word_1_768' title='bbox 1374 5384 1584 5441; x_wconf 89' lang='lat' dir='ltr'><strong>consilii</strong></span> <span class='ocrx_word' id='word_1_769' title='bbox 1613 5399 1958 5453; x_wconf 88' lang='lat' dir='ltr'><strong>nequaquam</strong></span> 
     </span>
    </p>
   </div>
   <div class='ocr_carea' id='block_1_99' title="bbox 378 5476 1956 5550">
    <p class='ocr_par' dir='ltr' id='par_1_99' title="bbox 378 5476 1956 5550">
     <span class='ocr_line' id='line_1_99' title="bbox 378 5476 1956 5550; baseline -0.001 -19"><span class='ocrx_word' id='word_1_770' title='bbox 378 5484 586 5547; x_wconf 87' lang='lat' dir='ltr'><strong>potest,</strong></span> <span class='ocrx_word' id='word_1_771' title='bbox 615 5478 709 5532; x_wconf 90' lang='lat' dir='ltr'><strong>sed</strong></span> <span class='ocrx_word' id='word_1_772' title='bbox 738 5494 932 5550; x_wconf 85' lang='lat' dir='ltr'><strong>magna</strong></span> <span class='ocrx_word' id='word_1_773' title='bbox 971 5480 1074 5534; x_wconf 91' lang='lat' dir='ltr'><strong>sibi</strong></span> <span class='ocrx_word' id='word_1_774' title='bbox 1112 5480 1255 5534; x_wconf 90' lang='lat' dir='ltr'><strong>hunc</strong></span> <span class='ocrx_word' id='word_1_775' title='bbox 1294 5478 1495 5533; x_wconf 87' lang='lat' dir='ltr'><strong>virtute</strong></span> <span class='ocrx_word' id='word_1_776' title='bbox 1535 5483 1832 5547; x_wconf 89' lang='lat' dir='ltr'><strong>temperat,</strong></span> <span class='ocrx_word' id='word_1_777' title='bbox 1864 5476 1956 5546; x_wconf 86' lang='lat' dir='ltr'><strong>qui</strong></span> 
     </span>
    </p>
   </div>
   <div class='ocr_carea' id='block_1_100' title="bbox 383 5567 1957 5642">
    <p class='ocr_par' dir='ltr' id='par_1_100' title="bbox 383 5567 1957 5642">
     <span class='ocr_line' id='line_1_100' title="bbox 383 5567 1957 5642; baseline 0 -18"><span class='ocrx_word' id='word_1_778' title='bbox 383 5582 442 5624; x_wconf 87' lang='lat' dir='ltr'><strong>se</strong></span> <span class='ocrx_word' id='word_1_779' title='bbox 467 5569 566 5624; x_wconf 90' lang='lat' dir='ltr'><strong>sub</strong></span> <span class='ocrx_word' id='word_1_780' title='bbox 607 5568 723 5639; x_wconf 86' lang='lat' dir='ltr'><strong>ejus</strong></span> <span class='ocrx_word' id='word_1_781' title='bbox 765 5571 984 5627; x_wconf 90' lang='lat' dir='ltr'><strong>nutibus</strong></span> <span class='ocrx_word' id='word_1_782' title='bbox 1010 5571 1276 5637; x_wconf 84' lang='lat' dir='ltr'><strong>refrenat;</strong></span> <span class='ocrx_word' id='word_1_783' title='bbox 1303 5571 1525 5642; x_wconf 86' lang='lat' dir='ltr'><strong>ejusque</strong></span> <span class='ocrx_word' id='word_1_784' title='bbox 1571 5570 1673 5624; x_wconf 88' lang='lat' dir='ltr'><strong>sibi</strong></span> <span class='ocrx_word' id='word_1_785' title='bbox 1714 5567 1957 5639; x_wconf 88' lang='lat' dir='ltr'><strong>pondera</strong></span> 
     </span>
    </p>
   </div>
   <div class='ocr_carea' id='block_1_101' title="bbox 383 5658 1958 5730">
    <p class='ocr_par' dir='ltr' id='par_1_101' title="bbox 383 5658 1958 5730">
     <span class='ocr_line' id='line_1_101' title="bbox 383 5658 1958 5730; baseline 0.001 -17"><span class='ocrx_word' id='word_1_786' title='bbox 383 5658 597 5730; x_wconf 85' lang='lat' dir='ltr'><strong>levigat,</strong></span> <span class='ocrx_word' id='word_1_787' title='bbox 622 5660 715 5730; x_wconf 92' lang='lat' dir='ltr'><strong>qui</strong></span> <span class='ocrx_word' id='word_1_788' title='bbox 751 5661 866 5716; x_wconf 67' lang='lat' dir='ltr'><strong>haec</strong></span> <span class='ocrx_word' id='word_1_789' title='bbox 906 5677 975 5718; x_wconf 78' lang='lat' dir='ltr'><strong>ex</strong></span> <span class='ocrx_word' id='word_1_790' title='bbox 1007 5660 1248 5730; x_wconf 88' lang='lat' dir='ltr'><strong>subjecto</strong></span> <span class='ocrx_word' id='word_1_791' title='bbox 1282 5662 1462 5718; x_wconf 89' lang='lat' dir='ltr'><strong>cordis</strong></span> <span class='ocrx_word' id='word_1_792' title='bbox 1502 5662 1730 5716; x_wconf 89' lang='lat' dir='ltr'><strong>humero</strong></span> <span class='ocrx_word' id='word_1_793' title='bbox 1771 5659 1958 5715; x_wconf 89' lang='lat' dir='ltr'><strong>volens</strong></span> 
     </span>
    </p>
   </div>
   <div class='ocr_carea' id='block_1_102' title="bbox 382 5760 578 5823">
    <p class='ocr_par' dir='ltr' id='par_1_102' title="bbox 382 5760 578 5823">
     <span class='ocr_line' id='line_1_102' title="bbox 382 5760 578 5823; baseline 0.005 -17"><span class='ocrx_word' id='word_1_794' title='bbox 382 5760 578 5823; x_wconf 78' lang='lat' dir='ltr'><strong>portat.</strong></span> 
     </span>
    </p>
   </div>
   <div class='ocr_carea' id='block_1_103' title="bbox 456 5840 1953 5914">
    <p class='ocr_par' dir='ltr' id='par_1_103' title="bbox 456 5840 1953 5914">
     <span class='ocr_line' id='line_1_103' title="bbox 456 5840 1953 5914; baseline 0.003 -22"><span class='ocrx_word' id='word_1_795' title='bbox 456 5840 588 5896; x_wconf 81' lang='lat' dir='ltr'><strong>Erat</strong></span> <span class='ocrx_word' id='word_1_796' title='bbox 607 5851 781 5899; x_wconf 85' lang='lat' dir='ltr'><strong>autem</strong></span> <span class='ocrx_word' id='word_1_797' title='bbox 806 5841 1000 5914; x_wconf 81' lang='lat' dir='ltr'><strong>Ioseph</strong></span> <span class='ocrx_word' id='word_1_798' title='bbox 1033 5844 1251 5913; x_wconf 85' lang='lat' dir='ltr'><strong>pulchra</strong></span> <span class='ocrx_word' id='word_1_799' title='bbox 1279 5843 1434 5913; x_wconf 72' lang='lat' dir='ltr'><strong>facie,</strong></span> <span class='ocrx_word' id='word_1_800' title='bbox 1470 5852 1518 5897; x_wconf 90' lang='lat' dir='ltr'><strong>et</strong></span> <span class='ocrx_word' id='word_1_801' title='bbox 1558 5842 1779 5898; x_wconf 84' lang='lat' dir='ltr'><strong>decorus</strong></span> <span class='ocrx_word' id='word_1_802' title='bbox 1803 5858 1953 5912; x_wconf 83' lang='lat' dir='ltr'><strong>aspe-</strong></span> 
     </span>
    </p>
   </div>
   <div class='ocr_carea' id='block_1_104' title="bbox 2066 4648 3656 4726">
    <p class='ocr_par' dir='ltr' id='par_1_104' title="bbox 2066 4648 3656 4726">
     <span class='ocr_line' id='line_1_104' title="bbox 2066 4648 3656 4726; baseline -0.003 -19"><span class='ocrx_word' id='word_1_803' title='bbox 2066 4653 2153 4726; x_wconf 90' lang='lat' dir='ltr'><strong>(II</strong></span> <span class='ocrx_word' id='word_1_804' title='bbox 2199 4652 2323 4708; x_wconf 82' lang='lat' dir='ltr'><strong>Cor.</strong></span> <span class='ocrx_word' id='word_1_805' title='bbox 2374 4653 2481 4726; x_wconf 89' lang='grc' dir='ltr'><strong>ιιι).</strong></span> <span class='ocrx_word' id='word_1_806' title='bbox 2527 4652 2657 4720; x_wconf 67' lang='lat' dir='ltr'><strong>Quae</strong></span> <span class='ocrx_word' id='word_1_807' title='bbox 2694 4651 2949 4708; x_wconf 88' lang='lat' dir='ltr'><strong>videlicet</strong></span> <span class='ocrx_word' id='word_1_808' title='bbox 2987 4650 3231 4706; x_wconf 89' lang='lat' dir='ltr'><strong>adultera</strong></span> <span class='ocrx_word' id='word_1_809' title='bbox 3282 4649 3485 4705; x_wconf 89' lang='lat' dir='ltr'><strong>mulier</strong></span> <span class='ocrx_word' id='word_1_810' title='bbox 3514 4648 3656 4718; x_wconf 88' lang='lat' dir='ltr'><strong>apud</strong></span> 
     </span>
    </p>
   </div>
   <div class='ocr_carea' id='block_1_105' title="bbox 2065 4737 3650 4816">
    <p class='ocr_par' dir='ltr' id='par_1_105' title="bbox 2065 4737 3650 4816">
     <span class='ocr_line' id='line_1_105' title="bbox 2065 4737 3650 4816; baseline -0.006 -14"><span class='ocrx_word' id='word_1_811' title='bbox 2065 4746 2409 4816; x_wconf 88' lang='lat' dir='ltr'><strong>semetipsam</strong></span> <span class='ocrx_word' id='word_1_812' title='bbox 2433 4744 2657 4815; x_wconf 90' lang='lat' dir='ltr'><strong>pallium</strong></span> <span class='ocrx_word' id='word_1_813' title='bbox 2698 4737 2945 4810; x_wconf 88' lang='lat' dir='ltr'><strong>retinuit,</strong></span> <span class='ocrx_word' id='word_1_814' title='bbox 2977 4750 3032 4800; x_wconf 86' lang='lat' dir='ltr'><strong>ct</strong></span> <span class='ocrx_word' id='word_1_815' title='bbox 3058 4757 3218 4812; x_wconf 92' lang='lat' dir='ltr'><strong>quem</strong></span> <span class='ocrx_word' id='word_1_816' title='bbox 3243 4740 3388 4799; x_wconf 88' lang='lat' dir='ltr'><strong>male</strong></span> <span class='ocrx_word' id='word_1_817' title='bbox 3415 4743 3650 4801; x_wconf 85' lang='lat' dir='ltr'><strong>tenebat,</strong></span> 
     </span>
    </p>
   </div>
   <div class='ocr_carea' id='block_1_106' title="bbox 2063 4832 3653 4908">
    <p class='ocr_par' dir='ltr' id='par_1_106' title="bbox 2063 4832 3653 4908">
     <span class='ocr_line' id='line_1_106' title="bbox 2063 4832 3653 4908; baseline -0.003 -16"><span class='ocrx_word' id='word_1_818' title='bbox 2063 4837 2265 4892; x_wconf 91' lang='lat' dir='ltr'><strong>nudum</strong></span> <span class='ocrx_word' id='word_1_819' title='bbox 2314 4837 2514 4892; x_wconf 90' lang='lat' dir='ltr'><strong>amisit.</strong></span> <span class='ocrx_word' id='word_1_820' title='bbox 2562 4836 2666 4904; x_wconf 91' lang='lat' dir='ltr'><strong>Qui</strong></span> <span class='ocrx_word' id='word_1_821' title='bbox 2698 4851 2829 4908; x_wconf 83' lang='lat' dir='ltr'><strong>ergo</strong></span> <span class='ocrx_word' id='word_1_822' title='bbox 2861 4850 2891 4890; x_wconf 90' lang='lat' dir='ltr'><strong>a</strong></span> <span class='ocrx_word' id='word_1_823' title='bbox 2939 4832 3220 4907; x_wconf 76' lang='lat' dir='ltr'><strong>Synagoga</strong></span> <span class='ocrx_word' id='word_1_824' title='bbox 3258 4834 3490 4889; x_wconf 88' lang='lat' dir='ltr'><strong>veniens</strong></span> <span class='ocrx_word' id='word_1_825' title='bbox 3531 4834 3653 4888; x_wconf 80' lang='lat' dir='ltr'><strong>ﬁdei</strong></span> 
     </span>
    </p>
   </div>
   <div class='ocr_carea' id='block_1_107' title="bbox 2063 4925 3651 4998">
    <p class='ocr_par' dir='ltr' id='par_1_107' title="bbox 2063 4925 3651 4998">
     <span class='ocr_line' id='line_1_107' title="bbox 2063 4925 3651 4998; baseline -0.003 -15"><span class='ocrx_word' id='word_1_826' title='bbox 2063 4928 2303 4998; x_wconf 84' lang='lat' dir='ltr'><strong>gentium</strong></span> <span class='ocrx_word' id='word_1_827' title='bbox 2334 4927 2656 4997; x_wconf 90' lang='lat' dir='ltr'><strong>conspicuus</strong></span> <span class='ocrx_word' id='word_1_828' title='bbox 2682 4926 2951 4998; x_wconf 88' lang='lat' dir='ltr'><strong>apparuit,</strong></span> <span class='ocrx_word' id='word_1_829' title='bbox 2982 4926 3279 4981; x_wconf 89' lang='lat' dir='ltr'><strong>secundum</strong></span> <span class='ocrx_word' id='word_1_830' title='bbox 3317 4925 3651 4979; x_wconf 85' lang='lat' dir='ltr'><strong>sententiam</strong></span> 
     </span>
    </p>
   </div>
   <div class='ocr_carea' id='block_1_108' title="bbox 2062 5015 3285 5085">
    <p class='ocr_par' dir='ltr' id='par_1_108' title="bbox 2062 5015 3285 5085">
     <span class='ocr_line' id='line_1_108' title="bbox 2062 5015 3285 5085; baseline -0.004 -12"><span class='ocrx_word' id='word_1_831' title='bbox 2062 5017 2206 5073; x_wconf 86' lang='lat' dir='ltr'><strong>beati</strong></span> <span class='ocrx_word' id='word_1_832' title='bbox 2231 5016 2351 5085; x_wconf 87' lang='lat' dir='ltr'><strong>Iob,</strong></span> <span class='ocrx_word' id='word_1_833' title='bbox 2386 5032 2455 5072; x_wconf 84' lang='lat' dir='ltr'><strong>ex</strong></span> <span class='ocrx_word' id='word_1_834' title='bbox 2481 5025 2637 5073; x_wconf 90' lang='lat' dir='ltr'><strong>utero</strong></span> <span class='ocrx_word' id='word_1_835' title='bbox 2661 5017 2853 5071; x_wconf 91' lang='lat' dir='ltr'><strong>matris</strong></span> <span class='ocrx_word' id='word_1_836' title='bbox 2893 5016 3070 5071; x_wconf 90' lang='lat' dir='ltr'><strong>nudus</strong></span> <span class='ocrx_word' id='word_1_837' title='bbox 3097 5015 3285 5070; x_wconf 80' lang='lat' dir='ltr'><strong>exivit.</strong></span> 
     </span>
    </p>
   </div>
   <div class='ocr_carea' id='block_1_109' title="bbox 2134 5105 3652 5182">
    <p class='ocr_par' dir='ltr' id='par_1_109' title="bbox 2134 5105 3652 5182">
     <span class='ocr_line' id='line_1_109' title="bbox 2134 5105 3652 5182; baseline -0.003 -17"><span class='ocrx_word' id='word_1_838' title='bbox 2134 5109 2365 5182; x_wconf 88' lang='lat' dir='ltr'><strong>Cumque</strong></span> <span class='ocrx_word' id='word_1_839' title='bbox 2404 5111 2613 5165; x_wconf 87' lang='lat' dir='ltr'><strong>vidisset</strong></span> <span class='ocrx_word' id='word_1_840' title='bbox 2649 5107 2838 5163; x_wconf 87' lang='lat' dir='ltr'><strong>mulier</strong></span> <span class='ocrx_word' id='word_1_841' title='bbox 2861 5117 3048 5163; x_wconf 84' lang='lat' dir='ltr'><strong>vestem</strong></span> <span class='ocrx_word' id='word_1_842' title='bbox 3086 5107 3143 5162; x_wconf 90' lang='lat' dir='ltr'><strong>in</strong></span> <span class='ocrx_word' id='word_1_843' title='bbox 3174 5105 3420 5161; x_wconf 79' lang='lat' dir='ltr'><strong>mnibus</strong></span> <span class='ocrx_word' id='word_1_844' title='bbox 3445 5108 3579 5173; x_wconf 84' lang='lat' dir='ltr'><strong>suis,</strong></span> <span class='ocrx_word' id='word_1_845' title='bbox 3601 5117 3652 5161; x_wconf 82' lang='lat' dir='ltr'><strong>et</strong></span> 
     </span>
    </p>
   </div>
   <div class='ocr_carea' id='block_1_110' title="bbox 2061 5198 3651 5273">
    <p class='ocr_par' dir='ltr' id='par_1_110' title="bbox 2061 5198 3651 5273">
     <span class='ocr_line' id='line_1_110' title="bbox 2061 5198 3651 5273; baseline -0.003 -17"><span class='ocrx_word' id='word_1_846' title='bbox 2061 5218 2116 5257; x_wconf 87' lang='lat' dir='ltr'><strong>se</strong></span> <span class='ocrx_word' id='word_1_847' title='bbox 2136 5218 2245 5256; x_wconf 89' lang='lat' dir='ltr'><strong>esse</strong></span> <span class='ocrx_word' id='word_1_848' title='bbox 2266 5211 2631 5273; x_wconf 84' lang='lat' dir='ltr'><strong>contemptam,</strong></span> <span class='ocrx_word' id='word_1_849' title='bbox 2665 5201 2860 5256; x_wconf 87' lang='lat' dir='ltr'><strong>vocavit</strong></span> <span class='ocrx_word' id='word_1_850' title='bbox 2903 5199 3139 5254; x_wconf 87' lang='lat' dir='ltr'><strong>homines</strong></span> <span class='ocrx_word' id='word_1_851' title='bbox 3188 5198 3375 5253; x_wconf 86' lang='lat' dir='ltr'><strong>domus</strong></span> <span class='ocrx_word' id='word_1_852' title='bbox 3422 5215 3559 5263; x_wconf 67' lang='lat' dir='ltr'><strong>sum,</strong></span> <span class='ocrx_word' id='word_1_853' title='bbox 3601 5207 3651 5251; x_wconf 79' lang='lat' dir='ltr'><strong>et</strong></span> 
     </span>
    </p>
   </div>
   <div class='ocr_carea' id='block_1_111' title="bbox 2062 5289 3650 5348">
    <p class='ocr_par' dir='ltr' id='par_1_111' title="bbox 2062 5289 3650 5348">
     <span class='ocr_line' id='line_1_111' title="bbox 2062 5289 3650 5348; baseline -0.003 0"><span class='ocrx_word' id='word_1_854' title='bbox 2062 5293 2136 5348; x_wconf 88' lang='lat' dir='ltr'><strong>ait</strong></span> <span class='ocrx_word' id='word_1_855' title='bbox 2168 5294 2237 5346; x_wconf 91' lang='lat' dir='ltr'><strong>ad</strong></span> <span class='ocrx_word' id='word_1_856' title='bbox 2264 5308 2386 5348; x_wconf 89' lang='lat' dir='ltr'><strong>eos:</strong></span> <span class='ocrx_word' id='word_1_857' title='bbox 2418 5293 2503 5347; x_wconf 86' lang='lat' dir='ltr'><strong>En</strong></span> <span class='ocrx_word' id='word_1_858' title='bbox 2530 5293 2823 5347; x_wconf 79' lang='lat' dir='ltr'><strong>introth</strong></span> <span class='ocrx_word' id='word_1_859' title='bbox 2844 5292 3016 5347; x_wconf 89' lang='lat' dir='ltr'><strong>virum</strong></span> <span class='ocrx_word' id='word_1_860' title='bbox 3046 5289 3329 5346; x_wconf 60' lang='lat' dir='ltr'><strong>Hebraeum</strong></span> <span class='ocrx_word' id='word_1_861' title='bbox 3357 5300 3415 5345; x_wconf 89' lang='lat' dir='ltr'><strong>ut</strong></span> <span class='ocrx_word' id='word_1_862' title='bbox 3458 5289 3650 5343; x_wconf 67' lang='lat' dir='ltr'><strong>illude-</strong></span> 
     </span>
    </p>
   </div>
   <div class='ocr_carea' id='block_1_112' title="bbox 2061 5378 3649 5454">
    <p class='ocr_par' dir='ltr' id='par_1_112' title="bbox 2061 5378 3649 5454">
     <span class='ocr_line' id='line_1_112' title="bbox 2061 5378 3649 5454; baseline -0.004 -16"><span class='ocrx_word' id='word_1_863' title='bbox 2061 5394 2137 5440; x_wconf 90' lang='lat' dir='ltr'><strong>ret</strong></span> <span class='ocrx_word' id='word_1_864' title='bbox 2162 5384 2328 5439; x_wconf 87' lang='lat' dir='ltr'><strong>nobis.</strong></span> <span class='ocrx_word' id='word_1_865' title='bbox 2361 5383 2636 5454; x_wconf 85' lang='lat' dir='ltr'><strong>Ingressus</strong></span> <span class='ocrx_word' id='word_1_866' title='bbox 2667 5392 2741 5438; x_wconf 90' lang='lat' dir='ltr'><strong>est</strong></span> <span class='ocrx_word' id='word_1_867' title='bbox 2765 5381 2835 5436; x_wconf 89' lang='lat' dir='ltr'><strong>ad</strong></span> <span class='ocrx_word' id='word_1_868' title='bbox 2857 5399 2938 5436; x_wconf 89' lang='lat' dir='ltr'><strong>me</strong></span> <span class='ocrx_word' id='word_1_869' title='bbox 2968 5390 3027 5435; x_wconf 87' lang='lat' dir='ltr'><strong>ut</strong></span> <span class='ocrx_word' id='word_1_870' title='bbox 3049 5381 3209 5436; x_wconf 90' lang='lat' dir='ltr'><strong>coiret</strong></span> <span class='ocrx_word' id='word_1_871' title='bbox 3235 5396 3457 5434; x_wconf 84' lang='lat' dir='ltr'><strong>mecum.</strong></span> <span class='ocrx_word' id='word_1_872' title='bbox 3487 5378 3649 5433; x_wconf 72' lang='lat' dir='ltr'><strong>Cum-</strong></span> 
     </span>
    </p>
   </div>
   <div class='ocr_carea' id='block_1_113' title="bbox 2061 5466 3648 5545">
    <p class='ocr_par' dir='ltr' id='par_1_113' title="bbox 2061 5466 3648 5545">
     <span class='ocr_line' id='line_1_113' title="bbox 2061 5466 3648 5545; baseline -0.004 -19"><span class='ocrx_word' id='word_1_873' title='bbox 2061 5489 2160 5545; x_wconf 91' lang='lat' dir='ltr'><strong>que</strong></span> <span class='ocrx_word' id='word_1_874' title='bbox 2184 5489 2276 5543; x_wconf 87' lang='lat' dir='ltr'><strong>ego</strong></span> <span class='ocrx_word' id='word_1_875' title='bbox 2301 5471 2723 5538; x_wconf 86' lang='lat' dir='ltr'><strong>succlamassem,</strong></span> <span class='ocrx_word' id='word_1_876' title='bbox 2749 5480 2797 5525; x_wconf 90' lang='lat' dir='ltr'><strong>et</strong></span> <span class='ocrx_word' id='word_1_877' title='bbox 2824 5470 3057 5525; x_wconf 86' lang='lat' dir='ltr'><strong>audisset</strong></span> <span class='ocrx_word' id='word_1_878' title='bbox 3098 5486 3274 5524; x_wconf 87' lang='lat' dir='ltr'><strong>vocem</strong></span> <span class='ocrx_word' id='word_1_879' title='bbox 3300 5484 3490 5532; x_wconf 81' lang='lat' dir='ltr'><strong>meam,</strong></span> <span class='ocrx_word' id='word_1_880' title='bbox 3522 5466 3648 5521; x_wconf 85' lang='lat' dir='ltr'><strong>reli—</strong></span> 
     </span>
    </p>
   </div>
   <div class='ocr_carea' id='block_1_114' title="bbox 2062 5557 3645 5635">
    <p class='ocr_par' dir='ltr' id='par_1_114' title="bbox 2062 5557 3645 5635">
     <span class='ocr_line' id='line_1_114' title="bbox 2062 5557 3645 5635; baseline -0.004 -18"><span class='ocrx_word' id='word_1_881' title='bbox 2062 5565 2172 5635; x_wconf 89' lang='lat' dir='ltr'><strong>quit</strong></span> <span class='ocrx_word' id='word_1_882' title='bbox 2210 5562 2430 5635; x_wconf 88' lang='lat' dir='ltr'><strong>pallium</strong></span> <span class='ocrx_word' id='word_1_883' title='bbox 2460 5562 2601 5633; x_wconf 87' lang='lat' dir='ltr'><strong>quod</strong></span> <span class='ocrx_word' id='word_1_884' title='bbox 2632 5562 2888 5628; x_wconf 88' lang='lat' dir='ltr'><strong>tenebam,</strong></span> <span class='ocrx_word' id='word_1_885' title='bbox 2914 5570 2963 5615; x_wconf 86' lang='lat' dir='ltr'><strong>et</strong></span> <span class='ocrx_word' id='word_1_886' title='bbox 2994 5560 3129 5631; x_wconf 80' lang='lat' dir='ltr'><strong>fugit</strong></span> <span class='ocrx_word' id='word_1_887' title='bbox 3172 5560 3337 5630; x_wconf 75' lang='lat' dir='ltr'><strong>foras.</strong></span> <span class='ocrx_word' id='word_1_888' title='bbox 3383 5557 3454 5613; x_wconf 84' lang='lat' dir='ltr'><strong>In</strong></span> <span class='ocrx_word' id='word_1_889' title='bbox 3483 5573 3645 5628; x_wconf 63' lang='lat' dir='ltr'><strong>arguo</strong></span> 
     </span>
    </p>
   </div>
   <div class='ocr_carea' id='block_1_115' title="bbox 2063 5648 3642 5726">
    <p class='ocr_par' dir='ltr' id='par_1_115' title="bbox 2063 5648 3642 5726">
     <span class='ocr_line' id='line_1_115' title="bbox 2063 5648 3642 5726; baseline -0.007 -16"><span class='ocrx_word' id='word_1_890' title='bbox 2063 5665 2291 5710; x_wconf 89' lang='lat' dir='ltr'><strong>mentum</strong></span> <span class='ocrx_word' id='word_1_891' title='bbox 2312 5671 2433 5726; x_wconf 88' lang='lat' dir='ltr'><strong>ergo</strong></span> <span class='ocrx_word' id='word_1_892' title='bbox 2450 5654 2598 5723; x_wconf 83' lang='lat' dir='ltr'><strong>ﬁdei,</strong></span> <span class='ocrx_word' id='word_1_893' title='bbox 2634 5662 2884 5708; x_wconf 77' lang='lat' dir='ltr'><strong>retentum</strong></span> <span class='ocrx_word' id='word_1_894' title='bbox 2927 5650 3146 5723; x_wconf 88' lang='lat' dir='ltr'><strong>pallium</strong></span> <span class='ocrx_word' id='word_1_895' title='bbox 3189 5648 3412 5704; x_wconf 85' lang='lat' dir='ltr'><strong>ostendit</strong></span> <span class='ocrx_word' id='word_1_896' title='bbox 3450 5649 3642 5701; x_wconf 87' lang='lat' dir='ltr'><strong>marito</strong></span> 
     </span>
    </p>
   </div>
   <div class='ocr_carea' id='block_1_116' title="bbox 2062 5739 3639 5814">
    <p class='ocr_par' dir='ltr' id='par_1_116' title="bbox 2062 5739 3639 5814">
     <span class='ocr_line' id='line_1_116' title="bbox 2062 5739 3639 5814; baseline -0.006 -12"><span class='ocrx_word' id='word_1_897' title='bbox 2062 5747 2334 5802; x_wconf 87' lang='lat' dir='ltr'><strong>revertenti</strong></span> <span class='ocrx_word' id='word_1_898' title='bbox 2358 5746 2590 5810; x_wconf 86' lang='lat' dir='ltr'><strong>domum,</strong></span> <span class='ocrx_word' id='word_1_899' title='bbox 2613 5754 2662 5798; x_wconf 91' lang='lat' dir='ltr'><strong>et</strong></span> <span class='ocrx_word' id='word_1_900' title='bbox 2687 5746 2760 5797; x_wconf 87' lang='lat' dir='ltr'><strong>ait</strong></span> <span class='ocrx_word' id='word_1_901' title='bbox 2789 5757 2808 5795; x_wconf 90' lang='lat'><em>:</em></span> <span class='ocrx_word' id='word_1_902' title='bbox 2847 5742 3121 5814; x_wconf 86' lang='lat' dir='ltr'><strong>Ingressus</strong></span> <span class='ocrx_word' id='word_1_903' title='bbox 3143 5750 3218 5795; x_wconf 88' lang='lat' dir='ltr'><strong>est</strong></span> <span class='ocrx_word' id='word_1_904' title='bbox 3242 5739 3313 5794; x_wconf 87' lang='lat' dir='ltr'><strong>ad</strong></span> <span class='ocrx_word' id='word_1_905' title='bbox 3352 5755 3435 5793; x_wconf 86' lang='lat' dir='ltr'><strong>me</strong></span> <span class='ocrx_word' id='word_1_906' title='bbox 3464 5753 3639 5793; x_wconf 66' lang='lat' dir='ltr'><strong>serus</strong></span> 
     </span>
    </p>
   </div>
   <div class='ocr_carea' id='block_1_117' title="bbox 2067 5826 3637 5907">
    <p class='ocr_par' dir='ltr' id='par_1_117' title="bbox 2067 5826 3637 5907">
     <span class='ocr_line' id='line_1_117' title="bbox 2067 5826 3637 5907; baseline -0.006 -16"><span class='ocrx_word' id='word_1_907' title='bbox 2067 5838 2339 5903; x_wconf 68' lang='lat' dir='ltr'><strong>Hebraeus,</strong></span> <span class='ocrx_word' id='word_1_908' title='bbox 2366 5853 2517 5907; x_wconf 88' lang='lat' dir='ltr'><strong>quem</strong></span> <span class='ocrx_word' id='word_1_909' title='bbox 2545 5836 2834 5901; x_wconf 66' lang='lat' dir='ltr'><strong>adduxisti,</strong></span> <span class='ocrx_word' id='word_1_910' title='bbox 2871 5844 2929 5889; x_wconf 92' lang='lat' dir='ltr'><strong>ut</strong></span> <span class='ocrx_word' id='word_1_911' title='bbox 2952 5833 3193 5889; x_wconf 85' lang='lat' dir='ltr'><strong>illuderet</strong></span> <span class='ocrx_word' id='word_1_912' title='bbox 3226 5832 3375 5888; x_wconf 89' lang='lat' dir='ltr'><strong>mihi.</strong></span> <span class='ocrx_word' id='word_1_913' title='bbox 3407 5826 3637 5900; x_wconf 65' lang='lat' dir='ltr'><strong>Cumque</strong></span> 
     </span>
    </p>
   </div>
  </div>
