  <div class='ocr_page' id='page_1' title='image "/cluster/home/n/w/nwhite01/storage/ocr_20150623/107/hvd.32044015466832/322.png"; bbox 0 0 3946 6454; ppageno 0'>
   <div class='ocr_carea' id='block_1_1' title="bbox 178 448 291 510">
    <p class='ocr_par' dir='ltr' id='par_1_1' title="bbox 178 448 291 510">
     <span class='ocr_line' id='line_1_1' title="bbox 178 448 291 510; baseline 0 0"><span class='ocrx_word' id='word_1_1' title='bbox 178 448 291 510; x_wconf 70' lang='grc'><strong>’635</strong></span> 
     </span>
    </p>
   </div>
   <div class='ocr_carea' id='block_1_2' title="bbox 1209 440 2431 506">
    <p class='ocr_par' dir='ltr' id='par_1_2' title="bbox 1209 440 2431 506">
     <span class='ocr_line' id='line_1_2' title="bbox 1209 440 2431 506; baseline 0 -2"><span class='ocrx_word' id='word_1_2' title='bbox 1209 442 1563 506; x_wconf 70' lang='lat' dir='ltr'><strong>COMMENT.</strong></span> <span class='ocrx_word' id='word_1_3' title='bbox 1602 440 1673 500; x_wconf 79' lang='lat' dir='ltr'><strong>IN</strong></span> <span class='ocrx_word' id='word_1_4' title='bbox 1709 440 2031 501; x_wconf 84' lang='lat' dir='ltr'><strong>GENESIM.</strong></span> <span class='ocrx_word' id='word_1_5' title='bbox 2070 475 2142 485; x_wconf 98' lang='lat'><strong>—</strong></span> <span class='ocrx_word' id='word_1_6' title='bbox 2177 443 2304 502; x_wconf 82' lang='lat' dir='ltr'><strong>LIB.</strong></span> <span class='ocrx_word' id='word_1_7' title='bbox 2343 445 2431 506; x_wconf 73' lang='lat' dir='ltr'><strong>IV.</strong></span> 
     </span>
    </p>
   </div>
   <div class='ocr_carea' id='block_1_3' title="bbox 3360 450 3464 507">
    <p class='ocr_par' dir='ltr' id='par_1_3' title="bbox 3360 450 3464 507">
     <span class='ocr_line' id='line_1_3' title="bbox 3360 450 3464 507; baseline 0 0"><span class='ocrx_word' id='word_1_8' title='bbox 3360 450 3464 507; x_wconf 70' lang='grc'><strong>654</strong></span> 
     </span>
    </p>
   </div>
   <div class='ocr_carea' id='block_1_4' title="bbox 189 554 3467 633">
    <p class='ocr_par' dir='ltr' id='par_1_4' title="bbox 189 554 3467 633">
     <span class='ocr_line' id='line_1_4' title="bbox 189 554 3467 633; baseline -0.001 -13"><span class='ocrx_word' id='word_1_9' title='bbox 189 566 395 624; x_wconf 75' lang='lat' dir='ltr'><strong>uidisset</strong></span> <span class='ocrx_word' id='word_1_10' title='bbox 419 579 502 621; x_wconf 87' lang='lat' dir='ltr'><strong>me</strong></span> <span class='ocrx_word' id='word_1_11' title='bbox 541 561 785 627; x_wconf 82' lang='lat' dir='ltr'><strong>clamare,</strong></span> <span class='ocrx_word' id='word_1_12' title='bbox 830 560 1038 628; x_wconf 87' lang='lat' dir='ltr'><strong>reliquit</strong></span> <span class='ocrx_word' id='word_1_13' title='bbox 1082 558 1303 633; x_wconf 75' lang='lat' dir='ltr'><strong>pallium</strong></span> <span class='ocrx_word' id='word_1_14' title='bbox 1340 568 1389 615; x_wconf 92' lang='lat' dir='ltr'><strong>et</strong></span> <span class='ocrx_word' id='word_1_15' title='bbox 1432 558 1564 630; x_wconf 84' lang='lat' dir='ltr'><strong>fugit</strong></span> <span class='ocrx_word' id='word_1_16' title='bbox 1603 559 1768 630; x_wconf 78' lang='lat' dir='ltr'><strong>foras.</strong></span> <span class='ocrx_word' id='word_1_17' title='bbox 1800 558 1852 617; x_wconf 85' lang='grc' dir='ltr'><strong>Α</strong></span> <span class='ocrx_word' id='word_1_18' title='bbox 1877 556 2129 612; x_wconf 83' lang='lat' dir='ltr'><strong>cibarios.</strong></span> <span class='ocrx_word' id='word_1_19' title='bbox 2169 554 2274 612; x_wconf 89' lang='lat' dir='ltr'><strong>Sed</strong></span> <span class='ocrx_word' id='word_1_20' title='bbox 2293 556 2423 613; x_wconf 88' lang='lat' dir='ltr'><strong>illud</strong></span> <span class='ocrx_word' id='word_1_21' title='bbox 2455 566 2660 626; x_wconf 81' lang='lat' dir='ltr'><strong>movet,</strong></span> <span class='ocrx_word' id='word_1_22' title='bbox 2682 558 2953 630; x_wconf 86' lang='lat' dir='ltr'><strong>quomodo</strong></span> <span class='ocrx_word' id='word_1_23' title='bbox 2981 572 3178 630; x_wconf 88' lang='lat' dir='ltr'><strong>panem</strong></span> <span class='ocrx_word' id='word_1_24' title='bbox 3200 559 3467 617; x_wconf 84' lang='lat' dir='ltr'><strong>cibarium</strong></span> 
     </span>
    </p>
   </div>
   <div class='ocr_carea' id='block_1_5' title="bbox 194 651 1783 722">
    <p class='ocr_par' dir='ltr' id='par_1_5' title="bbox 194 651 1783 722">
     <span class='ocr_line' id='line_1_5' title="bbox 194 651 1783 722; baseline -0.006 -6"><span class='ocrx_word' id='word_1_25' title='bbox 194 660 290 717; x_wconf 81' lang='lat' dir='ltr'><strong>His</strong></span> <span class='ocrx_word' id='word_1_26' title='bbox 321 658 542 722; x_wconf 78' lang='lat' dir='ltr'><strong>auditis,</strong></span> <span class='ocrx_word' id='word_1_27' title='bbox 563 657 830 721; x_wconf 87' lang='lat' dir='ltr'><strong>dominus,</strong></span> <span class='ocrx_word' id='word_1_28' title='bbox 854 663 902 710; x_wconf 91' lang='lat' dir='ltr'><strong>et</strong></span> <span class='ocrx_word' id='word_1_29' title='bbox 933 656 1154 710; x_wconf 88' lang='lat' dir='ltr'><strong>nimium</strong></span> <span class='ocrx_word' id='word_1_30' title='bbox 1182 652 1429 708; x_wconf 90' lang='lat' dir='ltr'><strong>credulus</strong></span> <span class='ocrx_word' id='word_1_31' title='bbox 1467 651 1632 706; x_wconf 79' lang='lat' dir='ltr'><strong>verbis</strong></span> <span class='ocrx_word' id='word_1_32' title='bbox 1658 668 1783 706; x_wconf 86' lang='lat' dir='ltr'><strong>con-</strong></span> 
     </span>
    </p>
   </div>
   <div class='ocr_carea' id='block_1_6' title="bbox 182 741 1784 823">
    <p class='ocr_par' dir='ltr' id='par_1_6' title="bbox 182 741 1784 823">
     <span class='ocr_line' id='line_1_6' title="bbox 182 741 1784 823; baseline -0.006 -19"><span class='ocrx_word' id='word_1_33' title='bbox 182 749 347 823; x_wconf 81' lang='lat' dir='ltr'><strong>jugis,</strong></span> <span class='ocrx_word' id='word_1_34' title='bbox 386 748 554 804; x_wconf 89' lang='lat' dir='ltr'><strong>iratus</strong></span> <span class='ocrx_word' id='word_1_35' title='bbox 600 757 674 801; x_wconf 89' lang='lat' dir='ltr'><strong>est</strong></span> <span class='ocrx_word' id='word_1_36' title='bbox 702 743 885 811; x_wconf 82' lang='lat' dir='ltr'><strong>valde;</strong></span> <span class='ocrx_word' id='word_1_37' title='bbox 914 744 1237 815; x_wconf 90' lang='lat' dir='ltr'><strong>tradiditque</strong></span> <span class='ocrx_word' id='word_1_38' title='bbox 1273 741 1469 812; x_wconf 74' lang='lat' dir='ltr'><strong>Ioseph</strong></span> <span class='ocrx_word' id='word_1_39' title='bbox 1507 742 1563 797; x_wconf 89' lang='lat' dir='ltr'><strong>in</strong></span> <span class='ocrx_word' id='word_1_40' title='bbox 1607 756 1784 796; x_wconf 90' lang='lat' dir='ltr'><strong>carce-</strong></span> 
     </span>
    </p>
   </div>
   <div class='ocr_carea' id='block_1_7' title="bbox 191 835 1782 908">
    <p class='ocr_par' dir='ltr' id='par_1_7' title="bbox 191 835 1782 908">
     <span class='ocr_line' id='line_1_7' title="bbox 191 835 1782 908; baseline -0.006 -10"><span class='ocrx_word' id='word_1_41' title='bbox 191 857 317 903; x_wconf 86' lang='lat' dir='ltr'><strong>rem,</strong></span> <span class='ocrx_word' id='word_1_42' title='bbox 358 840 447 896; x_wconf 86' lang='lat' dir='ltr'><strong>ubi</strong></span> <span class='ocrx_word' id='word_1_43' title='bbox 473 839 632 895; x_wconf 86' lang='lat' dir='ltr'><strong>uincti</strong></span> <span class='ocrx_word' id='word_1_44' title='bbox 661 839 793 908; x_wconf 87' lang='lat' dir='ltr'><strong>regis</strong></span> <span class='ocrx_word' id='word_1_45' title='bbox 832 836 1279 901; x_wconf 78' lang='lat' dir='ltr'><strong>custodiebantur,</strong></span> <span class='ocrx_word' id='word_1_46' title='bbox 1306 844 1411 891; x_wconf 89' lang='lat' dir='ltr'><strong>etc.</strong></span> <span class='ocrx_word' id='word_1_47' title='bbox 1444 835 1577 890; x_wconf 88' lang='lat' dir='ltr'><strong>Erat</strong></span> <span class='ocrx_word' id='word_1_48' title='bbox 1600 843 1782 889; x_wconf 88' lang='lat' dir='ltr'><strong>autem</strong></span> 
     </span>
    </p>
   </div>
   <div class='ocr_carea' id='block_1_8' title="bbox 187 928 1782 1005">
    <p class='ocr_par' dir='ltr' id='par_1_8' title="bbox 187 928 1782 1005">
     <span class='ocr_line' id='line_1_8' title="bbox 187 928 1782 1005; baseline -0.005 -13"><span class='ocrx_word' id='word_1_49' title='bbox 187 934 387 1005; x_wconf 74' lang='lat' dir='ltr'><strong>Ioseph</strong></span> <span class='ocrx_word' id='word_1_50' title='bbox 414 932 638 1004; x_wconf 89' lang='lat' dir='ltr'><strong>pulchra</strong></span> <span class='ocrx_word' id='word_1_51' title='bbox 667 930 807 987; x_wconf 81' lang='lat' dir='ltr'><strong>facie</strong></span> <span class='ocrx_word' id='word_1_52' title='bbox 854 937 909 986; x_wconf 90' lang='lat' dir='ltr'><strong>et</strong></span> <span class='ocrx_word' id='word_1_53' title='bbox 937 929 1168 985; x_wconf 85' lang='lat' dir='ltr'><strong>decorus</strong></span> <span class='ocrx_word' id='word_1_54' title='bbox 1213 937 1454 1001; x_wconf 90' lang='lat' dir='ltr'><strong>aspectu.</strong></span> <span class='ocrx_word' id='word_1_55' title='bbox 1502 928 1583 984; x_wconf 89' lang='lat' dir='ltr'><strong>lta</strong></span> <span class='ocrx_word' id='word_1_56' title='bbox 1633 936 1689 984; x_wconf 91' lang='lat' dir='ltr'><strong>et</strong></span> <span class='ocrx_word' id='word_1_57' title='bbox 1717 928 1782 984; x_wconf 88' lang='lat' dir='ltr'><strong>de</strong></span> 
     </span>
    </p>
   </div>
   <div class='ocr_carea' id='block_1_9' title="bbox 191 1020 1781 1093">
    <p class='ocr_par' dir='ltr' id='par_1_9' title="bbox 191 1020 1781 1093">
     <span class='ocr_line' id='line_1_9' title="bbox 191 1020 1781 1093; baseline -0.006 -10"><span class='ocrx_word' id='word_1_58' title='bbox 191 1025 408 1083; x_wconf 80' lang='lat' dir='ltr'><strong>Christo</strong></span> <span class='ocrx_word' id='word_1_59' title='bbox 436 1024 608 1079; x_wconf 83' lang='lat' dir='ltr'><strong>David</strong></span> <span class='ocrx_word' id='word_1_60' title='bbox 635 1023 747 1079; x_wconf 90' lang='lat' dir='ltr'><strong>ait:</strong></span> <span class='ocrx_word' id='word_1_61' title='bbox 779 1021 1056 1093; x_wconf 89' lang='lat' dir='ltr'><strong>Speciosus</strong></span> <span class='ocrx_word' id='word_1_62' title='bbox 1087 1021 1259 1092; x_wconf 79' lang='lat' dir='ltr'><strong>(arma</strong></span> <span class='ocrx_word' id='word_1_63' title='bbox 1294 1037 1404 1076; x_wconf 75' lang='lat' dir='ltr'><strong>ora:</strong></span> <span class='ocrx_word' id='word_1_64' title='bbox 1444 1020 1569 1090; x_wconf 74' lang='lat' dir='ltr'><strong>ﬁliis</strong></span> <span class='ocrx_word' id='word_1_65' title='bbox 1608 1020 1781 1074; x_wconf 85' lang='lat' dir='ltr'><strong>homi-</strong></span> 
     </span>
    </p>
   </div>
   <div class='ocr_carea' id='block_1_10' title="bbox 193 1112 1779 1187">
    <p class='ocr_par' dir='ltr' id='par_1_10' title="bbox 193 1112 1779 1187">
     <span class='ocr_line' id='line_1_10' title="bbox 193 1112 1779 1187; baseline -0.004 -14"><span class='ocrx_word' id='word_1_66' title='bbox 193 1135 336 1183; x_wconf 87' lang='lat' dir='ltr'><strong>num,</strong></span> <span class='ocrx_word' id='word_1_67' title='bbox 366 1116 561 1187; x_wconf 72' lang='lat' dir='ltr'><strong>diffusa</strong></span> <span class='ocrx_word' id='word_1_68' title='bbox 603 1124 677 1170; x_wconf 89' lang='lat' dir='ltr'><strong>est</strong></span> <span class='ocrx_word' id='word_1_69' title='bbox 724 1114 897 1186; x_wconf 86' lang='lat' dir='ltr'><strong>gratia</strong></span> <span class='ocrx_word' id='word_1_70' title='bbox 939 1115 995 1169; x_wconf 92' lang='lat' dir='ltr'><strong>in</strong></span> <span class='ocrx_word' id='word_1_71' title='bbox 1039 1113 1191 1168; x_wconf 88' lang='lat' dir='ltr'><strong>labiis</strong></span> <span class='ocrx_word' id='word_1_72' title='bbox 1221 1114 1327 1168; x_wconf 97' lang='lat' dir='ltr'><strong>tuis</strong></span> <span class='ocrx_word' id='word_1_73' title='bbox 1374 1112 1552 1183; x_wconf 89' lang='lat' dir='ltr'><strong>(Psal.</strong></span> <span class='ocrx_word' id='word_1_74' title='bbox 1603 1112 1779 1185; x_wconf 81' lang='lat' dir='ltr'><strong>xuv);</strong></span> 
     </span>
    </p>
   </div>
   <div class='ocr_carea' id='block_1_11' title="bbox 194 1205 1783 1283">
    <p class='ocr_par' dir='ltr' id='par_1_11' title="bbox 194 1205 1783 1283">
     <span class='ocr_line' id='line_1_11' title="bbox 194 1205 1783 1283; baseline -0.003 -19"><span class='ocrx_word' id='word_1_75' title='bbox 194 1208 374 1283; x_wconf 85' lang='lat' dir='ltr'><strong>(Isid.)</strong></span> <span class='ocrx_word' id='word_1_76' title='bbox 406 1207 511 1263; x_wconf 82' lang='lat' dir='ltr'><strong>Sed</strong></span> <span class='ocrx_word' id='word_1_77' title='bbox 545 1208 756 1275; x_wconf 81' lang='lat' dir='ltr'><strong>mulier,</strong></span> <span class='ocrx_word' id='word_1_78' title='bbox 792 1207 989 1278; x_wconf 85' lang='lat' dir='ltr'><strong>inquit,</strong></span> <span class='ocrx_word' id='word_1_79' title='bbox 1020 1207 1077 1261; x_wconf 90' lang='lat' dir='ltr'><strong>in</strong></span> <span class='ocrx_word' id='word_1_80' title='bbox 1116 1223 1238 1262; x_wconf 89' lang='lat' dir='ltr'><strong>eum</strong></span> <span class='ocrx_word' id='word_1_81' title='bbox 1266 1206 1452 1262; x_wconf 92' lang='lat' dir='ltr'><strong>oculos</strong></span> <span class='ocrx_word' id='word_1_82' title='bbox 1479 1205 1683 1275; x_wconf 86' lang='lat' dir='ltr'><strong>injecit,</strong></span> <span class='ocrx_word' id='word_1_83' title='bbox 1720 1212 1783 1260; x_wconf 90' lang='lat' dir='ltr'><strong>ut</strong></span> 
     </span>
    </p>
   </div>
   <div class='ocr_carea' id='block_1_12' title="bbox 193 1300 1784 1373">
    <p class='ocr_par' dir='ltr' id='par_1_12' title="bbox 193 1300 1784 1373">
     <span class='ocr_line' id='line_1_12' title="bbox 193 1300 1784 1373; baseline 0 -17"><span class='ocrx_word' id='word_1_84' title='bbox 193 1301 516 1357; x_wconf 86' lang='lat' dir='ltr'><strong>adulterium</strong></span> <span class='ocrx_word' id='word_1_85' title='bbox 544 1315 668 1356; x_wconf 91' lang='lat' dir='ltr'><strong>cum</strong></span> <span class='ocrx_word' id='word_1_86' title='bbox 698 1300 788 1356; x_wconf 90' lang='lat' dir='ltr'><strong>illa</strong></span> <span class='ocrx_word' id='word_1_87' title='bbox 814 1308 1173 1372; x_wconf 84' lang='lat' dir='ltr'><strong>perpetraret.</strong></span> <span class='ocrx_word' id='word_1_88' title='bbox 1217 1300 1325 1356; x_wconf 88' lang='lat' dir='ltr'><strong>Ista</strong></span> <span class='ocrx_word' id='word_1_89' title='bbox 1374 1300 1570 1356; x_wconf 87' lang='lat' dir='ltr'><strong>mulier</strong></span> <span class='ocrx_word' id='word_1_90' title='bbox 1609 1301 1784 1373; x_wconf 82' lang='lat' dir='ltr'><strong>Syna-</strong></span> 
     </span>
    </p>
   </div>
   <div class='ocr_carea' id='block_1_13' title="bbox 191 1393 1783 1466">
    <p class='ocr_par' dir='ltr' id='par_1_13' title="bbox 191 1393 1783 1466">
     <span class='ocr_line' id='line_1_13' title="bbox 191 1393 1783 1466; baseline -0.001 -17"><span class='ocrx_word' id='word_1_91' title='bbox 191 1408 339 1466; x_wconf 67' lang='lat' dir='ltr'><strong>gogm</strong></span> <span class='ocrx_word' id='word_1_92' title='bbox 369 1400 488 1449; x_wconf 88' lang='lat' dir='ltr'><strong>erat</strong></span> <span class='ocrx_word' id='word_1_93' title='bbox 523 1394 716 1464; x_wconf 88' lang='lat' dir='ltr'><strong>ﬁgura,</strong></span> <span class='ocrx_word' id='word_1_94' title='bbox 747 1400 807 1447; x_wconf 92' lang='lat' dir='ltr'><strong>ut</strong></span> <span class='ocrx_word' id='word_1_95' title='bbox 835 1408 997 1464; x_wconf 85' lang='lat' dir='ltr'><strong>supra</strong></span> <span class='ocrx_word' id='word_1_96' title='bbox 1037 1393 1291 1459; x_wconf 81' lang='lat' dir='ltr'><strong>diximus,</strong></span> <span class='ocrx_word' id='word_1_97' title='bbox 1324 1408 1446 1463; x_wconf 79' lang='lat' dir='ltr'><strong>quae</strong></span> <span class='ocrx_word' id='word_1_98' title='bbox 1476 1408 1640 1463; x_wconf 64' lang='lat' dir='ltr'><strong>saepe,</strong></span> <span class='ocrx_word' id='word_1_99' title='bbox 1677 1394 1783 1448; x_wconf 81' lang='lat' dir='ltr'><strong>sic—</strong></span> 
     </span>
    </p>
   </div>
   <div class='ocr_carea' id='block_1_14' title="bbox 191 1486 1778 1559">
    <p class='ocr_par' dir='ltr' id='par_1_14' title="bbox 191 1486 1778 1559">
     <span class='ocr_line' id='line_1_14' title="bbox 191 1486 1778 1559; baseline 0 -17"><span class='ocrx_word' id='word_1_100' title='bbox 191 1496 251 1542; x_wconf 88' lang='lat' dir='ltr'><strong>ut</strong></span> <span class='ocrx_word' id='word_1_101' title='bbox 292 1486 553 1559; x_wconf 90' lang='lat' dir='ltr'><strong>scriptum</strong></span> <span class='ocrx_word' id='word_1_102' title='bbox 593 1494 695 1552; x_wconf 90' lang='lat' dir='ltr'><strong>est,</strong></span> <span class='ocrx_word' id='word_1_103' title='bbox 740 1487 1016 1542; x_wconf 73' lang='lat' dir='ltr'><strong>mmchata</strong></span> <span class='ocrx_word' id='word_1_104' title='bbox 1060 1494 1146 1542; x_wconf 89' lang='lat' dir='ltr'><strong>est</strong></span> <span class='ocrx_word' id='word_1_105' title='bbox 1190 1495 1314 1557; x_wconf 88' lang='lat' dir='ltr'><strong>post</strong></span> <span class='ocrx_word' id='word_1_106' title='bbox 1368 1486 1498 1542; x_wconf 89' lang='lat' dir='ltr'><strong>deos</strong></span> <span class='ocrx_word' id='word_1_107' title='bbox 1552 1486 1778 1543; x_wconf 87' lang='lat' dir='ltr'><strong>alienos.</strong></span> 
     </span>
    </p>
   </div>
   <div class='ocr_carea' id='block_1_15' title="bbox 192 1579 1783 1637">
    <p class='ocr_par' dir='ltr' id='par_1_15' title="bbox 192 1579 1783 1637">
     <span class='ocr_line' id='line_1_15' title="bbox 192 1579 1783 1637; baseline -0.001 0"><span class='ocrx_word' id='word_1_108' title='bbox 192 1579 454 1637; x_wconf 87' lang='lat' dir='ltr'><strong>Similiter</strong></span> <span class='ocrx_word' id='word_1_109' title='bbox 483 1579 702 1637; x_wconf 90' lang='lat' dir='ltr'><strong>volebat</strong></span> <span class='ocrx_word' id='word_1_110' title='bbox 725 1588 780 1635; x_wconf 93' lang='lat' dir='ltr'><strong>et</strong></span> <span class='ocrx_word' id='word_1_111' title='bbox 806 1579 1081 1635; x_wconf 87' lang='lat' dir='ltr'><strong>Christum</strong></span> <span class='ocrx_word' id='word_1_112' title='bbox 1103 1581 1159 1635; x_wconf 92' lang='lat' dir='ltr'><strong>in</strong></span> <span class='ocrx_word' id='word_1_113' title='bbox 1187 1581 1442 1635; x_wconf 88' lang='lat' dir='ltr'><strong>adulterii</strong></span> <span class='ocrx_word' id='word_1_114' title='bbox 1468 1581 1550 1636; x_wconf 92' lang='lat' dir='ltr'><strong>sui</strong></span> <span class='ocrx_word' id='word_1_115' title='bbox 1577 1581 1783 1637; x_wconf 88' lang='lat' dir='ltr'><strong>scelere</strong></span> 
     </span>
    </p>
   </div>
   <div class='ocr_carea' id='block_1_16' title="bbox 190 1670 1782 1742">
    <p class='ocr_par' dir='ltr' id='par_1_16' title="bbox 190 1670 1782 1742">
     <span class='ocr_line' id='line_1_16' title="bbox 190 1670 1782 1742; baseline -0.001 -15"><span class='ocrx_word' id='word_1_116' title='bbox 190 1671 427 1727; x_wconf 88' lang='lat' dir='ltr'><strong>retinere</strong></span> <span class='ocrx_word' id='word_1_117' title='bbox 462 1678 523 1725; x_wconf 92' lang='lat' dir='ltr'><strong>ut</strong></span> <span class='ocrx_word' id='word_1_118' title='bbox 556 1678 781 1742; x_wconf 80' lang='lat' dir='ltr'><strong>negaret</strong></span> <span class='ocrx_word' id='word_1_119' title='bbox 829 1686 888 1726; x_wconf 90' lang='lat' dir='ltr'><strong>se</strong></span> <span class='ocrx_word' id='word_1_120' title='bbox 916 1686 1036 1726; x_wconf 85' lang='lat' dir='ltr'><strong>esse</strong></span> <span class='ocrx_word' id='word_1_121' title='bbox 1074 1670 1268 1737; x_wconf 87' lang='lat' dir='ltr'><strong>Deum,</strong></span> <span class='ocrx_word' id='word_1_122' title='bbox 1299 1679 1355 1726; x_wconf 88' lang='lat' dir='ltr'><strong>et</strong></span> <span class='ocrx_word' id='word_1_123' title='bbox 1382 1671 1782 1727; x_wconf 69' lang='lat' dir='ltr'><strong>Pharisazorum</strong></span> 
     </span>
    </p>
   </div>
   <div class='ocr_carea' id='block_1_17' title="bbox 190 1762 1779 1836">
    <p class='ocr_par' dir='ltr' id='par_1_17' title="bbox 190 1762 1779 1836">
     <span class='ocr_line' id='line_1_17' title="bbox 190 1762 1779 1836; baseline -0.001 -16"><span class='ocrx_word' id='word_1_124' title='bbox 190 1765 362 1836; x_wconf 89' lang='lat' dir='ltr'><strong>magis</strong></span> <span class='ocrx_word' id='word_1_125' title='bbox 390 1771 445 1820; x_wconf 92' lang='lat' dir='ltr'><strong>et</strong></span> <span class='ocrx_word' id='word_1_126' title='bbox 473 1762 790 1819; x_wconf 86' lang='lat' dir='ltr'><strong>Scribarum</strong></span> <span class='ocrx_word' id='word_1_127' title='bbox 833 1778 997 1833; x_wconf 85' lang='lat' dir='ltr'><strong>quam</strong></span> <span class='ocrx_word' id='word_1_128' title='bbox 1033 1763 1168 1835; x_wconf 89' lang='lat' dir='ltr'><strong>legis</strong></span> <span class='ocrx_word' id='word_1_129' title='bbox 1196 1774 1469 1835; x_wconf 81' lang='lat' dir='ltr'><strong>praecepta</strong></span> <span class='ocrx_word' id='word_1_130' title='bbox 1512 1772 1779 1831; x_wconf 81' lang='lat' dir='ltr'><strong>servaret,</strong></span> 
     </span>
    </p>
   </div>
   <div class='ocr_carea' id='block_1_18' title="bbox 190 1853 1783 1927">
    <p class='ocr_par' dir='ltr' id='par_1_18' title="bbox 190 1853 1783 1927">
     <span class='ocr_line' id='line_1_18' title="bbox 190 1853 1783 1927; baseline -0.001 -16"><span class='ocrx_word' id='word_1_131' title='bbox 190 1871 312 1927; x_wconf 82' lang='lat' dir='ltr'><strong>quae</strong></span> <span class='ocrx_word' id='word_1_132' title='bbox 338 1855 412 1910; x_wconf 91' lang='lat' dir='ltr'><strong>illi</strong></span> <span class='ocrx_word' id='word_1_133' title='bbox 437 1854 583 1910; x_wconf 90' lang='lat' dir='ltr'><strong>velut</strong></span> <span class='ocrx_word' id='word_1_134' title='bbox 630 1854 860 1909; x_wconf 90' lang='lat' dir='ltr'><strong>maritus</strong></span> <span class='ocrx_word' id='word_1_135' title='bbox 910 1863 1088 1920; x_wconf 70' lang='lat' dir='ltr'><strong>eranL</strong></span> <span class='ocrx_word' id='word_1_136' title='bbox 1140 1853 1389 1910; x_wconf 84' lang='lat' dir='ltr'><strong>Christus</strong></span> <span class='ocrx_word' id='word_1_137' title='bbox 1442 1863 1627 1911; x_wconf 89' lang='lat' dir='ltr'><strong>autem</strong></span> <span class='ocrx_word' id='word_1_138' title='bbox 1675 1872 1783 1911; x_wconf 91' lang='lat' dir='ltr'><strong>non</strong></span> 
     </span>
    </p>
   </div>
   <div class='ocr_carea' id='block_1_19' title="bbox 1884 648 3470 727">
    <p class='ocr_par' dir='ltr' id='par_1_19' title="bbox 1884 648 3470 727">
     <span class='ocr_line' id='line_1_19' title="bbox 1884 648 3470 727; baseline 0.003 -23"><span class='ocrx_word' id='word_1_139' title='bbox 1884 651 2120 723; x_wconf 87' lang='lat' dir='ltr'><strong>potuerit</strong></span> <span class='ocrx_word' id='word_1_140' title='bbox 2151 648 2363 707; x_wconf 85' lang='lat' dir='ltr'><strong>Pharao</strong></span> <span class='ocrx_word' id='word_1_141' title='bbox 2386 650 2586 707; x_wconf 89' lang='lat' dir='ltr'><strong>habere</strong></span> <span class='ocrx_word' id='word_1_142' title='bbox 2610 653 2665 707; x_wconf 92' lang='lat' dir='ltr'><strong>in</strong></span> <span class='ocrx_word' id='word_1_143' title='bbox 2690 654 2852 709; x_wconf 90' lang='lat' dir='ltr'><strong>escis.</strong></span> <span class='ocrx_word' id='word_1_144' title='bbox 2884 652 3025 707; x_wconf 90' lang='lat' dir='ltr'><strong>Dicit</strong></span> <span class='ocrx_word' id='word_1_145' title='bbox 3050 655 3192 709; x_wconf 93' lang='lat' dir='ltr'><strong>enim</strong></span> <span class='ocrx_word' id='word_1_146' title='bbox 3221 656 3274 709; x_wconf 93' lang='lat' dir='ltr'><strong>in</strong></span> <span class='ocrx_word' id='word_1_147' title='bbox 3305 670 3470 727; x_wconf 87' lang='lat' dir='ltr'><strong>supe-</strong></span> 
     </span>
    </p>
   </div>
   <div class='ocr_carea' id='block_1_20' title="bbox 1884 742 3472 817">
    <p class='ocr_par' dir='ltr' id='par_1_20' title="bbox 1884 742 3472 817">
     <span class='ocr_line' id='line_1_20' title="bbox 1884 742 3472 817; baseline 0.004 -20"><span class='ocrx_word' id='word_1_148' title='bbox 1884 743 2027 800; x_wconf 86' lang='lat' dir='ltr'><strong>riore</strong></span> <span class='ocrx_word' id='word_1_149' title='bbox 2073 744 2310 800; x_wconf 90' lang='lat' dir='ltr'><strong>canistro</strong></span> <span class='ocrx_word' id='word_1_150' title='bbox 2351 742 2518 800; x_wconf 87' lang='lat' dir='ltr'><strong>fuisse</strong></span> <span class='ocrx_word' id='word_1_151' title='bbox 2560 745 2741 800; x_wconf 86' lang='lat' dir='ltr'><strong>omnia</strong></span> <span class='ocrx_word' id='word_1_152' title='bbox 2768 761 2835 801; x_wconf 80' lang='lat' dir='ltr'><strong>ex</strong></span> <span class='ocrx_word' id='word_1_153' title='bbox 2879 746 3075 817; x_wconf 88' lang='lat' dir='ltr'><strong>quibus</strong></span> <span class='ocrx_word' id='word_1_154' title='bbox 3103 748 3298 803; x_wconf 87' lang='lat' dir='ltr'><strong>edebat</strong></span> <span class='ocrx_word' id='word_1_155' title='bbox 3335 747 3472 803; x_wconf 84' lang='lat' dir='ltr'><strong>Pha-</strong></span> 
     </span>
    </p>
   </div>
   <div class='ocr_carea' id='block_1_21' title="bbox 1884 834 3469 909">
    <p class='ocr_par' dir='ltr' id='par_1_21' title="bbox 1884 834 3469 909">
     <span class='ocr_line' id='line_1_21' title="bbox 1884 834 3469 909; baseline 0.003 -20"><span class='ocrx_word' id='word_1_156' title='bbox 1884 849 2000 899; x_wconf 88' lang='lat' dir='ltr'><strong>rao,</strong></span> <span class='ocrx_word' id='word_1_157' title='bbox 2046 850 2210 906; x_wconf 90' lang='lat' dir='ltr'><strong>opere</strong></span> <span class='ocrx_word' id='word_1_158' title='bbox 2256 835 2544 906; x_wconf 88' lang='lat' dir='ltr'><strong>pistorum.</strong></span> <span class='ocrx_word' id='word_1_159' title='bbox 2592 834 2699 891; x_wconf 87' lang='lat' dir='ltr'><strong>Sed</strong></span> <span class='ocrx_word' id='word_1_160' title='bbox 2748 837 3158 909; x_wconf 88' lang='lat' dir='ltr'><strong>intelligendum</strong></span> <span class='ocrx_word' id='word_1_161' title='bbox 3186 847 3271 894; x_wconf 89' lang='lat' dir='ltr'><strong>est</strong></span> <span class='ocrx_word' id='word_1_162' title='bbox 3303 839 3469 894; x_wconf 88' lang='lat' dir='ltr'><strong>etiam</strong></span> 
     </span>
    </p>
   </div>
   <div class='ocr_carea' id='block_1_22' title="bbox 1881 930 3470 1006">
    <p class='ocr_par' dir='ltr' id='par_1_22' title="bbox 1881 930 3470 1006">
     <span class='ocr_line' id='line_1_22' title="bbox 1881 930 3470 1006; baseline 0.002 -19"><span class='ocrx_word' id='word_1_163' title='bbox 1881 930 2059 1001; x_wconf 90' lang='lat' dir='ltr'><strong>ipsum</strong></span> <span class='ocrx_word' id='word_1_164' title='bbox 2086 932 2383 988; x_wconf 87' lang='lat' dir='ltr'><strong>canistrum</strong></span> <span class='ocrx_word' id='word_1_165' title='bbox 2417 932 2671 990; x_wconf 87' lang='lat' dir='ltr'><strong>habuisse</strong></span> <span class='ocrx_word' id='word_1_166' title='bbox 2708 947 2878 1004; x_wconf 87' lang='lat' dir='ltr'><strong>panes</strong></span> <span class='ocrx_word' id='word_1_167' title='bbox 2927 934 3185 1002; x_wconf 90' lang='lat' dir='ltr'><strong>cibarios,</strong></span> <span class='ocrx_word' id='word_1_168' title='bbox 3236 935 3363 1006; x_wconf 88' lang='lat' dir='ltr'><strong>quia</strong></span> <span class='ocrx_word' id='word_1_169' title='bbox 3393 934 3470 990; x_wconf 88' lang='lat' dir='ltr'><strong>di-</strong></span> 
     </span>
    </p>
   </div>
   <div class='ocr_carea' id='block_1_23' title="bbox 1885 1026 3470 1102">
    <p class='ocr_par' dir='ltr' id='par_1_23' title="bbox 1885 1026 3470 1102">
     <span class='ocr_line' id='line_1_23' title="bbox 1885 1026 3470 1102; baseline 0.003 -24"><span class='ocrx_word' id='word_1_170' title='bbox 1885 1031 2032 1079; x_wconf 88' lang='lat' dir='ltr'><strong>ctum</strong></span> <span class='ocrx_word' id='word_1_171' title='bbox 2056 1034 2195 1090; x_wconf 86' lang='lat' dir='ltr'><strong>erat,</strong></span> <span class='ocrx_word' id='word_1_172' title='bbox 2228 1026 2329 1079; x_wconf 85' lang='lat' dir='ltr'><strong>tria</strong></span> <span class='ocrx_word' id='word_1_173' title='bbox 2349 1026 2612 1091; x_wconf 89' lang='lat' dir='ltr'><strong>canistra,</strong></span> <span class='ocrx_word' id='word_1_174' title='bbox 2642 1026 2937 1102; x_wconf 78' lang='grc' dir='ltr'><strong>χόνδριτον.</strong></span> <span class='ocrx_word' id='word_1_175' title='bbox 2968 1037 3023 1081; x_wconf 85' lang='lat' dir='ltr'><strong>et</strong></span> <span class='ocrx_word' id='word_1_176' title='bbox 3048 1027 3279 1098; x_wconf 84' lang='lat' dir='ltr'><strong>desuper</strong></span> <span class='ocrx_word' id='word_1_177' title='bbox 3304 1026 3470 1083; x_wconf 83' lang='lat' dir='ltr'><strong>fuisse</strong></span> 
     </span>
    </p>
   </div>
   <div class='ocr_carea' id='block_1_24' title="bbox 1884 1114 3474 1188">
    <p class='ocr_par' dir='ltr' id='par_1_24' title="bbox 1884 1114 3474 1188">
     <span class='ocr_line' id='line_1_24' title="bbox 1884 1114 3474 1188; baseline 0.002 -18"><span class='ocrx_word' id='word_1_178' title='bbox 1884 1114 1974 1170; x_wconf 90' lang='lat' dir='ltr'><strong>illa</strong></span> <span class='ocrx_word' id='word_1_179' title='bbox 2010 1130 2077 1171; x_wconf 83' lang='lat' dir='ltr'><strong>ex</strong></span> <span class='ocrx_word' id='word_1_180' title='bbox 2114 1116 2260 1170; x_wconf 91' lang='lat' dir='ltr'><strong>omni</strong></span> <span class='ocrx_word' id='word_1_181' title='bbox 2300 1130 2497 1188; x_wconf 81' lang='lat' dir='ltr'><strong>genere</strong></span> <span class='ocrx_word' id='word_1_182' title='bbox 2539 1118 2721 1188; x_wconf 90' lang='lat' dir='ltr'><strong>operis</strong></span> <span class='ocrx_word' id='word_1_183' title='bbox 2758 1118 2999 1188; x_wconf 88' lang='lat' dir='ltr'><strong>pistoris,</strong></span> <span class='ocrx_word' id='word_1_184' title='bbox 3031 1119 3085 1172; x_wconf 88' lang='lat' dir='ltr'><strong>in</strong></span> <span class='ocrx_word' id='word_1_185' title='bbox 3110 1118 3301 1174; x_wconf 87' lang='lat' dir='ltr'><strong>eodem</strong></span> <span class='ocrx_word' id='word_1_186' title='bbox 3322 1120 3474 1174; x_wconf 90' lang='lat' dir='ltr'><strong>cani-</strong></span> 
     </span>
    </p>
   </div>
   <div class='ocr_carea' id='block_1_25' title="bbox 1885 1210 2323 1279">
    <p class='ocr_par' dir='ltr' id='par_1_25' title="bbox 1885 1210 2323 1279">
     <span class='ocr_line' id='line_1_25' title="bbox 1885 1210 2323 1279; baseline -0.007 -13"><span class='ocrx_word' id='word_1_187' title='bbox 1885 1219 2001 1266; x_wconf 90' lang='lat' dir='ltr'><strong>stro</strong></span> <span class='ocrx_word' id='word_1_188' title='bbox 2026 1210 2323 1279; x_wconf 89' lang='lat' dir='ltr'><strong>superiore.</strong></span> 
     </span>
    </p>
   </div>
   <div class='ocr_carea' id='block_1_26' title="bbox 1954 1301 3477 1374">
    <p class='ocr_par' dir='ltr' id='par_1_26' title="bbox 1954 1301 3477 1374">
     <span class='ocr_line' id='line_1_26' title="bbox 1954 1301 3477 1374; baseline 0 -17"><span class='ocrx_word' id='word_1_189' title='bbox 1954 1302 2163 1357; x_wconf 71' lang='lat' dir='ltr'><strong>Exinde</strong></span> <span class='ocrx_word' id='word_1_190' title='bbox 2187 1302 2296 1357; x_wconf 89' lang='lat' dir='ltr'><strong>dies</strong></span> <span class='ocrx_word' id='word_1_191' title='bbox 2336 1304 2519 1358; x_wconf 88' lang='lat' dir='ltr'><strong>tertius</strong></span> <span class='ocrx_word' id='word_1_192' title='bbox 2550 1302 2823 1358; x_wconf 87' lang='lat' dir='ltr'><strong>natalitius</strong></span> <span class='ocrx_word' id='word_1_193' title='bbox 2858 1301 3160 1358; x_wconf 78' lang='lat' dir='ltr'><strong>Pharaonis</strong></span> <span class='ocrx_word' id='word_1_194' title='bbox 3205 1312 3316 1358; x_wconf 88' lang='lat' dir='ltr'><strong>erat</strong></span> <span class='ocrx_word' id='word_1_195' title='bbox 3342 1320 3359 1368; x_wconf 90' lang='lat'><em>;</em></span> <span class='ocrx_word' id='word_1_196' title='bbox 3387 1304 3477 1374; x_wconf 83' lang='lat' dir='ltr'><strong>qui</strong></span> 
     </span>
    </p>
   </div>
   <div class='ocr_carea' id='block_1_27' title="bbox 1884 1394 3479 1466">
    <p class='ocr_par' dir='ltr' id='par_1_27' title="bbox 1884 1394 3479 1466">
     <span class='ocr_line' id='line_1_27' title="bbox 1884 1394 3479 1466; baseline -0.001 -17"><span class='ocrx_word' id='word_1_197' title='bbox 1884 1395 2085 1465; x_wconf 76' lang='lat' dir='ltr'><strong>faciens</strong></span> <span class='ocrx_word' id='word_1_198' title='bbox 2109 1394 2310 1466; x_wconf 85' lang='lat' dir='ltr'><strong>grande</strong></span> <span class='ocrx_word' id='word_1_199' title='bbox 2345 1395 2637 1449; x_wconf 83' lang='lat' dir='ltr'><strong>convivium</strong></span> <span class='ocrx_word' id='word_1_200' title='bbox 2679 1395 2854 1465; x_wconf 89' lang='lat' dir='ltr'><strong>pueris</strong></span> <span class='ocrx_word' id='word_1_201' title='bbox 2897 1396 3027 1461; x_wconf 89' lang='lat' dir='ltr'><strong>suis,</strong></span> <span class='ocrx_word' id='word_1_202' title='bbox 3070 1394 3375 1449; x_wconf 79' lang='lat' dir='ltr'><strong>recordatus</strong></span> <span class='ocrx_word' id='word_1_203' title='bbox 3403 1402 3479 1447; x_wconf 87' lang='lat' dir='ltr'><strong>est</strong></span> 
     </span>
    </p>
   </div>
   <div class='ocr_carea' id='block_1_28' title="bbox 1882 1486 3482 1558">
    <p class='ocr_par' dir='ltr' id='par_1_28' title="bbox 1882 1486 3482 1558">
     <span class='ocr_line' id='line_1_28' title="bbox 1882 1486 3482 1558; baseline -0.003 -17"><span class='ocrx_word' id='word_1_204' title='bbox 1882 1487 2018 1541; x_wconf 89' lang='lat' dir='ltr'><strong>inter</strong></span> <span class='ocrx_word' id='word_1_205' title='bbox 2051 1486 2232 1558; x_wconf 83' lang='lat' dir='ltr'><strong>epulas</strong></span> <span class='ocrx_word' id='word_1_206' title='bbox 2275 1488 2512 1558; x_wconf 79' lang='lat' dir='ltr'><strong>magistri</strong></span> <span class='ocrx_word' id='word_1_207' title='bbox 2537 1487 2908 1558; x_wconf 88' lang='lat' dir='ltr'><strong>pincernarum</strong></span> <span class='ocrx_word' id='word_1_208' title='bbox 2938 1495 2985 1540; x_wconf 91' lang='lat' dir='ltr'><strong>et</strong></span> <span class='ocrx_word' id='word_1_209' title='bbox 3035 1486 3292 1557; x_wconf 85' lang='lat' dir='ltr'><strong>pistorum</strong></span> <span class='ocrx_word' id='word_1_210' title='bbox 3334 1486 3482 1555; x_wconf 86' lang='lat' dir='ltr'><strong>prin-</strong></span> 
     </span>
    </p>
   </div>
   <div class='ocr_carea' id='block_1_29' title="bbox 1884 1578 3481 1651">
    <p class='ocr_par' dir='ltr' id='par_1_29' title="bbox 1884 1578 3481 1651">
     <span class='ocr_line' id='line_1_29' title="bbox 1884 1578 3481 1651; baseline -0.001 -18"><span class='ocrx_word' id='word_1_211' title='bbox 1884 1578 2047 1650; x_wconf 86' lang='lat' dir='ltr'><strong>cipis;</strong></span> <span class='ocrx_word' id='word_1_212' title='bbox 2072 1580 2398 1651; x_wconf 86' lang='lat' dir='ltr'><strong>restituitque</strong></span> <span class='ocrx_word' id='word_1_213' title='bbox 2442 1581 2666 1635; x_wconf 88' lang='lat' dir='ltr'><strong>alterum</strong></span> <span class='ocrx_word' id='word_1_214' title='bbox 2692 1582 2748 1634; x_wconf 90' lang='lat' dir='ltr'><strong>in</strong></span> <span class='ocrx_word' id='word_1_215' title='bbox 2791 1579 2966 1635; x_wconf 83' lang='lat' dir='ltr'><strong>locum</strong></span> <span class='ocrx_word' id='word_1_216' title='bbox 2995 1597 3170 1646; x_wconf 90' lang='lat' dir='ltr'><strong>suum,</strong></span> <span class='ocrx_word' id='word_1_217' title='bbox 3202 1589 3257 1633; x_wconf 89' lang='lat' dir='ltr'><strong>ut</strong></span> <span class='ocrx_word' id='word_1_218' title='bbox 3302 1578 3481 1650; x_wconf 83' lang='lat' dir='ltr'><strong>porri-</strong></span> 
     </span>
    </p>
   </div>
   <div class='ocr_carea' id='block_1_30' title="bbox 1884 1670 3480 1744">
    <p class='ocr_par' dir='ltr' id='par_1_30' title="bbox 1884 1670 3480 1744">
     <span class='ocr_line' id='line_1_30' title="bbox 1884 1670 3480 1744; baseline -0.003 -18"><span class='ocrx_word' id='word_1_219' title='bbox 1884 1679 2023 1743; x_wconf 85' lang='lat' dir='ltr'><strong>geret</strong></span> <span class='ocrx_word' id='word_1_220' title='bbox 2067 1673 2177 1744; x_wconf 88' lang='lat' dir='ltr'><strong>regi</strong></span> <span class='ocrx_word' id='word_1_221' title='bbox 2201 1672 2482 1743; x_wconf 81' lang='lat' dir='ltr'><strong>poculum;</strong></span> <span class='ocrx_word' id='word_1_222' title='bbox 2528 1672 2751 1727; x_wconf 88' lang='lat' dir='ltr'><strong>alterum</strong></span> <span class='ocrx_word' id='word_1_223' title='bbox 2794 1690 2915 1728; x_wconf 88' lang='lat' dir='ltr'><strong>vero</strong></span> <span class='ocrx_word' id='word_1_224' title='bbox 2958 1672 3227 1744; x_wconf 86' lang='lat' dir='ltr'><strong>suspendit</strong></span> <span class='ocrx_word' id='word_1_225' title='bbox 3256 1674 3311 1726; x_wconf 90' lang='lat' dir='ltr'><strong>in</strong></span> <span class='ocrx_word' id='word_1_226' title='bbox 3337 1670 3480 1742; x_wconf 88' lang='lat' dir='ltr'><strong>pati-</strong></span> 
     </span>
    </p>
   </div>
   <div class='ocr_carea' id='block_1_31' title="bbox 1886 1764 3475 1837">
    <p class='ocr_par' dir='ltr' id='par_1_31' title="bbox 1886 1764 3475 1837">
     <span class='ocr_line' id='line_1_31' title="bbox 1886 1764 3475 1837; baseline -0.001 -18"><span class='ocrx_word' id='word_1_227' title='bbox 1886 1764 2031 1831; x_wconf 89' lang='lat' dir='ltr'><strong>bulo,</strong></span> <span class='ocrx_word' id='word_1_228' title='bbox 2074 1773 2130 1818; x_wconf 85' lang='lat' dir='ltr'><strong>ut</strong></span> <span class='ocrx_word' id='word_1_229' title='bbox 2180 1765 2491 1835; x_wconf 87' lang='lat' dir='ltr'><strong>conjectoris</strong></span> <span class='ocrx_word' id='word_1_230' title='bbox 2534 1766 2724 1821; x_wconf 88' lang='lat' dir='ltr'><strong>veritas</strong></span> <span class='ocrx_word' id='word_1_231' title='bbox 2768 1766 3099 1837; x_wconf 84' lang='lat' dir='ltr'><strong>probaretur.</strong></span> <span class='ocrx_word' id='word_1_232' title='bbox 3132 1765 3316 1837; x_wconf 87' lang='lat' dir='ltr'><strong>(Isid.)</strong></span> <span class='ocrx_word' id='word_1_233' title='bbox 3358 1765 3475 1818; x_wconf 91' lang='lat' dir='ltr'><strong>Duo</strong></span> 
     </span>
    </p>
   </div>
   <div class='ocr_carea' id='block_1_32' title="bbox 1885 1856 3481 1930">
    <p class='ocr_par' dir='ltr' id='par_1_32' title="bbox 1885 1856 3481 1930">
     <span class='ocr_line' id='line_1_32' title="bbox 1885 1856 3481 1930; baseline 0.001 -19"><span class='ocrx_word' id='word_1_234' title='bbox 1885 1856 2119 1911; x_wconf 89' lang='lat' dir='ltr'><strong>eunuchi</strong></span> <span class='ocrx_word' id='word_1_235' title='bbox 2170 1872 2307 1927; x_wconf 92' lang='lat' dir='ltr'><strong>quos</strong></span> <span class='ocrx_word' id='word_1_236' title='bbox 2351 1858 2418 1913; x_wconf 87' lang='lat' dir='ltr'><strong>de</strong></span> <span class='ocrx_word' id='word_1_237' title='bbox 2466 1858 2626 1913; x_wconf 89' lang='lat' dir='ltr'><strong>domo</strong></span> <span class='ocrx_word' id='word_1_238' title='bbox 2665 1859 2810 1930; x_wconf 87' lang='lat' dir='ltr'><strong>regis</strong></span> <span class='ocrx_word' id='word_1_239' title='bbox 2839 1860 2894 1913; x_wconf 91' lang='lat' dir='ltr'><strong>in</strong></span> <span class='ocrx_word' id='word_1_240' title='bbox 2947 1874 3229 1915; x_wconf 89' lang='lat' dir='ltr'><strong>carcerem</strong></span> <span class='ocrx_word' id='word_1_241' title='bbox 3268 1858 3481 1912; x_wconf 89' lang='lat' dir='ltr'><strong>vinctos</strong></span> 
     </span>
    </p>
   </div>
   <div class='ocr_carea' id='block_1_33' title="bbox 190 1946 3485 2023">
    <p class='ocr_par' dir='ltr' id='par_1_33' title="bbox 190 1946 3485 2023">
     <span class='ocr_line' id='line_1_33' title="bbox 190 1946 3485 2023; baseline 0.001 -21"><span class='ocrx_word' id='word_1_242' title='bbox 190 1949 547 2019; x_wconf 89' lang='lat' dir='ltr'><strong>acquiescens</strong></span> <span class='ocrx_word' id='word_1_243' title='bbox 595 1946 798 2002; x_wconf 83' lang='lat' dir='ltr'><strong>illicitae</strong></span> <span class='ocrx_word' id='word_1_244' title='bbox 828 1948 1089 2003; x_wconf 64' lang='lat' dir='ltr'><strong>doctrinae</strong></span> <span class='ocrx_word' id='word_1_245' title='bbox 1136 1950 1422 2016; x_wconf 89' lang='lat' dir='ltr'><strong>adulterio,</strong></span> <span class='ocrx_word' id='word_1_246' title='bbox 1471 1952 1785 2019; x_wconf 65' lang='lat' dir='ltr'><strong>adulterinae</strong></span> <span class='ocrx_word' id='word_1_247' title='bbox 1812 1947 1863 2010; x_wconf 88' lang='lat' dir='ltr'><strong>B</strong></span> <span class='ocrx_word' id='word_1_248' title='bbox 1889 1950 2090 2021; x_wconf 82' lang='lat' dir='ltr'><strong>Joseph</strong></span> <span class='ocrx_word' id='word_1_249' title='bbox 2130 1950 2336 2006; x_wconf 87' lang='lat' dir='ltr'><strong>invenit</strong></span> <span class='ocrx_word' id='word_1_250' title='bbox 2383 1953 2612 2008; x_wconf 90' lang='lat' dir='ltr'><strong>duorum</strong></span> <span class='ocrx_word' id='word_1_251' title='bbox 2667 1951 2984 2023; x_wconf 87' lang='lat' dir='ltr'><strong>populorum</strong></span> <span class='ocrx_word' id='word_1_252' title='bbox 3028 1952 3363 2022; x_wconf 80' lang='lat' dir='ltr'><strong>credentium</strong></span> <span class='ocrx_word' id='word_1_253' title='bbox 3394 1949 3485 2005; x_wconf 90' lang='lat' dir='ltr'><strong>vel</strong></span> 
     </span>
    </p>
   </div>
   <div class='ocr_carea' id='block_1_34' title="bbox 190 2040 1779 2112">
    <p class='ocr_par' dir='ltr' id='par_1_34' title="bbox 190 2040 1779 2112">
     <span class='ocr_line' id='line_1_34' title="bbox 190 2040 1779 2112; baseline 0.002 -17"><span class='ocrx_word' id='word_1_254' title='bbox 190 2040 491 2112; x_wconf 66' lang='lat' dir='ltr'><strong>Synagogae</strong></span> <span class='ocrx_word' id='word_1_255' title='bbox 519 2055 683 2095; x_wconf 90' lang='lat' dir='ltr'><strong>manu</strong></span> <span class='ocrx_word' id='word_1_256' title='bbox 712 2048 862 2096; x_wconf 83' lang='lat' dir='ltr'><strong>veste</strong></span> <span class='ocrx_word' id='word_1_257' title='bbox 892 2041 1138 2111; x_wconf 92' lang='lat' dir='ltr'><strong>corporis</strong></span> <span class='ocrx_word' id='word_1_258' title='bbox 1176 2043 1564 2112; x_wconf 89' lang='lat' dir='ltr'><strong>apprehensus,</strong></span> <span class='ocrx_word' id='word_1_259' title='bbox 1614 2058 1779 2098; x_wconf 87' lang='lat' dir='ltr'><strong>carne</strong></span> 
     </span>
    </p>
   </div>
   <div class='ocr_carea' id='block_1_35' title="bbox 189 2126 1782 2200">
    <p class='ocr_par' dir='ltr' id='par_1_35' title="bbox 189 2126 1782 2200">
     <span class='ocr_line' id='line_1_35' title="bbox 189 2126 1782 2200; baseline -0.001 -10"><span class='ocrx_word' id='word_1_260' title='bbox 189 2150 252 2190; x_wconf 89' lang='lat' dir='ltr'><strong>se</strong></span> <span class='ocrx_word' id='word_1_261' title='bbox 281 2135 451 2200; x_wconf 76' lang='lat' dir='ltr'><strong>exuit,</strong></span> <span class='ocrx_word' id='word_1_262' title='bbox 491 2142 547 2189; x_wconf 88' lang='lat' dir='ltr'><strong>et</strong></span> <span class='ocrx_word' id='word_1_263' title='bbox 588 2133 725 2189; x_wconf 91' lang='lat' dir='ltr'><strong>liber</strong></span> <span class='ocrx_word' id='word_1_264' title='bbox 753 2134 949 2190; x_wconf 89' lang='lat' dir='ltr'><strong>mortis</strong></span> <span class='ocrx_word' id='word_1_265' title='bbox 976 2134 1030 2189; x_wconf 90' lang='lat' dir='ltr'><strong>in</strong></span> <span class='ocrx_word' id='word_1_266' title='bbox 1071 2135 1271 2190; x_wconf 71' lang='lat' dir='ltr'><strong>omium</strong></span> <span class='ocrx_word' id='word_1_267' title='bbox 1313 2137 1577 2191; x_wconf 86' lang='lat' dir='ltr'><strong>ascendit.</strong></span> <span class='ocrx_word' id='word_1_268' title='bbox 1618 2126 1782 2192; x_wconf 87' lang='lat' dir='ltr'><strong>Calu-</strong></span> 
     </span>
    </p>
   </div>
   <div class='ocr_carea' id='block_1_36' title="bbox 186 2225 1781 2299">
    <p class='ocr_par' dir='ltr' id='par_1_36' title="bbox 186 2225 1781 2299">
     <span class='ocr_line' id='line_1_36' title="bbox 186 2225 1781 2299; baseline 0.003 -20"><span class='ocrx_word' id='word_1_269' title='bbox 186 2226 399 2280; x_wconf 88' lang='lat' dir='ltr'><strong>mniata</strong></span> <span class='ocrx_word' id='word_1_270' title='bbox 444 2232 527 2281; x_wconf 91' lang='lat' dir='ltr'><strong>est</strong></span> <span class='ocrx_word' id='word_1_271' title='bbox 571 2225 854 2293; x_wconf 80' lang='lat' dir='ltr'><strong>meretrix,</strong></span> <span class='ocrx_word' id='word_1_272' title='bbox 900 2226 992 2280; x_wconf 91' lang='lat' dir='ltr'><strong>ubi</strong></span> <span class='ocrx_word' id='word_1_273' title='bbox 1033 2239 1157 2281; x_wconf 91' lang='lat' dir='ltr'><strong>eum</strong></span> <span class='ocrx_word' id='word_1_274' title='bbox 1198 2236 1387 2282; x_wconf 89' lang='lat' dir='ltr'><strong>tenere</strong></span> <span class='ocrx_word' id='word_1_275' title='bbox 1431 2244 1537 2283; x_wconf 91' lang='lat' dir='ltr'><strong>non</strong></span> <span class='ocrx_word' id='word_1_276' title='bbox 1583 2229 1781 2299; x_wconf 88' lang='lat' dir='ltr'><strong>potuit,</strong></span> 
     </span>
    </p>
   </div>
   <div class='ocr_carea' id='block_1_37' title="bbox 188 2304 1785 2395">
    <p class='ocr_par' dir='ltr' id='par_1_37' title="bbox 188 2304 1785 2395">
     <span class='ocr_line' id='line_1_37' title="bbox 188 2304 1785 2395; baseline 0.005 -22"><span class='ocrx_word' id='word_1_277' title='bbox 188 2318 380 2375; x_wconf 88' lang='lat' dir='ltr'><strong>dicens</strong></span> <span class='ocrx_word' id='word_1_278' title='bbox 403 2320 547 2389; x_wconf 89' lang='lat' dir='ltr'><strong>quod</strong></span> <span class='ocrx_word' id='word_1_279' title='bbox 573 2319 836 2391; x_wconf 89' lang='lat' dir='ltr'><strong>templum</strong></span> <span class='ocrx_word' id='word_1_280' title='bbox 867 2319 1085 2375; x_wconf 90' lang='lat' dir='ltr'><strong>Domini</strong></span> <span class='ocrx_word' id='word_1_281' title='bbox 1110 2321 1531 2393; x_wconf 90' lang='lat' dir='ltr'><strong>blasphemaret,</strong></span> <span class='ocrx_word' id='word_1_282' title='bbox 1566 2332 1623 2379; x_wconf 87' lang='lat' dir='ltr'><strong>et</strong></span> <span class='ocrx_word' id='word_1_283' title='bbox 1647 2304 1785 2395; x_wconf 78' lang='lat' dir='ltr'><strong>legis</strong></span> 
     </span>
    </p>
   </div>
   <div class='ocr_carea' id='block_1_38' title="bbox 188 2410 1788 2484">
    <p class='ocr_par' dir='ltr' id='par_1_38' title="bbox 188 2410 1788 2484">
     <span class='ocr_line' id='line_1_38' title="bbox 188 2410 1788 2484; baseline 0.005 -18"><span class='ocrx_word' id='word_1_284' title='bbox 188 2410 462 2466; x_wconf 86' lang='lat' dir='ltr'><strong>diceretur</strong></span> <span class='ocrx_word' id='word_1_285' title='bbox 505 2427 626 2468; x_wconf 89' lang='lat' dir='ltr'><strong>esse</strong></span> <span class='ocrx_word' id='word_1_286' title='bbox 687 2420 1080 2484; x_wconf 86' lang='lat' dir='ltr'><strong>transgressor,</strong></span> <span class='ocrx_word' id='word_1_287' title='bbox 1126 2423 1180 2469; x_wconf 90' lang='lat' dir='ltr'><strong>et</strong></span> <span class='ocrx_word' id='word_1_288' title='bbox 1228 2414 1377 2470; x_wconf 91' lang='lat' dir='ltr'><strong>illum</strong></span> <span class='ocrx_word' id='word_1_289' title='bbox 1434 2432 1540 2471; x_wconf 90' lang='lat' dir='ltr'><strong>non</strong></span> <span class='ocrx_word' id='word_1_290' title='bbox 1594 2433 1788 2474; x_wconf 90' lang='lat' dir='ltr'><strong>carcer</strong></span> 
     </span>
    </p>
   </div>
   <div class='ocr_carea' id='block_1_39' title="bbox 188 2504 1783 2573">
    <p class='ocr_par' dir='ltr' id='par_1_39' title="bbox 188 2504 1783 2573">
     <span class='ocr_line' id='line_1_39' title="bbox 188 2504 1783 2573; baseline 0.006 -15"><span class='ocrx_word' id='word_1_291' title='bbox 188 2504 408 2570; x_wconf 88' lang='lat' dir='ltr'><strong>terruit,</strong></span> <span class='ocrx_word' id='word_1_292' title='bbox 438 2521 543 2561; x_wconf 91' lang='lat' dir='ltr'><strong>non</strong></span> <span class='ocrx_word' id='word_1_293' title='bbox 574 2504 787 2561; x_wconf 83' lang='lat' dir='ltr'><strong>inferna</strong></span> <span class='ocrx_word' id='word_1_294' title='bbox 818 2515 1130 2573; x_wconf 88' lang='lat' dir='ltr'><strong>tenuerunt,</strong></span> <span class='ocrx_word' id='word_1_295' title='bbox 1156 2512 1278 2562; x_wconf 87' lang='lat' dir='ltr'><strong>c&#39;um</strong></span> <span class='ocrx_word' id='word_1_296' title='bbox 1302 2509 1467 2563; x_wconf 89' lang='lat' dir='ltr'><strong>etiam</strong></span> <span class='ocrx_word' id='word_1_297' title='bbox 1496 2509 1663 2565; x_wconf 86' lang='lat' dir='ltr'><strong>veluti</strong></span> <span class='ocrx_word' id='word_1_298' title='bbox 1690 2513 1783 2568; x_wconf 91' lang='lat' dir='ltr'><strong>ubi</strong></span> 
     </span>
    </p>
   </div>
   <div class='ocr_carea' id='block_1_40' title="bbox 187 2593 1527 2665">
    <p class='ocr_par' dir='ltr' id='par_1_40' title="bbox 187 2593 1527 2665">
     <span class='ocr_line' id='line_1_40' title="bbox 187 2593 1527 2665; baseline 0.004 -16"><span class='ocrx_word' id='word_1_299' title='bbox 187 2593 495 2664; x_wconf 87' lang='lat' dir='ltr'><strong>puniendus</strong></span> <span class='ocrx_word' id='word_1_300' title='bbox 525 2596 897 2665; x_wconf 88' lang='lat' dir='ltr'><strong>descenderat,</strong></span> <span class='ocrx_word' id='word_1_301' title='bbox 930 2597 1057 2652; x_wconf 90' lang='lat' dir='ltr'><strong>inde</strong></span> <span class='ocrx_word' id='word_1_302' title='bbox 1082 2598 1219 2653; x_wconf 89' lang='lat' dir='ltr'><strong>alios</strong></span> <span class='ocrx_word' id='word_1_303' title='bbox 1257 2597 1527 2655; x_wconf 83' lang='lat' dir='ltr'><strong>liberavit.</strong></span> 
     </span>
    </p>
   </div>
   <div class='ocr_carea' id='block_1_41' title="bbox 823 2732 1163 2789">
    <p class='ocr_par' dir='ltr' id='par_1_41' title="bbox 823 2732 1163 2789">
     <span class='ocr_line' id='line_1_41' title="bbox 823 2732 1163 2789; baseline 0 -1"><span class='ocrx_word' id='word_1_304' title='bbox 823 2732 1050 2789; x_wconf 75' lang='lat' dir='ltr'><strong>CAPUT</strong></span> <span class='ocrx_word' id='word_1_305' title='bbox 1097 2733 1163 2789; x_wconf 88' lang='lat' dir='ltr'><strong>Il.</strong></span> 
     </span>
    </p>
   </div>
   <div class='ocr_carea' id='block_1_42' title="bbox 191 2827 1793 2903">
    <p class='ocr_par' dir='ltr' id='par_1_42' title="bbox 191 2827 1793 2903">
     <span class='ocr_line' id='line_1_42' title="bbox 191 2827 1793 2903; baseline 0.002 -19"><span class='ocrx_word' id='word_1_306' title='bbox 191 2829 296 2903; x_wconf 89' lang='lat' dir='ltr'><strong>De_</strong></span> <span class='ocrx_word' id='word_1_307' title='bbox 313 2829 519 2903; x_wconf 89' lang='lat' dir='ltr'><strong>duobus</strong></span> <span class='ocrx_word' id='word_1_308' title='bbox 547 2829 800 2885; x_wconf 73' lang='lat' dir='ltr'><strong>eunuchis</strong></span> <span class='ocrx_word' id='word_1_309' title='bbox 850 2827 1154 2885; x_wconf 85' lang='lat' dir='ltr'><strong>Pharaonis</strong></span> <span class='ocrx_word' id='word_1_310' title='bbox 1199 2830 1556 2901; x_wconf 82' lang='lat' dir='ltr'><strong>peccantibus,</strong></span> <span class='ocrx_word' id='word_1_311' title='bbox 1606 2849 1793 2903; x_wconf 77' lang='lat' dir='ltr'><strong>quam</strong></span> 
     </span>
    </p>
   </div>
   <div class='ocr_carea' id='block_1_43' title="bbox 256 2900 1796 2974">
    <p class='ocr_par' dir='ltr' id='par_1_43' title="bbox 256 2900 1796 2974">
     <span class='ocr_line' id='line_1_43' title="bbox 256 2900 1796 2974; baseline 0.002 -19"><span class='ocrx_word' id='word_1_312' title='bbox 256 2900 457 2972; x_wconf 79' lang='lat' dir='ltr'><strong>Ioseph</strong></span> <span class='ocrx_word' id='word_1_313' title='bbox 484 2903 538 2956; x_wconf 90' lang='lat' dir='ltr'><strong>in</strong></span> <span class='ocrx_word' id='word_1_314' title='bbox 561 2917 768 2956; x_wconf 88' lang='lat' dir='ltr'><strong>carcere</strong></span> <span class='ocrx_word' id='word_1_315' title='bbox 790 2903 1012 2974; x_wconf 89' lang='lat' dir='ltr'><strong>positus,</strong></span> <span class='ocrx_word' id='word_1_316' title='bbox 1049 2900 1311 2957; x_wconf 84' lang='lat' dir='ltr'><strong>somnium</strong></span> <span class='ocrx_word' id='word_1_317' title='bbox 1338 2918 1520 2957; x_wconf 85' lang='lat' dir='ltr'><strong>eorum</strong></span> <span class='ocrx_word' id='word_1_318' title='bbox 1542 2900 1796 2974; x_wconf 78' lang='lat' dir='ltr'><strong>interpre-</strong></span> 
     </span>
    </p>
   </div>
   <div class='ocr_carea' id='block_1_44' title="bbox 256 2982 536 3028">
    <p class='ocr_par' dir='ltr' id='par_1_44' title="bbox 256 2982 536 3028">
     <span class='ocr_line' id='line_1_44' title="bbox 256 2982 536 3028; baseline 0.004 -1"><span class='ocrx_word' id='word_1_319' title='bbox 256 2983 404 3027; x_wconf 83' lang='lat' dir='ltr'><strong>tatus</strong></span> <span class='ocrx_word' id='word_1_320' title='bbox 443 2982 536 3028; x_wconf 89' lang='lat' dir='ltr'><strong>est.</strong></span> 
     </span>
    </p>
   </div>
   <div class='ocr_carea' id='block_1_45' title="bbox 259 3065 1796 3139">
    <p class='ocr_par' dir='ltr' id='par_1_45' title="bbox 259 3065 1796 3139">
     <span class='ocr_line' id='line_1_45' title="bbox 259 3065 1796 3139; baseline 0.001 -18"><span class='ocrx_word' id='word_1_321' title='bbox 259 3065 417 3138; x_wconf 75' lang='lat' dir='ltr'><strong>(CAP.</strong></span> <span class='ocrx_word' id='word_1_322' title='bbox 458 3066 573 3137; x_wconf 73' lang='lat' dir='ltr'><strong>XL.)</strong></span> <span class='ocrx_word' id='word_1_323' title='bbox 614 3065 715 3121; x_wconf 82' lang='lat' dir='ltr'><strong>His</strong></span> <span class='ocrx_word' id='word_1_324' title='bbox 758 3066 830 3121; x_wconf 88' lang='lat' dir='ltr'><strong>ita</strong></span> <span class='ocrx_word' id='word_1_325' title='bbox 872 3067 1054 3138; x_wconf 84' lang='lat' dir='ltr'><strong>gestis,</strong></span> <span class='ocrx_word' id='word_1_326' title='bbox 1080 3066 1275 3121; x_wconf 90' lang='lat' dir='ltr'><strong>accidit</strong></span> <span class='ocrx_word' id='word_1_327' title='bbox 1300 3076 1359 3121; x_wconf 90' lang='lat' dir='ltr'><strong>ut</strong></span> <span class='ocrx_word' id='word_1_328' title='bbox 1394 3076 1667 3139; x_wconf 90' lang='lat' dir='ltr'><strong>peccarent</strong></span> <span class='ocrx_word' id='word_1_329' title='bbox 1689 3067 1796 3122; x_wconf 88' lang='lat' dir='ltr'><strong>duo</strong></span> 
     </span>
    </p>
   </div>
   <div class='ocr_carea' id='block_1_46' title="bbox 185 3157 1793 3229">
    <p class='ocr_par' dir='ltr' id='par_1_46' title="bbox 185 3157 1793 3229">
     <span class='ocr_line' id='line_1_46' title="bbox 185 3157 1793 3229; baseline -0.001 -16"><span class='ocrx_word' id='word_1_330' title='bbox 185 3157 438 3225; x_wconf 86' lang='lat' dir='ltr'><strong>eunuchi,</strong></span> <span class='ocrx_word' id='word_1_331' title='bbox 469 3158 718 3229; x_wconf 89' lang='lat' dir='ltr'><strong>pincerna</strong></span> <span class='ocrx_word' id='word_1_332' title='bbox 746 3157 880 3228; x_wconf 85' lang='lat' dir='ltr'><strong>regis</strong></span> <span class='ocrx_word' id='word_1_333' title='bbox 902 3157 1125 3229; x_wconf 68' lang='lat' dir='ltr'><strong>Egypti</strong></span> <span class='ocrx_word' id='word_1_334' title='bbox 1154 3167 1201 3214; x_wconf 92' lang='lat' dir='ltr'><strong>et</strong></span> <span class='ocrx_word' id='word_1_335' title='bbox 1222 3158 1411 3229; x_wconf 86' lang='lat' dir='ltr'><strong>pistor,</strong></span> <span class='ocrx_word' id='word_1_336' title='bbox 1435 3158 1647 3213; x_wconf 87' lang='lat' dir='ltr'><strong>domino</strong></span> <span class='ocrx_word' id='word_1_337' title='bbox 1675 3174 1793 3212; x_wconf 87' lang='lat' dir='ltr'><strong>suo.</strong></span> 
     </span>
    </p>
   </div>
   <div class='ocr_carea' id='block_1_47' title="bbox 188 3247 1795 3324">
    <p class='ocr_par' dir='ltr' id='par_1_47' title="bbox 188 3247 1795 3324">
     <span class='ocr_line' id='line_1_47' title="bbox 188 3247 1795 3324; baseline 0.002 -22"><span class='ocrx_word' id='word_1_338' title='bbox 188 3248 476 3323; x_wconf 77' lang='lat' dir='ltr'><strong>[ratusque</strong></span> <span class='ocrx_word' id='word_1_339' title='bbox 523 3247 741 3304; x_wconf 87' lang='lat' dir='ltr'><strong>Pharao</strong></span> <span class='ocrx_word' id='word_1_340' title='bbox 789 3259 972 3304; x_wconf 88' lang='lat' dir='ltr'><strong>contra</strong></span> <span class='ocrx_word' id='word_1_341' title='bbox 1020 3267 1107 3306; x_wconf 91' lang='lat' dir='ltr'><strong>eos</strong></span> <span class='ocrx_word' id='word_1_342' title='bbox 1154 3251 1301 3324; x_wconf 91' lang='lat' dir='ltr'><strong>(nam</strong></span> <span class='ocrx_word' id='word_1_343' title='bbox 1357 3249 1491 3304; x_wconf 85' lang='lat' dir='ltr'><strong>alter</strong></span> <span class='ocrx_word' id='word_1_344' title='bbox 1532 3252 1795 3322; x_wconf 85' lang='lat' dir='ltr'><strong>pincernis</strong></span> 
     </span>
    </p>
   </div>
   <div class='ocr_carea' id='block_1_48' title="bbox 1890 2043 3481 2116">
    <p class='ocr_par' dir='ltr' id='par_1_48' title="bbox 1890 2043 3481 2116">
     <span class='ocr_line' id='line_1_48' title="bbox 1890 2043 3481 2116; baseline 0 -19"><span class='ocrx_word' id='word_1_345' title='bbox 1890 2044 2293 2099; x_wconf 90' lang='lat' dir='ltr'><strong>incredulorum</strong></span> <span class='ocrx_word' id='word_1_346' title='bbox 2344 2044 2570 2116; x_wconf 87' lang='lat' dir='ltr'><strong>mystice</strong></span> <span class='ocrx_word' id='word_1_347' title='bbox 2612 2044 2837 2116; x_wconf 86' lang='lat' dir='ltr'><strong>ﬁguram</strong></span> <span class='ocrx_word' id='word_1_348' title='bbox 2869 2053 3074 2100; x_wconf 89' lang='lat' dir='ltr'><strong>tenent.</strong></span> <span class='ocrx_word' id='word_1_349' title='bbox 3108 2043 3209 2110; x_wconf 85' lang='lat' dir='ltr'><strong>Qui</strong></span> <span class='ocrx_word' id='word_1_350' title='bbox 3236 2044 3357 2099; x_wconf 86' lang='lat' dir='ltr'><strong>ideo</strong></span> <span class='ocrx_word' id='word_1_351' title='bbox 3400 2044 3481 2098; x_wconf 88' lang='lat' dir='ltr'><strong>di-</strong></span> 
     </span>
    </p>
   </div>
   <div class='ocr_carea' id='block_1_49' title="bbox 1888 2137 3485 2209">
    <p class='ocr_par' dir='ltr' id='par_1_49' title="bbox 1888 2137 3485 2209">
     <span class='ocr_line' id='line_1_49' title="bbox 1888 2137 3485 2209; baseline 0.002 -19"><span class='ocrx_word' id='word_1_352' title='bbox 1888 2143 2087 2191; x_wconf 88' lang='lat' dir='ltr'><strong>cuntur</strong></span> <span class='ocrx_word' id='word_1_353' title='bbox 2129 2137 2395 2203; x_wconf 87' lang='lat' dir='ltr'><strong>eunuchi,</strong></span> <span class='ocrx_word' id='word_1_354' title='bbox 2445 2137 2571 2208; x_wconf 87' lang='lat' dir='ltr'><strong>quia</strong></span> <span class='ocrx_word' id='word_1_355' title='bbox 2616 2148 2822 2194; x_wconf 88' lang='lat' dir='ltr'><strong>castam</strong></span> <span class='ocrx_word' id='word_1_356' title='bbox 2864 2148 3192 2209; x_wconf 87' lang='lat' dir='ltr'><strong>acceperunt</strong></span> <span class='ocrx_word' id='word_1_357' title='bbox 3242 2137 3485 2209; x_wconf 85' lang='lat' dir='ltr'><strong>regulam</strong></span> 
     </span>
    </p>
   </div>
   <div class='ocr_carea' id='block_1_50' title="bbox 1890 2227 3481 2304">
    <p class='ocr_par' dir='ltr' id='par_1_50' title="bbox 1890 2227 3481 2304">
     <span class='ocr_line' id='line_1_50' title="bbox 1890 2227 3481 2304; baseline 0.001 -23"><span class='ocrx_word' id='word_1_358' title='bbox 1890 2227 2205 2297; x_wconf 69' lang='lat' dir='ltr'><strong>disciplinae.</strong></span> <span class='ocrx_word' id='word_1_359' title='bbox 2232 2228 2481 2300; x_wconf 88' lang='lat' dir='ltr'><strong>Eloquia,</strong></span> <span class='ocrx_word' id='word_1_360' title='bbox 2520 2230 2714 2301; x_wconf 89' lang='lat' dir='ltr'><strong>inquit,</strong></span> <span class='ocrx_word' id='word_1_361' title='bbox 2747 2230 2962 2286; x_wconf 86' lang='lat' dir='ltr'><strong>Domini</strong></span> <span class='ocrx_word' id='word_1_362' title='bbox 2990 2243 3134 2286; x_wconf 89' lang='lat' dir='ltr'><strong>casta</strong></span> <span class='ocrx_word' id='word_1_363' title='bbox 3164 2229 3336 2304; x_wconf 86' lang='lat' dir='ltr'><strong>(Psal.</strong></span> <span class='ocrx_word' id='word_1_364' title='bbox 3379 2228 3481 2303; x_wconf 72' lang='lat' dir='ltr'><strong>XI).</strong></span> 
     </span>
    </p>
   </div>
   <div class='ocr_carea' id='block_1_51' title="bbox 1890 2322 3487 2393">
    <p class='ocr_par' dir='ltr' id='par_1_51' title="bbox 1890 2322 3487 2393">
     <span class='ocr_line' id='line_1_51' title="bbox 1890 2322 3487 2393; baseline 0.001 -17"><span class='ocrx_word' id='word_1_365' title='bbox 1890 2322 2132 2393; x_wconf 88' lang='lat' dir='ltr'><strong>Denique</strong></span> <span class='ocrx_word' id='word_1_366' title='bbox 2157 2335 2281 2393; x_wconf 85' lang='lat' dir='ltr'><strong>post</strong></span> <span class='ocrx_word' id='word_1_367' title='bbox 2307 2324 2505 2378; x_wconf 89' lang='lat' dir='ltr'><strong>trinam</strong></span> <span class='ocrx_word' id='word_1_368' title='bbox 2534 2323 2711 2379; x_wconf 89' lang='lat' dir='ltr'><strong>lucem</strong></span> <span class='ocrx_word' id='word_1_369' title='bbox 2742 2324 2968 2381; x_wconf 90' lang='lat' dir='ltr'><strong>Domino</strong></span> <span class='ocrx_word' id='word_1_370' title='bbox 2994 2328 3062 2381; x_wconf 90' lang='lat' dir='ltr'><strong>ab</strong></span> <span class='ocrx_word' id='word_1_371' title='bbox 3087 2324 3277 2380; x_wconf 82' lang='lat' dir='ltr'><strong>inferis</strong></span> <span class='ocrx_word' id='word_1_372' title='bbox 3306 2338 3487 2378; x_wconf 89' lang='lat' dir='ltr'><strong>resur-</strong></span> 
     </span>
    </p>
   </div>
   <div class='ocr_carea' id='block_1_52' title="bbox 1891 2414 3485 2488">
    <p class='ocr_par' dir='ltr' id='par_1_52' title="bbox 1891 2414 3485 2488">
     <span class='ocr_line' id='line_1_52' title="bbox 1891 2414 3485 2488; baseline -0.001 -17"><span class='ocrx_word' id='word_1_373' title='bbox 1891 2423 2070 2488; x_wconf 86' lang='lat' dir='ltr'><strong>gente,</strong></span> <span class='ocrx_word' id='word_1_374' title='bbox 2104 2423 2160 2470; x_wconf 88' lang='lat' dir='ltr'><strong>et</strong></span> <span class='ocrx_word' id='word_1_375' title='bbox 2186 2415 2322 2487; x_wconf 82' lang='lat' dir='ltr'><strong>legis</strong></span> <span class='ocrx_word' id='word_1_376' title='bbox 2347 2415 2597 2482; x_wconf 89' lang='lat' dir='ltr'><strong>obscura,</strong></span> <span class='ocrx_word' id='word_1_377' title='bbox 2619 2424 2680 2471; x_wconf 92' lang='lat' dir='ltr'><strong>ut</strong></span> <span class='ocrx_word' id='word_1_378' title='bbox 2700 2414 2901 2487; x_wconf 76' lang='lat' dir='ltr'><strong>Ioseph</strong></span> <span class='ocrx_word' id='word_1_379' title='bbox 2931 2417 3140 2472; x_wconf 90' lang='lat' dir='ltr'><strong>somnia</strong></span> <span class='ocrx_word' id='word_1_380' title='bbox 3186 2414 3485 2480; x_wconf 87' lang='lat' dir='ltr'><strong>revelante,</strong></span> 
     </span>
    </p>
   </div>
   <div class='ocr_carea' id='block_1_53' title="bbox 1892 2509 3490 2582">
    <p class='ocr_par' dir='ltr' id='par_1_53' title="bbox 1892 2509 3490 2582">
     <span class='ocr_line' id='line_1_53' title="bbox 1892 2509 3490 2582; baseline -0.001 -18"><span class='ocrx_word' id='word_1_381' title='bbox 1892 2510 2101 2566; x_wconf 88' lang='lat' dir='ltr'><strong>solutus</strong></span> <span class='ocrx_word' id='word_1_382' title='bbox 2121 2518 2205 2567; x_wconf 91' lang='lat' dir='ltr'><strong>est</strong></span> <span class='ocrx_word' id='word_1_383' title='bbox 2232 2526 2261 2564; x_wconf 87' lang='lat' dir='ltr'><strong>a</strong></span> <span class='ocrx_word' id='word_1_384' title='bbox 2290 2511 2531 2581; x_wconf 88' lang='lat' dir='ltr'><strong>peccatis</strong></span> <span class='ocrx_word' id='word_1_385' title='bbox 2569 2512 2904 2566; x_wconf 83' lang='lat' dir='ltr'><strong>credentium</strong></span> <span class='ocrx_word' id='word_1_386' title='bbox 2933 2510 3199 2582; x_wconf 88' lang='lat' dir='ltr'><strong>populus;</strong></span> <span class='ocrx_word' id='word_1_387' title='bbox 3230 2518 3286 2565; x_wconf 87' lang='lat' dir='ltr'><strong>et</strong></span> <span class='ocrx_word' id='word_1_388' title='bbox 3316 2509 3382 2565; x_wconf 91' lang='lat' dir='ltr'><strong>de</strong></span> <span class='ocrx_word' id='word_1_389' title='bbox 3408 2509 3490 2563; x_wconf 88' lang='lat' dir='ltr'><strong>in-</strong></span> 
     </span>
    </p>
   </div>
   <div class='ocr_carea' id='block_1_54' title="bbox 1891 2600 3491 2670">
    <p class='ocr_par' dir='ltr' id='par_1_54' title="bbox 1891 2600 3491 2670">
     <span class='ocr_line' id='line_1_54' title="bbox 1891 2600 3491 2670; baseline -0.001 -14"><span class='ocrx_word' id='word_1_390' title='bbox 1891 2601 2031 2657; x_wconf 83' lang='lat' dir='ltr'><strong>ferni</strong></span> <span class='ocrx_word' id='word_1_391' title='bbox 2067 2618 2288 2660; x_wconf 85' lang='lat' dir='ltr'><strong>carcere</strong></span> <span class='ocrx_word' id='word_1_392' title='bbox 2319 2602 2601 2670; x_wconf 87' lang='lat' dir='ltr'><strong>liberatus,</strong></span> <span class='ocrx_word' id='word_1_393' title='bbox 2638 2604 2882 2659; x_wconf 87' lang='lat' dir='ltr'><strong>redditur</strong></span> <span class='ocrx_word' id='word_1_394' title='bbox 2909 2605 2964 2658; x_wconf 91' lang='lat' dir='ltr'><strong>in</strong></span> <span class='ocrx_word' id='word_1_395' title='bbox 3004 2603 3367 2658; x_wconf 89' lang='lat' dir='ltr'><strong>ministerium</strong></span> <span class='ocrx_word' id='word_1_396' title='bbox 3408 2600 3491 2655; x_wconf 90' lang='lat' dir='ltr'><strong>di-</strong></span> 
     </span>
    </p>
   </div>
   <div class='ocr_carea' id='block_1_55' title="bbox 1928 2690 3491 2766">
    <p class='ocr_par' dir='ltr' id='par_1_55' title="bbox 1928 2690 3491 2766">
     <span class='ocr_line' id='line_1_55' title="bbox 1928 2690 3491 2766; baseline -0.001 -17"><span class='ocrx_word' id='word_1_397' title='bbox 1928 2694 2033 2750; x_wconf 69' lang='lat' dir='ltr'><strong>ina:</strong></span> <span class='ocrx_word' id='word_1_398' title='bbox 2078 2694 2229 2765; x_wconf 80' lang='lat' dir='ltr'><strong>legis.</strong></span> <span class='ocrx_word' id='word_1_399' title='bbox 2270 2695 2586 2751; x_wconf 89' lang='lat' dir='ltr'><strong>lncredulus</strong></span> <span class='ocrx_word' id='word_1_400' title='bbox 2624 2703 2804 2752; x_wconf 86' lang='lat' dir='ltr'><strong>autem</strong></span> <span class='ocrx_word' id='word_1_401' title='bbox 2831 2704 2888 2751; x_wconf 89' lang='lat' dir='ltr'><strong>et</strong></span> <span class='ocrx_word' id='word_1_402' title='bbox 2911 2696 3107 2766; x_wconf 90' lang='lat' dir='ltr'><strong>impius</strong></span> <span class='ocrx_word' id='word_1_403' title='bbox 3130 2695 3361 2766; x_wconf 90' lang='lat' dir='ltr'><strong>populus</strong></span> <span class='ocrx_word' id='word_1_404' title='bbox 3395 2690 3491 2747; x_wconf 81' lang='lat' dir='ltr'><strong>Ju-</strong></span> 
     </span>
    </p>
   </div>
   <div class='ocr_carea' id='block_1_56' title="bbox 1899 2786 3488 2859">
    <p class='ocr_par' dir='ltr' id='par_1_56' title="bbox 1899 2786 3488 2859">
     <span class='ocr_line' id='line_1_56' title="bbox 1899 2786 3488 2859; baseline 0 -18"><span class='ocrx_word' id='word_1_405' title='bbox 1899 2786 2157 2851; x_wconf 67' lang='lat' dir='ltr'><strong>(laaorum,</strong></span> <span class='ocrx_word' id='word_1_406' title='bbox 2190 2788 2316 2856; x_wconf 87' lang='lat' dir='ltr'><strong>quia</strong></span> <span class='ocrx_word' id='word_1_407' title='bbox 2365 2787 2423 2842; x_wconf 89' lang='lat' dir='ltr'><strong>in</strong></span> <span class='ocrx_word' id='word_1_408' title='bbox 2474 2787 2790 2843; x_wconf 86' lang='lat' dir='ltr'><strong>salvationis</strong></span> <span class='ocrx_word' id='word_1_409' title='bbox 2836 2787 3041 2859; x_wconf 87' lang='lat' dir='ltr'><strong>lignum</strong></span> <span class='ocrx_word' id='word_1_410' title='bbox 3090 2803 3199 2842; x_wconf 88' lang='lat' dir='ltr'><strong>non</strong></span> <span class='ocrx_word' id='word_1_411' title='bbox 3236 2786 3488 2852; x_wconf 90' lang='lat' dir='ltr'><strong>credidit,</strong></span> 
     </span>
    </p>
   </div>
   <div class='ocr_carea' id='block_1_57' title="bbox 1898 2877 3492 2950">
    <p class='ocr_par' dir='ltr' id='par_1_57' title="bbox 1898 2877 3492 2950">
     <span class='ocr_line' id='line_1_57' title="bbox 1898 2877 3492 2950; baseline 0 -18"><span class='ocrx_word' id='word_1_412' title='bbox 1898 2878 2350 2950; x_wconf 84' lang='lat' dir='ltr'><strong>transgressionis</strong></span> <span class='ocrx_word' id='word_1_413' title='bbox 2392 2878 2537 2950; x_wconf 89' lang='lat' dir='ltr'><strong>ligno</strong></span> <span class='ocrx_word' id='word_1_414' title='bbox 2583 2878 2951 2950; x_wconf 88' lang='lat' dir='ltr'><strong>suspenditur,</strong></span> <span class='ocrx_word' id='word_1_415' title='bbox 2983 2888 3043 2933; x_wconf 91' lang='lat' dir='ltr'><strong>ut</strong></span> <span class='ocrx_word' id='word_1_416' title='bbox 3071 2877 3147 2933; x_wconf 90' lang='lat' dir='ltr'><strong>illi</strong></span> <span class='ocrx_word' id='word_1_417' title='bbox 3177 2878 3332 2932; x_wconf 89' lang='lat' dir='ltr'><strong>alteri</strong></span> <span class='ocrx_word' id='word_1_418' title='bbox 3363 2893 3492 2934; x_wconf 89' lang='lat' dir='ltr'><strong>con-</strong></span> 
     </span>
    </p>
   </div>
   <div class='ocr_carea' id='block_1_58' title="bbox 1898 2968 3399 3041">
    <p class='ocr_par' dir='ltr' id='par_1_58' title="bbox 1898 2968 3399 3041">
     <span class='ocr_line' id='line_1_58' title="bbox 1898 2968 3399 3041; baseline 0.001 -18"><span class='ocrx_word' id='word_1_419' title='bbox 1898 2970 2020 3041; x_wconf 89' lang='lat' dir='ltr'><strong>tigit</strong></span> <span class='ocrx_word' id='word_1_420' title='bbox 2050 2971 2320 3037; x_wconf 90' lang='lat' dir='ltr'><strong>eunucho,</strong></span> <span class='ocrx_word' id='word_1_421' title='bbox 2353 2971 2443 3040; x_wconf 92' lang='lat' dir='ltr'><strong>qui</strong></span> <span class='ocrx_word' id='word_1_422' title='bbox 2481 2969 2789 3027; x_wconf 63' lang='lat' dir='ltr'><strong>Iudaeorum</strong></span> <span class='ocrx_word' id='word_1_423' title='bbox 2818 2970 3112 3041; x_wconf 88' lang='lat' dir='ltr'><strong>imaginem</strong></span> <span class='ocrx_word' id='word_1_424' title='bbox 3139 2968 3399 3026; x_wconf 89' lang='lat' dir='ltr'><strong>indicavit</strong></span> 
     </span>
    </p>
   </div>
   <div class='ocr_carea' id='block_1_59' title="bbox 2515 3081 2868 3139">
    <p class='ocr_par' dir='ltr' id='par_1_59' title="bbox 2515 3081 2868 3139">
     <span class='ocr_line' id='line_1_59' title="bbox 2515 3081 2868 3139; baseline -0.006 -1"><span class='ocrx_word' id='word_1_425' title='bbox 2515 3081 2745 3139; x_wconf 81' lang='lat' dir='ltr'><strong>CAPUT</strong></span> <span class='ocrx_word' id='word_1_426' title='bbox 2782 3082 2868 3137; x_wconf 85' lang='grc' dir='ltr'><strong>ΙΙΙ.</strong></span> 
     </span>
    </p>
   </div>
   <div class='ocr_carea' id='block_1_60' title="bbox 1935 3151 3454 3227">
    <p class='ocr_par' dir='ltr' id='par_1_60' title="bbox 1935 3151 3454 3227">
     <span class='ocr_line' id='line_1_60' title="bbox 1935 3151 3454 3227; baseline 0.002 -21"><span class='ocrx_word' id='word_1_427' title='bbox 1935 3151 2013 3206; x_wconf 89' lang='lat' dir='ltr'><strong>De</strong></span> <span class='ocrx_word' id='word_1_428' title='bbox 2049 3153 2252 3207; x_wconf 90' lang='lat' dir='ltr'><strong>somnio</strong></span> <span class='ocrx_word' id='word_1_429' title='bbox 2291 3152 2628 3220; x_wconf 85' lang='lat' dir='ltr'><strong>Pharaonis,</strong></span> <span class='ocrx_word' id='word_1_430' title='bbox 2668 3164 2714 3208; x_wconf 91' lang='lat' dir='ltr'><strong>et</strong></span> <span class='ocrx_word' id='word_1_431' title='bbox 2762 3155 3190 3227; x_wconf 84' lang='lat' dir='ltr'><strong>interpretatione</strong></span> <span class='ocrx_word' id='word_1_432' title='bbox 3240 3154 3454 3226; x_wconf 83' lang='lat' dir='ltr'><strong>Josepa.</strong></span> 
     </span>
    </p>
   </div>
   <div class='ocr_carea' id='block_1_61' title="bbox 1974 3242 3490 3315">
    <p class='ocr_par' dir='ltr' id='par_1_61' title="bbox 1974 3242 3490 3315">
     <span class='ocr_line' id='line_1_61' title="bbox 1974 3242 3490 3315; baseline -0.001 -16"><span class='ocrx_word' id='word_1_433' title='bbox 1974 3243 2123 3315; x_wconf 64' lang='lat' dir='ltr'><strong>(Car.</strong></span> <span class='ocrx_word' id='word_1_434' title='bbox 2148 3244 2284 3315; x_wconf 79' lang='lat' dir='ltr'><strong>xm.)</strong></span> <span class='ocrx_word' id='word_1_435' title='bbox 2314 3242 2443 3299; x_wconf 90' lang='lat' dir='ltr'><strong>Post</strong></span> <span class='ocrx_word' id='word_1_436' title='bbox 2464 3246 2598 3301; x_wconf 91' lang='lat' dir='ltr'><strong>duos</strong></span> <span class='ocrx_word' id='word_1_437' title='bbox 2623 3264 2791 3301; x_wconf 88' lang='lat' dir='ltr'><strong>annos</strong></span> <span class='ocrx_word' id='word_1_438' title='bbox 2812 3246 2942 3301; x_wconf 76' lang='lat' dir='ltr'><strong>vidit</strong></span> <span class='ocrx_word' id='word_1_439' title='bbox 2970 3245 3184 3301; x_wconf 85' lang='lat' dir='ltr'><strong>Pharao</strong></span> <span class='ocrx_word' id='word_1_440' title='bbox 3210 3247 3490 3301; x_wconf 86' lang='lat' dir='ltr'><strong>somnium.</strong></span> 
     </span>
    </p>
   </div>
   <div class='ocr_carea' id='block_1_62' title="bbox 185 3334 3494 3414">
    <p class='ocr_par' dir='ltr' id='par_1_62' title="bbox 185 3334 3494 3414">
     <span class='ocr_line' id='line_1_62' title="bbox 185 3334 3494 3414; baseline -0.002 -18"><span class='ocrx_word' id='word_1_441' title='bbox 185 3351 439 3414; x_wconf 67' lang='lat' dir='ltr'><strong>praeerat,</strong></span> <span class='ocrx_word' id='word_1_442' title='bbox 470 3340 605 3397; x_wconf 88' lang='lat' dir='ltr'><strong>alter</strong></span> <span class='ocrx_word' id='word_1_443' title='bbox 642 3342 948 3414; x_wconf 86' lang='lat' dir='ltr'><strong>pistoribus)</strong></span> <span class='ocrx_word' id='word_1_444' title='bbox 982 3344 1122 3397; x_wconf 89' lang='lat' dir='ltr'><strong>misit</strong></span> <span class='ocrx_word' id='word_1_445' title='bbox 1168 3359 1254 3398; x_wconf 91' lang='lat' dir='ltr'><strong>eos</strong></span> <span class='ocrx_word' id='word_1_446' title='bbox 1288 3343 1345 3396; x_wconf 90' lang='lat' dir='ltr'><strong>in</strong></span> <span class='ocrx_word' id='word_1_447' title='bbox 1372 3359 1633 3398; x_wconf 90' lang='lat' dir='ltr'><strong>carcerem</strong></span> <span class='ocrx_word' id='word_1_448' title='bbox 1653 3344 1794 3414; x_wconf 85' lang='lat' dir='ltr'><strong>prin-</strong></span> <span class='ocrx_word' id='word_1_449' title='bbox 1820 3334 1866 3400; x_wconf 88' lang='lat' dir='ltr'><strong>C</strong></span> <span class='ocrx_word' id='word_1_450' title='bbox 1899 3335 2135 3392; x_wconf 76' lang='lat' dir='ltr'><strong>Putabat</strong></span> <span class='ocrx_word' id='word_1_451' title='bbox 2174 3354 2230 3391; x_wconf 78' lang='lat' dir='ltr'><strong>se</strong></span> <span class='ocrx_word' id='word_1_452' title='bbox 2259 3347 2401 3392; x_wconf 79' lang='lat' dir='ltr'><strong>stare</strong></span> <span class='ocrx_word' id='word_1_453' title='bbox 2444 3355 2603 3410; x_wconf 87' lang='lat' dir='ltr'><strong>super</strong></span> <span class='ocrx_word' id='word_1_454' title='bbox 2645 3340 2885 3409; x_wconf 80' lang='lat' dir='ltr'><strong>ﬂuvium,</strong></span> <span class='ocrx_word' id='word_1_455' title='bbox 2933 3338 2997 3393; x_wconf 90' lang='lat' dir='ltr'><strong>de</strong></span> <span class='ocrx_word' id='word_1_456' title='bbox 3020 3355 3123 3409; x_wconf 91' lang='lat' dir='ltr'><strong>quo</strong></span> <span class='ocrx_word' id='word_1_457' title='bbox 3149 3338 3494 3394; x_wconf 85' lang='lat' dir='ltr'><strong>ascendebant</strong></span> 
     </span>
    </p>
   </div>
   <div class='ocr_carea' id='block_1_63' title="bbox 187 3435 1796 3507">
    <p class='ocr_par' dir='ltr' id='par_1_63' title="bbox 187 3435 1796 3507">
     <span class='ocr_line' id='line_1_63' title="bbox 187 3435 1796 3507; baseline 0.001 -16"><span class='ocrx_word' id='word_1_458' title='bbox 187 3436 323 3507; x_wconf 85' lang='lat' dir='ltr'><strong>cipis</strong></span> <span class='ocrx_word' id='word_1_459' title='bbox 349 3435 594 3503; x_wconf 87' lang='lat' dir='ltr'><strong>militum,</strong></span> <span class='ocrx_word' id='word_1_460' title='bbox 618 3437 675 3490; x_wconf 90' lang='lat' dir='ltr'><strong>in</strong></span> <span class='ocrx_word' id='word_1_461' title='bbox 699 3453 801 3506; x_wconf 90' lang='lat' dir='ltr'><strong>quo</strong></span> <span class='ocrx_word' id='word_1_462' title='bbox 826 3446 937 3492; x_wconf 89' lang='lat' dir='ltr'><strong>erat</strong></span> <span class='ocrx_word' id='word_1_463' title='bbox 967 3438 1169 3493; x_wconf 86' lang='lat' dir='ltr'><strong>vinctus</strong></span> <span class='ocrx_word' id='word_1_464' title='bbox 1192 3446 1240 3491; x_wconf 90' lang='lat' dir='ltr'><strong>et</strong></span> <span class='ocrx_word' id='word_1_465' title='bbox 1277 3437 1496 3507; x_wconf 76' lang='lat' dir='ltr'><strong>Ioseph.</strong></span> <span class='ocrx_word' id='word_1_466' title='bbox 1529 3436 1595 3491; x_wconf 87' lang='lat' dir='ltr'><strong>At</strong></span> <span class='ocrx_word' id='word_1_467' title='bbox 1623 3448 1796 3493; x_wconf 89' lang='lat' dir='ltr'><strong>custos</strong></span> 
     </span>
    </p>
   </div>
   <div class='ocr_carea' id='block_1_64' title="bbox 188 3526 1795 3600">
    <p class='ocr_par' dir='ltr' id='par_1_64' title="bbox 188 3526 1795 3600">
     <span class='ocr_line' id='line_1_64' title="bbox 188 3526 1795 3600; baseline 0.002 -19"><span class='ocrx_word' id='word_1_468' title='bbox 188 3528 423 3583; x_wconf 89' lang='lat' dir='ltr'><strong>carceris</strong></span> <span class='ocrx_word' id='word_1_469' title='bbox 447 3527 668 3582; x_wconf 89' lang='lat' dir='ltr'><strong>tradidit</strong></span> <span class='ocrx_word' id='word_1_470' title='bbox 716 3544 802 3582; x_wconf 89' lang='lat' dir='ltr'><strong>eos</strong></span> <span class='ocrx_word' id='word_1_471' title='bbox 850 3526 1068 3600; x_wconf 73' lang='lat' dir='ltr'><strong>Ioseph,</strong></span> <span class='ocrx_word' id='word_1_472' title='bbox 1117 3530 1209 3600; x_wconf 87' lang='lat' dir='ltr'><strong>qui</strong></span> <span class='ocrx_word' id='word_1_473' title='bbox 1237 3539 1286 3584; x_wconf 91' lang='lat' dir='ltr'><strong>et</strong></span> <span class='ocrx_word' id='word_1_474' title='bbox 1317 3528 1656 3583; x_wconf 88' lang='lat' dir='ltr'><strong>ministrabat</strong></span> <span class='ocrx_word' id='word_1_475' title='bbox 1701 3531 1795 3584; x_wconf 91' lang='lat' dir='ltr'><strong>eis.</strong></span> 
     </span>
    </p>
   </div>
   <div class='ocr_carea' id='block_1_65' title="bbox 187 3616 1801 3703">
    <p class='ocr_par' dir='ltr' id='par_1_65' title="bbox 187 3616 1801 3703">
     <span class='ocr_line' id='line_1_65' title="bbox 187 3616 1801 3703; baseline 0.001 -31"><span class='ocrx_word' id='word_1_476' title='bbox 187 3617 248 3672; x_wconf 85' lang='lat' dir='ltr'><strong>In</strong></span> <span class='ocrx_word' id='word_1_477' title='bbox 284 3616 519 3673; x_wconf 68' lang='lat' dir='ltr'><strong>llebrtco</strong></span> <span class='ocrx_word' id='word_1_478' title='bbox 545 3618 807 3687; x_wconf 88' lang='lat' dir='ltr'><strong>scriptum</strong></span> <span class='ocrx_word' id='word_1_479' title='bbox 834 3619 1000 3673; x_wconf 89' lang='lat' dir='ltr'><strong>habet</strong></span> <span class='ocrx_word' id='word_1_480' title='bbox 1030 3617 1223 3685; x_wconf 73' lang='lat' dir='ltr'><strong>maslte,</strong></span> <span class='ocrx_word' id='word_1_481' title='bbox 1260 3629 1465 3703; x_wconf 69' lang='lat' dir='ltr'><strong>nptma,</strong></span> <span class='ocrx_word' id='word_1_482' title='bbox 1514 3618 1646 3674; x_wconf 90' lang='lat' dir='ltr'><strong>illud</strong></span> <span class='ocrx_word' id='word_1_483' title='bbox 1676 3634 1801 3675; x_wconf 87' lang='lat' dir='ltr'><strong>ver-</strong></span> 
     </span>
    </p>
   </div>
   <div class='ocr_carea' id='block_1_66' title="bbox 188 3709 1797 3783">
    <p class='ocr_par' dir='ltr' id='par_1_66' title="bbox 188 3709 1797 3783">
     <span class='ocr_line' id='line_1_66' title="bbox 188 3709 1797 3783; baseline 0.001 -17"><span class='ocrx_word' id='word_1_484' title='bbox 188 3710 324 3766; x_wconf 88' lang='lat' dir='ltr'><strong>bum</strong></span> <span class='ocrx_word' id='word_1_485' title='bbox 346 3710 491 3781; x_wconf 89' lang='lat' dir='ltr'><strong>quod</strong></span> <span class='ocrx_word' id='word_1_486' title='bbox 514 3709 570 3764; x_wconf 91' lang='lat' dir='ltr'><strong>in</strong></span> <span class='ocrx_word' id='word_1_487' title='bbox 595 3710 812 3763; x_wconf 89' lang='lat' dir='ltr'><strong>nomine</strong></span> <span class='ocrx_word' id='word_1_488' title='bbox 843 3710 986 3765; x_wconf 85' lang='lat' dir='ltr'><strong>servi</strong></span> <span class='ocrx_word' id='word_1_489' title='bbox 1012 3709 1288 3766; x_wconf 81' lang='lat' dir='ltr'><strong>Abraham</strong></span> <span class='ocrx_word' id='word_1_490' title='bbox 1317 3712 1519 3767; x_wconf 91' lang='lat' dir='ltr'><strong>dudum</strong></span> <span class='ocrx_word' id='word_1_491' title='bbox 1548 3711 1797 3783; x_wconf 87' lang='lat' dir='ltr'><strong>legimus,</strong></span> 
     </span>
    </p>
   </div>
   <div class='ocr_carea' id='block_1_67' title="bbox 191 3803 1796 3874">
    <p class='ocr_par' dir='ltr' id='par_1_67' title="bbox 191 3803 1796 3874">
     <span class='ocr_line' id='line_1_67' title="bbox 191 3803 1796 3874; baseline 0.001 -16"><span class='ocrx_word' id='word_1_492' title='bbox 191 3817 365 3874; x_wconf 88' lang='lat' dir='ltr'><strong>quem</strong></span> <span class='ocrx_word' id='word_1_493' title='bbox 390 3816 492 3857; x_wconf 91' lang='lat' dir='ltr'><strong>nos</strong></span> <span class='ocrx_word' id='word_1_494' title='bbox 518 3814 808 3872; x_wconf 89' lang='lat' dir='ltr'><strong>possumus</strong></span> <span class='ocrx_word' id='word_1_495' title='bbox 834 3816 984 3857; x_wconf 91' lang='lat' dir='ltr'><strong>more</strong></span> <span class='ocrx_word' id='word_1_496' title='bbox 1020 3803 1166 3874; x_wconf 86' lang='lat' dir='ltr'><strong>vulgi</strong></span> <span class='ocrx_word' id='word_1_497' title='bbox 1204 3819 1404 3860; x_wconf 84' lang='lat' dir='ltr'><strong>vocare</strong></span> <span class='ocrx_word' id='word_1_498' title='bbox 1454 3805 1796 3874; x_wconf 89' lang='lat' dir='ltr'><strong>pincernam.</strong></span> 
     </span>
    </p>
   </div>
   <div class='ocr_carea' id='block_1_68' title="bbox 190 3892 1803 3970">
    <p class='ocr_par' dir='ltr' id='par_1_68' title="bbox 190 3892 1803 3970">
     <span class='ocr_line' id='line_1_68' title="bbox 190 3892 1803 3970; baseline 0.003 -22"><span class='ocrx_word' id='word_1_499' title='bbox 190 3892 312 3949; x_wconf 85' lang='lat' dir='ltr'><strong>Nec</strong></span> <span class='ocrx_word' id='word_1_500' title='bbox 342 3894 450 3949; x_wconf 85' lang='lat' dir='ltr'><strong>vile</strong></span> <span class='ocrx_word' id='word_1_501' title='bbox 475 3901 697 3964; x_wconf 85' lang='lat' dir='ltr'><strong>putetur</strong></span> <span class='ocrx_word' id='word_1_502' title='bbox 718 3894 974 3962; x_wconf 85' lang='lat' dir='ltr'><strong>ollicium,</strong></span> <span class='ocrx_word' id='word_1_503' title='bbox 1011 3912 1137 3952; x_wconf 88' lang='lat' dir='ltr'><strong>cum</strong></span> <span class='ocrx_word' id='word_1_504' title='bbox 1179 3897 1322 3968; x_wconf 88' lang='lat' dir='ltr'><strong>apud</strong></span> <span class='ocrx_word' id='word_1_505' title='bbox 1350 3914 1507 3970; x_wconf 89' lang='lat' dir='ltr'><strong>reges</strong></span> <span class='ocrx_word' id='word_1_506' title='bbox 1534 3899 1803 3955; x_wconf 79' lang='lat' dir='ltr'><strong>barbaros</strong></span> 
     </span>
    </p>
   </div>
   <div class='ocr_carea' id='block_1_69' title="bbox 192 3986 1802 4062">
    <p class='ocr_par' dir='ltr' id='par_1_69' title="bbox 192 3986 1802 4062">
     <span class='ocr_line' id='line_1_69' title="bbox 192 3986 1802 4062; baseline 0.002 -18"><span class='ocrx_word' id='word_1_507' title='bbox 192 4000 374 4057; x_wconf 87' lang='lat' dir='ltr'><strong>usque</strong></span> <span class='ocrx_word' id='word_1_508' title='bbox 407 3986 590 4053; x_wconf 90' lang='lat' dir='ltr'><strong>hodie,</strong></span> <span class='ocrx_word' id='word_1_509' title='bbox 638 3989 889 4044; x_wconf 80' lang='lat' dir='ltr'><strong>maximae</strong></span> <span class='ocrx_word' id='word_1_510' title='bbox 925 3990 1202 4061; x_wconf 83' lang='lat' dir='ltr'><strong>dignitatis</strong></span> <span class='ocrx_word' id='word_1_511' title='bbox 1255 3991 1326 4045; x_wconf 87' lang='lat' dir='ltr'><strong>sit</strong></span> <span class='ocrx_word' id='word_1_512' title='bbox 1378 3990 1494 4062; x_wconf 88' lang='lat' dir='ltr'><strong>regi</strong></span> <span class='ocrx_word' id='word_1_513' title='bbox 1546 3991 1802 4061; x_wconf 90' lang='lat' dir='ltr'><strong>poculum</strong></span> 
     </span>
    </p>
   </div>
   <div class='ocr_carea' id='block_1_70' title="bbox 192 4076 1805 4151">
    <p class='ocr_par' dir='ltr' id='par_1_70' title="bbox 192 4076 1805 4151">
     <span class='ocr_line' id='line_1_70' title="bbox 192 4076 1805 4151; baseline 0.003 -19"><span class='ocrx_word' id='word_1_514' title='bbox 192 4076 533 4151; x_wconf 70' lang='lat' dir='ltr'><strong>porrexisse.</strong></span> <span class='ocrx_word' id='word_1_515' title='bbox 571 4076 751 4133; x_wconf 68' lang='lat' dir='ltr'><strong>Poeta:</strong></span> <span class='ocrx_word' id='word_1_516' title='bbox 780 4094 995 4149; x_wconf 90' lang='lat' dir='ltr'><strong>quoque</strong></span> <span class='ocrx_word' id='word_1_517' title='bbox 1018 4080 1085 4136; x_wconf 90' lang='lat' dir='ltr'><strong>de</strong></span> <span class='ocrx_word' id='word_1_518' title='bbox 1112 4082 1375 4136; x_wconf 89' lang='lat' dir='ltr'><strong>catamito</strong></span> <span class='ocrx_word' id='word_1_519' title='bbox 1405 4089 1460 4136; x_wconf 90' lang='lat' dir='ltr'><strong>et</strong></span> <span class='ocrx_word' id='word_1_520' title='bbox 1504 4080 1636 4137; x_wconf 83' lang='lat' dir='ltr'><strong>Jove</strong></span> <span class='ocrx_word' id='word_1_521' title='bbox 1666 4082 1805 4137; x_wconf 90' lang='lat' dir='ltr'><strong>scri-</strong></span> 
     </span>
    </p>
   </div>
   <div class='ocr_carea' id='block_1_71' title="bbox 194 4170 1803 4241">
    <p class='ocr_par' dir='ltr' id='par_1_71' title="bbox 194 4170 1803 4241">
     <span class='ocr_line' id='line_1_71' title="bbox 194 4170 1803 4241; baseline 0.004 -17"><span class='ocrx_word' id='word_1_522' title='bbox 194 4170 402 4241; x_wconf 87' lang='lat' dir='ltr'><strong>ptitant</strong></span> <span class='ocrx_word' id='word_1_523' title='bbox 463 4170 608 4239; x_wconf 88' lang='lat' dir='ltr'><strong>quod</strong></span> <span class='ocrx_word' id='word_1_524' title='bbox 670 4172 935 4227; x_wconf 88' lang='lat' dir='ltr'><strong>amasium</strong></span> <span class='ocrx_word' id='word_1_525' title='bbox 985 4188 1143 4228; x_wconf 90' lang='lat' dir='ltr'><strong>suum</strong></span> <span class='ocrx_word' id='word_1_526' title='bbox 1190 4173 1318 4230; x_wconf 90' lang='lat' dir='ltr'><strong>huic</strong></span> <span class='ocrx_word' id='word_1_527' title='bbox 1365 4173 1542 4231; x_wconf 84' lang='lat' dir='ltr'><strong>oﬁicio</strong></span> <span class='ocrx_word' id='word_1_528' title='bbox 1592 4175 1803 4230; x_wconf 86' lang='lat' dir='ltr'><strong>manci-</strong></span> 
     </span>
    </p>
   </div>
   <div class='ocr_carea' id='block_1_72' title="bbox 198 4264 374 4335">
    <p class='ocr_par' dir='ltr' id='par_1_72' title="bbox 198 4264 374 4335">
     <span class='ocr_line' id='line_1_72' title="bbox 198 4264 374 4335; baseline -0.011 -16"><span class='ocrx_word' id='word_1_529' title='bbox 198 4264 374 4335; x_wconf 86' lang='lat' dir='ltr'><strong>parit.</strong></span> 
     </span>
    </p>
   </div>
   <div class='ocr_carea' id='block_1_73' title="bbox 273 4356 1800 4431">
    <p class='ocr_par' dir='ltr' id='par_1_73' title="bbox 273 4356 1800 4431">
     <span class='ocr_line' id='line_1_73' title="bbox 273 4356 1800 4431; baseline 0.003 -20"><span class='ocrx_word' id='word_1_530' title='bbox 273 4356 536 4412; x_wconf 84' lang='lat' dir='ltr'><strong>Narravit</strong></span> <span class='ocrx_word' id='word_1_531' title='bbox 570 4359 715 4429; x_wconf 89' lang='lat' dir='ltr'><strong>prior</strong></span> <span class='ocrx_word' id='word_1_532' title='bbox 754 4361 1064 4430; x_wconf 77' lang='lat' dir='ltr'><strong>prwpositus</strong></span> <span class='ocrx_word' id='word_1_533' title='bbox 1092 4362 1465 4431; x_wconf 90' lang='lat' dir='ltr'><strong>pincernarum</strong></span> <span class='ocrx_word' id='word_1_534' title='bbox 1496 4377 1800 4418; x_wconf 72' lang='lat' dir='ltr'><strong>somnium:</strong></span> 
     </span>
    </p>
   </div>
   <div class='ocr_carea' id='block_1_74' title="bbox 209 4446 1801 4525">
    <p class='ocr_par' dir='ltr' id='par_1_74' title="bbox 209 4446 1801 4525">
     <span class='ocr_line' id='line_1_74' title="bbox 209 4446 1801 4525; baseline 0.004 -22"><span class='ocrx_word' id='word_1_535' title='bbox 209 4446 468 4504; x_wconf 85' lang='lat' dir='ltr'><strong>Videbam</strong></span> <span class='ocrx_word' id='word_1_536' title='bbox 489 4467 664 4504; x_wconf 86' lang='lat' dir='ltr'><strong>coram</strong></span> <span class='ocrx_word' id='word_1_537' title='bbox 690 4468 771 4505; x_wconf 89' lang='lat' dir='ltr'><strong>me</strong></span> <span class='ocrx_word' id='word_1_538' title='bbox 792 4452 946 4506; x_wconf 88' lang='lat' dir='ltr'><strong>vitem</strong></span> <span class='ocrx_word' id='word_1_539' title='bbox 971 4452 1026 4505; x_wconf 89' lang='lat' dir='ltr'><strong>in</strong></span> <span class='ocrx_word' id='word_1_540' title='bbox 1050 4468 1153 4522; x_wconf 88' lang='lat' dir='ltr'><strong>qua</strong></span> <span class='ocrx_word' id='word_1_541' title='bbox 1175 4464 1322 4507; x_wconf 88' lang='lat' dir='ltr'><strong>erant</strong></span> <span class='ocrx_word' id='word_1_542' title='bbox 1346 4463 1448 4507; x_wconf 89' lang='lat' dir='ltr'><strong>tres</strong></span> <span class='ocrx_word' id='word_1_543' title='bbox 1468 4456 1801 4525; x_wconf 86' lang='lat' dir='ltr'><strong>propagines,</strong></span> 
     </span>
    </p>
   </div>
   <div class='ocr_carea' id='block_1_75' title="bbox 202 4542 1808 4616">
    <p class='ocr_par' dir='ltr' id='par_1_75' title="bbox 202 4542 1808 4616">
     <span class='ocr_line' id='line_1_75' title="bbox 202 4542 1808 4616; baseline 0.003 -20"><span class='ocrx_word' id='word_1_544' title='bbox 202 4558 438 4597; x_wconf 86' lang='lat' dir='ltr'><strong>crescere</strong></span> <span class='ocrx_word' id='word_1_545' title='bbox 457 4542 714 4614; x_wconf 88' lang='lat' dir='ltr'><strong>paulatim</strong></span> <span class='ocrx_word' id='word_1_546' title='bbox 758 4545 814 4598; x_wconf 89' lang='lat' dir='ltr'><strong>in</strong></span> <span class='ocrx_word' id='word_1_547' title='bbox 842 4559 1096 4614; x_wconf 88' lang='lat' dir='ltr'><strong>gemmas,</strong></span> <span class='ocrx_word' id='word_1_548' title='bbox 1127 4552 1175 4598; x_wconf 92' lang='lat' dir='ltr'><strong>et</strong></span> <span class='ocrx_word' id='word_1_549' title='bbox 1213 4552 1326 4616; x_wconf 88' lang='lat' dir='ltr'><strong>post</strong></span> <span class='ocrx_word' id='word_1_550' title='bbox 1358 4546 1515 4615; x_wconf 78' lang='lat' dir='ltr'><strong>flores</strong></span> <span class='ocrx_word' id='word_1_551' title='bbox 1541 4563 1668 4601; x_wconf 87' lang='lat' dir='ltr'><strong>uvas</strong></span> <span class='ocrx_word' id='word_1_552' title='bbox 1690 4563 1808 4601; x_wconf 83' lang='lat' dir='ltr'><strong>ma-</strong></span> 
     </span>
    </p>
   </div>
   <div class='ocr_carea' id='block_1_76' title="bbox 203 4633 1803 4707">
    <p class='ocr_par' dir='ltr' id='par_1_76' title="bbox 203 4633 1803 4707">
     <span class='ocr_line' id='line_1_76' title="bbox 203 4633 1803 4707; baseline 0.002 -19"><span class='ocrx_word' id='word_1_553' title='bbox 203 4644 492 4701; x_wconf 83' lang='lat' dir='ltr'><strong>turescere,</strong></span> <span class='ocrx_word' id='word_1_554' title='bbox 519 4635 835 4707; x_wconf 84' lang='lat' dir='ltr'><strong>calicemque</strong></span> <span class='ocrx_word' id='word_1_555' title='bbox 867 4633 1170 4690; x_wconf 87' lang='lat' dir='ltr'><strong>Pharaonis</strong></span> <span class='ocrx_word' id='word_1_556' title='bbox 1206 4635 1263 4690; x_wconf 89' lang='lat' dir='ltr'><strong>in</strong></span> <span class='ocrx_word' id='word_1_557' title='bbox 1298 4653 1460 4692; x_wconf 90' lang='lat' dir='ltr'><strong>manu</strong></span> <span class='ocrx_word' id='word_1_558' title='bbox 1505 4654 1639 4692; x_wconf 90' lang='lat' dir='ltr'><strong>mea.</strong></span> <span class='ocrx_word' id='word_1_559' title='bbox 1683 4635 1803 4691; x_wconf 88' lang='lat' dir='ltr'><strong>Tuli</strong></span> 
     </span>
    </p>
   </div>
   <div class='ocr_carea' id='block_1_77' title="bbox 1899 3431 3499 3503">
    <p class='ocr_par' dir='ltr' id='par_1_77' title="bbox 1899 3431 3499 3503">
     <span class='ocr_line' id='line_1_77' title="bbox 1899 3431 3499 3503; baseline -0.001 -16"><span class='ocrx_word' id='word_1_560' title='bbox 1899 3441 2094 3503; x_wconf 89' lang='lat' dir='ltr'><strong>septem</strong></span> <span class='ocrx_word' id='word_1_561' title='bbox 2118 3432 2266 3486; x_wconf 89' lang='lat' dir='ltr'><strong>boves</strong></span> <span class='ocrx_word' id='word_1_562' title='bbox 2288 3431 2524 3503; x_wconf 70' lang='lat' dir='ltr'><strong>pulchra:</strong></span> <span class='ocrx_word' id='word_1_563' title='bbox 2569 3442 2617 3486; x_wconf 84' lang='lat' dir='ltr'><strong>et</strong></span> <span class='ocrx_word' id='word_1_564' title='bbox 2664 3449 2857 3488; x_wconf 75' lang='lat' dir='ltr'><strong>crassa:</strong></span> <span class='ocrx_word' id='word_1_565' title='bbox 2887 3433 3042 3488; x_wconf 86' lang='lat' dir='ltr'><strong>nimis</strong></span> <span class='ocrx_word' id='word_1_566' title='bbox 3072 3442 3120 3487; x_wconf 91' lang='lat' dir='ltr'><strong>et</strong></span> <span class='ocrx_word' id='word_1_567' title='bbox 3148 3434 3499 3503; x_wconf 87' lang='lat' dir='ltr'><strong>pascebantur</strong></span> 
     </span>
    </p>
   </div>
   <div class='ocr_carea' id='block_1_78' title="bbox 1900 3525 3497 3598">
    <p class='ocr_par' dir='ltr' id='par_1_78' title="bbox 1900 3525 3497 3598">
     <span class='ocr_line' id='line_1_78' title="bbox 1900 3525 3497 3598; baseline -0.002 -16"><span class='ocrx_word' id='word_1_568' title='bbox 1900 3527 1956 3582; x_wconf 90' lang='lat' dir='ltr'><strong>in</strong></span> <span class='ocrx_word' id='word_1_569' title='bbox 1984 3525 2112 3581; x_wconf 86' lang='lat' dir='ltr'><strong>locis</strong></span> <span class='ocrx_word' id='word_1_570' title='bbox 2141 3525 2467 3597; x_wconf 87' lang='lat' dir='ltr'><strong>palustribus</strong></span> <span class='ocrx_word' id='word_1_571' title='bbox 2494 3539 2512 3577; x_wconf 95' lang='lat'><em>:</em></span> <span class='ocrx_word' id='word_1_572' title='bbox 2538 3525 2659 3581; x_wconf 68' lang='lat' dir='ltr'><strong>alia:</strong></span> <span class='ocrx_word' id='word_1_573' title='bbox 2698 3543 2903 3597; x_wconf 88' lang='lat' dir='ltr'><strong>quoque</strong></span> <span class='ocrx_word' id='word_1_574' title='bbox 2944 3538 3140 3597; x_wconf 89' lang='lat' dir='ltr'><strong>septem</strong></span> <span class='ocrx_word' id='word_1_575' title='bbox 3166 3526 3497 3598; x_wconf 89' lang='lat' dir='ltr'><strong>emergebant</strong></span> 
     </span>
    </p>
   </div>
   <div class='ocr_carea' id='block_1_79' title="bbox 1901 3618 3498 3691">
    <p class='ocr_par' dir='ltr' id='par_1_79' title="bbox 1901 3618 3498 3691">
     <span class='ocr_line' id='line_1_79' title="bbox 1901 3618 3498 3691; baseline -0.001 -18"><span class='ocrx_word' id='word_1_576' title='bbox 1901 3619 1965 3674; x_wconf 91' lang='lat' dir='ltr'><strong>de</strong></span> <span class='ocrx_word' id='word_1_577' title='bbox 1992 3620 2210 3690; x_wconf 84' lang='lat' dir='ltr'><strong>ﬂumine</strong></span> <span class='ocrx_word' id='word_1_578' title='bbox 2236 3619 2408 3690; x_wconf 63' lang='lat' dir='ltr'><strong>foedae,</strong></span> <span class='ocrx_word' id='word_1_579' title='bbox 2459 3620 2811 3691; x_wconf 62' lang='lat' dir='ltr'><strong>coniectaeque</strong></span> <span class='ocrx_word' id='word_1_580' title='bbox 2852 3622 3020 3675; x_wconf 87' lang='lat' dir='ltr'><strong>macie</strong></span> <span class='ocrx_word' id='word_1_581' title='bbox 3062 3630 3108 3675; x_wconf 87' lang='lat' dir='ltr'><strong>et</strong></span> <span class='ocrx_word' id='word_1_582' title='bbox 3149 3618 3498 3689; x_wconf 84' lang='lat' dir='ltr'><strong>pascebantur</strong></span> 
     </span>
    </p>
   </div>
   <div class='ocr_carea' id='block_1_80' title="bbox 1900 3710 3489 3784">
    <p class='ocr_par' dir='ltr' id='par_1_80' title="bbox 1900 3710 3489 3784">
     <span class='ocr_line' id='line_1_80' title="bbox 1900 3710 3489 3784; baseline -0.001 -19"><span class='ocrx_word' id='word_1_583' title='bbox 1900 3713 1957 3766; x_wconf 88' lang='lat' dir='ltr'><strong>in</strong></span> <span class='ocrx_word' id='word_1_584' title='bbox 1982 3714 2096 3783; x_wconf 87' lang='lat' dir='ltr'><strong>ipsa</strong></span> <span class='ocrx_word' id='word_1_585' title='bbox 2124 3713 2293 3767; x_wconf 88' lang='lat' dir='ltr'><strong>amnis</strong></span> <span class='ocrx_word' id='word_1_586' title='bbox 2325 3712 2441 3784; x_wconf 87' lang='lat' dir='ltr'><strong>ripa</strong></span> <span class='ocrx_word' id='word_1_587' title='bbox 2467 3712 2524 3766; x_wconf 90' lang='lat' dir='ltr'><strong>in</strong></span> <span class='ocrx_word' id='word_1_588' title='bbox 2552 3711 2680 3767; x_wconf 90' lang='lat' dir='ltr'><strong>locis</strong></span> <span class='ocrx_word' id='word_1_589' title='bbox 2724 3712 3028 3767; x_wconf 87' lang='lat' dir='ltr'><strong>virentibus.</strong></span> <span class='ocrx_word' id='word_1_590' title='bbox 3073 3710 3489 3766; x_wconf 77' lang='lat' dir='ltr'><strong>Devoraverunt-</strong></span> 
     </span>
    </p>
   </div>
   <div class='ocr_carea' id='block_1_81' title="bbox 1900 3801 3495 3877">
    <p class='ocr_par' dir='ltr' id='par_1_81' title="bbox 1900 3801 3495 3877">
     <span class='ocr_line' id='line_1_81' title="bbox 1900 3801 3495 3877; baseline -0.004 -18"><span class='ocrx_word' id='word_1_591' title='bbox 1900 3823 2001 3877; x_wconf 90' lang='lat' dir='ltr'><strong>que</strong></span> <span class='ocrx_word' id='word_1_592' title='bbox 2035 3823 2123 3860; x_wconf 90' lang='lat' dir='ltr'><strong>eas</strong></span> <span class='ocrx_word' id='word_1_593' title='bbox 2167 3822 2393 3877; x_wconf 80' lang='lat' dir='ltr'><strong>quarunt</strong></span> <span class='ocrx_word' id='word_1_594' title='bbox 2436 3806 2572 3859; x_wconf 88' lang='lat' dir='ltr'><strong>mira</strong></span> <span class='ocrx_word' id='word_1_595' title='bbox 2614 3804 2820 3875; x_wconf 76' lang='lat' dir='ltr'><strong>species</strong></span> <span class='ocrx_word' id='word_1_596' title='bbox 2848 3814 2895 3857; x_wconf 92' lang='lat' dir='ltr'><strong>et</strong></span> <span class='ocrx_word' id='word_1_597' title='bbox 2926 3801 3183 3857; x_wconf 79' lang='lat' dir='ltr'><strong>habitudo</strong></span> <span class='ocrx_word' id='word_1_598' title='bbox 3217 3816 3495 3872; x_wconf 87' lang='lat' dir='ltr'><strong>corporum</strong></span> 
     </span>
    </p>
   </div>
   <div class='ocr_carea' id='block_1_82' title="bbox 1902 3893 3499 3971">
    <p class='ocr_par' dir='ltr' id='par_1_82' title="bbox 1902 3893 3499 3971">
     <span class='ocr_line' id='line_1_82' title="bbox 1902 3893 3499 3971; baseline -0.006 -15"><span class='ocrx_word' id='word_1_599' title='bbox 1902 3911 2032 3957; x_wconf 89' lang='lat' dir='ltr'><strong>erat.</strong></span> <span class='ocrx_word' id='word_1_600' title='bbox 2063 3899 2477 3971; x_wconf 72' lang='lat' dir='ltr'><strong>Expergefactus</strong></span> <span class='ocrx_word' id='word_1_601' title='bbox 2506 3897 2740 3964; x_wconf 87' lang='lat' dir='ltr'><strong>Pharao,</strong></span> <span class='ocrx_word' id='word_1_602' title='bbox 2763 3913 2973 3952; x_wconf 88' lang='lat' dir='ltr'><strong>rursum</strong></span> <span class='ocrx_word' id='word_1_603' title='bbox 2999 3895 3262 3958; x_wconf 89' lang='lat' dir='ltr'><strong>dormivit,</strong></span> <span class='ocrx_word' id='word_1_604' title='bbox 3300 3902 3349 3948; x_wconf 94' lang='lat' dir='ltr'><strong>et</strong></span> <span class='ocrx_word' id='word_1_605' title='bbox 3374 3893 3499 3947; x_wconf 88' lang='lat' dir='ltr'><strong>vidit</strong></span> 
     </span>
    </p>
   </div>
   <div class='ocr_carea' id='block_1_83' title="bbox 1904 3981 3498 4059">
    <p class='ocr_par' dir='ltr' id='par_1_83' title="bbox 1904 3981 3498 4059">
     <span class='ocr_line' id='line_1_83' title="bbox 1904 3981 3498 4059; baseline -0.006 -14"><span class='ocrx_word' id='word_1_606' title='bbox 1904 3990 2129 4046; x_wconf 88' lang='lat' dir='ltr'><strong>alterum</strong></span> <span class='ocrx_word' id='word_1_607' title='bbox 2154 3990 2437 4044; x_wconf 89' lang='lat' dir='ltr'><strong>somnium.</strong></span> <span class='ocrx_word' id='word_1_608' title='bbox 2468 3986 2679 4059; x_wconf 89' lang='lat' dir='ltr'><strong>Septem</strong></span> <span class='ocrx_word' id='word_1_609' title='bbox 2705 3989 2865 4059; x_wconf 76' lang='lat' dir='ltr'><strong>spica:</strong></span> <span class='ocrx_word' id='word_1_610' title='bbox 2887 3986 3221 4057; x_wconf 85' lang='lat' dir='ltr'><strong>pullulabant</strong></span> <span class='ocrx_word' id='word_1_611' title='bbox 3246 3985 3304 4038; x_wconf 90' lang='lat' dir='ltr'><strong>in</strong></span> <span class='ocrx_word' id='word_1_612' title='bbox 3323 3981 3498 4037; x_wconf 88' lang='lat' dir='ltr'><strong>culmo</strong></span> 
     </span>
    </p>
   </div>
   <div class='ocr_carea' id='block_1_84' title="bbox 1906 4077 3500 4157">
    <p class='ocr_par' dir='ltr' id='par_1_84' title="bbox 1906 4077 3500 4157">
     <span class='ocr_line' id='line_1_84' title="bbox 1906 4077 3500 4157; baseline -0.006 -18"><span class='ocrx_word' id='word_1_613' title='bbox 1906 4102 2031 4151; x_wconf 90' lang='lat' dir='ltr'><strong>uno,</strong></span> <span class='ocrx_word' id='word_1_614' title='bbox 2053 4084 2221 4157; x_wconf 66' lang='lat' dir='ltr'><strong>plenae</strong></span> <span class='ocrx_word' id='word_1_615' title='bbox 2243 4093 2398 4155; x_wconf 90' lang='lat' dir='ltr'><strong>atque</strong></span> <span class='ocrx_word' id='word_1_616' title='bbox 2425 4082 2707 4153; x_wconf 68' lang='lat' dir='ltr'><strong>formosae;</strong></span> <span class='ocrx_word' id='word_1_617' title='bbox 2731 4082 2852 4136; x_wconf 77' lang='lat' dir='ltr'><strong>alia:</strong></span> <span class='ocrx_word' id='word_1_618' title='bbox 2874 4096 3078 4151; x_wconf 89' lang='lat' dir='ltr'><strong>quoque</strong></span> <span class='ocrx_word' id='word_1_619' title='bbox 3104 4078 3319 4133; x_wconf 86' lang='lat' dir='ltr'><strong>totidem</strong></span> <span class='ocrx_word' id='word_1_620' title='bbox 3344 4077 3500 4147; x_wconf 68' lang='lat' dir='ltr'><strong>spica:</strong></span> 
     </span>
    </p>
   </div>
   <div class='ocr_carea' id='block_1_85' title="bbox 1906 4169 3502 4247">
    <p class='ocr_par' dir='ltr' id='par_1_85' title="bbox 1906 4169 3502 4247">
     <span class='ocr_line' id='line_1_85' title="bbox 1906 4169 3502 4247; baseline -0.007 -16"><span class='ocrx_word' id='word_1_621' title='bbox 1906 4185 2104 4242; x_wconf 87' lang='lat' dir='ltr'><strong>tenues,</strong></span> <span class='ocrx_word' id='word_1_622' title='bbox 2147 4184 2197 4230; x_wconf 92' lang='lat' dir='ltr'><strong>et</strong></span> <span class='ocrx_word' id='word_1_623' title='bbox 2243 4191 2504 4247; x_wconf 74' lang='lat' dir='ltr'><strong>percussa:</strong></span> <span class='ocrx_word' id='word_1_624' title='bbox 2557 4173 2775 4229; x_wconf 88' lang='lat' dir='ltr'><strong>uredine</strong></span> <span class='ocrx_word' id='word_1_625' title='bbox 2825 4171 3151 4236; x_wconf 82' lang='lat' dir='ltr'><strong>oriebantur,</strong></span> <span class='ocrx_word' id='word_1_626' title='bbox 3198 4169 3502 4223; x_wconf 87' lang='lat' dir='ltr'><strong>devorantes</strong></span> 
     </span>
    </p>
   </div>
   <div class='ocr_carea' id='block_1_86' title="bbox 1906 4263 3505 4341">
    <p class='ocr_par' dir='ltr' id='par_1_86' title="bbox 1906 4263 3505 4341">
     <span class='ocr_line' id='line_1_86' title="bbox 1906 4263 3505 4341; baseline -0.006 -16"><span class='ocrx_word' id='word_1_627' title='bbox 1906 4286 2110 4325; x_wconf 89' lang='lat' dir='ltr'><strong>omnem</strong></span> <span class='ocrx_word' id='word_1_628' title='bbox 2147 4270 2384 4341; x_wconf 88' lang='lat' dir='ltr'><strong>priorum</strong></span> <span class='ocrx_word' id='word_1_629' title='bbox 2422 4267 2886 4340; x_wconf 85' lang='lat' dir='ltr'><strong>pulchritudinem.</strong></span> <span class='ocrx_word' id='word_1_630' title='bbox 2914 4264 3189 4337; x_wconf 83' lang='lat' dir='ltr'><strong>Evigilans</strong></span> <span class='ocrx_word' id='word_1_631' title='bbox 3214 4270 3329 4334; x_wconf 88' lang='lat' dir='ltr'><strong>post</strong></span> <span class='ocrx_word' id='word_1_632' title='bbox 3359 4263 3505 4333; x_wconf 89' lang='lat' dir='ltr'><strong>quie-</strong></span> 
     </span>
    </p>
   </div>
   <div class='ocr_carea' id='block_1_87' title="bbox 1906 4357 3504 4433">
    <p class='ocr_par' dir='ltr' id='par_1_87' title="bbox 1906 4357 3504 4433">
     <span class='ocr_line' id='line_1_87' title="bbox 1906 4357 3504 4433; baseline -0.006 -16"><span class='ocrx_word' id='word_1_633' title='bbox 1906 4373 2030 4431; x_wconf 90' lang='lat' dir='ltr'><strong>tem,</strong></span> <span class='ocrx_word' id='word_1_634' title='bbox 2058 4373 2106 4418; x_wconf 88' lang='lat' dir='ltr'><strong>et</strong></span> <span class='ocrx_word' id='word_1_635' title='bbox 2135 4364 2273 4433; x_wconf 82' lang='lat' dir='ltr'><strong>facto</strong></span> <span class='ocrx_word' id='word_1_636' title='bbox 2303 4379 2477 4427; x_wconf 89' lang='lat' dir='ltr'><strong>mane,</strong></span> <span class='ocrx_word' id='word_1_637' title='bbox 2504 4378 2695 4432; x_wconf 89' lang='lat' dir='ltr'><strong>pavore</strong></span> <span class='ocrx_word' id='word_1_638' title='bbox 2718 4361 3046 4432; x_wconf 85' lang='lat' dir='ltr'><strong>perterritus,</strong></span> <span class='ocrx_word' id='word_1_639' title='bbox 3076 4358 3220 4414; x_wconf 90' lang='lat' dir='ltr'><strong>misit</strong></span> <span class='ocrx_word' id='word_1_640' title='bbox 3264 4357 3333 4411; x_wconf 90' lang='lat' dir='ltr'><strong>ad</strong></span> <span class='ocrx_word' id='word_1_641' title='bbox 3374 4371 3504 4410; x_wconf 90' lang='lat' dir='ltr'><strong>con-</strong></span> 
     </span>
    </p>
   </div>
   <div class='ocr_carea' id='block_1_88' title="bbox 1898 4447 3505 4528">
    <p class='ocr_par' dir='ltr' id='par_1_88' title="bbox 1898 4447 3505 4528">
     <span class='ocr_line' id='line_1_88' title="bbox 1898 4447 3505 4528; baseline -0.007 -17"><span class='ocrx_word' id='word_1_642' title='bbox 1898 4457 2128 4528; x_wconf 88' lang='lat' dir='ltr'><strong>jectores</strong></span> <span class='ocrx_word' id='word_1_643' title='bbox 2155 4455 2398 4527; x_wconf 60' lang='lat' dir='ltr'><strong>Egypti,</strong></span> <span class='ocrx_word' id='word_1_644' title='bbox 2452 4463 2767 4523; x_wconf 87' lang='lat' dir='ltr'><strong>cunctosque</strong></span> <span class='ocrx_word' id='word_1_645' title='bbox 2816 4453 3097 4523; x_wconf 87' lang='lat' dir='ltr'><strong>sapientes,</strong></span> <span class='ocrx_word' id='word_1_646' title='bbox 3147 4460 3195 4504; x_wconf 89' lang='lat' dir='ltr'><strong>et</strong></span> <span class='ocrx_word' id='word_1_647' title='bbox 3237 4447 3505 4503; x_wconf 87' lang='lat' dir='ltr'><strong>accersitis</strong></span> 
     </span>
    </p>
   </div>
   <div class='ocr_carea' id='block_1_89' title="bbox 1908 4536 3504 4614">
    <p class='ocr_par' dir='ltr' id='par_1_89' title="bbox 1908 4536 3504 4614">
     <span class='ocr_line' id='line_1_89' title="bbox 1908 4536 3504 4614; baseline -0.007 -13"><span class='ocrx_word' id='word_1_648' title='bbox 1908 4548 2142 4602; x_wconf 86' lang='lat' dir='ltr'><strong>narravit</strong></span> <span class='ocrx_word' id='word_1_649' title='bbox 2158 4545 2442 4611; x_wconf 88' lang='lat' dir='ltr'><strong>somnium,</strong></span> <span class='ocrx_word' id='word_1_650' title='bbox 2471 4560 2564 4597; x_wconf 90' lang='lat' dir='ltr'><strong>nec</strong></span> <span class='ocrx_word' id='word_1_651' title='bbox 2583 4554 2697 4599; x_wconf 91' lang='lat' dir='ltr'><strong>erat</strong></span> <span class='ocrx_word' id='word_1_652' title='bbox 2717 4544 2810 4614; x_wconf 86' lang='lat' dir='ltr'><strong>qui</strong></span> <span class='ocrx_word' id='word_1_653' title='bbox 2834 4544 3285 4611; x_wconf 87' lang='lat' dir='ltr'><strong>interpretaretur.</strong></span> <span class='ocrx_word' id='word_1_654' title='bbox 3315 4536 3504 4609; x_wconf 84' lang='lat' dir='ltr'><strong>(Aug.)</strong></span> 
     </span>
    </p>
   </div>
   <div class='ocr_carea' id='block_1_90' title="bbox 1909 4630 3508 4707">
    <p class='ocr_par' dir='ltr' id='par_1_90' title="bbox 1909 4630 3508 4707">
     <span class='ocr_line' id='line_1_90' title="bbox 1909 4630 3508 4707; baseline -0.005 -13"><span class='ocrx_word' id='word_1_655' title='bbox 1909 4637 2064 4705; x_wconf 81' lang='lat' dir='ltr'><strong>Quod</strong></span> <span class='ocrx_word' id='word_1_656' title='bbox 2087 4638 2315 4707; x_wconf 87' lang='lat' dir='ltr'><strong>putabat</strong></span> <span class='ocrx_word' id='word_1_657' title='bbox 2340 4650 2398 4690; x_wconf 91' lang='lat' dir='ltr'><strong>se</strong></span> <span class='ocrx_word' id='word_1_658' title='bbox 2435 4642 2580 4689; x_wconf 89' lang='lat' dir='ltr'><strong>stare</strong></span> <span class='ocrx_word' id='word_1_659' title='bbox 2618 4633 2834 4688; x_wconf 81' lang='lat' dir='ltr'><strong>Pharao</strong></span> <span class='ocrx_word' id='word_1_660' title='bbox 2870 4646 3034 4704; x_wconf 89' lang='lat' dir='ltr'><strong>super</strong></span> <span class='ocrx_word' id='word_1_661' title='bbox 3069 4630 3287 4696; x_wconf 84' lang='lat' dir='ltr'><strong>ﬁumen,</strong></span> <span class='ocrx_word' id='word_1_662' title='bbox 3317 4645 3508 4701; x_wconf 86' lang='lat' dir='ltr'><strong>quem-</strong></span> 
     </span>
    </p>
   </div>
   <div class='ocr_carea' id='block_1_91' title="bbox 204 4701 3509 4801">
    <p class='ocr_par' dir='ltr' id='par_1_91' title="bbox 204 4701 3509 4801">
     <span class='ocr_line' id='line_1_91' title="bbox 204 4701 3509 4801; baseline -0.001 -20"><span class='ocrx_word' id='word_1_663' title='bbox 204 4744 329 4798; x_wconf 88' lang='lat' dir='ltr'><strong>ergo</strong></span> <span class='ocrx_word' id='word_1_664' title='bbox 358 4743 484 4782; x_wconf 84' lang='lat' dir='ltr'><strong>uvas</strong></span> <span class='ocrx_word' id='word_1_665' title='bbox 506 4737 551 4782; x_wconf 91' lang='lat' dir='ltr'><strong>et</strong></span> <span class='ocrx_word' id='word_1_666' title='bbox 578 4728 805 4798; x_wconf 75' lang='lat' dir='ltr'><strong>expressi</strong></span> <span class='ocrx_word' id='word_1_667' title='bbox 834 4728 891 4782; x_wconf 91' lang='lat' dir='ltr'><strong>in</strong></span> <span class='ocrx_word' id='word_1_668' title='bbox 912 4726 1128 4783; x_wconf 90' lang='lat' dir='ltr'><strong>calicem</strong></span> <span class='ocrx_word' id='word_1_669' title='bbox 1154 4745 1308 4801; x_wconf 89' lang='lat' dir='ltr'><strong>quem</strong></span> <span class='ocrx_word' id='word_1_670' title='bbox 1337 4729 1592 4795; x_wconf 88' lang='lat' dir='ltr'><strong>tenebam,</strong></span> <span class='ocrx_word' id='word_1_671' title='bbox 1618 4739 1667 4783; x_wconf 88' lang='lat' dir='ltr'><strong>et</strong></span> <span class='ocrx_word' id='word_1_672' title='bbox 1695 4740 1807 4784; x_wconf 89' lang='lat' dir='ltr'><strong>tra-</strong></span> <span class='ocrx_word' id='word_1_673' title='bbox 1829 4701 1885 4762; x_wconf 71' lang='grc' dir='ltr'><strong><em>Β</em></strong></span> <span class='ocrx_word' id='word_1_674' title='bbox 1914 4731 2203 4787; x_wconf 86' lang='lat' dir='ltr'><strong>admodum</strong></span> <span class='ocrx_word' id='word_1_675' title='bbox 2251 4742 2441 4783; x_wconf 85' lang='lat' dir='ltr'><strong>servus</strong></span> <span class='ocrx_word' id='word_1_676' title='bbox 2483 4725 2717 4780; x_wconf 74' lang='lat' dir='ltr'><strong>Abraha:</strong></span> <span class='ocrx_word' id='word_1_677' title='bbox 2751 4725 2924 4780; x_wconf 79' lang='lat' dir='ltr'><strong>dixit:</strong></span> <span class='ocrx_word' id='word_1_678' title='bbox 2964 4722 3104 4779; x_wconf 87' lang='lat' dir='ltr'><strong>Ecce</strong></span> <span class='ocrx_word' id='word_1_679' title='bbox 3131 4739 3224 4794; x_wconf 90' lang='lat' dir='ltr'><strong>ego</strong></span> <span class='ocrx_word' id='word_1_680' title='bbox 3250 4732 3328 4778; x_wconf 89' lang='lat' dir='ltr'><strong>sto</strong></span> <span class='ocrx_word' id='word_1_681' title='bbox 3353 4740 3509 4794; x_wconf 86' lang='lat' dir='ltr'><strong>super</strong></span> 
     </span>
    </p>
   </div>
   <div class='ocr_carea' id='block_1_92' title="bbox 206 4815 1808 4892">
    <p class='ocr_par' dir='ltr' id='par_1_92' title="bbox 206 4815 1808 4892">
     <span class='ocr_line' id='line_1_92' title="bbox 206 4815 1808 4892; baseline 0.001 -19"><span class='ocrx_word' id='word_1_682' title='bbox 206 4819 322 4873; x_wconf 88' lang='lat' dir='ltr'><strong>didi</strong></span> <span class='ocrx_word' id='word_1_683' title='bbox 344 4818 592 4890; x_wconf 90' lang='lat' dir='ltr'><strong>poculum</strong></span> <span class='ocrx_word' id='word_1_684' title='bbox 623 4815 919 4874; x_wconf 88' lang='lat' dir='ltr'><strong>Pharaoni.</strong></span> <span class='ocrx_word' id='word_1_685' title='bbox 953 4818 1021 4873; x_wconf 86' lang='lat' dir='ltr'><strong>Et</strong></span> <span class='ocrx_word' id='word_1_686' title='bbox 1047 4836 1183 4885; x_wconf 89' lang='lat' dir='ltr'><strong>ecce,</strong></span> <span class='ocrx_word' id='word_1_687' title='bbox 1226 4820 1417 4892; x_wconf 89' lang='lat' dir='ltr'><strong>inquit,</strong></span> <span class='ocrx_word' id='word_1_688' title='bbox 1460 4820 1576 4875; x_wconf 88' lang='lat' dir='ltr'><strong>vitis</strong></span> <span class='ocrx_word' id='word_1_689' title='bbox 1600 4820 1656 4875; x_wconf 92' lang='lat' dir='ltr'><strong>in</strong></span> <span class='ocrx_word' id='word_1_690' title='bbox 1684 4836 1808 4874; x_wconf 89' lang='lat' dir='ltr'><strong>con-</strong></span> 
     </span>
    </p>
   </div>
   <div class='ocr_carea' id='block_1_93' title="bbox 208 4908 1807 4985">
    <p class='ocr_par' dir='ltr' id='par_1_93' title="bbox 208 4908 1807 4985">
     <span class='ocr_line' id='line_1_93' title="bbox 208 4908 1807 4985; baseline 0.003 -20"><span class='ocrx_word' id='word_1_691' title='bbox 208 4920 392 4983; x_wconf 88' lang='lat' dir='ltr'><strong>spectu</strong></span> <span class='ocrx_word' id='word_1_692' title='bbox 418 4928 555 4978; x_wconf 89' lang='lat' dir='ltr'><strong>meo,</strong></span> <span class='ocrx_word' id='word_1_693' title='bbox 601 4920 651 4966; x_wconf 91' lang='lat' dir='ltr'><strong>et</strong></span> <span class='ocrx_word' id='word_1_694' title='bbox 678 4913 735 4966; x_wconf 88' lang='lat' dir='ltr'><strong>in</strong></span> <span class='ocrx_word' id='word_1_695' title='bbox 780 4912 877 4967; x_wconf 85' lang='lat' dir='ltr'><strong>vite</strong></span> <span class='ocrx_word' id='word_1_696' title='bbox 902 4921 1006 4967; x_wconf 91' lang='lat' dir='ltr'><strong>tres</strong></span> <span class='ocrx_word' id='word_1_697' title='bbox 1054 4911 1230 4983; x_wconf 79' lang='lat' dir='ltr'><strong>fundi,</strong></span> <span class='ocrx_word' id='word_1_698' title='bbox 1276 4923 1323 4968; x_wconf 92' lang='lat' dir='ltr'><strong>et</strong></span> <span class='ocrx_word' id='word_1_699' title='bbox 1365 4908 1480 4985; x_wconf 80' lang='lat' dir='ltr'><strong>ipsa</strong></span> <span class='ocrx_word' id='word_1_700' title='bbox 1508 4916 1807 4985; x_wconf 86' lang='lat' dir='ltr'><strong>germinans</strong></span> 
     </span>
    </p>
   </div>
   <div class='ocr_carea' id='block_1_94' title="bbox 211 5003 1812 5079">
    <p class='ocr_par' dir='ltr' id='par_1_94' title="bbox 211 5003 1812 5079">
     <span class='ocr_line' id='line_1_94' title="bbox 211 5003 1812 5079; baseline 0.002 -20"><span class='ocrx_word' id='word_1_701' title='bbox 211 5013 317 5059; x_wconf 88' lang='lat' dir='ltr'><strong>tres</strong></span> <span class='ocrx_word' id='word_1_702' title='bbox 343 5004 557 5075; x_wconf 80' lang='lat' dir='ltr'><strong>fundos.</strong></span> <span class='ocrx_word' id='word_1_703' title='bbox 587 5004 713 5060; x_wconf 87' lang='lat' dir='ltr'><strong>Tria</strong></span> <span class='ocrx_word' id='word_1_704' title='bbox 746 5003 955 5077; x_wconf 84' lang='lat' dir='ltr'><strong>ﬂagella</strong></span> <span class='ocrx_word' id='word_1_705' title='bbox 1000 5012 1055 5061; x_wconf 91' lang='lat' dir='ltr'><strong>et</strong></span> <span class='ocrx_word' id='word_1_706' title='bbox 1082 5014 1193 5062; x_wconf 90' lang='lat' dir='ltr'><strong>tres</strong></span> <span class='ocrx_word' id='word_1_707' title='bbox 1222 5021 1426 5074; x_wconf 89' lang='lat' dir='ltr'><strong>ramos,</strong></span> <span class='ocrx_word' id='word_1_708' title='bbox 1464 5008 1578 5063; x_wconf 85' lang='lat' dir='ltr'><strong>sive</strong></span> <span class='ocrx_word' id='word_1_709' title='bbox 1615 5023 1812 5079; x_wconf 80' lang='lat' dir='ltr'><strong>propa-</strong></span> 
     </span>
    </p>
   </div>
   <div class='ocr_carea' id='block_1_95' title="bbox 214 5096 1808 5172">
    <p class='ocr_par' dir='ltr' id='par_1_95' title="bbox 214 5096 1808 5172">
     <span class='ocr_line' id='line_1_95' title="bbox 214 5096 1808 5172; baseline 0.002 -18"><span class='ocrx_word' id='word_1_710' title='bbox 214 5099 395 5172; x_wconf 89' lang='lat' dir='ltr'><strong>gines,</strong></span> <span class='ocrx_word' id='word_1_711' title='bbox 437 5096 666 5155; x_wconf 74' lang='lat' dir='ltr'><strong>Hebraeo</strong></span> <span class='ocrx_word' id='word_1_712' title='bbox 708 5112 962 5155; x_wconf 86' lang='lat' dir='ltr'><strong>sermone</strong></span> <span class='ocrx_word' id='word_1_713' title='bbox 997 5099 1285 5170; x_wconf 88' lang='lat' dir='ltr'><strong>signiﬁcat,</strong></span> <span class='ocrx_word' id='word_1_714' title='bbox 1333 5115 1453 5170; x_wconf 69' lang='lat' dir='ltr'><strong>quae</strong></span> <span class='ocrx_word' id='word_1_715' title='bbox 1486 5101 1555 5158; x_wconf 84' lang='lat' dir='ltr'><strong>ab</strong></span> <span class='ocrx_word' id='word_1_716' title='bbox 1584 5100 1691 5157; x_wconf 89' lang='lat' dir='ltr'><strong>illis</strong></span> <span class='ocrx_word' id='word_1_717' title='bbox 1710 5117 1808 5157; x_wconf 84' lang='lat' dir='ltr'><strong>vo-</strong></span> 
     </span>
    </p>
   </div>
   <div class='ocr_carea' id='block_1_96' title="bbox 216 5190 947 5261">
    <p class='ocr_par' dir='ltr' id='par_1_96' title="bbox 216 5190 947 5261">
     <span class='ocr_line' id='line_1_96' title="bbox 216 5190 947 5261; baseline -0.004 -15"><span class='ocrx_word' id='word_1_718' title='bbox 216 5198 415 5246; x_wconf 88' lang='lat' dir='ltr'><strong>cantur</strong></span> <span class='ocrx_word' id='word_1_719' title='bbox 444 5190 682 5261; x_wconf 89' lang='lat' dir='ltr'><strong>sarigim,</strong></span> <span class='ocrx_word' id='word_1_720' title='bbox 710 5197 947 5252; x_wconf 57' lang='lat' dir='ltr'><strong>aur-1w.</strong></span> 
     </span>
    </p>
   </div>
   <div class='ocr_carea' id='block_1_97' title="bbox 298 5281 1816 5356">
    <p class='ocr_par' dir='ltr' id='par_1_97' title="bbox 298 5281 1816 5356">
     <span class='ocr_line' id='line_1_97' title="bbox 298 5281 1816 5356; baseline 0.001 -19"><span class='ocrx_word' id='word_1_721' title='bbox 298 5281 495 5338; x_wconf 78' lang='lat' dir='ltr'><strong>Videas</strong></span> <span class='ocrx_word' id='word_1_722' title='bbox 540 5292 715 5338; x_wconf 89' lang='lat' dir='ltr'><strong>autem</strong></span> <span class='ocrx_word' id='word_1_723' title='bbox 758 5282 1014 5354; x_wconf 86' lang='lat' dir='ltr'><strong>pistorum</strong></span> <span class='ocrx_word' id='word_1_724' title='bbox 1058 5284 1306 5355; x_wconf 87' lang='lat' dir='ltr'><strong>magister</strong></span> <span class='ocrx_word' id='word_1_725' title='bbox 1352 5283 1491 5356; x_wconf 92' lang='lat' dir='ltr'><strong>quod</strong></span> <span class='ocrx_word' id='word_1_726' title='bbox 1531 5283 1816 5355; x_wconf 87' lang='lat' dir='ltr'><strong>prudenter</strong></span> 
     </span>
    </p>
   </div>
   <div class='ocr_carea' id='block_1_98' title="bbox 219 5375 1814 5448">
    <p class='ocr_par' dir='ltr' id='par_1_98' title="bbox 219 5375 1814 5448">
     <span class='ocr_line' id='line_1_98' title="bbox 219 5375 1814 5448; baseline 0.002 -19"><span class='ocrx_word' id='word_1_727' title='bbox 219 5375 485 5429; x_wconf 83' lang='lat' dir='ltr'><strong>somnium</strong></span> <span class='ocrx_word' id='word_1_728' title='bbox 512 5375 864 5440; x_wconf 88' lang='lat' dir='ltr'><strong>dissolvisset,</strong></span> <span class='ocrx_word' id='word_1_729' title='bbox 887 5376 961 5429; x_wconf 91' lang='lat' dir='ltr'><strong>ait</strong></span> <span class='ocrx_word' id='word_1_730' title='bbox 985 5392 1001 5430; x_wconf 92' lang='lat'><em>:</em></span> <span class='ocrx_word' id='word_1_731' title='bbox 1036 5375 1105 5430; x_wconf 84' lang='lat' dir='ltr'><strong>Et</strong></span> <span class='ocrx_word' id='word_1_732' title='bbox 1126 5393 1218 5447; x_wconf 90' lang='lat' dir='ltr'><strong>ego</strong></span> <span class='ocrx_word' id='word_1_733' title='bbox 1243 5375 1348 5431; x_wconf 90' lang='lat' dir='ltr'><strong>vidi</strong></span> <span class='ocrx_word' id='word_1_734' title='bbox 1369 5378 1649 5442; x_wconf 90' lang='lat' dir='ltr'><strong>somnium,</strong></span> <span class='ocrx_word' id='word_1_735' title='bbox 1672 5377 1814 5448; x_wconf 89' lang='lat' dir='ltr'><strong>quod</strong></span> 
     </span>
    </p>
   </div>
   <div class='ocr_carea' id='block_1_99' title="bbox 221 5474 1818 5550">
    <p class='ocr_par' dir='ltr' id='par_1_99' title="bbox 221 5474 1818 5550">
     <span class='ocr_line' id='line_1_99' title="bbox 221 5474 1818 5550; baseline 0.003 -22"><span class='ocrx_word' id='word_1_736' title='bbox 221 5474 469 5531; x_wconf 89' lang='lat' dir='ltr'><strong>haberem</strong></span> <span class='ocrx_word' id='word_1_737' title='bbox 497 5475 601 5530; x_wconf 86' lang='lat' dir='ltr'><strong>tria</strong></span> <span class='ocrx_word' id='word_1_738' title='bbox 625 5474 855 5530; x_wconf 86' lang='lat' dir='ltr'><strong>canistra</strong></span> <span class='ocrx_word' id='word_1_739' title='bbox 895 5476 1085 5545; x_wconf 76' lang='lat' dir='ltr'><strong>farina:</strong></span> <span class='ocrx_word' id='word_1_740' title='bbox 1115 5494 1273 5549; x_wconf 88' lang='lat' dir='ltr'><strong>super</strong></span> <span class='ocrx_word' id='word_1_741' title='bbox 1293 5488 1448 5550; x_wconf 89' lang='lat' dir='ltr'><strong>caput</strong></span> <span class='ocrx_word' id='word_1_742' title='bbox 1469 5493 1665 5542; x_wconf 89' lang='lat' dir='ltr'><strong>meum,</strong></span> <span class='ocrx_word' id='word_1_743' title='bbox 1688 5485 1736 5531; x_wconf 91' lang='lat' dir='ltr'><strong>et</strong></span> <span class='ocrx_word' id='word_1_744' title='bbox 1761 5479 1818 5533; x_wconf 89' lang='lat' dir='ltr'><strong>in</strong></span> 
     </span>
    </p>
   </div>
   <div class='ocr_carea' id='block_1_100' title="bbox 223 5568 1811 5642">
    <p class='ocr_par' dir='ltr' id='par_1_100' title="bbox 223 5568 1811 5642">
     <span class='ocr_line' id='line_1_100' title="bbox 223 5568 1811 5642; baseline 0.004 -21"><span class='ocrx_word' id='word_1_745' title='bbox 223 5584 332 5621; x_wconf 88' lang='lat' dir='ltr'><strong>uno</strong></span> <span class='ocrx_word' id='word_1_746' title='bbox 376 5568 603 5623; x_wconf 89' lang='lat' dir='ltr'><strong>canistro</strong></span> <span class='ocrx_word' id='word_1_747' title='bbox 643 5568 783 5642; x_wconf 85' lang='lat' dir='ltr'><strong>quod</strong></span> <span class='ocrx_word' id='word_1_748' title='bbox 825 5578 938 5623; x_wconf 88' lang='lat' dir='ltr'><strong>erat</strong></span> <span class='ocrx_word' id='word_1_749' title='bbox 965 5569 1238 5638; x_wconf 75' lang='lat' dir='ltr'><strong>excelsius,</strong></span> <span class='ocrx_word' id='word_1_750' title='bbox 1271 5582 1480 5642; x_wconf 89' lang='lat' dir='ltr'><strong>portare</strong></span> <span class='ocrx_word' id='word_1_751' title='bbox 1525 5587 1606 5626; x_wconf 90' lang='lat' dir='ltr'><strong>me</strong></span> <span class='ocrx_word' id='word_1_752' title='bbox 1634 5587 1811 5627; x_wconf 88' lang='lat' dir='ltr'><strong>omnes</strong></span> 
     </span>
    </p>
   </div>
   <div class='ocr_carea' id='block_1_101' title="bbox 225 5661 1810 5736">
    <p class='ocr_par' dir='ltr' id='par_1_101' title="bbox 225 5661 1810 5736">
     <span class='ocr_line' id='line_1_101' title="bbox 225 5661 1810 5736; baseline 0.004 -20"><span class='ocrx_word' id='word_1_753' title='bbox 225 5661 371 5716; x_wconf 87' lang='lat' dir='ltr'><strong>cibos</strong></span> <span class='ocrx_word' id='word_1_754' title='bbox 394 5663 483 5733; x_wconf 90' lang='lat' dir='ltr'><strong>qui</strong></span> <span class='ocrx_word' id='word_1_755' title='bbox 504 5662 639 5734; x_wconf 80' lang='lat' dir='ltr'><strong>ﬁunt</strong></span> <span class='ocrx_word' id='word_1_756' title='bbox 670 5672 782 5717; x_wconf 83' lang='lat' dir='ltr'><strong>arte</strong></span> <span class='ocrx_word' id='word_1_757' title='bbox 804 5664 1042 5734; x_wconf 90' lang='lat' dir='ltr'><strong>pistoria,</strong></span> <span class='ocrx_word' id='word_1_758' title='bbox 1080 5681 1298 5736; x_wconf 86' lang='lat' dir='ltr'><strong>avesque</strong></span> <span class='ocrx_word' id='word_1_759' title='bbox 1332 5665 1602 5721; x_wconf 87' lang='lat' dir='ltr'><strong>comedere</strong></span> <span class='ocrx_word' id='word_1_760' title='bbox 1641 5682 1706 5721; x_wconf 77' lang='lat' dir='ltr'><strong>ex</strong></span> <span class='ocrx_word' id='word_1_761' title='bbox 1729 5683 1810 5723; x_wconf 90' lang='lat' dir='ltr'><strong>eo.</strong></span> 
     </span>
    </p>
   </div>
   <div class='ocr_carea' id='block_1_102' title="bbox 227 5752 1819 5831">
    <p class='ocr_par' dir='ltr' id='par_1_102' title="bbox 227 5752 1819 5831">
     <span class='ocr_line' id='line_1_102' title="bbox 227 5752 1819 5831; baseline 0.004 -23"><span class='ocrx_word' id='word_1_762' title='bbox 227 5752 417 5827; x_wconf 63' lang='lat' dir='ltr'><strong>(Aug)</strong></span> <span class='ocrx_word' id='word_1_763' title='bbox 442 5753 546 5810; x_wconf 89' lang='lat' dir='ltr'><strong>Ubi</strong></span> <span class='ocrx_word' id='word_1_764' title='bbox 556 5755 645 5811; x_wconf 89' lang='lat' dir='ltr'><strong>hic</strong></span> <span class='ocrx_word' id='word_1_765' title='bbox 656 5755 711 5809; x_wconf 91' lang='lat' dir='ltr'><strong>in</strong></span> <span class='ocrx_word' id='word_1_766' title='bbox 724 5753 929 5811; x_wconf 75' lang='lat' dir='ltr'><strong>Latinis</strong></span> <span class='ocrx_word' id='word_1_767' title='bbox 941 5755 1304 5813; x_wconf 85' lang='lat' dir='ltr'><strong>voluminibus</strong></span> <span class='ocrx_word' id='word_1_768' title='bbox 1319 5761 1423 5813; x_wconf 83' lang='lat' dir='ltr'><strong>tria</strong></span> <span class='ocrx_word' id='word_1_769' title='bbox 1437 5762 1669 5815; x_wconf 88' lang='lat' dir='ltr'><strong>canistra</strong></span> <span class='ocrx_word' id='word_1_770' title='bbox 1685 5760 1819 5831; x_wconf 78' lang='lat' dir='ltr'><strong>fari-</strong></span> 
     </span>
    </p>
   </div>
   <div class='ocr_carea' id='block_1_103' title="bbox 228 5848 1823 5936">
    <p class='ocr_par' dir='ltr' id='par_1_103' title="bbox 228 5848 1823 5936">
     <span class='ocr_line' id='line_1_103' title="bbox 228 5848 1823 5936; baseline 0.004 -33"><span class='ocrx_word' id='word_1_771' title='bbox 228 5864 314 5903; x_wconf 77' lang='lat' dir='ltr'><strong>na:</strong></span> <span class='ocrx_word' id='word_1_772' title='bbox 339 5850 602 5920; x_wconf 85' lang='lat' dir='ltr'><strong>scriptum</strong></span> <span class='ocrx_word' id='word_1_773' title='bbox 612 5857 715 5916; x_wconf 90' lang='lat' dir='ltr'><strong>est,</strong></span> <span class='ocrx_word' id='word_1_774' title='bbox 730 5848 907 5907; x_wconf 66' lang='lat' dir='ltr'><strong>Graeci</strong></span> <span class='ocrx_word' id='word_1_775' title='bbox 920 5849 1121 5906; x_wconf 89' lang='lat' dir='ltr'><strong>habent</strong></span> <span class='ocrx_word' id='word_1_776' title='bbox 1135 5852 1449 5936; x_wconf 40' lang='grc' dir='ltr'><strong>,χόνδριτοη</strong></span> <span class='ocrx_word' id='word_1_777' title='bbox 1479 5854 1624 5923; x_wconf 91' lang='lat' dir='ltr'><strong>quod</strong></span> <span class='ocrx_word' id='word_1_778' title='bbox 1651 5854 1823 5910; x_wconf 83' lang='lat' dir='ltr'><strong>inter-</strong></span> 
     </span>
    </p>
   </div>
   <div class='ocr_carea' id='block_1_104' title="bbox 231 5941 1824 6017">
    <p class='ocr_par' dir='ltr' id='par_1_104' title="bbox 231 5941 1824 6017">
     <span class='ocr_line' id='line_1_104' title="bbox 231 5941 1824 6017; baseline 0.008 -23"><span class='ocrx_word' id='word_1_779' title='bbox 231 5949 521 6009; x_wconf 85' lang='lat' dir='ltr'><strong>pretantur</strong></span> <span class='ocrx_word' id='word_1_780' title='bbox 532 5941 623 6012; x_wconf 90' lang='lat' dir='ltr'><strong>qui</strong></span> <span class='ocrx_word' id='word_1_781' title='bbox 636 5956 791 5998; x_wconf 84' lang='lat' dir='ltr'><strong>usum</strong></span> <span class='ocrx_word' id='word_1_782' title='bbox 813 5941 1052 6011; x_wconf 85' lang='lat' dir='ltr'><strong>ejusdem</strong></span> <span class='ocrx_word' id='word_1_783' title='bbox 1065 5942 1261 6016; x_wconf 79' lang='lat' dir='ltr'><strong>linguae</strong></span> <span class='ocrx_word' id='word_1_784' title='bbox 1277 5945 1499 6014; x_wconf 86' lang='lat' dir='ltr'><strong>habent,</strong></span> <span class='ocrx_word' id='word_1_785' title='bbox 1513 5962 1682 6017; x_wconf 88' lang='lat' dir='ltr'><strong>panes</strong></span> <span class='ocrx_word' id='word_1_786' title='bbox 1703 5964 1824 6006; x_wconf 85' lang='lat' dir='ltr'><strong>esse</strong></span> 
     </span>
    </p>
   </div>
   <div class='ocr_carea' id='block_1_105' title="bbox 1916 4814 3511 4893">
    <p class='ocr_par' dir='ltr' id='par_1_105' title="bbox 1916 4814 3511 4893">
     <span class='ocr_line' id='line_1_105' title="bbox 1916 4814 3511 4893; baseline -0.005 -17"><span class='ocrx_word' id='word_1_787' title='bbox 1916 4822 2107 4893; x_wconf 79' lang='lat' dir='ltr'><strong>fontem</strong></span> <span class='ocrx_word' id='word_1_788' title='bbox 2136 4835 2286 4890; x_wconf 77' lang='lat' dir='ltr'><strong>aqua:</strong></span> <span class='ocrx_word' id='word_1_789' title='bbox 2316 4814 2469 4889; x_wconf 83' lang='lat' dir='ltr'><strong>(Gen.</strong></span> <span class='ocrx_word' id='word_1_790' title='bbox 2499 4815 2670 4889; x_wconf 70' lang='lat' dir='ltr'><strong>xxxv),</strong></span> <span class='ocrx_word' id='word_1_791' title='bbox 2701 4816 2818 4872; x_wconf 56' lang='lat' dir='ltr'><strong>haec</strong></span> <span class='ocrx_word' id='word_1_792' title='bbox 2856 4816 3059 4872; x_wconf 91' lang='lat' dir='ltr'><strong>locutio</strong></span> <span class='ocrx_word' id='word_1_793' title='bbox 3099 4817 3146 4870; x_wconf 90' lang='lat' dir='ltr'><strong>si</strong></span> <span class='ocrx_word' id='word_1_794' title='bbox 3176 4814 3511 4886; x_wconf 87' lang='lat' dir='ltr'><strong>intelligatur</strong></span> 
     </span>
    </p>
   </div>
   <div class='ocr_carea' id='block_1_106' title="bbox 1916 4910 3511 4983">
    <p class='ocr_par' dir='ltr' id='par_1_106' title="bbox 1916 4910 3511 4983">
     <span class='ocr_line' id='line_1_106' title="bbox 1916 4910 3511 4983; baseline -0.006 -13"><span class='ocrx_word' id='word_1_795' title='bbox 1916 4916 1971 4970; x_wconf 90' lang='lat' dir='ltr'><strong>in</strong></span> <span class='ocrx_word' id='word_1_796' title='bbox 1999 4913 2216 4970; x_wconf 84' lang='lat' dir='ltr'><strong>Psalmo</strong></span> <span class='ocrx_word' id='word_1_797' title='bbox 2245 4912 2337 4969; x_wconf 86' lang='lat' dir='ltr'><strong>ubi</strong></span> <span class='ocrx_word' id='word_1_798' title='bbox 2362 4913 2624 4983; x_wconf 89' lang='lat' dir='ltr'><strong>scriptum</strong></span> <span class='ocrx_word' id='word_1_799' title='bbox 2652 4920 2737 4967; x_wconf 89' lang='lat' dir='ltr'><strong>est</strong></span> <span class='ocrx_word' id='word_1_800' title='bbox 2760 4931 2772 4967; x_wconf 89' lang='lat'><strong>:</strong></span> <span class='ocrx_word' id='word_1_801' title='bbox 2807 4910 2912 4978; x_wconf 82' lang='lat' dir='ltr'><strong>Qui</strong></span> <span class='ocrx_word' id='word_1_802' title='bbox 2934 4912 3177 4982; x_wconf 82' lang='lat' dir='ltr'><strong>fundavit</strong></span> <span class='ocrx_word' id='word_1_803' title='bbox 3203 4920 3399 4965; x_wconf 90' lang='lat' dir='ltr'><strong>terram</strong></span> <span class='ocrx_word' id='word_1_804' title='bbox 3425 4924 3511 4961; x_wconf 62' lang='lat' dir='ltr'><strong>su»</strong></span> 
     </span>
    </p>
   </div>
   <div class='ocr_carea' id='block_1_107' title="bbox 1916 5002 3512 5080">
    <p class='ocr_par' dir='ltr' id='par_1_107' title="bbox 1916 5002 3512 5080">
     <span class='ocr_line' id='line_1_107' title="bbox 1916 5002 3512 5080; baseline -0.006 -18"><span class='ocrx_word' id='word_1_805' title='bbox 1916 5025 2008 5080; x_wconf 89' lang='lat' dir='ltr'><strong>per</strong></span> <span class='ocrx_word' id='word_1_806' title='bbox 2036 5023 2229 5078; x_wconf 92' lang='lat' dir='ltr'><strong>aquam</strong></span> <span class='ocrx_word' id='word_1_807' title='bbox 2260 5003 2433 5080; x_wconf 87' lang='lat' dir='ltr'><strong>(Psal.</strong></span> <span class='ocrx_word' id='word_1_808' title='bbox 2476 5004 2662 5078; x_wconf 81' lang='lat' dir='ltr'><strong>xxm),</strong></span> <span class='ocrx_word' id='word_1_809' title='bbox 2690 5020 2799 5060; x_wconf 90' lang='lat' dir='ltr'><strong>non</strong></span> <span class='ocrx_word' id='word_1_810' title='bbox 2843 5013 3108 5076; x_wconf 87' lang='lat' dir='ltr'><strong>coguntur</strong></span> <span class='ocrx_word' id='word_1_811' title='bbox 3131 5002 3379 5058; x_wconf 89' lang='lat' dir='ltr'><strong>homines</strong></span> <span class='ocrx_word' id='word_1_812' title='bbox 3412 5016 3512 5071; x_wconf 85' lang='lat' dir='ltr'><strong>pu-</strong></span> 
     </span>
    </p>
   </div>
   <div class='ocr_carea' id='block_1_108' title="bbox 1921 5090 3509 5165">
    <p class='ocr_par' dir='ltr' id='par_1_108' title="bbox 1921 5090 3509 5165">
     <span class='ocr_line' id='line_1_108' title="bbox 1921 5090 3509 5165; baseline -0.008 -8"><span class='ocrx_word' id='word_1_813' title='bbox 1921 5110 2039 5157; x_wconf 90' lang='lat' dir='ltr'><strong>tare</strong></span> <span class='ocrx_word' id='word_1_814' title='bbox 2063 5100 2204 5155; x_wconf 89' lang='lat' dir='ltr'><strong>sicut</strong></span> <span class='ocrx_word' id='word_1_815' title='bbox 2241 5113 2437 5154; x_wconf 87' lang='lat' dir='ltr'><strong>navem</strong></span> <span class='ocrx_word' id='word_1_816' title='bbox 2464 5105 2655 5154; x_wconf 88' lang='lat' dir='ltr'><strong>natare</strong></span> <span class='ocrx_word' id='word_1_817' title='bbox 2699 5107 2904 5152; x_wconf 89' lang='lat' dir='ltr'><strong>terram</strong></span> <span class='ocrx_word' id='word_1_818' title='bbox 2939 5109 3104 5165; x_wconf 90' lang='lat' dir='ltr'><strong>super</strong></span> <span class='ocrx_word' id='word_1_819' title='bbox 3139 5107 3359 5163; x_wconf 89' lang='lat' dir='ltr'><strong>aquam.</strong></span> <span class='ocrx_word' id='word_1_820' title='bbox 3407 5090 3509 5146; x_wconf 87' lang='lat' dir='ltr'><strong>Se-</strong></span> 
     </span>
    </p>
   </div>
   <div class='ocr_carea' id='block_1_109' title="bbox 1915 5180 3511 5255">
    <p class='ocr_par' dir='ltr' id='par_1_109' title="bbox 1915 5180 3511 5255">
     <span class='ocr_line' id='line_1_109' title="bbox 1915 5180 3511 5255; baseline -0.008 -5"><span class='ocrx_word' id='word_1_821' title='bbox 1915 5192 2149 5250; x_wconf 90' lang='lat' dir='ltr'><strong>cundum</strong></span> <span class='ocrx_word' id='word_1_822' title='bbox 2174 5192 2314 5247; x_wconf 89' lang='lat' dir='ltr'><strong>hanc</strong></span> <span class='ocrx_word' id='word_1_823' title='bbox 2334 5191 2479 5245; x_wconf 90' lang='lat' dir='ltr'><strong>enim</strong></span> <span class='ocrx_word' id='word_1_824' title='bbox 2504 5189 2834 5245; x_wconf 90' lang='lat' dir='ltr'><strong>locutionem</strong></span> <span class='ocrx_word' id='word_1_825' title='bbox 2859 5194 3006 5242; x_wconf 86' lang='lat' dir='ltr'><strong>recte</strong></span> <span class='ocrx_word' id='word_1_826' title='bbox 3028 5183 3346 5255; x_wconf 90' lang='lat' dir='ltr'><strong>intelligitur</strong></span> <span class='ocrx_word' id='word_1_827' title='bbox 3367 5180 3511 5237; x_wconf 88' lang='lat' dir='ltr'><strong>ouod</strong></span> 
     </span>
    </p>
   </div>
   <div class='ocr_carea' id='block_1_110' title="bbox 1916 5273 3512 5355">
    <p class='ocr_par' dir='ltr' id='par_1_110' title="bbox 1916 5273 3512 5355">
     <span class='ocr_line' id='line_1_110' title="bbox 1916 5273 3512 5355; baseline -0.008 -13"><span class='ocrx_word' id='word_1_828' title='bbox 1916 5286 2077 5342; x_wconf 88' lang='lat' dir='ltr'><strong>altior</strong></span> <span class='ocrx_word' id='word_1_829' title='bbox 2109 5285 2183 5341; x_wconf 91' lang='lat' dir='ltr'><strong>sit</strong></span> <span class='ocrx_word' id='word_1_830' title='bbox 2220 5294 2362 5341; x_wconf 88' lang='lat' dir='ltr'><strong>terra</strong></span> <span class='ocrx_word' id='word_1_831' title='bbox 2398 5299 2561 5355; x_wconf 90' lang='lat' dir='ltr'><strong>quam</strong></span> <span class='ocrx_word' id='word_1_832' title='bbox 2606 5296 2766 5354; x_wconf 89' lang='lat' dir='ltr'><strong>aqua.</strong></span> <span class='ocrx_word' id='word_1_833' title='bbox 2806 5278 2983 5334; x_wconf 88' lang='lat' dir='ltr'><strong>Altius</strong></span> <span class='ocrx_word' id='word_1_834' title='bbox 3035 5277 3234 5347; x_wconf 87' lang='lat' dir='ltr'><strong>quippe</strong></span> <span class='ocrx_word' id='word_1_835' title='bbox 3262 5275 3329 5330; x_wconf 90' lang='lat' dir='ltr'><strong>ab</strong></span> <span class='ocrx_word' id='word_1_836' title='bbox 3356 5273 3512 5344; x_wconf 89' lang='lat' dir='ltr'><strong>aquis</strong></span> 
     </span>
    </p>
   </div>
   <div class='ocr_carea' id='block_1_111' title="bbox 1920 5369 3511 5451">
    <p class='ocr_par' dir='ltr' id='par_1_111' title="bbox 1920 5369 3511 5451">
     <span class='ocr_line' id='line_1_111' title="bbox 1920 5369 3511 5451; baseline -0.011 -11"><span class='ocrx_word' id='word_1_837' title='bbox 1920 5382 2242 5451; x_wconf 89' lang='lat' dir='ltr'><strong>sustollitur,</strong></span> <span class='ocrx_word' id='word_1_838' title='bbox 2269 5382 2362 5438; x_wconf 88' lang='lat' dir='ltr'><strong>ubi</strong></span> <span class='ocrx_word' id='word_1_839' title='bbox 2399 5380 2648 5437; x_wconf 87' lang='lat' dir='ltr'><strong>habitant</strong></span> <span class='ocrx_word' id='word_1_840' title='bbox 2678 5386 2893 5431; x_wconf 86' lang='lat' dir='ltr'><strong>terrena</strong></span> <span class='ocrx_word' id='word_1_841' title='bbox 2929 5371 3204 5427; x_wconf 85' lang='lat' dir='ltr'><strong>animalia.</strong></span> <span class='ocrx_word' id='word_1_842' title='bbox 3236 5369 3511 5425; x_wconf 86' lang='lat' dir='ltr'><strong>Praeterea</strong></span> 
     </span>
    </p>
   </div>
   <div class='ocr_carea' id='block_1_112' title="bbox 1921 5462 3506 5542">
    <p class='ocr_par' dir='ltr' id='par_1_112' title="bbox 1921 5462 3506 5542">
     <span class='ocr_line' id='line_1_112' title="bbox 1921 5462 3506 5542; baseline -0.01 -9"><span class='ocrx_word' id='word_1_843' title='bbox 1921 5488 2111 5535; x_wconf 85' lang='lat' dir='ltr'><strong>narrat</strong></span> <span class='ocrx_word' id='word_1_844' title='bbox 2142 5478 2355 5535; x_wconf 87' lang='lat' dir='ltr'><strong>Pharao</strong></span> <span class='ocrx_word' id='word_1_845' title='bbox 2402 5476 2693 5540; x_wconf 91' lang='lat' dir='ltr'><strong>somnium,</strong></span> <span class='ocrx_word' id='word_1_846' title='bbox 2730 5474 3120 5542; x_wconf 83' lang='lat' dir='ltr'><strong>interpretatus</strong></span> <span class='ocrx_word' id='word_1_847' title='bbox 3157 5474 3243 5523; x_wconf 90' lang='lat' dir='ltr'><strong>est</strong></span> <span class='ocrx_word' id='word_1_848' title='bbox 3289 5462 3506 5532; x_wconf 69' lang='lat' dir='ltr'><strong>Ioseph.</strong></span> 
     </span>
    </p>
   </div>
   <div class='ocr_carea' id='block_1_113' title="bbox 1923 5559 3510 5655">
    <p class='ocr_par' dir='ltr' id='par_1_113' title="bbox 1923 5559 3510 5655">
     <span class='ocr_line' id='line_1_113' title="bbox 1923 5559 3510 5655; baseline -0.011 -25"><span class='ocrx_word' id='word_1_849' title='bbox 1923 5575 2109 5655; x_wconf 88' lang='lat' dir='ltr'><strong>(lsid.)</strong></span> <span class='ocrx_word' id='word_1_850' title='bbox 2133 5574 2240 5632; x_wconf 87' lang='lat' dir='ltr'><strong>Sed</strong></span> <span class='ocrx_word' id='word_1_851' title='bbox 2281 5574 2412 5645; x_wconf 90' lang='lat' dir='ltr'><strong>quid</strong></span> <span class='ocrx_word' id='word_1_852' title='bbox 2457 5570 2768 5644; x_wconf 89' lang='lat' dir='ltr'><strong>signiﬁcant</strong></span> <span class='ocrx_word' id='word_1_853' title='bbox 2796 5578 3005 5637; x_wconf 87' lang='lat' dir='ltr'><strong>septem</strong></span> <span class='ocrx_word' id='word_1_854' title='bbox 3039 5563 3166 5618; x_wconf 90' lang='lat' dir='ltr'><strong>anni</strong></span> <span class='ocrx_word' id='word_1_855' title='bbox 3211 5561 3301 5632; x_wconf 91' lang='lat' dir='ltr'><strong>qui</strong></span> <span class='ocrx_word' id='word_1_856' title='bbox 3337 5559 3393 5614; x_wconf 91' lang='lat' dir='ltr'><strong>in</strong></span> <span class='ocrx_word' id='word_1_857' title='bbox 3421 5571 3510 5655; x_wconf 80' lang='lat' dir='ltr'><strong>se-</strong></span> 
     </span>
    </p>
   </div>
   <div class='ocr_carea' id='block_1_114' title="bbox 1921 5650 3514 5753">
    <p class='ocr_par' dir='ltr' id='par_1_114' title="bbox 1921 5650 3514 5753">
     <span class='ocr_line' id='line_1_114' title="bbox 1921 5650 3514 5753; baseline -0.013 -27"><span class='ocrx_word' id='word_1_858' title='bbox 1921 5650 2069 5741; x_wconf 85' lang='lat' dir='ltr'><strong>ptem</strong></span> <span class='ocrx_word' id='word_1_859' title='bbox 2097 5669 2260 5740; x_wconf 89' lang='lat' dir='ltr'><strong>spicis</strong></span> <span class='ocrx_word' id='word_1_860' title='bbox 2288 5667 2485 5737; x_wconf 90' lang='lat' dir='ltr'><strong>plenis,</strong></span> <span class='ocrx_word' id='word_1_861' title='bbox 2523 5678 2617 5719; x_wconf 89' lang='lat' dir='ltr'><strong>seu</strong></span> <span class='ocrx_word' id='word_1_862' title='bbox 2650 5661 2743 5731; x_wconf 90' lang='lat' dir='ltr'><strong>qui</strong></span> <span class='ocrx_word' id='word_1_863' title='bbox 2770 5661 2827 5715; x_wconf 92' lang='lat' dir='ltr'><strong>in</strong></span> <span class='ocrx_word' id='word_1_864' title='bbox 2863 5667 3069 5731; x_wconf 88' lang='lat' dir='ltr'><strong>septem</strong></span> <span class='ocrx_word' id='word_1_865' title='bbox 3094 5655 3278 5712; x_wconf 90' lang='lat' dir='ltr'><strong>vaccis</strong></span> <span class='ocrx_word' id='word_1_866' title='bbox 3301 5650 3514 5753; x_wconf 77' lang='lat' dir='ltr'><strong>pingui-</strong></span> 
     </span>
    </p>
   </div>
   <div class='ocr_carea' id='block_1_115' title="bbox 1924 5752 3513 5824">
    <p class='ocr_par' dir='ltr' id='par_1_115' title="bbox 1924 5752 3513 5824">
     <span class='ocr_line' id='line_1_115' title="bbox 1924 5752 3513 5824; baseline -0.014 -7"><span class='ocrx_word' id='word_1_867' title='bbox 1924 5761 2026 5817; x_wconf 90' lang='lat' dir='ltr'><strong>bus</strong></span> <span class='ocrx_word' id='word_1_868' title='bbox 2055 5759 2499 5821; x_wconf 87' lang='lat' dir='ltr'><strong>ostendebantur,</strong></span> <span class='ocrx_word' id='word_1_869' title='bbox 2540 5753 2645 5810; x_wconf 90' lang='lat' dir='ltr'><strong>nisi</strong></span> <span class='ocrx_word' id='word_1_870' title='bbox 2676 5760 2882 5824; x_wconf 88' lang='lat' dir='ltr'><strong>septem</strong></span> <span class='ocrx_word' id='word_1_871' title='bbox 2924 5752 3312 5808; x_wconf 89' lang='lat' dir='ltr'><strong>charismatum</strong></span> <span class='ocrx_word' id='word_1_872' title='bbox 3350 5756 3513 5813; x_wconf 77' lang='lat' dir='ltr'><strong>spiri-</strong></span> 
     </span>
    </p>
   </div>
   <div class='ocr_carea' id='block_1_116' title="bbox 1929 5818 3707 5918">
    <p class='ocr_par' dir='ltr' id='par_1_116' title="bbox 1929 5818 3707 5918">
     <span class='ocr_line' id='line_1_116' title="bbox 1929 5818 3707 5918; baseline -0.015 -10"><span class='ocrx_word' id='word_1_873' title='bbox 1929 5852 2154 5908; x_wconf 90' lang='lat' dir='ltr'><strong>tualium</strong></span> <span class='ocrx_word' id='word_1_874' title='bbox 2178 5852 2340 5915; x_wconf 90' lang='lat' dir='ltr'><strong>dona,</strong></span> <span class='ocrx_word' id='word_1_875' title='bbox 2384 5818 2581 5918; x_wconf 86' lang='lat' dir='ltr'><strong>quibus</strong></span> <span class='ocrx_word' id='word_1_876' title='bbox 2609 5818 2830 5903; x_wconf 65' lang='lat' dir='ltr'><strong>ubertas</strong></span> <span class='ocrx_word' id='word_1_877' title='bbox 2858 5844 2989 5908; x_wconf 49' lang='lat' dir='ltr'><strong>ﬁdei,</strong></span> <span class='ocrx_word' id='word_1_878' title='bbox 3011 5844 3160 5913; x_wconf 89' lang='lat' dir='ltr'><strong>larga</strong></span> <span class='ocrx_word' id='word_1_879' title='bbox 3192 5840 3392 5909; x_wconf 89' lang='lat' dir='ltr'><strong>pietate</strong></span> <span class='ocrx_word' id='word_1_880' title='bbox 3430 5847 3519 5888; x_wconf 85' lang='lat' dir='ltr'><strong>re-</strong></span> <span class='ocrx_word' id='word_1_881' title='bbox 3598 5818 3707 5909; x_wconf 64' lang='lat'><strong>&#39;_./&quot;</strong></span> 
     </span>
    </p>
   </div>
   <div class='ocr_carea' id='block_1_117' title="bbox 1933 5939 3518 6011">
    <p class='ocr_par' dir='ltr' id='par_1_117' title="bbox 1933 5939 3518 6011">
     <span class='ocr_line' id='line_1_117' title="bbox 1933 5939 3518 6011; baseline -0.009 -12"><span class='ocrx_word' id='word_1_882' title='bbox 1933 5946 2164 6001; x_wconf 85' lang='lat' dir='ltr'><strong>dundat?</strong></span> <span class='ocrx_word' id='word_1_883' title='bbox 2185 5943 2259 5999; x_wconf 86' lang='lat' dir='ltr'><strong>At</strong></span> <span class='ocrx_word' id='word_1_884' title='bbox 2276 5950 2464 5998; x_wconf 89' lang='lat' dir='ltr'><strong>contra</strong></span> <span class='ocrx_word' id='word_1_885' title='bbox 2521 5954 2663 6011; x_wconf 81' lang='lat' dir='ltr'><strong>saepe</strong></span> <span class='ocrx_word' id='word_1_886' title='bbox 2706 5939 2922 6001; x_wconf 84' lang='lat' dir='ltr'><strong>steriles</strong></span> <span class='ocrx_word' id='word_1_887' title='bbox 2971 5944 3026 5994; x_wconf 89' lang='lat' dir='ltr'><strong>et</strong></span> <span class='ocrx_word' id='word_1_888' title='bbox 3073 5946 3265 5993; x_wconf 81' lang='lat' dir='ltr'><strong>tenues</strong></span> <span class='ocrx_word' id='word_1_889' title='bbox 3335 5943 3518 5987; x_wconf 84' lang='lat' dir='ltr'><strong>amem</strong></span> 
     </span>
    </p>
   </div>
  </div>
