3946 6480
217 494 318 564 637

1230 494 1582 563 COMMENT.
1624 500 1695 561 IN
1733 498 2066 565 GENESIM.
2106 541 2178 552 —
2216 496 2345 568 LIB.
2385 502 2473 571 iV.

3382 500 3483 567 638

209 630 375 696 Deus,
404 642 472 682 ex
501 606 603 681 hoc
633 614 778 680 enim
822 612 1106 693 vocabulo,
1160 624 1213 682 in
1264 620 1507 697 linguam
1551 634 1795 682 nostram
1822 614 1877 688 Α
1900 634 2073 682 matre
2114 620 2392 699 compleri,
2430 645 2549 702 qua:
2588 624 2702 697 jam
2752 635 2963 684 mortua
3011 619 3207 694 fuerat,
3246 626 3389 697 quod
3418 622 3484 681 de

208 716 543 777 transfertur
579 724 935 788 augmentum.

279 811 448 884 Igitur
482 811 762 866 transactis
801 819 992 881 septem
1032 811 1185 865 annis
1227 806 1503 879 ubertatis,
1549 812 1641 885 qui
1682 802 1798 884 fue-

206 913 331 959 runt
355 903 412 958 in
437 892 695 973 Aigypto,
730 911 992 973 coeperunt
1014 902 1187 957 venire
1207 913 1401 974 septem
1427 902 1553 958 anni
1583 900 1793 971 inopia,

203 976 337 1067 quos
374 982 691 1065 prtudixerat
728 982 954 1064 Ioseph;
996 1001 1045 1047 et
1092 993 1148 1047 in
1188 993 1426 1049 universo
1467 995 1586 1049 orbe
1630 994 1796 1066 fames

203 1083 502 1159 prtevaluit.
533 1072 600 1140 In
626 1095 815 1139 cuncta
845 1096 1017 1140 autem
1047 1094 1189 1140 terra
1215 1085 1437 1157 JEgypti
1465 1096 1577 1141 erat
1607 1086 1792 1157 fames.

208 1178 328 1247 Qua
350 1180 629 1243 esuriente,
664 1177 907 1234 clamavit
941 1178 1164 1249 populus
1210 1178 1279 1232 ad
1318 1174 1652 1233 Pharaonem
1689 1179 1793 1234 ali-

203 1282 381 1326 menta
407 1280 603 1343 petens.
647 1269 849 1336 Quibus
880 1264 967 1325 ille
1008 1271 1318 1340 respondit:
1350 1270 1433 1325 Ite
1477 1271 1546 1325 ad
1575 1269 1791 1344 Ioseph,

202 1374 253 1420 et
280 1360 533 1435 quidquid
555 1354 696 1417 vobis
723 1354 933 1429 dixerit,
960 1354 1137 1432 facite.
1189 1354 1463 1417 Crescebat
1508 1372 1680 1418 autem
1708 1364 1793 1434 fa-

201 1474 312 1512 mes
338 1455 568 1528 quotidie
592 1455 647 1510 in
684 1459 823 1510 omni
864 1467 1025 1510 terra.
1080 1457 1398 1529 Aperuitque
1441 1457 1635 1529 Ioseph
1679 1461 1795 1513 uni-

202 1568 351 1607 versa
375 1551 585 1615 horrea,
613 1558 664 1604 et
703 1550 952 1605 vendebat
982 1549 1268 1621 zEgyptiis.
1305 1550 1445 1605 Nam
1480 1562 1527 1605 et
1555 1551 1673 1607 illos
1703 1569 1794 1622 op-

199 1651 460 1714 presserat
505 1640 691 1711 fames.
741 1639 1033 1712 Omnesque
1081 1642 1361 1711 provinciae
1418 1642 1690 1698 veniebant
1739 1643 1795 1699 in

201 1733 277 1788 1E
282 1744 515 1805 gyptum,
544 1742 601 1787 ut
627 1743 853 1788 emerent
877 1751 1048 1800 escas,
1075 1743 1122 1788 et
1155 1733 1353 1788 malum
1392 1734 1583 1806 impia:
1608 1744 1796 1807 tempe-

202 1835 402 1881 rarent.
432 1823 631 1896 Ioseph
660 1840 690 1879 a
720 1826 943 1895 penuria
978 1825 1234 1880 frumenti
1270 1826 1442 1880 salvat
1472 1824 1789 1899 ZEgyptum,

201 1927 259 1973 et
286 1917 534 1974 Christus
559 1916 703 1972 fame
726 1917 873 1973 verbi
900 1918 993 1972 Dei
1028 1918 1222 1972 liberat
1255 1918 1536 1973 mundum.
1569 1918 1793 1990 Aperuit

200 2009 348 2064 enim
382 2010 578 2064 horrea
610 2024 706 2064 sua
743 2007 995 2064 Christus
1024 2009 1078 2063 in
1108 2009 1255 2063 omni
1300 1998 1433 2066 orbe
1474 2018 1745 2066 terrarum
1778 2032 1789 2067 :
1826 1990 1871 2053 Β

198 2108 262 2155 et
291 2101 602 2173 erogatione
639 2098 896 2155 frumenti
940 2100 1043 2166 sui,
1094 2102 1274 2155 omnia
1308 2100 1631 2174 subiugavit.
1682 2104 1797 2160 Nisi

200 2192 350 2247 enim
383 2188 579 2262 Ioseph
603 2189 799 2246 fratres
825 2190 1161 2255 vendissent,
1189 2188 1460 2246 defecerat
1495 2191 1792 2265 Egyptus;

200 2285 309 2340 nisi
356 2283 634 2339 Christum
681 2282 850 2339 Judari
897 2281 1315 2349 crueiﬁxissent,
1364 2286 1603 2356 perierat
1646 2302 1800 2342 mun-

200 2377 322 2433 dus.
363 2375 561 2448 Joseph
602 2376 769 2448 igitur
814 2376 1207 2446 interpretatur
1248 2378 1628 2448 augmentatio,
1684 2380 1800 2435 sive

198 2467 494 2539 antpliatio.
530 2468 637 2524 Sed
671 2468 727 2523 in
767 2467 857 2523 illo
889 2465 1089 2539 Ioseph
1125 2469 1533 2539 ampliationem
1568 2488 1676 2525 non
1702 2472 1799 2527 ha-

198 2562 339 2626 buit,
376 2563 481 2617 nisi
527 2560 641 2618 sola
697 2560 999 2634 ZEgyptus:
1059 2562 1117 2617 in
1160 2571 1348 2618 nostro
1381 2579 1513 2619 vero
1573 2562 1796 2635 Josepb,

199 2663 552 2726 augmentum
606 2654 807 2709 habere
842 2654 1044 2710 meruit
1084 2654 1372 2710 universus
1421 2657 1675 2712 mundus.
1706 2657 1799 2713 ille

199 2747 452 2817 erogavit
483 2746 741 2813 triticum,
791 2754 979 2803 noster
1022 2747 1267 2819 erogavit
1303 2746 1398 2803 Dei
1438 2749 1684 2804 verbum.
1731 2748 1800 2804 In

199 2857 410 2897 omnem
433 2840 572 2898 enim
597 2850 792 2897 terram
817 2841 976 2897 exivit
1002 2857 1164 2896 sonus
1193 2856 1371 2897 eorum
1409 2838 1584 2912 (Psal.
1612 2838 1795 2903 xvm).

814 2974 1044 3033 CAPUT
1082 2974 1171 3031 Vl.

204 3089 280 3147 De
305 3108 373 3164 eo
394 3086 533 3164 quod
556 3074 722 3164 Iacob
750 3094 977 3164 tempore
1013 3090 1170 3164 famis
1213 3088 1356 3143 misit
1395 3076 1535 3164 filios
1582 3084 1801 3164 suos_i_n

271 3158 567 3233 A‘Jggptum
608 3158 684 3233 ad
730 3158 1316 3233 emendum"_triticnm;
1361 3160 1550 3231 quibus
1608 3160 1801 3233 agnitis

268 3230 464 3302 Ioseph
496 3232 853 3303 eaploratores
878 3230 1183 3303 appellavit,
1214 3232 1306 3285 sed
1336 3230 1513 3287 tantas
1536 3242 1655 3286 cum
1682 3231 1800 3300 {ru-

269 3314 448 3360 mento
474 3316 521 3358 et
546 3302 713 3375 pretio
739 3319 826 3357 eos
850 3302 1064 3356 domum
1100 3303 1316 3356 remisit.

1894 723 2009 779 sole
2034 730 2088 779 et
2116 723 2265 790 luna,
2312 740 2436 780 eum
2480 718 2722 790 vidisset,
2756 741 2786 780 a
2833 731 2985 794 patre
3034 723 3353 793 increpante
3388 737 3486 776 au-

1896 806 2089 878 dierat,
2124 811 2214 882 qui
2240 804 2472 867 vivebat.
2505 802 2745 867 Aderant
2785 808 2982 865 fratres
3019 806 3218 881 Ioseph
3262 810 3479 881 ipsum;

1895 912 1951 960 et
1979 904 2258 960 Christum
2300 906 2479 960 omnis
2509 914 2683 961 coetus
2723 914 3036 961 sanctorum
3067 900 3279 970 adorat,
3317 912 3370 959 et
3403 903 3484 960 di-

1893 998 2020 1053 vino
2048 1000 2194 1055 cultu
2220 1001 2467 1055 honorat.
2498 999 2555 1053 In
2585 1000 2715 1055 solis
2760 1006 2939 1054 autem
2982 999 3197 1055 nomine
3225 996 3484 1070 perfectio

1894 1101 2206 1148 sanctorum
2241 1094 2569 1164 designatur,
2610 1102 2665 1148 et
2719 1094 2860 1149 luna:
2896 1094 3250 1149 similitudine
3295 1094 3483 1148 licere-

1896 1184 1987 1239 sia:
2038 1185 2359 1254 exprimitur
2409 1187 2590 1241 decus.
2642 1186 2843 1242 Omnes
2886 1203 3014 1258 ergo
3086 1196 3194 1241 tam
3242 1187 3484 1242 seniores

1895 1275 2334 1347 quamjuniorcs,
2368 1286 2474 1331 tam
2501 1277 2724 1347 perfecti
2751 1295 2911 1348 quam
2938 1274 3115 1333 adhuc
3151 1279 3330 1334 minus
3362 1294 3486 1350 per-

1894 1364 2019 1421 fecti
2050 1367 2103 1420 in
2134 1367 2389 1429 Ecclesia,
2439 1365 2714 1422 Christum
2753 1369 3037 1422 Dominum
3078 1368 3305 1423 adorare
3344 1367 3486 1422 dele-

1895 1466 2065 1524 ctant,
2096 1459 2161 1513 de
2183 1473 2289 1528 quo
2337 1459 2619 1513 Psalmista
2647 1460 2759 1514 ait:
2793 1459 2859 1513 Et
2902 1459 3196 1513 adorabunt
3224 1477 3343 1513 eum
3374 1476 3485 1513 om-

1896 1565 1984 1604 nes
2017 1566 2157 1619 reges
2188 1559 2357 1613 terrm,
2388 1568 2563 1605 omnes
2590 1566 2764 1622 gentes
2786 1552 3008 1605 servient
3036 1551 3083 1605 ei
3108 1549 3281 1623 (Psal.
3308 1550 3482 1611 Lxxt).

1968 1640 2071 1707 Qui
2113 1641 2397 1696 dixerunt:
2444 1642 2567 1697 Non
2607 1652 2681 1698 est
2708 1644 2800 1707 ita,
2827 1642 3055 1707 domine,
3102 1642 3191 1696 sed
3232 1645 3365 1696 servi
3407 1639 3485 1694 tui

1896 1745 2141 1790 venerunt
2208 1746 2265 1790 ut
2310 1746 2535 1791 emerent
2590 1737 2749 1791 cibos.
2807 1736 2999 1791 Omnes
3040 1735 3139 1806 ﬁlii
3188 1735 3341 1789 unius
3389 1734 3487 1787 viri

1895 1843 2098 1881 sumus.
2157 1824 2377 1897 Paciﬁci
2424 1829 2687 1893 venimus,
2730 1844 2821 1881 nec
2859 1828 3143 1898 quidquam
3187 1823 3375 1895 [amuli
3410 1824 3487 1877 tui

1895 1918 2266 1971 machinantur
2304 1916 2451 1972 mali.
2488 1916 2690 1983 Quibus
2730 1917 2818 1970 ille
2855 1916 3113 1986 respondit
3139 1936 3155 1973 :
3180 1915 3346 1969 Aliter
3372 1924 3486 1970 est:

1899 2009 2176 2064 immunita
2216 2020 2369 2064 terrm
2409 2012 2567 2081 hujus
2608 2012 2940 2066 considerare
2989 2012 3215 2065 venistis.
3265 2010 3327 2064 Et
3376 2010 3485 2063 illi:

1900 2098 2112 2167 Decem,
2157 2100 2423 2171 inquiunt,
2465 2103 2601 2165 servi
2642 2104 2720 2156 tui
2758 2101 2950 2173 fratres
2996 2119 3206 2166 sumus,
3247 2101 3345 2172 ﬁlii
3388 2102 3487 2155 viri

1900 2191 2057 2244 unius
2098 2191 2153 2243 in
2196 2199 2336 2245 terra
2369 2190 2645 2246 Chanaan.
2695 2191 2946 2247 Minimus
2978 2210 3097 2247 cum
3128 2203 3274 2262 patre
3312 2203 3488 2248 nostro

1899 2292 1992 2335 est.
2042 2280 2192 2336 Alius
2238 2299 2339 2337 non
2379 2295 2452 2337 est
2497 2301 2672 2354 super.
2715 2284 2830 2340 Hoc
2872 2296 2967 2351 est,
3006 2288 3079 2341 ait
3115 2287 3256 2357 quod
3284 2296 3487 2343 locutus

1899 2392 2015 2431 sum
2054 2393 2076 2431 -:
2112 2375 2487 2448 Exploratores
2538 2381 2681 2434 estis.
2725 2380 2848 2435 Iam
2896 2400 3032 2437 nunc
3081 2384 3488 2453 experimentum

1900 2470 2052 2524 vestri
2076 2471 2313 2542 capiam;
2334 2488 2425 2541 per
2447 2471 2667 2527 salutem
2686 2471 3003 2542 Pharaonis,
3030 2492 3131 2529 non
3154 2476 3489 2547 egrediemini

1900 2564 2020 2617 hinc
2057 2564 2220 2618 donec
2259 2566 2426 2620 veniat
2467 2566 2633 2636 frater
2674 2578 2837 2623 vester
2873 2570 3140 2634 minimus,
3188 2577 3294 2623 etc.
3350 2568 3489 2636 Quid

1902 2664 1987 2711 est
2017 2655 2160 2725 quod
2186 2655 2384 2727 Ioseph
2418 2657 2499 2712 vir
2538 2668 2646 2713 tam
2679 2661 2917 2730 sapiens,
2947 2668 3106 2730 atque
3143 2661 3214 2715 ita
3256 2676 3361 2714 non
3397 2675 3487 2715 so-

1904 2746 2014 2802 lum
2056 2748 2197 2803 inter
2228 2749 2498 2816 homines,
2539 2750 2632 2805 sed
2678 2751 2792 2821 ipsa
2829 2751 3107 2821 Scriptura
3142 2752 3305 2805 etiam
3354 2759 3492 2806 teste

1903 2838 2168 2904 laudatus,
2208 2840 2462 2909 ita-jurat
2493 2857 2590 2912 per
2627 2843 2852 2898 salutem
2910 2841 3203 2897 Pharaonis
3252 2858 3359 2897 non
3400 2858 3491 2898 ex-

1904 2932 2076 2987 ituros
2114 2932 2179 2986 de
2201 2931 2436 3004 z’Egypto
2465 2934 2660 2989 fratres
2681 2950 2827 3000 suos,
2857 2935 2955 2989 nisi
2989 2934 3155 2989 frater
3179 2950 3366 2989 eorum
3403 2934 3493 3004 ju—

1904 3024 2026 3079 nior
2049 3023 2296 3079 veniret?
2322 3025 2403 3079 Au
2436 3025 2599 3079 etiam
2639 3027 2779 3081 bono
2808 3034 2862 3080 et
2889 3027 3029 3082 ﬁdeli
3062 3027 3181 3082 vilis
3209 3036 3328 3082 erat
3352 3026 3491 3082 Pha-

1904 3117 2086 3172 raonis
2130 3115 2295 3183 salus,
2323 3118 2409 3172 cui
2454 3117 2612 3172 fidem
2652 3118 2792 3173 sicut
2835 3119 3088 3190 primitus
3128 3120 3350 3176 domino
3393 3137 3491 3176 suo

1902 3210 2159 3267 servabat
2207 3212 2260 3267 in
2297 3211 2588 3267 omnibus?
2624 3212 2836 3279 Quanto
2884 3215 3057 3285 magis
3092 3214 3241 3269 enim
3275 3214 3373 3284 ipsi
3399 3213 3491 3283 qui

1904 3321 2027 3359 eum
2067 3305 2122 3360 in
2160 3314 2313 3361 tanto
2338 3305 2543 3361 honore
2579 3306 2872 3371 locaverat,
2914 3307 2958 3361 si
2998 3307 3071 3361 illi
3116 3306 3365 3362 servabat
3399 3306 3492 3376 qui

268 3416 429 3489 (Car;
466 3415 626 3487 xw.)
656 3414 888 3469 Audiens
928 3413 1116 3479 Iacob,
1154 3414 1294 3485 quod
1329 3413 1580 3468 alimenta
1619 3414 1800 3468 vende-

1909 3413 2031 3454 eum
2062 3413 2277 3453 servum
2296 3399 2600 3469 emptitium
2632 3399 2974 3468 possidebat?
2999 3398 3149 3465 Quod
3180 3398 3226 3453 si
3256 3413 3363 3452 non
3394 3413 3491 3451 cu-

201 3518 392 3564 rentur
413 3508 469 3562 in
496 3506 750 3578 Egypto,
778 3506 912 3561 dixit
936 3505 1065 3575 ﬁliis
1096 3506 1243 3561 suis:
1276 3504 1453 3571 Quare
1493 3504 1755 3576 negligitis
1782 3508 1806 3560 ?

199 3600 397 3655 Audivi
420 3602 559 3671 quod
585 3599 821 3653 triticum
847 3597 1171 3653 venundetur
1194 3598 1250 3652 in
1292 3598 1550 3668 Egypto.
1577 3597 1805 3654 Descen-

199 3696 309 3750 dite
341 3703 390 3748 et
413 3694 564 3748 emite
586 3693 737 3747 nobis
774 3691 1093 3755 necessariat
1136 3701 1192 3746 ut
1234 3693 1496 3763 possimus
1534 3692 1729 3756 vivere,
1755 3699 1804 3746 et

200 3805 311 3844 non
343 3802 717 3841 consumantur
736 3785 938 3856 inopia.
990 3784 1134 3839 Dixit
1164 3783 1330 3840 Iacob
1356 3785 1482 3839 filiis
1510 3784 1627 3838 suis
1658 3803 1670 3838 :
1708 3784 1805 3839 Est

199 3878 542 3933 frumentum
591 3877 645 3932 in
686 3875 957 3947 Egypto;
1003 3876 1137 3931 dicit
1184 3875 1327 3931 Deus
1375 3884 1428 3930 et
1476 3874 1636 3930 Pater
1663 3893 1680 3928 ἰ
1726 3873 1808 3930 Ea:

201 3968 442 4039 Eg’ypto
486 3966 663 4022 vocavi
694 3964 898 4020 Filium
924 3983 1096 4021 meum
1136 3966 1284 4038 (Ose.
1331 3968 1429 4037 xl).
1463 3967 1807 4022 Descendunt

203 4060 370 4133 igitur
394 4059 578 4114 decem
622 4058 1012 4130 provectiores,
1061 4058 1114 4113 id
1160 4066 1265 4122 est,
1309 4055 1479 4112 Iudaei
1509 4057 1665 4127 quasi
1704 4057 1806 4114 sub

204 4151 463 4223 decalogo
507 4150 640 4223 legis
682 4157 740 4205 et
782 4158 1011 4205 numero
1039 4149 1344 4215 constituti,
1390 4164 1527 4218 quos
1574 4148 1688 4218 ipse
1714 4164 1807 4204 eo-

207 4250 496 4315 g’noscens,
544 4254 653 4297 non
695 4250 780 4298 est
822 4242 1039 4314 agnitus
1069 4242 1137 4298 ab
1170 4242 1269 4297 eis.
1311 4240 1727 4311 Coguoscuntur
1752 4249 1807 4297 et

207 4335 423 4392 Hebraei
446 4352 482 4391 a
512 4334 753 4391 Christo.
788 4335 894 4405 ipsi
944 4342 1123 4390 autem
1154 4348 1262 4390 non
1288 4341 1624 4405 cognoscunt
1651 4347 1799 4389 eum.
1846 4394 1851 4399 ,

273 4428 666 4482 Descenderam
704 4428 869 4497 igitur
899 4426 1091 4497 {putres
1126 4426 1323 4496 Ioseph
1355 4426 1554 4491 decem,
1585 4434 1641 4478 ut
1667 4439 1806 4478 eme-

209 4530 316 4575 rent
351 4519 617 4589 [rumenta
654 4520 710 4572 in
757 4516 1069 4588 Egyptian,
1114 4515 1396 4587 Benjamin
1439 4516 1582 4570 domi
1608 4524 1804 4571 retento

208 4628 240 4668 a
276 4613 468 4673 Iacob,
512 4612 602 4683 qui
640 4611 849 4665 dixerat
878 4609 1137 4679 fratribus
1176 4609 1335 4679 ejus:
1378 4608 1459 4664 Ne
1480 4610 1623 4679 forte
1642 4610 1701 4664 in
1725 4610 1806 4663 iti-

210 4719 327 4758 nere
367 4702 653 4774 quidquam
704 4702 937 4772 patiatur
979 4699 1128 4754 ntali.
1178 4699 1415 4770 Ingressi
1465 4710 1584 4755 sunt
1626 4710 1803 4755 autem
1831 4712 1884 4785 Β

210 4808 404 4852 terram
432 4796 649 4867 .Egypti
673 4810 793 4849 cum
820 4794 944 4848 aliis
969 4795 1059 4864 qui
1095 4794 1374 4864 pergebant
1404 4794 1475 4848 ad
1502 4793 1796 4849 emendum.

212 4888 342 4944 Erat
370 4899 543 4943 autem
568 4889 733 4958 fames
756 4888 812 4940 in
836 4897 975 4941 terra
1013 4885 1293 4951 Chanaan,
1332 4895 1381 4940 et
1424 4885 1619 4955 Ioseph
1658 4887 1804 4955 prin-

211 4995 322 5050 ceps
361 4979 602 5049 Egypti,
632 4988 785 5049 atqite
812 4978 881 5031 ad
907 4977 1054 5031 illius
1086 4987 1270 5031 nutum
1298 4976 1563 5046 frumenta
1598 4975 1802 5046 populis

214 5072 583 5126 vendebantur.
623 5070 857 5141 Cumque
900 5070 1205 5123 adorassent
1251 5086 1370 5123 eum
1410 5068 1600 5138 fratres
1625 5068 1727 5133 sui,
1752 5076 1803 5122 et

217 5165 503 5233 agnovisset
528 5178 637 5228 eos,
678 5162 834 5233 quasi
883 5162 950 5214 ad
998 5160 1200 5215 alienos
1238 5160 1425 5215 durius
1466 5159 1799 5231 loquebatur,

216 5250 535 5322 interrogans
562 5266 584 5304 ς
634 5249 786 5305 Unde
822 5251 1075 5305 venistis?
1122 5249 1226 5315 Qui
1274 5249 1649 5319 responderunt
1678 5263 1696 5300 :
1724 5248 1803 5303 De

218 5350 353 5397 terra
376 5344 650 5408 Chaunum
676 5353 730 5396 at
756 5348 994 5397 eruamus
1016 5341 1178 5396 victui
1206 5341 1531 5405 necessaria,
1552 5350 1602 5394 et
1622 5349 1800 5395 tamen

220 5432 404 5502 fratres
424 5436 533 5505 ipse
555 5450 887 5505 cognoscens,
918 5451 1024 5487 non
1046 5443 1124 5488 est
1151 5434 1358 5504 agnitus
1388 5432 1453 5485 ab
1481 5433 1575 5485 eis.
1607 5430 1799 5485 Recor-

222 5522 469 5596 datusqua
512 5526 831 5579 somniorum
883 5540 999 5595 qua:
1044 5524 1331 5595 aliquando
1383 5522 1605 5588 viderat,
1657 5523 1729 5577 ait
1777 5535 1797 5574 :

228 5611 590 5684 Exploratores
618 5618 770 5682 estis,
808 5624 864 5669 ut
904 5614 1126 5669 videatis
1171 5615 1466 5683 inﬁrmiora
1514 5624 1667 5668 terra:
1712 5629 1797 5669 ve-

226 5705 387 5760 nistis.
415 5707 598 5782 (Δια.)
625 5709 693 5763 Et
717 5715 1049 5763 memoratus
1071 5703 1271 5776 Ioseph
1301 5707 1635 5762 somniorum
1668 5718 1796 5761 suo-

224 5811 340 5852 rum
368 5810 485 5869 qua:
512 5801 646 5856 vidit
674 5802 813 5872 ipse,
841 5801 1202 5855 adoraverant
1235 5800 1382 5854 enim
1426 5814 1550 5854 eum
1600 5799 1799 5854 fratres

222 5890 337 5957 sui,
367 5894 461 5949 sed
496 5893 699 5964 ahquid
723 5895 779 5949 in
819 5894 924 5949 illis
952 5892 1177 5948 somniis
1202 5892 1473 5948 excelsius
1520 5890 1798 5961 inquiren-

230 5980 352 6043 dum
376 5995 476 6047 est.
525 5986 641 6045 Non
665 5987 809 6045 enim
846 5994 1021 6063 potest
1046 6000 1112 6043 eo
1140 5984 1300 6043 modo
1326 5985 1392 6043 de
1421 5991 1573 6056 patre
1594 5982 1709 6054 eius
1734 5996 1797 6039 ac
1828 5997 1854 6046 ·,

1907 3492 2066 3546 rabat
2089 3491 2390 3546 Pharaonis
2418 3490 2670 3554 salutem,
2700 3490 2943 3558 nunquid
2982 3499 3037 3544 et
3067 3489 3364 3560 periurium
3394 3504 3492 3560 pro

1906 3581 2191 3651 cujuslibet
2238 3581 2471 3636 hominis
2528 3581 2702 3637 salute
2756 3582 2928 3636 vitare
2988 3595 3097 3636 non
3143 3581 3367 3636 debuit?
3409 3581 3493 3636 An

1906 3689 2014 3729 non
2043 3682 2125 3729 est
2146 3671 2480 3744 perjurium?
2504 3673 2698 3728 Tenuit
2723 3673 2868 3728 enim
2896 3689 3058 3728 unum
3087 3688 3295 3737 eorum,
3322 3672 3494 3727 donec

1907 3764 2117 3819 veniret
2140 3763 2441 3832 Beniamin,
2464 3771 2521 3818 et
2546 3779 2731 3818 verum
2758 3762 2958 3818 factum
2981 3771 3061 3818 est
3091 3763 3233 3832 quod
3256 3762 3488 3817 dixerat.

1907 3843 2026 3912 Non
2072 3858 2291 3913 exibitis
2333 3854 2478 3923 hinc,
2521 3858 2693 3913 donec
2727 3858 2911 3913 veniat
2950 3857 3119 3912 frater
3162 3866 3359 3912 vester.
3410 3855 3493 3911 Ad

1907 3965 2094 4006 omnes
2122 3952 2264 4005 enim
2300 3951 2474 4021 potuit
2502 3953 2777 4021 pertinere
2814 3950 2956 4021 quod
2990 3951 3192 4005 dictum
3220 3958 3322 4005 est.
3355 3947 3490 4004 Nam

1910 4045 2178 4116 quomodo
2217 4053 2272 4100 et
2312 4044 2401 4100 ille
2430 4052 2690 4099 venturus
2718 4052 2881 4108 esset,
2920 4043 3020 4098 nisi
3061 4043 3128 4097 ad
3165 4058 3289 4097 eum
3326 4042 3493 4096 addu-

1905 4138 2134 4193 cendum
2178 4135 2345 4205 aliqui
2387 4135 2689 4191 redissent?
2733 4133 2838 4189 Sed
2862 4133 3008 4205 quod
3040 4132 3283 4207 sequitur
3322 4131 3491 4202 magis

1904 4236 2063 4301 urget
2096 4227 2471 4298 qumstiouem,
2504 4227 2596 4282 ubi
2626 4228 2819 4281 iterum
2841 4224 3048 4295 juravit
3069 4224 3284 4279 dicens:

1977 4304 2169 4374 Mittite
2210 4336 2275 4373 ex
2313 4318 2454 4373 vobis
2518 4334 2720 4384 unum,
2775 4326 2822 4371 et
2862 4316 3109 4371 adducite
3147 4316 3362 4386 fratrem
3401 4332 3489 4369 ve-

1904 4418 2104 4474 strum,
2149 4426 2236 4463 vos
2278 4419 2451 4463 autem
2497 4398 2793 4473 vincimini,
2840 4407 3176 4479 quoadusque
3213 4407 3490 4476 manifesta

1905 4498 2007 4552 sint
2043 4498 2191 4551 verba
2230 4507 2419 4562 vestra,
2452 4498 2497 4551 si
2533 4514 2650 4551 vera
2687 4498 2861 4550 dicitis
2898 4514 2968 4550 an
2999 4514 3121 4550 non.
3167 4496 3264 4550 Sin
3293 4506 3487 4559 autem,

1902 4605 1997 4659 per
2032 4587 2251 4641 salutent
2276 4585 2597 4651 Pharaonis,
2641 4586 2995 4655 exploratores
3033 4587 3176 4650 estis,
3212 4586 3265 4638 id
3302 4593 3405 4649 est,
3443 4586 3487 4640 si

1910 4696 2017 4735 non
2044 4695 2172 4734 vera
2201 4679 2400 4743 dicitis,
2428 4678 2799 4747 exploratores
2840 4679 3000 4745 estis;
3044 4677 3169 4733 huic
3210 4679 3490 4733 sententia:

1906 4762 2229 4841 interposuit
2256 4769 2608 4841 iurationem,
2650 4771 2776 4839 quia
2814 4772 2859 4825 si
2894 4785 3021 4825 vera
3063 4786 3169 4825 non
3202 4770 3486 4835 dixissent,

1905 4861 2274 4931 exploratores
2313 4868 2517 4926 essent,
2558 4860 2679 4915 ideo
2723 4860 3122 4930 exploratorum
3152 4874 3311 4931 pinna
3342 4859 3489 4929 digni

1903 4961 2105 5008 essent.
2135 4953 2281 5019 Quos
2312 4961 2492 5006 tamen
2517 4968 2644 5008 vera
2673 4952 2854 5007 dicere
2876 4953 3112 5017 sciebat;
3145 4968 3318 5021 neque
3344 4952 3487 5007 enim

1904 5042 2154 5114 periurus
2192 5053 2274 5098 est
2311 5044 2562 5115 quisque,
2601 5046 2647 5099 si
2677 5045 2727 5099 ei
2754 5061 2914 5115 quem
2944 5045 3303 5100 castissimum
3340 5045 3489 5099 novit

1905 5141 2049 5195 dicat
2080 5157 2091 5190 :
2128 5138 2184 5192 Si
2216 5139 2318 5194 hoc
2348 5138 2668 5193 adulterium
2698 5138 2764 5193 de
2800 5155 2908 5207 quo
2935 5140 3179 5210 argueris
3213 5139 3488 5193 commisi-

1904 5230 1993 5296 sti,
2023 5229 2246 5284 damnat
2277 5238 2328 5285 te
2354 5230 2516 5295 Deus,
2545 5237 2601 5283 et
2637 5230 2722 5283 his
2755 5229 2936 5283 verbis
2976 5228 3221 5283 adhibuit
3258 5226 3487 5297 iuratio-

1902 5337 2048 5387 nem,
2099 5337 2289 5376 verum
2328 5321 2547 5377 omnino
2582 5320 2749 5389 jurat.
2802 5319 2877 5373 lbi
2918 5321 3061 5374 enim
3105 5328 3186 5375 est
3225 5320 3483 5388 conditio,

1902 5415 2027 5485 quia
2052 5413 2207 5479 dixit,
2238 5413 2282 5467 si
2312 5412 2508 5477 fecisti,
2536 5427 2695 5482 quem
2719 5418 2897 5465 tamen
2924 5424 3029 5465 non
3058 5409 3250 5467 fecisse
3277 5421 3485 5467 certum

1903 5508 2086 5562 habet.
2118 5506 2222 5560 Sed
2248 5505 2323 5558 ait
2349 5504 2543 5575 aliquis
2571 5520 2583 5556 :
2611 5503 2808 5557 Verum
2830 5512 2933 5569 est,
2958 5504 3084 5572 quia
3113 5505 3158 5559 si
3182 5504 3307 5560 fecit
3336 5506 3486 5560 adul-

1904 5602 2120 5665 terium,
2172 5599 2391 5653 damnat
2439 5594 2586 5650 illum
2616 5594 2776 5650 Deus.
2828 5594 2941 5650 Hoc
2987 5605 3165 5651 autem
3218 5598 3485 5667 quomodo

1902 5712 2090 5751 verum
2114 5702 2196 5748 est
2216 5733 2231 5758 ,
2264 5692 2310 5747 si
2350 5706 2456 5745 non
2487 5704 2673 5743 verum
2703 5688 2899 5756 dicitis,
2933 5689 3303 5760 exploratores
3328 5691 3483 5755 estis,

1904 5801 2027 5840 eum
2075 5786 2238 5839 etiam
2284 5783 2329 5837 si
2376 5780 2729 5845 mentiantur,
2775 5796 2880 5835 non
2921 5791 3049 5837 sunt
3082 5781 3484 5852 exploratores?

1904 5874 2011 5931 Sed
2038 5876 2140 5930 hoc
2162 5882 2243 5928 est
2269 5870 2411 5942 quod
2438 5870 2594 5933 dixit,
2619 5870 2690 5924 ita
2717 5870 2919 5925 dictum
2941 5887 3079 5927 esse.
3106 5871 3483 5943 Exploratores

1902 5970 2051 6034 estis,
2094 5975 2348 6039 unquam
2386 5962 2431 6017 si
2459 5961 2658 6018 dictum
2700 5973 2864 6029 esset,
2894 5963 3296 6038 exploratorum
3318 5976 3479 6041 paula
