3946 6450
449 451 552 504 639

1126 446 1187 495 Β.
1226 437 1479 496 ιίΑΒΑΝῐ
1516 436 1736 496 MAURI
1769 435 2038 494 ARCHIEI

2146 435 2442 496 KOGUNT.
2483 431 2769 492 OPERUM
2804 431 2985 488 PARS
3019 430 3064 487 ι.

3618 428 3730 483 6ιῦ

448 560 594 632 digni
630 560 785 626 estis,
813 560 917 615 hoc
945 573 1001 614 e.
1062 556 1428 626 exploratores
1457 553 1788 624 deputamini
1826 553 2020 608 merito
2051 557 2094 619 Α
2124 564 2263 608 terra
2303 554 2372 608 ad
2412 569 2569 625 quam
2610 550 2844 620 pergitis,
2887 546 3149 602 deducetis
3194 562 3356 602 canos
3398 561 3549 600 meos
3600 561 3733 599 cum

448 652 715 708 mendacii
744 650 930 706 vestri.
960 648 1104 702 Estis
1134 656 1312 702 autem
1343 646 1582 716 potuisse
1612 645 1716 701 dici
1744 660 1844 715 pro
1872 644 2028 697 habe-

447 746 578 798 mini
604 751 659 797 et
678 738 1086 812 deputabimini,
1129 739 1426 793 innumerae
1472 736 1673 792 similes
1729 735 2028 790 locutiones

448 835 663 889 docent.
697 831 851 888 Unde
879 838 963 885 est
988 829 1077 884 illa
1102 828 1233 883 Elia:
1262 846 1276 882 :
1307 827 1630 899 Quijcunque
1650 826 1943 880 exaudierit
1971 826 2027 879 in

447 926 583 995 igne,
606 934 653 978 et
674 925 781 994 ipse
800 922 898 977 erit
927 922 1062 976 Deus
1084 919 1203 992 (III
1225 919 1350 991 Reg.
1374 917 1550 990 xvnt).
1581 917 1696 973 Non
1732 916 1877 970 enim
1899 922 2027 971 tunc

449 1017 570 1077 crit,
601 1016 694 1071 sed
719 1024 846 1069 tunc
866 1014 1173 1069 habebitur.

518 1102 586 1159 Et
610 1106 767 1160 locuti
789 1114 909 1159 sunt
933 1104 1000 1159 ad
1020 1104 1273 1161 invicem:
1297 1102 1484 1157 Merito
1504 1103 1615 1157 hcce
1635 1101 1884 1171 patimur,
1903 1099 2028 1170 quia

447 1196 769 1267 peccavimus
812 1196 868 1248 in
912 1194 1130 1264 fratrem
1170 1202 1423 1259 nostrum,
1468 1193 1694 1248 videntes
1734 1189 2026 1261 angustiam

450 1292 641 1340 anima:
669 1287 805 1356 ejus,
826 1286 953 1339 dum
975 1286 1339 1355 deprecaretur
1364 1302 1479 1349 nos,
1502 1294 1550 1339 et
1584 1301 1686 1338 non
1713 1283 2024 1337 audivimus.

452 1376 659 1430 Idcirco
685 1377 816 1430 venit
841 1392 996 1445 super
1015 1393 1107 1429 nos
1140 1376 1240 1429 ista
1261 1375 1546 1429 tribulatio.
1591 1375 1657 1428 Et
1679 1375 1865 1445 quibus
1890 1391 2027 1428 unus

452 1468 635 1521 Ruben
658 1469 729 1521 ait
754 1487 770 1524 :
799 1465 1052 1537 Nunquid
1076 1466 1307 1542 nondixi
1330 1466 1509 1521 vobis:
1538 1465 1717 1520 Nolite
1736 1481 1949 1535 peccare
1972 1466 2028 1519 in
2114 1452 2117 1455 b

452 1577 693 1631 puerum,
734 1569 783 1613 et
819 1576 923 1613 non
956 1558 1178 1613 audistis
1202 1558 1320 1613 me?
1349 1556 1431 1611 En
1460 1558 1672 1627 sanguis
1699 1556 1812 1626 ejus
1838 1554 2026 1627 exqui-

450 1652 602 1705 ritur.
643 1650 954 1705 Nesciebant
996 1660 1166 1704 autem
1210 1650 1349 1720 quod
1388 1648 1690 1718 intelligeret
1716 1646 1934 1718 Ioseph,
1968 1662 2027 1701 eo

447 1743 585 1814 quod
609 1760 700 1813 per
718 1744 1045 1813 interpretem
1065 1741 1370 1812 loquebatur
1389 1740 1457 1793 ad
1480 1756 1586 1793 eos.
1611 1738 1749 1805 Quid
1777 1746 1859 1793 est
1884 1738 2028 1814 quod

449 1811 571 1887 cum
609 1811 753 1887 intra
791 1811 859 1888 se?
884 1811 1209 1902 pmnitentes
1244 1832 1339 1887 ﬁlii
1375 1832 1538 1887 Israel
1575 1832 1924 1903 loquerentur
1960 1811 2025 1887 de

2129 647 2307 701 dolore
2332 647 2400 701 ad
2426 646 2641 716 inferos.
2685 643 2951 711 Quaeritur
2978 650 3160 696 utrum
3192 640 3313 694 ideo
3338 638 3405 693 ad
3434 639 3733 694 infernum

2128 739 2255 808 quia
2285 754 2407 794 cum
2433 736 2673 803 tristitia,
2705 751 2774 790 an
2802 735 2967 789 etiam
2995 732 3039 789 si
3071 732 3288 787 abesset
3314 732 3569 796 tristitia,
3608 738 3735 785 tan-

2130 846 2291 901 quam
2337 830 2405 885 ad
2451 828 2721 883 infernum
2770 824 3049 881 moriendo
3093 825 3461 879 descensurus
3492 824 3620 878 haec
3652 821 3733 877 lo—

2129 920 2328 991 quitur.
2359 919 2435 974 De
2461 917 2673 974 inferno
2701 917 2845 972 enim
2873 931 3067 988 magna
3098 916 3328 985 quaestio
3352 922 3461 981 est,
3491 923 3549 968 et
3592 911 3731 983 quid

2130 1013 2255 1067 inde
2286 1011 2564 1081 Scriptura
2605 1010 2822 1072 sentiat,
2853 1008 2989 1065 locis
3026 1008 3279 1063 omnibus
3303 1007 3399 1062 ubi
3440 1005 3596 1063 forte
3623 1006 3731 1059 hoc

2129 1109 2609 1159 commemoratum
2635 1099 2815 1165 fuerit,
2844 1100 3236 1155 observandum
3265 1107 3373 1154 est.

2727 1213 2953 1269 CAPUT
2988 1213 3095 1269 VII.

2127 1307 2208 1364 De
2249 1308 2474 1363 secundo
2518 1307 2746 1361 transitu
2795 1306 3019 1375 fratrum
3057 1304 3249 1373 Ioseph
3298 1304 3356 1357 in
3394 1302 3732 1373 Egyptum,

2303 1377 2458 1432 simul
2478 1394 2596 1431 cum
2611 1376 2908 1445 Beniamin,
2925 1386 2972 1428 et
2996 1376 3306 1429 tentationes
3328 1391 3542 1428 eorum.

2201 1472 2349 1542 (Car.
2382 1468 2557 1539 XLIII.)
2584 1469 2758 1539 Igitur
2780 1467 2947 1522 Israel
2967 1477 3115 1538 pater
3135 1484 3312 1521 eorum
3336 1465 3477 1519 dixit
3508 1465 3584 1517 ad
3605 1481 3730 1519 eos:

2130 1564 2186 1619 Si
2213 1564 2287 1617 sic
2309 1579 2510 1618 necesse
2530 1569 2622 1625 est,
2652 1560 2806 1631 facite
2828 1558 2965 1631 quod
2989 1557 3160 1611 vultis.
3187 1556 3394 1611 Sumite
3417 1556 3487 1608 de
3515 1555 3732 1623 optimis

2129 1669 2281 1713 terra?
2306 1657 2542 1728 frugibus
2566 1656 2622 1710 in
2642 1656 2776 1709 vasis
2802 1653 3001 1713 vestris,
3030 1661 3079 1704 et
3104 1649 3299 1720 deferte
3330 1649 3443 1703 viro
3467 1662 3733 1700 munera:

2128 1750 2388 1805 modicum
2423 1749 2625 1811 resina,
2666 1756 2715 1799 et
2749 1743 2936 1809 mellis,
2970 1752 3017 1796 et
3051 1741 3302 1803 storacis,
3341 1748 3393 1792 et
3432 1748 3658 1801 stactes,
3689 1748 3734 1789 et

2129 1841 2420 1905 terebinthi,
2456 1848 2503 1894 et
2528 1834 2927 1907 amygdalarum
2952 1848 2969 1885 :
2992 1832 3264 1902 pecuniam
3289 1846 3503 1900 quoque
3557 1828 3735 1897 dupli-

448 1922 615 1979 fratre
657 1940 755 1978 suo
788 1923 1016 1995 Joseph,
1056 1925 1197 1994 quod
1237 1941 1359 1980 cum
1401 1925 1492 1979 illo
1530 1926 1670 1980 male
1707 1925 1938 1995 egerint.
1975 1921 2031 1979 ἐι
2057 1912 2105 1973 Β
2133 1950 2241 1988 cem
2264 1933 2392 2003 ferte
2414 1932 2673 1987 vobiscum
2696 1938 2742 1982 et
2770 1927 2916 1981 illam
2935 1943 3091 1999 quam
3122 1924 3391 1979 invenistis
3414 1924 3470 1977 in
3498 1921 3735 1975 sacculis

449 2015 549 2069 hoc
579 2016 657 2070 eis
687 2016 868 2071 divino
900 2017 1106 2084 judicio
1148 2017 1483 2082 redderetur,
1517 2015 1661 2085 quod
1714 2031 1771 2069 se
1807 2015 2025 2085 pericli-

450 2106 551 2159 tari
580 2106 857 2173 videbant,
886 2107 1129 2177 adjungit
1165 2106 1444 2176 Scriptura
1471 2113 1523 2162 et
1553 2106 1679 2160 dicit
1704 2122 1716 2158 :
1741 2106 1845 2175 Ipsi
1875 2106 2027 2176 igno-

449 2198 640 2251 rabant
677 2199 801 2266 quia
842 2199 1093 2254 audiebat
1132 2199 1351 2269 Ioseph,
1397 2199 1663 2268 interpres
1702 2200 1846 2253 enim
1888 2199 2031 2254 inter

452 2290 570 2344 illos
616 2300 754 2346 erat.
805 2290 918 2347 Hoc
965 2291 1170 2345 scilicet
1223 2290 1623 2361 intelligendum
1667 2298 1750 2344 est
1784 2290 1903 2345 ideo
1935 2304 2028 2345 eos

450 2390 669 2451 putasse
695 2382 819 2451 quia
866 2380 953 2436 ille
999 2396 1107 2435 non
1140 2381 1368 2444 audiret,
1402 2380 1546 2449 quod
1574 2380 1826 2434 videbant
1870 2379 2033 2434 inter-

452 2482 679 2542 pretem,
716 2473 807 2541 qui
848 2473 989 2526 inter
1032 2472 1151 2528 illos
1192 2480 1332 2537 erat,
1363 2471 1496 2526 nihil
1538 2472 1585 2525 ei
1622 2471 1803 2527 dicere
1843 2487 2031 2527 eorum

452 2578 570 2632 quae
601 2563 977 2632 loquebantur.
1012 2562 1123 2619 Nec
1155 2565 1225 2619 ob
1263 2562 1409 2618 aliud
1439 2562 1737 2617 adhibitum
1767 2562 2034 2633 putabant

453 2654 822 2723 interpretem,
871 2654 975 2708 nisi
1000 2654 1142 2723 quod
1171 2669 1356 2709 eorum
1384 2654 1621 2724 linguam
1653 2653 1742 2708 ille
1771 2653 2031 2720 nesciret,

455 2762 554 2801 nec
581 2762 709 2800 cura
736 2754 854 2801 erat
878 2746 1189 2817 interpretis
1213 2758 1275 2801 ea
1306 2746 1487 2802 dicere
1522 2747 1598 2801 illi
1636 2762 1799 2816 atquo
1823 2727 2034 2818 positus

457 2836 654 2903 fuerat,
680 2852 799 2907 qua:
830 2854 939 2891 non
980 2838 1048 2891 ad
1079 2837 1245 2901 illum,
1276 2838 1369 2892 sed
1400 2838 1543 2891 inter
1568 2852 1626 2892 se
1653 2837 2030 2907 loquebantur.

517 2930 583 2983 Et
604 2945 832 2984 reversus
847 2928 1050 2983 locutus
1070 2938 1144 2983 est
1159 2928 1227 2981 ad
1240 2928 1377 2983 illos.
1396 2927 1702 2999 Tollensque
1716 2927 2033 2994 Simeonem,

453 3030 499 3075 et
524 3021 692 3091 ligans
724 3019 829 3074 illis
848 3019 1207 3090 praesentibus,
1231 3020 1392 3091 jussit
1414 3020 1665 3074 ministris
1687 3029 1744 3073 ut
1765 3018 2036 3085 implerent

456 3112 635 3169 saccos
669 3129 848 3168 eorum
873 3114 1044 3167 tritico
1065 3154 1079 3179 ,
1105 3123 1153 3167 et
1177 3124 1472 3183 reponerent
1515 3113 1761 3184 pecunias
1797 3110 2037 3182 singulo-

456 3220 571 3258 rum
602 3204 655 3256 in
694 3203 916 3257 sacculis
950 3205 1082 3270 suis,
1117 3203 1253 3257 datis
1284 3219 1444 3274 supra
1479 3203 1690 3257 cibariis
1712 3204 1767 3256 in
1801 3203 1904 3256 via.
1933 3200 2038 3266 Qui

456 3302 687 3369 fecerunt
714 3300 809 3353 ita.
842 3298 908 3352 At
937 3297 1016 3352 illi
1042 3307 1304 3368 portantes
1333 3297 1597 3367 frumenta
1629 3298 1683 3350 iu
1709 3297 1891 3360 asinis,
1916 3311 2035 3366 pro-

456 3391 576 3461 fecti
596 3399 735 3444 sunt.
770 3387 910 3455 Quid
938 3397 1117 3443 autem
1146 3389 1411 3460 signiﬁcat
1440 3390 1582 3458 quod
1615 3387 1813 3442 fratres
1839 3385 2038 3457 Ioseph

458 3482 720 3539 dcileruut
744 3479 1025 3554 pecuniam
1057 3481 1112 3537 in
1141 3480 1464 3553 emptionem
1492 3478 1772 3548 frumenti,
1796 3479 1888 3538 sed
1916 3493 2039 3536 eam

461 3575 585 3644 ipsi,
617 3582 835 3645 accepto
874 3573 1143 3630 frumento
1169 3576 1312 3645 quod
1340 3585 1605 3640 emerant,
1638 3575 1833 3630 iterum
1878 3589 2041 3644 pecu-

464 3667 612 3722 niam
638 3682 790 3722 suam
822 3677 1163 3737 receperunt,
1192 3668 1295 3723 nisi
1323 3669 1467 3738 quod
1487 3667 1687 3738 Ioseph
1725 3676 1910 3723 noster
1932 3683 2040 3722 non

462 3762 656 3831 quzerit
676 3768 880 3825 nostra,
908 3761 999 3817 sed
1028 3762 1158 3818 nos?
1182 3760 1362 3817 Gratis
1385 3762 1529 3817 enim
1552 3762 1645 3816 dat
1670 3777 1767 3816 sua
1792 3777 2040 3830 munera,

458 3860 515 3907 et
558 3853 611 3906 in
651 3861 836 3907 nostra
876 3853 1147 3924 emptione
1183 3868 1282 3908 nos
1323 3853 1546 3908 ditiores
1585 3852 1732 3920 fecit,
1770 3853 1897 3924 quia
1935 3868 2043 3909 non

461 3946 689 4014 pecunia
724 3946 923 4000 emitur
952 3945 1225 4013 Christus,
1256 3947 1350 4002 sed
1376 3947 1569 4018 gratia.

539 4035 899 4106 Veneruntque
939 4037 1005 4090 ad
1034 4037 1198 4092 Iacob
1235 4049 1433 4109 patrem
1468 4056 1624 4093 suum
1662 4039 1716 4093 in
1747 4046 1885 4092 terra
1906 4037 2046 4093 Cha-

466 4121 627 4193 naan,
673 4137 719 4181 et
765 4138 1107 4182 narraverttnt
1147 4130 1195 4183 ei
1237 4129 1410 4183 omnia
1450 4147 1567 4201 qua:
1606 4131 1915 4184 accidissent
1946 4130 2045 4183 sibi

464 4220 981 4275 dicentes:Locutus
1022 4231 1096 4276 est
1138 4222 1284 4277 nobis
1326 4224 1567 4278 dominus
1606 4233 1759 4278 terra:
1794 4224 1957 4290 dure,
1997 4233 2047 4278 et

464 4312 662 4383 putavit
692 4329 784 4367 nos
814 4313 1163 4383 exploratores
1187 4316 1485 4385 provinciae,
1514 4326 1619 4372 etc.
1657 4316 1926 4384 Quaeritur
1952 4333 2049 4373 cur

469 4403 667 4474 Ioseph
704 4406 786 4459 vir
823 4405 1137 4462 mitissimus
1172 4415 1228 4462 et
1263 4408 1639 4464 sanctissimus
1685 4409 1880 4464 fratres
1923 4426 2051 4467 suos

472 4494 653 4551 taliter
698 4494 910 4551 allicere
962 4496 1191 4552 voluerit
1232 4498 1287 4552 in
1345 4498 1702 4569 protelatione
1758 4501 2049 4570 agnitionis

470 4602 599 4655 sua),
632 4603 752 4644 cum
781 4588 890 4643 cito
918 4588 1184 4658 potuisset
1216 4590 1297 4645 eis
1346 4590 1634 4645 subvenire
1660 4591 2049 4649 innotescendo

412 4679 416 4683 “
466 4694 618 4734 suam
658 4694 964 4748 personam.
1007 4679 1112 4735 Sed
1140 4681 1244 4736 hoc
1283 4696 1390 4736 non
1428 4680 1647 4737 ultionis
1687 4699 1851 4738 causa
1897 4683 2043 4751 fecit,

471 4781 528 4826 ut
558 4772 856 4826 vindicaret
884 4772 1084 4826 malum
1112 4774 1253 4843 quod
1285 4774 1385 4829 sibi
1412 4774 1610 4829 factum
1637 4774 1832 4841 fuerat,
1856 4777 1950 4832 sed
1980 4777 2048 4831 ob

468 4861 856 4934 experientiam
903 4861 1070 4916 animi
1116 4878 1325 4929 eorum,
1374 4872 1434 4918 ut
1476 4876 1826 4936 cognosceret
1868 4876 2048 4922 utrum

469 4953 658 5008 codem
706 4950 925 5007 stimulo
968 4950 1192 5007 fratrem
1240 4969 1396 5007 suum
1443 4956 1715 5011 uterinum
1761 4974 2051 5027 perseque-

472 5054 679 5112 rentur,
720 5046 861 5101 sicut
908 5045 1081 5116 ipsum
1124 5046 1181 5100 in
1203 5054 1420 5102 exteras
1455 5048 1763 5118 provincias
1797 5050 2055 5107 vendide-

475 5130 616 5193 runt.

544 5228 689 5284 Dixit
731 5238 878 5300 pater
899 5228 1064 5285 Iacob
1088 5243 1106 5281 .'
1128 5228 1335 5301 Absque
1367 5229 1543 5286 liberis
1576 5248 1658 5287 me
1697 5249 1807 5288 esse
1830 5234 2048 5304 fecistis.

473 5319 665 5390 Ioseph
705 5338 808 5376 non
840 5331 915 5376 est
949 5339 1124 5391 super,
1153 5321 1366 5378 Simeon
1405 5332 1608 5377 tenetur
1636 5326 1691 5379 in
1726 5325 1973 5394 vinculis,
2006 5337 2054 5383 et

475 5407 753 5478 Benjamin
787 5413 1071 5481 auferetis?
1113 5413 1177 5471 In
1219 5430 1299 5468 me
1333 5416 1444 5469 lucc
1465 5414 1607 5469 mala
1648 5420 1823 5472 omnia
1856 5420 2054 5474 recide-

477 5510 620 5555 runt.
658 5500 755 5554 Cui
788 5504 1046 5574 respondit
1072 5504 1292 5559 Ruben:
1316 5506 1460 5559 Duos
1485 5505 1623 5575 filios
1646 5523 1785 5561 meos
1800 5510 2050 5577 interﬁce,

477 5596 523 5651 si
553 5611 657 5649 non
684 5597 936 5649 reduxero
970 5599 1061 5651 tibi
1090 5598 1260 5653 illum.
1288 5598 1458 5654 Trade
1482 5598 1630 5654 illum
1660 5600 1714 5654 in
1748 5618 1903 5654 manu
1941 5619 2055 5656 mea

479 5698 529 5744 et
564 5706 656 5759 ego
686 5688 780 5743 tibi
820 5705 933 5742 eum
965 5692 1253 5746 restituam.
1313 5693 1378 5746 At
1412 5692 1500 5747 ille
1543 5705 1562 5744 .'
1600 5692 1723 5746 Non
1760 5693 2051 5760 descendet,

478 5783 669 5855 inquit,
694 5779 836 5851 [ilius
861 5797 1004 5836 meus
1027 5784 1301 5838 vobiscum.
1343 5782 1536 5840 Frater
1559 5784 1671 5854 ejus
1698 5794 1935 5840 mortuus
1957 5796 2049 5853 est,

480 5875 591 5943 ipse
631 5873 773 5932 solus
807 5874 1077 5931 remansit.
1123 5873 1185 5932 Si
1217 5875 1345 5947 quid
1385 5876 1435 5931 ei
1471 5876 1675 5931 adversi
1715 5876 1961 5931 acciderit
2000 5877 2057 5932 in

2073 4636 2127 4696 D

2132 2033 2405 2094 reportate,
2445 2039 2507 2077 ne
2544 2022 2674 2093 forte
2721 2035 2895 2073 errore
2926 2018 3123 2087 factum
3162 2017 3247 2070 sit.
3295 2013 3405 2069 Sed
3433 2023 3483 2067 et
3508 2013 3737 2082 fratrem

2129 2124 2357 2169 vestrum
2395 2111 2578 2177 tollite,
2622 2119 2670 2165 et
2708 2111 2778 2163 ite
2822 2109 2890 2162 ad
2936 2109 3129 2161 virum.
3171 2106 3314 2159 Deus
3350 2116 3539 2157 autem
3588 2119 3737 2155 meus

2131 2206 2451 2269 omnipotens
2494 2202 2656 2272 faciat
2698 2217 2815 2255 eum
2849 2199 2998 2254 vobis
3039 2195 3370 2269 placabilem,
3410 2205 3461 2248 et
3493 2195 3737 2247 remittat

2131 2296 2391 2351 vobiscum
2433 2293 2647 2363 fratrem
2688 2303 2911 2347 vestrum
2947 2306 3098 2362 quem
3133 2297 3267 2342 tenet
3308 2288 3363 2341 in
3388 2284 3650 2347 vinculis,
3688 2294 3739 2337 et

2132 2387 2268 2440 hunc
2314 2385 2615 2452 Benjamin.
2661 2383 2772 2454 Ego
2832 2392 3003 2436 autem
3054 2381 3206 2452 quasi
3251 2380 3471 2433 orbatus
3537 2378 3738 2445 absque

2133 2479 2307 2534 liberis
2345 2495 2451 2533 ero.
2508 2476 2724 2532 Deferte
2771 2476 2891 2530 viro
2944 2489 3199 2537 munera,
3251 2472 3460 2541 inquit,
3525 2468 3739 2539 aliquid

2134 2572 2328 2626 resiutr
2356 2578 2411 2625 ct
2458 2569 2652 2634 mellis,
2695 2567 2991 2639 thymiama
3024 2575 3078 2621 et
3117 2573 3338 2628 stacten,
3384 2575 3442 2618 et
3484 2564 3740 2616 terebin-

2134 2665 2286 2719 thum
2310 2672 2365 2718 et
2392 2676 2576 2718 nuces.
2600 2661 2749 2727 Sive,
2765 2668 2826 2716 ut
2850 2659 3045 2729 Aquila
3071 2666 3126 2714 et
3155 2657 3517 2728 Symmachus
3551 2665 3742 2709 trans-

2133 2756 2395 2821 tulerunt,
2414 2753 2715 2825 amygdala.
2742 2753 2946 2807 Idcirco
2966 2752 3069 2805 hoc
3098 2748 3389 2819 capitulum
3416 2747 3737 2819 posuimus,

2134 2855 2196 2901 ut
2230 2847 2500 2910 sciamus,
2540 2845 2631 2898 ubi
2674 2844 2727 2897 in
2762 2840 3275 2897 nostris'codicibus
3313 2839 3556 2892 habetur
3611 2838 3739 2908 thy-

2136 2938 2353 3001 miama,
2385 2936 2439 2990 in
2469 2934 2695 2989 Hebraeo
2752 2949 2871 2988 esse
2895 2932 3168 2997 nechotha,
3196 2940 3318 2994 nan,
3346 2928 3492 2996 quod
3523 2926 3739 2995 Aquila

2136 3040 2375 3087 storacen
2422 3028 2726 3094 transtulit,
2763 3042 2829 3082 ex
2857 3040 2964 3096 quo
2994 3025 3183 3081 domus
3207 3021 3475 3077 nechotha
3502 3036 3643 3089 qua:
3684 3020 3739 3072 in

2136 3122 2273 3178 Isaia
2304 3122 2520 3195 legitur,
2550 3119 2989 3175 manifestissime
3021 3116 3153 3172 cella
3185 3112 3590 3185 thymiamatis,
3619 3110 3740 3163 sive

2139 3214 2388 3279 storacis,
2417 3212 2750 3283 intelligitur,
2782 3225 2847 3265 eo
2874 3210 3017 3281 quod
3043 3210 3098 3263 in
3124 3207 3215 3263 illa
3237 3213 3483 3261 aromata
3505 3204 3741 3259 diversa

2141 3308 2250 3361 sint
2275 3305 2488 3361 condita

2213 3400 2280 3456 In
2308 3401 2433 3472 ipsis
2465 3399 2664 3468 foribus
2699 3396 2997 3451 accedentes
3027 3395 3096 3449 ad
3124 3394 3535 3465 dispensatorem
3571 3390 3741 3443 locuti

2140 3502 2281 3552 sunt.
2319 3491 2569 3561 Oramus,
2595 3490 2823 3557 domine,
2871 3498 2930 3545 ut
2964 3487 3150 3544 audias
3182 3503 3294 3543 nos.
3324 3483 3453 3541 lant
3487 3494 3622 3541 ante
3653 3483 3743 3539 de-

2143 3588 2436 3643 scendimus
2474 3595 2529 3640 ut
2570 3600 2854 3640 emeremus
2893 3598 3073 3647 escas;
3112 3581 3298 3651 quibus
3346 3579 3570 3647 emptis,
3618 3593 3739 3631 cum

2144 3681 2457 3735 venissemus
2498 3676 2566 3731 ad
2599 3675 2963 3740 diversorium,
3008 3671 3309 3744 aperuimus
3345 3666 3594 3723 sacculos
3640 3684 3737 3720 no-

2144 3783 2297 3839 stros,
2330 3781 2379 3827 et
2413 3771 2704 3826 invenimus
2729 3768 3003 3839 pecuniam
3037 3766 3094 3820 in
3120 3781 3210 3819 ore
3242 3779 3538 3827 saccorum,
3570 3778 3741 3831 quam

2146 3882 2283 3919 nunc
2320 3863 2499 3918 eodem
2536 3862 2762 3933 pondere
2798 3859 3193 3930 reportavimus.
3237 3854 3341 3911 Sed
3369 3855 3518 3908 aliud
3547 3856 3743 3907 attuli-

2143 3976 2260 4013 mus
2286 3967 2580 4028 argentum,
2610 3964 2665 4010 ut
2696 3970 2930 4010 emamus
2955 3969 3072 4023 quae
3101 3950 3396 4005 necessaria
3429 3957 3573 4001 sunt.
3610 3946 3741 4001 Non

2145 4058 2220 4103 est
2249 4048 2304 4101 in
2336 4056 2514 4101 nostra
2546 4046 2859 4101 conscientia
2890 4044 3006 4115 quis
3043 4059 3159 4097 eam
3198 4040 3426 4112 posuerit
3478 4039 3535 4093 in
3581 4056 3740 4093 istar-

2145 4140 2307 4209 supiis
2336 4139 2545 4193 nostris.
2568 4138 2632 4191 At
2657 4136 2746 4192 ille
2786 4135 3083 4207 respondit:
3108 4131 3227 4189 Pax
3248 4133 3510 4188 vobiscum
3532 4148 3550 4185 :
3568 4132 3741 4185 nolite

2147 4234 2365 4296 timere;
2387 4232 2528 4286 Deus
2561 4239 2742 4295 vester,
2771 4238 2819 4284 et
2842 4229 2982 4283 Deus
3016 4228 3181 4299 patris
3214 4226 3385 4289 vestri,
3411 4224 3556 4278 dedit
3595 4224 3742 4276 vobis

2149 4323 2417 4376 thesauros
2458 4322 2514 4375 in
2545 4319 2767 4375 sacculis
2799 4321 2996 4375 vestris.
3064 4318 3206 4373 Nam
3260 4316 3540 4387 pecuniam
3574 4330 3737 4385 quam

2149 4414 2365 4468 dedistis
2386 4414 2533 4478 mihi,
2556 4414 2828 4483 probatam
2848 4428 2940 4483 ego
2972 4411 3155 4466 habeo.
3188 4409 3339 4477 Quod
3378 4423 3408 4461 a
3440 4408 3742 4477 prmposito

2151 4506 2341 4561 domus
2376 4506 2622 4571 audiunt,
2653 4504 2792 4558 Deus
2817 4513 2999 4569 vester,
3038 4514 3085 4557 et
3110 4502 3249 4556 Deus
3282 4509 3498 4571 patrum
3539 4510 3743 4576 vestro-

2152 4613 2269 4651 rum
2291 4596 2431 4650 dedit
2451 4595 2591 4649 vobis
2614 4596 2884 4649 thesauros
2904 4594 2960 4648 in
2981 4591 3204 4648 sacculis
3226 4591 3428 4655 vestris,
3456 4601 3741 4660 argentum

2155 4695 2327 4741 autem
2359 4695 2585 4740 vestrum
2610 4686 2884 4756 probatum
2918 4701 3008 4755 ego
3037 4684 3219 4749 habeo,
3276 4681 3626 4736 mendacium
3661 4682 3741 4735 vi-

2154 4779 2330 4844 detur,
2357 4780 2450 4834 sed
2482 4778 2680 4848 aliquid
2710 4777 3012 4849 signiﬁcare
3040 4774 3363 4833 credendum
3391 4783 3500 4829 est.
3530 4774 3746 4843 Argen-

2157 4880 2273 4926 tum
2312 4872 2456 4925 enim
2481 4870 2624 4941 quod
2662 4878 2718 4924 et
2753 4871 2913 4925 datur
2940 4876 2994 4923 et
3022 4884 3129 4923 non
3170 4867 3452 4930 minuitur,
3490 4866 3642 4935 quod
3692 4874 3747 4919 et

2156 4962 2384 5032 probum
2416 4960 2741 5031 appellatum
2773 4968 2873 5025 est,
2910 4960 3167 5013 nimirum
3209 4958 3338 5012 illud
3391 4955 3742 5026 intelligitur,

2160 5053 2226 5108 de
2249 5066 2356 5121 quo
2383 5052 2508 5106 alibi
2534 5050 2762 5121 legimus
2786 5068 2799 5103 :
2824 5048 3050 5119 Eloquia
3075 5047 3286 5102 Domini
3322 5046 3535 5116 eloquia
3561 5056 3742 5099 casta:

2156 5148 2430 5210 argentum
2466 5140 2583 5210 igne
2608 5138 2987 5205 examinatum,
3025 5137 3302 5208 probatum
3341 5144 3519 5195 terrae.
3550 5153 3743 5204 purga-

2157 5240 2267 5284 tum
2297 5229 2591 5301 septuplum
2628 5227 2802 5300 (Psal.
2834 5226 2933 5300 x1),
2973 5228 3028 5283 id
3060 5235 3163 5294 est,
3190 5226 3445 5298 perfecte.

2227 5319 2401 5392 Igitur
2428 5321 2693 5390 ingressus
2724 5328 2798 5374 est
2819 5318 3015 5389 Ioseph
3048 5318 3471 5372 domumwuam.
3525 5315 3748 5372 Obtuleo

2159 5421 2379 5478 runtque
2412 5412 2459 5465 ei
2496 5428 2714 5465 munera
2754 5420 2982 5465 tenentes
3013 5412 3071 5463 in
3108 5410 3372 5475 manibus,
3406 5418 3456 5464 et
3486 5411 3749 5463 adorem-

2161 5514 2285 5561 runt
2312 5505 2464 5576 proni
2498 5506 2553 5558 in
2592 5514 2752 5557 terra.
2784 5503 2851 5557 At
2882 5502 2971 5557 ille
3000 5502 3276 5556 clementer
3305 5500 3614 5555 resalutatis
3647 5502 3749 5565 eis,

2162 5599 2501 5667 interrogavit
2539 5597 2714 5651 dicens
2741 5613 2759 5651 :
2790 5595 3047 5651 Salvusne
3075 5604 3150 5649 est
3188 5605 3336 5665 pater
3386 5603 3557 5649 vester
3588 5608 3751 5649 sene:

2163 5693 2227 5747 de
2247 5708 2349 5762 quo
2372 5691 2622 5745 diuratis
2646 5691 2773 5746 mihi
2795 5707 2814 5744 :
2837 5690 3008 5744 adhuc
3032 5690 3192 5743 vivit?
3216 5688 3321 5753 Qui
3345 5689 3746 5758 responderant.

2166 5784 2355 5855 Sospes
2377 5792 2452 5838 est
2477 5799 2652 5837 servus
2686 5792 2806 5837 tuus
2826 5790 2975 5852 pater
2992 5789 3185 5845 noster,
3211 5780 3385 5834 adhuc
3414 5780 3563 5845 vivit,
3586 5790 3635 5833 et
3662 5780 3751 5831 in-

2164 5874 2365 5931 curvati
2423 5875 2773 5931 adoraverunt
2834 5890 2975 5928 eum.
3018 5871 3273 5928 Attollens
3335 5881 3510 5925 autem
3550 5869 3752 5927 lauet
