3946 6486
205 482 311 553 6M

1222 487 1575 545 COMMENT.
1614 486 1685 542 IN
1724 485 2043 543 GENESIM.
2084 516 2154 527 -—
2191 485 2318 543 LIB.
2358 487 2447 543 Ν.

3361 456 3467 546 θη

213 623 419 674 ecutos,
440 606 570 663 vidit
595 603 876 674 Benjamin
894 605 1111 674 fratrem
1134 621 1289 659 suum
1310 606 1593 670 uterinum,
1616 612 1664 657 et
1688 604 1795 656 ait:
1824 606 1878 663 Α
1901 602 2167 657 servabat.
2195 601 2367 656 Flevit
2407 600 2623 671 Joseph,
2660 608 2716 657 et
2754 599 2970 657 cacitas
3019 600 3168 655 Pauli
3200 602 3339 673 (Act.
3365 603 3464 674 vn)

215 698 331 758 Iste
360 708 437 755 est
475 698 640 768 frater
661 705 824 753 vester
853 698 1118 765 minimus,
1143 699 1207 753 de
1224 715 1325 768 quo
1347 698 1599 753 dixeratis
1632 697 1796 751 mihi?

216 801 271 847 et
311 806 522 846 rursum
543 805 561 842 :
587 788 748 853 Deus,
775 788 967 859 inquit,
1009 788 1318 844 misereatur
1343 790 1441 855 tui,
1463 788 1542 858 fili
1576 788 1666 841 mi.
1693 787 1797 843 Fe-

218 865 552 952 stinavitque,
590 879 714 949 quia
746 888 1003 933 commota
1032 879 1240 950 fuerant
1271 880 1469 935 viscera
1502 880 1615 951 ejus
1642 897 1797 951 super

221 970 389 1041 fratre
418 985 534 1036 suo,
565 977 615 1023 et
647 969 981 1039 erumpebant
1014 968 1294 1040 lacrymaz;
1333 980 1383 1026 et
1416 972 1665 1027 introiens
1704 988 1798 1031 cu-

221 1063 455 1117 biculum
478 1062 638 1133 ﬂevit.
676 1059 914 1117 Affectus
939 1061 1066 1118 boni
1102 1065 1266 1118 animi
1305 1080 1517 1137 semper
1542 1069 1796 1138 proclivis

220 1161 308 1209 est
333 1153 401 1207 ad
427 1154 684 1223 pietatem
709 1170 723 1209 :
748 1155 889 1210 unde
917 1163 971 1211 et
1013 1156 1067 1210 in
1099 1155 1297 1230 Joseph
1324 1160 1583 1215 virtutum
1609 1176 1798 1231 possu-

220 1259 345 1299 mus
388 1245 733 1301 considerare
785 1246 1014 1317 copiam.
1079 1247 1272 1304 Castus
1330 1264 1460 1320 ergo
1509 1262 1626 1306 erat
1673 1267 1797 1306 cum

220 1337 428 1407 sprevit
474 1336 862 1408 impudicitiam
909 1340 1166 1407 domina;
1226 1343 1460 1412 sapiens,
1511 1358 1633 1398 cum
1679 1343 1798 1397 dili-

218 1429 366 1501 genti
404 1429 814 1503 investigatione
854 1432 1084 1489 fratrum
1118 1452 1336 1492 suomm
1370 1437 1581 1492 animos
1608 1436 1795 1507 explo-

220 1520 399 1585 rabat,
427 1521 661 1591 qualiter
699 1524 963 1579 sentirent
1001 1526 1067 1581 de
1092 1524 1259 1581 fratre
1290 1543 1388 1583 suo
1430 1528 1662 1583 uterino.
1699 1526 1797 1583 Ju~

220 1621 339 1667 stus
365 1621 502 1679 erat,
541 1614 597 1669 in
631 1615 962 1672 adhibitione
1003 1618 1299 1690 disciplina
1327 1620 1795 1692 delinquentibus;

218 1702 365 1771 pius,
394 1704 449 1759 in
477 1706 828 1763 conversione
851 1709 1247 1778 panitentium.

296 1792 598 1866 Rursusque
640 1795 747 1851 lota
768 1798 922 1868 facie,
972 1817 1207 1871 egressus
1229 1804 1486 1858 continuit
1506 1822 1578 1871 se,
1615 1816 1663 1861 et
1692 1807 1797 1861 ait:

220 1881 412 1937 Ponite
443 1902 621 1955 panes.
673 1885 873 1953 Quibus
914 1892 1196 1961 appositis,
1237 1910 1472 1948 seorsum
1492 1894 1707 1968 Joseph,
1751 1907 1802 1952 et

219 1990 457 2031 seorsum
496 1977 769 2047 fratribus,
791 1980 1055 2061 Aigyptiis
1099 2002 1300 2057 quoque
1338 1989 1427 2059 qui
1468 1993 1803 2046 vescebantur

226 2071 389 2126 simul
408 2089 660 2129 seorsum.
680 2075 935 2131 Illicitum
966 2090 1041 2133 est
1068 2082 1203 2135 enim
1225 2081 1513 2153 ίΕρῃριὶὶε,
1536 2084 1802 2139 comedere

229 2180 353 2217 cum
376 2163 426 2218 Η
431 2167 630 2234 ebrwis,
651 2176 698 2222 et
722 2169 1004 2241 profanum
1025 2181 1210 2242 putant
1235 2167 1596 2244 hujuscemodi
1631 2177 1805 2231 convi-

227 2254 393 2309 vium.
423 2255 675 2314 Seorsum
704 2274 833 2329 ergo
872 2263 1100 2332 appositi
1132 2272 1257 2319 sunt
1289 2265 1393 2319 cibi
1421 2265 1618 2336 Joseph
1651 2268 1805 2337 quasi

230 2342 476 2414 advena,
502 2356 557 2403 et
582 2363 827 2405 seorsum
852 2351 1135 2419 fratribus,
1158 2356 1310 2424 quasi
1337 2357 1539 2411 exteris
1566 2358 1802 2413 natione.

227 2431 504 2506 [Egyptiis
527 2453 739 2509 quoque
768 2441 1017 2498 similiter
1045 2459 1289 2501 seorsum
1318 2448 1470 2517 quasi
1520 2448 1803 2520 indigenis,

224 2529 320 2597 qui
355 2531 615 2600 putabant
653 2549 776 2590 cum
817 2536 1116 2609 peregrinis
1138 2537 1426 2595 profanum
1463 2556 1583 2597 esse
1622 2542 1807 2597 convi-

224 2635 398 2674 vrum.

299 2709 556 2769 Sederunt
593 2732 713 2787 ergo
753 2734 931 2773 coram
967 2737 1050 2786 eo,
1093 2723 1470 2794 primogenitus
1496 2725 1657 2794 juxta
1698 2728 1811 2796 pri-

225 2805 488 2874 mogenita
510 2822 629 2874 sua,
662 2817 709 2861 et
744 2809 991 2866 minimus
1024 2812 1185 2882 juxta
1206 2824 1411 2869 (etatem
1442 2834 1613 2884 suam,
1640 2827 1687 2872 et
1714 2820 1812 2874 mi-

227 2895 487 2951 rabantur
520 2900 672 2955 nimis
712 2904 931 2973 sumptis
972 2906 1208 2974 partibus
1246 2925 1376 2979 quas
1406 2910 1470 2964 ab
1502 2928 1561 2965 eo
1599 2928 1810 2983 accepe-

227 2996 373 3041 runt.
415 2986 690 3063 Majorque
728 3011 850 3064 pars
884 2996 1014 3049 venit
1038 2995 1338 3068 Benjamin,
1378 3001 1455 3054 ita
1495 3010 1553 3056 ut
1590 3003 1815 3075 quinque

224 3078 465 3146 partibus
497 3082 783 3138 excederet.
810 3084 1165 3159 Biberuntque
1203 3099 1252 3144 et
1284 3091 1528 3147 inebriati
1552 3103 1673 3148 sunt
1698 3112 1816 3150 cum

226 3182 313 3221 eo.
356 3165 615 3243 Praecepit
657 3183 832 3229 autem
870 3176 1063 3248 Joseph
1106 3179 1455 3251 dispensatori
1485 3184 1670 3239 domus
1707 3202 1818 3241 sua:

227 3260 410 3317 dicens
438 3263 645 3338 :Imple
683 3286 861 3324 saccos
902 3287 1078 3325 eorum
1111 3272 1372 3342 frumento
1405 3287 1660 3347 quantum
1697 3296 1816 3349 pos-

1898 691 2053 747 iletus
2082 700 2167 748 est
2188 691 2411 747 Christi.
2444 691 2613 747 Lavat
2656 691 2847 748 faciem
2880 708 3051 760 suam,
3096 702 3155 747 ut
3193 693 3372 748 lumen
3415 695 3465 749 ei

1897 784 2154 839 amissum
2188 783 2456 839 restituat.
2485 783 2654 839 Lavat
2682 784 2874 841 faciem
2901 801 3055 841 suam
3081 784 3347 851 Christus,
3376 786 3466 841 ubi

1895 874 2200 945 baptizatus
2256 881 2339 930 est
2386 874 2613 941 Paulus,
2659 891 2756 946 per
2797 892 2957 946 quem
3006 877 3262 933 Dominus
3311 858 3469 932 Jesus

1898 977 1930 1016 a
1968 962 2213 1032 plurimis
2262 965 2555 1020 videretur.
2612 966 2816 1021 Dehinc
2888 968 3119 1038 scyphus
3187 977 3471 1039 argenteus

1897 1052 2063 1108 solius
2092 1054 2307 1110 sacculo
2337 1055 2570 1126 junioris
2606 1056 2882 1111 inseritur.
2930 1057 3040 1112 Sed
3068 1058 3197 1128 quid
3226 1058 3328 1114 sibi
3354 1057 3470 1114 vult

1897 1146 2039 1215 quod
2064 1147 2311 1203 inventus
2335 1158 2420 1203 est
2442 1149 2497 1203 in
2522 1163 2681 1204 sacco
2709 1149 2983 1220 Benjamin
3009 1149 3465 1221 scyphusJoseph,

1896 1237 2001 1291 nisi
2019 1238 2168 1307 'quia
2212 1239 2266 1293 in
2306 1253 2531 1309 corpore
2572 1238 2738 1304 Pauli,
2785 1240 2898 1310 jam
2933 1241 3191 1297 doctrinm
3238 1242 3474 1297 caelestis

1896 1326 2249 1399 praefulgebat
2291 1329 2581 1400 eloquium,
2619 1329 2747 1384 dum
2785 1339 2929 1385 esset
2968 1331 3212 1386 eruditus
3241 1331 3296 1386 in
3323 1331 3475 1402 lege?

1900 1419 2006 1475 Sed
2028 1420 2152 1490 quia
2179 1419 2451 1490 subjectus
2480 1437 2588 1476 non
2617 1430 2754 1488 erat,
2786 1421 2925 1476 intra
2953 1437 3169 1477 saccum
3203 1430 3322 1477 erat
3351 1438 3474 1493 scy»

1897 1513 2056 1583 phus,
2084 1514 2327 1569 doctrina
2364 1514 2504 1569 intra
2534 1514 2726 1585 legem,
2773 1514 2991 1569 lucerna
3043 1515 3181 1569 intra
3214 1514 3472 1569 modium.

1900 1603 2093 1659 Missus
2139 1612 2318 1660 tamen
2346 1604 2581 1661 Ananias
2612 1605 2748 1677 (Act.
2778 1605 2876 1676 ιχ),
2926 1606 2981 1660 ἱη
3030 1604 3253 1659 Paulum
3284 1619 3479 1659 manus

1898 1698 2093 1769 posuit,
2128 1699 2460 1767 marsupium
2487 1697 2664 1762 solvit,
2694 1698 2964 1768 marsupio
2992 1697 3166 1753 soluto
3195 1705 3478 1769 argentum

1902 1790 2253 1861 reSplenduit,
2280 1799 2335 1845 et
2370 1791 2740 1846 decidentibus
2783 1792 3042 1861 squamis,
3072 1790 3218 1844 velut
3253 1790 3478 1859 quibus-

1904 1884 2029 1938 dam
2055 1884 2197 1939 sacci
2226 1883 2475 1949 vinculis,
2503 1884 2677 1940 soluto
2703 1899 2880 1950 sacco,
2909 1884 2963 1939 id
2990 1892 3094 1950 est,
3126 1883 3368 1953 deposito
3398 1881 3479 1936 le-

1829 1962 1878 2021 Β
1906 1974 1988 2044 gis
2017 1974 2309 2042 velamine,
2351 1977 2575 2047 adeptus
2610 1984 2692 2032 est
2735 1978 2964 2048 gratiam
2999 1977 3282 2044 libertatis,
3314 1984 3369 2030 et
3396 1991 3481 2030 re—

1903 2066 2079 2122 velata
2107 2065 2247 2122 faeie
2272 2068 2538 2124 sermonis
2566 2069 2900 2137 evangelium
2925 2069 3199 2139 praedicat.

1974 2157 2293 2229 Deprehensi
2329 2176 2451 2230 ergo
2488 2161 2676 2231 fratres
2697 2160 2889 2232 Joseph
2920 2162 3107 2216 reversi
3145 2169 3268 2214 sunt
3302 2177 3357 2214 τη
3393 2177 3483 2231 op-

1905 2250 2107 2321 pidum.
2145 2248 2453 2321 Primusque
2478 2250 2651 2307 Judas
2686 2270 2801 2306 cum
2834 2252 3085 2323 fratribus
3118 2255 3379 2325 ingressus
3408 2262 3483 2307 est

1907 2343 1976 2397 ad
1996 2343 2212 2414 Joseph.
2252 2343 2361 2399 Nec
2393 2346 2520 2398 dum
2545 2346 2681 2401 enim
2722 2345 2918 2400 deloco
2955 2346 3169 2411 abierat,
3211 2362 3484 2416 omnesque

1908 2443 2027 2489 ante
2072 2451 2191 2488 eum
2226 2436 2279 2489 in
2319 2444 2512 2489 terram
2546 2436 2746 2505 pariter
2792 2445 3118 2490 corruerunt.
3152 2435 3351 2501 Quibus
3382 2435 3487 2504 {ille

1908 2526 2021 2580 ait:
2044 2523 2152 2579 Cur
2187 2527 2262 2580 sic
2289 2543 2441 2597 agere
2480 2526 2714 2582 voluistis
2731 2527 2757 2581 7
2790 2527 2873 2581 An
2914 2528 3188 2598 ignoratis,
3214 2527 3353 2597 quod
3379 2544 3483 2580 non

1908 2621 1977 2673 sit
2008 2620 2195 2674 similis
2236 2621 2337 2674 mei
2383 2621 2438 2674 in
2485 2620 2781 2691 augurandi
2820 2619 3076 2674 scientia?
3133 2618 3310 2691 (Aug.)
3352 2616 3491 2684 Quid

1910 2712 2012 2768 sibi
2041 2712 2169 2766 velit
2195 2713 2365 2782 quaeri
2396 2712 2548 2768 solet.
2595 2713 2678 2767 An
2722 2712 2846 2783 quia
2894 2727 3002 2768 non
3046 2711 3207 2777 serio,
3236 2709 3326 2765 sed
3367 2710 3491 2780 joco

1912 2803 2118 2857 dictum
2167 2811 2270 2868 est,
2319 2810 2379 2856 ut
2427 2803 2604 2857 exitus
2651 2803 2851 2868 docuit,
2901 2818 3006 2857 non
3057 2810 3141 2856 est
3185 2801 3490 2855 habendum

1913 2893 2272 2948 mendacium.
2324 2892 2604 2947 Mendaeia
2671 2892 2817 2947 enim
2875 2906 2907 2945 a
2952 2891 3301 2947 mendacibus
3352 2888 3494 2944 serio

1914 2992 2167 3055 aguntur,
2201 2999 2306 3038 non
2336 2983 2480 3052 joco.
2527 2982 2661 3038 Cum
2701 2993 2879 3037 autem
2916 2996 3035 3052 qua
3072 2996 3179 3035 non
3209 2988 3333 3036 sunt
3368 2990 3492 3032 tan-

1915 3093 2075 3147 quam
2097 3076 2224 3148 joco
2255 3077 2527 3143 dicuntur,
2565 3091 2673 3131 non
2704 3076 3029 3145 deputantur
3058 3072 3356 3127 mendacia.
3391 3070 3493 3126 Sed

1916 3169 2089 3235 magis
2129 3176 2309 3223 movet
2342 3167 2471 3238 quid
2515 3167 2618 3221 sibi
2664 3165 2793 3220 velit
2834 3166 2937 3220 ista
2972 3164 3114 3219 actio
3140 3161 3358 3232 Joseph,
3390 3177 3497 3231 qua

1918 3258 2115 3315 fratres
2150 3275 2276 3316 suos
2299 3259 2469 3315 donec
2504 3260 2584 3314 eis
2612 3258 2848 3329 aperiret
2876 3258 2997 3327 quis
3031 3266 3193 3322 esset,
3227 3256 3383 3310 toties
3418 3254 3499 3307 lu-

562 3323 572 3338 1
842 3323 853 3324 ί
907 3323 1075 3325 ""”"
1111 3323 1366 3342 l"""""'
1407 3323 1658 3347 1""""'"'
1697 3323 1786 3349 f'"

227 3362 358 3408 sunt
388 3371 589 3427 capese,
616 3368 666 3413 et
685 3376 818 3430 pone
836 3363 1111 3432 pecuniam
1150 3364 1476 3434 singulorum
1508 3368 1564 3421 in
1588 3360 1814 3423 summi-

1919 3352 2175 3418 diﬁcavit,
2204 3361 2258 3408 et
2302 3360 2448 3406 tanta
2477 3323 2875 3421 exspectatione
2892 3323 3210 3420 suspendit.
3256 3348 3393 3416 Quid
3432 3347 3496 3401 li-

228 3452 344 3499 tate
371 3449 528 3504 sacci.
559 3447 820 3523 Scyphum
848 3464 1023 3509 autem
1054 3472 1226 3509 meum
1262 3467 1586 3527 argenteum,
1615 3470 1663 3515 et
1698 3447 1819 3533 pre-

229 3538 368 3591 tium
388 3539 526 3609 quod
549 3540 690 3596 dedit
719 3545 899 3611 tritici,
922 3563 1054 3615 pone
1073 3547 1129 3601 in
1153 3564 1240 3602 ore
1269 3550 1673 3620 saccijunioris.
1700 3552 1815 3609 Fa-

230 3635 476 3698 ctumque
507 3637 582 3684 est
612 3631 709 3698 ita,
749 3641 796 3685 et
826 3642 940 3687 orto
967 3651 1118 3690 mane
1142 3637 1345 3693 dimissi
1368 3651 1486 3694 sunt
1511 3659 1628 3695 cum
1655 3646 1817 3699 asinis

230 3720 371 3773 suis.
417 3719 603 3775 Solent
630 3722 756 3777 hinc
791 3725 989 3780 ebriosi
1018 3728 1273 3784 adhibere
1302 3732 1599 3788 testimonii
1630 3746 1819 3805 patro-

231 3810 462 3877 cinium,
504 3827 610 3868 non
644 3822 865 3884 propter
903 3815 1023 3873 illos
1076 3818 1214 3875 filios
1249 3819 1436 3889 Israel,
1479 3824 1574 3879 sed
1601 3834 1821 3896 pr0pter

233 3900 464 3973 Joseph,
498 3905 589 3973 qui
612 3906 766 3962 valde
816 3909 1030 3979 sapiens
1077 3916 1502 3971 commendatur.
1558 3917 1663 3975 Sed
1714 3922 1820 3977 hoc

233 3993 490 4059 verbum,
530 4004 584 4050 et
618 4012 720 4067 pro
763 4001 1011 4056 satietate
1047 4003 1220 4060 solere
1251 4006 1375 4075 poni
1421 4008 1477 4062 in
1504 4007 1818 4079 Scripturis,

237 4083 338 4153 qui
382 4084 667 4157 diligenter
714 4090 1006 4147 adverterit
1054 4094 1238 4151 multis
1284 4097 1338 4151 in
1384 4098 1516 4154 locis
1564 4101 1819 4157 inveniet.

237 4174 395 4232 Unde
429 4186 513 4234 est
542 4178 706 4235 illud:
744 4179 975 4238 Visitasti
1023 4195 1217 4241 terram
1237 4228 1251 4253 ,
1283 4198 1331 4243 et
1362 4190 1631 4245 inebriasti
1672 4209 1822 4259 eam;

236 4270 602 4340 multiplicasti
633 4273 801 4329 ditare
833 4293 895 4330 ea
919 4273 1088 4348 (Psal.
1116 4280 1289 4353 LXIV),
1318 4297 1383 4337 eo
1406 4284 1548 4353 quod
1578 4284 1631 4339 in
1667 4284 1825 4342 laude

236 4361 629 4421 benedictionis
656 4366 761 4422 hoc
784 4370 1014 4437 positum
1044 4380 1149 4439 est,
1178 4381 1233 4428 et
1260 4374 1461 4429 donum
1491 4376 1586 4432 Dei
1615 4393 1822 4433 memo-

239 4464 416 4511 ratur.
445 4457 681 4530 Apparet
706 4460 845 4516 hanc
870 4462 1188 4520 ebrietatem
1229 4468 1566 4522 saturitatem
1615 4470 1825 4540 signiﬁ-

241 4566 391 4606 care.
455 4551 590 4607 Nam
650 4554 726 4608 ita
772 4553 1030 4610 inebriari
1092 4565 1151 4611 ut
1198 4557 1534 4613 inebriantur
1590 4563 1823 4631 ebriosi,

1922 3455 2008 3502 cet
2054 3453 2204 3499 tanto
2252 3445 2323 3499 sit
2356 3444 2572 3499 suavius
2620 3458 2744 3497 cum
2789 3442 3001 3512 legitur,
3047 3450 3247 3510 quanto
3286 3438 3392 3493 illis
3430 3439 3501 3495 sit

1918 3533 2251 3605 inopinatius
2292 3524 2413 3590 cum
2455 3533 2649 3605 quibus
2683 3534 2876 3603 agitur,
2901 3541 3081 3587 tamen
3116 3530 3393 3602 sapientia
3436 3530 3501 3584 il-

1919 3627 2025 3683 lius
2058 3628 2353 3700 gravitate,
2390 3626 2494 3683 nisi
2535 3641 2790 3697 magnum
2819 3625 3018 3695 aliquid
3059 3624 3162 3679 isto
3190 3624 3347 3692 quasi
3374 3622 3500 3677 ludo

1921 3720 2337 3792 signiﬁcaretur,
2384 3733 2486 3774 nec
2528 3719 2596 3774 ab
2633 3733 2698 3773 eo
2738 3717 2913 3781 ﬁeret,
2955 3729 3056 3771 nec
3094 3714 3186 3769 illa
3220 3713 3501 3784 Scriptura

1922 3816 2318 3879 contineretur,
2338 3814 2391 3867 in
2416 3828 2523 3883 qua
2552 3818 2636 3867 est
2662 3817 2823 3865 tanta
2849 3807 3157 3864 sanctitatis
3184 3805 3499 3870 auctoritas,

1922 3916 1977 3963 et
2012 3906 2505 3977 prophetandorum
2550 3912 2698 3959 tanta
2738 3903 2964 3958 intentio
3002 3901 3326 3956 futurorum.
3381 3898 3499 3953 Non

1922 3997 2255 4069 negligenter
2291 3996 2741 4053 considerandum
2793 4001 2941 4065 puto,
2986 4001 3188 4047 tantam
3226 3991 3501 4046 miseriam

1922 4090 1979 4145 in
2008 4091 2111 4143 hac
2136 4089 2544 4158 perturbatione
2590 4087 2821 4142 fratrum
2861 4101 3080 4141 suorum
3114 4084 3381 4155 quomodo
3412 4082 3504 4137 Jo-

1925 4183 2058 4252 seph
2082 4182 2320 4251 quandiu
2344 4181 2534 4246 voluit,
2562 4180 2754 4246 tenuit,
2788 4186 2842 4233 et
2864 4187 3120 4248 quantum
3149 4176 3318 4232 voluit
3355 4190 3505 4230 mora

1922 4275 2196 4344 produxit,
2224 4289 2331 4328 non
2356 4288 2449 4328 eos
2470 4272 2657 4343 utique
2680 4270 3268 4335 facienscalamitosos,
3292 4269 3506 4339 quando

1924 4365 2089 4420 etiam
2130 4372 2290 4420 tanta
2328 4366 2567 4435 ipsorum
2606 4364 2801 4419 futura
2848 4363 3045 4419 laetitiae
3075 4363 3278 4418 exitum
3306 4363 3507 4433 cogita-

1924 4457 2047 4520 bat;
2081 4463 2136 4511 et
2164 4466 2335 4511 totum
2367 4457 2470 4510 hoc
2499 4456 2643 4526 quod
2680 4456 2892 4526 agebat,
2933 4462 2993 4508 ut
3026 4469 3215 4509 eorum
3250 4453 3502 4524 gaudium

1926 4545 2253 4612 differretur,
2297 4546 2363 4600 ad
2407 4547 2509 4601 hoc
2546 4546 2757 4616 agebat,
2792 4553 2851 4599 ut
2886 4544 3074 4600 eadem
3123 4544 3378 4599 dilatione
3422 4560 3511 4597 cu-

242 4657 348 4698 nec
392 4642 493 4713 ipsi
538 4654 696 4700 terra
762 4645 896 4701 utile
945 4654 1027 4703 est
1052 4688 1067 4713 ,
1122 4649 1378 4718 quoniam
1426 4649 1631 4719 majore
1661 4669 1823 4723 quam
1848 4681 1903 4741 D
1928 4638 2245 4704 ml'lal‘eml‘,
2281 4647 2535 4741 ιληίιξξθιη
2576 4651 2683 4690 που
2718 4644 2899 4690 essent
2932 4634 3208 4741 οοξιάξῧηεε
3231 4634 3508 4741 Ρ³55ί1οῗ08

245 4734 505 4806 satietati]
550 4736 743 4793 sufﬁcit
801 4740 1028 4795 humore
1077 4744 1472 4813 corrumpitur,
1529 4745 1668 4799 sicut
1712 4748 1824 4804 vita

244 4826 604 4894 ebriosorum,
634 4828 726 4899 qui
771 4845 877 4886 non
925 4830 1158 4886 satietati
1203 4847 1262 4888 se
1292 4833 1521 4904 replent,
1550 4834 1646 4891 sed
1687 4853 1828 4893 mer-

247 4928 449 4990 guntur
476 4920 694 4977 diluvio.

322 5009 471 5083 (CAP.
511 5011 690 5083 κων.)
720 5012 852 5069 Tum
898 5013 1113 5087 Joseph,
1168 5019 1420 5087 accersito
1473 5020 1829 5091 dispensatore

250 5103 467 5156 domus:
484 5100 669 5173 Surge,
695 5102 882 5173 inquit,
907 5121 1210 5177 persequere
1237 5108 1391 5173 viros,
1423 5116 1469 5162 et
1496 5111 1830 5180 apprehensis

251 5193 409 5248 dicito
434 5210 452 5248 :
478 5192 652 5258 Quare
679 5195 974 5250 reddidistis
997 5194 1193 5251 malum
1230 5215 1325 5269 pro
1365 5199 1538 5253 bono?
1565 5197 1827 5271 Scyphum

252 5302 404 5358 quem
426 5284 589 5355 furati
615 5286 756 5351 estis,
780 5287 888 5355 ipse
909 5296 982 5339 est
1016 5287 1072 5340 in
1102 5303 1203 5358 quo
1234 5287 1357 5341 bibit
1395 5288 1637 5343 dominus
1660 5307 1826 5359 meus,

253 5387 301 5434 et
338 5378 395 5431 in
426 5392 526 5448 quo
561 5377 812 5447 augurari
842 5375 990 5432 solet.
1020 5375 1312 5432 Pessimum
1343 5396 1449 5433 rem
1470 5380 1684 5450 fecistis,
1719 5391 1824 5438 etc.

256 5465 440 5539 (Isid.)
483 5465 705 5537 Mystice
739 5481 888 5533 vero,
919 5469 1060 5537 quod
1094 5468 1293 5539 Josepb
1327 5470 1555 5525 intuitus
1583 5481 1670 5526 est
1700 5487 1829 5542 par-

256 5555 439 5613 vulum
464 5556 687 5613 fratrem
715 5572 893 5624 suum,
932 5556 1199 5629 significat
1222 5560 1365 5628 quod
1392 5559 1651 5616 Dominus
1678 5558 1836 5619 Jesus

259 5650 392 5705 vidit
409 5649 652 5716 Paulum,
678 5649 891 5720 quando
916 5647 1008 5703 lux
1034 5648 1388 5705 circumfulsit
1412 5665 1538 5705 eum
1565 5650 1701 5723 (Act.
1730 5652 1831 5723 ix).

259 5739 520 5799 Parvulus
559 5742 777 5807 dicitur,
817 5741 942 5812 quia
991 5740 1228 5796 nondum
1278 5741 1333 5795 in
1361 5756 1523 5796 carne
1570 5752 1837 5797 maturam

263 5834 382 5890 ﬁdei
413 5843 626 5891 atatem
650 5834 890 5906 gerebat.
935 5831 1087 5888 Unde
1119 5832 1279 5886 etiam
1311 5838 1366 5885 et
1399 5830 1709 5888 adolescens
1758 5833 1835 5887 le-

264 5924 424 5998 gitur,
477 5926 691 5999 quando
735 5922 1088 5996 lapidantium
1134 5922 1468 5994 Stephanum
1513 5926 1836 5987 vestimenta

1929 4746 2116 4786 eorum
2156 4731 2212 4785 in
2236 4739 2350 4785 toto
2387 4729 2478 4784 illo
2506 4738 2745 4798 tempore
2772 4742 2877 4797 quo
2906 4725 3278 4793 turbabantur,
3320 4726 3387 4780 ad
3419 4724 3505 4779 fu-

1930 4830 2110 4878 turam
2139 4823 2366 4894 gloriam
2410 4820 2806 4885 exsultationis,
2838 4834 2958 4891 qua
3000 4819 3056 4874 in
3083 4819 3161 4874 eis
3196 4817 3371 4873 fuerat
3418 4834 3507 4873 re-

1930 4916 2179 4981 velanda,
2228 4914 2397 4970 fratre
2433 4914 2674 4985 cognito,
2710 4926 2870 4984 quem
2910 4927 2943 4967 a
2982 4926 3043 4967 se
3074 4910 3343 4982 perditum
3389 4924 3508 4965 esse

1931 5008 2356 5064 arbitrabantur.

2005 5100 2104 5155 Cui
2140 5099 2311 5154 ludas
2338 5116 2356 5154 :
2382 5098 2521 5165 Quid
2563 5096 3005 5169 respondebimus,
3053 5094 3247 5163 inquit,
3296 5091 3507 5145 domino

1934 5207 2069 5256 meo,
2110 5189 2187 5244 vel
2214 5190 2339 5260 quid
2379 5188 2670 5260 loquemur,
2715 5196 2806 5241 aut
2837 5187 2982 5256 juste
3012 5183 3292 5255 poterimus
3332 5182 3507 5236 obten-

1936 5281 2105 5335 dere?
2149 5280 2290 5334 Deus
2353 5281 2544 5334 invenit
2595 5278 2918 5348 iniquita.em
2961 5291 3225 5329 servorum
3271 5290 3505 5328 suorum.

1938 5370 2023 5424 En
2069 5385 2246 5423 omnes
2284 5368 2417 5422 servi
2466 5383 2645 5422 sumus
2692 5365 2889 5419 domini
2922 5364 3055 5429 mei,
3095 5373 3142 5417 et
3171 5379 3265 5417 nos
3294 5371 3343 5417 et
3368 5360 3510 5433 apud

1938 5477 2089 5533 quem
2126 5462 2363 5513 inventus
2391 5467 2467 5513 est
2508 5457 2752 5528 scyphus,
2779 5464 2883 5511 etc.
2916 5454 3079 5509 Multa
3117 5454 3172 5508 in
3201 5453 3513 5508 narratione

1936 5552 2087 5608 Juda
2113 5552 2270 5606 aliter
2292 5550 2436 5606 dicta
2465 5557 2590 5605 sunt
2615 5564 2772 5619 quam
2805 5562 2926 5602 cum
2956 5547 3061 5603 illis
3084 5554 3268 5619 egerat
3288 5544 3507 5615 Joseph,

1939 5642 2186 5715 quamvis
2225 5640 2363 5711 apud
2403 5656 2524 5695 eum
2575 5639 2905 5709 loqueretur,
2955 5648 3014 5693 ut
3059 5640 3278 5694 omnino
3310 5637 3376 5692 de
3422 5632 3510 5689 illa

1938 5731 2340 5789 insimulatione
2375 5730 2518 5801 quod
2554 5730 2927 5801 exploratores
2962 5737 3167 5797 essent,
3205 5725 3342 5784 nihil
3369 5724 3511 5780 dice-

1938 5838 2106 5883 retur.
2137 5826 2290 5893 Quod
2324 5833 2503 5879 utrum
2547 5823 2791 5879 consulto
2828 5824 3049 5879 tacitum
3087 5823 3179 5887 sit,
3218 5834 3285 5873 an
3325 5813 3513 5870 fecerit

1939 5916 2361 5994 perturbationis
2401 5916 2620 5986 oblivio,
2660 5928 2769 5973 non
2807 5921 3047 5988 apparet.
3105 5911 3242 5971 Nam
3284 5915 3340 5967 et
3381 5899 3513 5967 illud
