3946 6444
440 416 547 486 645

1082 406 1148 466 Β.
1186 403 1445 465 ΒΑΒΑΝΙ
1480 403 1702 472 MAURI
1737 400 2007 467 ARCHIE]

2112 393 2410 472 uocum.
2449 394 2735 454 cannon
2770 388 2952 453 pnas
2989 393 3010 428 ι

3615 387 3729 450 6H

439 534 585 608 quod
633 532 886 602 dixerunt
928 538 988 584 se
1029 525 1102 594 ab
1133 525 1252 604 ipso
1293 522 1494 594 Ioseph
1543 520 1907 590 interrogatos
1953 529 2022 572 ae
2126 520 2239 608 rate
2283 507 2592 608 quanto-cius
2638 507 2913 608 venientes,
2965 522 3059 560 nec
3107 507 3385 608 dii-niuatis
3429 506 3744 576 quidquam

435 636 590 701 patre
617 635 673 682 et
699 623 870 684 fratre
893 634 1102 688 suo,'se
1137 626 1316 682 autem
1351 615 1441 670 ilia
1475 610 1830 684 interroganti
1875 609 2010 664 indi-

438 734 617 786 casse,
642 717 839 784 mirum
873 715 918 770 si
951 711 1036 768 vel
1074 711 1143 767 ad
1177 707 1501 766 sententiam
1543 710 1724 784 potest
1759 703 1863 758 ista
1891 717 2018 783 per-

436 811 625 878 venire
679 807 949 874 narratio,
1009 813 1070 862 ut
1123 819 1244 870 eam
1302 806 1516 857 constet
1571 812 1690 854 esse
1745 809 2018 862 veracem,

436 916 745 974 quanquam
780 908 837 957 et
865 899 912 956 si
950 897 1130 970 aliqua
1166 893 1303 956 falsa
1332 893 1388 948 in
1417 907 1482 947 ea
1511 898 1658 956 sunt,
1690 886 1802 946 falli
1840 887 2018 962 potius

435 1011 530 1068 per
555 995 880 1060 oblivionem
919 991 1114 1064 potuit,
1143 1003 1308 1067 quam
1353 985 1582 1050 auderet
1624 979 1845 1050 mentiri
1877 977 2014 1065 apud

435 1102 560 1156 eum.
582 1085 906 1160 Praesertim,
942 1085 1032 1143 cui
1070 1097 1178 1138 non
1217 1081 1358 1142 sicut
1404 1075 1689 1140 nescienti,
1727 1075 1824 1144 sed
1853 1071 2019 1140 etiam

435 1177 528 1242 illa
557 1194 677 1248 qua:
714 1183 942 1248 noverat
977 1191 1102 1235 eum
1127 1175 1289 1240 scire,
1323 1172 1387 1232 ad
1423 1169 1743 1238 ﬂectendum
1771 1167 1890 1242 ejus
1918 1164 2018 1222 mi.-

431 1270 810 1351 sericnrdiam,
839 1267 1141 1336 narrationi.
1180 1265 1480 1330 inserebat.

1021 1377 1248 1443 CAPUT
1286 1377 1420 1443 Vilis

437 1469 536 1534 Ubi
561 1469 754 1542 Ioseph
786 1470 977 1541 fratres
999 1471 1084 1531 sui
1108 1477 1420 1542 agnoscunt,
1445 1483 1581 1542 quos
1603 1465 1804 1542 remisit
1831 1480 1900 1528 aa
1921 1481 2018 1536 par

503 1553 634 1606 trem
667 1535 839 1608 suum.
882 1550 940 1596 ut
968 1557 1087 1598 eum
1115 1535 1233 1606 cum
1275 1549 1385 1600 tota
1420 1535 1576 1604 doma
1621 1555 1724 1603 sua
1766 1535 2016 1602 ducerent

503 1613 572 1666 ad
603 1629 658 1668 se
689 1613 746 1668 in
778 1611 1091 1684 ngyptum.

505 1725 651 1800 (CAP.
689 1724 843 1798 xnv.)
886 1723 1001 1797 Ego
1057 1741 1193 1790 sum,
1241 1724 1315 1783 ait
1366 1721 1584 1798 Ioseph,
1614 1720 1781 1800 frater
1827 1727 2013 1786 vester,

425 1835 578 1891 quem
599 1818 905 1882 vendidistis
927 1818 981 1880 in
1009 1817 1241 1894 [Egypto
1263 1833 1282 1884 ;
1311 1815 1469 1871 nolite
1505 1832 1710 1890 pavere,
1752 1831 1843 1869 nec
1868 1812 2014 1871 vobis

2121 602 2186 657 de
2225 599 2531 672 supellectili
2560 609 2750 663 vestra,
2777 599 2902 670 quia
2931 613 3108 652 omnes
3138 595 3358 668 Egypti
3386 611 3513 665 opes
3543 607 3744 650 nostra:

2120 703 2291 748 erunt.
2321 691 2448 748 Hinc
2493 693 2658 747 verba
2703 689 3000 745 Pharaonis
3050 704 3170 759 qua:
3194 689 3260 743 de
3308 686 3482 744 Iacob
3509 695 3572 743 el
3610 688 3744 743 (iliis

2119 785 2331 842 locutus
2356 793 2460 850 est,
2503 783 2808 855 signiﬁcant
2853 780 3108 854 gaudium
3155 780 3369 852 gentilis
3417 779 3622 852 populi
3669 779 3739 834 ob

2121 880 2530 937 conversionem
2557 876 2886 933 Judmomm.
2917 875 3108 947 Magna
3135 874 3251 928 sine
3290 875 3460 928 dubio
3503 881 3600 928 est
3645 873 3740 926 de-

2118 973 2264 1029 votio
2293 971 2550 1026 Ecclesiae
2593 969 2856 1040 gentium,
2905 967 3050 1038 quod
3099 965 3431 1042 lsraeliticus
3490 964 3737 1036 populus

2119 1068 2188 1122 ad
2217 1067 2376 1121 iidem
2405 1063 2605 1120 Christi
2634 1063 2832 1119 veniet.
2876 1061 3083 1130 Quibus
3113 1061 3158 1116 si
3193 1069 3621 1125 convertantur,
3675 1069 3730 1115 et

2118 1157 2243 1214 fidei
2269 1157 2470 1214 Christi
2517 1155 2812 1227 participes
2859 1153 3182 1220 exstiterint,
3227 1153 3507 1223 promittit
3553 1152 3730 1223 spiri-

2119 1249 2290 1305 tuaies
2328 1263 2460 1318 opes
2513 1247 2799 1311 virtutum,
2848 1252 2903 1299 et
2947 1244 3178 1316 gratiam
3229 1243 3469 1322 Spiritus
3521 1244 3726 1310 sancti,

2116 1361 2225 1417 qua
2255 1361 2412 1402 nemo
2437 1342 2527 1415 qui
2555 1341 2795 1415 perfecte
2822 1340 3044 1412 accipit,
3071 1337 3370 1411 indigentia
3391 1337 3530 1396 boni
3563 1337 3727 1393 labo-

2118 1439 2285 1495 rabit.

2195 1529 2450 1585 Fecerunt
2477 1527 2578 1599 ﬁlii
2617 1524 2786 1582 Israel
2823 1535 2881 1580 ut
2910 1541 2985 1580 ets
3013 1523 3322 1578 mandatum
3353 1521 3559 1591 fuerat.
3593 1520 3728 1587 Qui-

2117 1625 2214 1680 bus
2255 1623 2396 1678 dedit
2425 1620 2620 1693 Ioseph
2667 1619 2904 1692 plaustra
2942 1616 3227 1672 secundum
3273 1613 3586 1669 Pharaonis
3625 1615 3712 1666 im-

2115 1717 2341 1789 perium,
2367 1724 2417 1770 et
2444 1713 2644 1768 cibaria
2672 1713 2728 1766 in
2755 1711 2957 1778 itinere,
2989 1708 3308 1782 singulisque
3341 1706 3584 1778 proferri
3605 1707 3728 1776 jus-

2117 1811 2184 1866 sit
2214 1809 2364 1864 binas
2393 1807 2588 1872 stolas;
2618 1804 2900 1876 Beniamin
2927 1819 3044 1858 vero
3069 1802 3209 1856 dedit
3238 1810 3506 1868 trecentos
3537 1817 3724 1871 argen-

427 1911 619 1979 άηηηη
647 1927 756 1972 “se
784 1911 1022 1974 υξᾴβαωτ
1049 1891 1186 1984 φιαρᾷ
1223 1910 1526 1978 vendidisti];
1557 1925 1638 1964 me
1661 1910 1714 1976 in
1737 1909 1819 1973 (iis
1845 1906 2012 1979 regio-
2039 1893 2089 1966 Β
2115 1911 2222 1955 teos
2248 1916 2366 1954 cum
2408 1898 2634 1969 quinque
2675 1895 2822 1950 stolis
2849 1894 3076 1966 optimis,
3117 1891 3442 1947 tantumdem
3481 1892 3720 1962 pecunia!

429 2001 604 2068 nibus,
628 2017 720 2073 pro
742 2000 912 2069 salute
949 2003 1086 2068 enim
1109 2011 1280 2060 vestra
1307 2002 1448 2068 misit
1477 2018 1558 2060 me
1585 2001 1728 2062 Deus
1759 2011 1879 2066 ante
1901 2016 2008 2068 vas.

426 2091 706 2162 Biennium
729 2102 806 2160 est
844 2093 980 2158 enim
1007 2093 1146 2164 quod
1177 2093 1342 2164 fames
1370 2093 1519 2164 erepit
1543 2109 1653 2160 esse
1682 2093 1738 2156 in
1769 2101 1929 2158 terra,
1965 2100 2014 2145 et

425 2184 600 2239 adhuc
635 2186 860 2266 quinque
885 2187 1007 2250 anni
1038 2198 1248 2254 restant,
1275 2187 1462 2256 quibus
1496 2203 1588 2248 nec
1625 2185 1772 2250 arari
1798 2185 2007 2256 poterit,

425 2291 518 2330 nec
546 2277 687 2344 meti.
719 2275 1082 2348 Pi°wmisitque
1109 2295 1188 2332 me
1211 2278 1374 2346 Deus,
1407 2287 1462 2331 ut
1500 2277 1829 2332 reservemini
1859 2291 2014 2350 super

425 2372 640 2434 terram,
665 2374 712 2422 et
751 2383 896 2434 escas
927 2367 995 2434 ad
1022 2369 1290 2434 vivendum
1317 2369 1505 2432 habere
1519 2369 1754 2440 possitis.
1782 2367 1908 2422 Non
1930 2383 2013 2432 ve-

423 2463 533 2509 stro
560 2455 800 2525 consilio,
835 2457 925 2511 sed
966 2457 1064 2524 Dei
1105 2459 1204 2525 huc
1236 2457 1498 2517 voluntate
1543 2460 1731 2524 missus
1755 2473 1892 2523 sum,
1923 2457 2013 2528 qui

426 2545 546 2616 fecit
588 2562 670 2600 me
707 2545 859 2620 quasi
897 2557 1096 2618 patrem
1128 2544 1450 2614 Pharaonis,
1499 2556 1544 2601 et
1587 2548 1856 2617 dominum
1897 2547 2013 2602 uni-

425 2655 584 2695 versa:
603 2639 788 2703 domus
817 2638 953 2712 ejus,
995 2659 1054 2707 ac
1080 2641 1367 2712 principem
1406 2644 1460 2701 in
1503 2643 1646 2698 omni
1671 2653 1812 2708 terra
1844 2641 2013 2718 Egy-

423 2731 518 2800 pti.
574 2729 716 2801 Quid
745 2738 828 2789 est
856 2732 997 2800 quod
1022 2732 1154 2788 dicit
1192 2731 1414 2804 Joseph,
1451 2731 1720 2798 Praemisit
1743 2751 1822 2799 me
1843 2733 2009 2798 Deus,

423 2834 482 2878 ut
507 2825 834 2892 reservemitti
857 2842 1012 2896 super
1033 2835 1248 2894 terram,
1278 2837 1326 2881 et
1352 2843 1496 2893 escas
1519 2827 1588 2889 ad
1613 2827 1890 2892 vivendum
1914 2827 2013 2881 ha-

423 2915 540 2970 bere
572 2916 823 2985 possitis?
866 2915 1020 2986 Quod
1059 2917 1214 3001 juxta
1244 2917 1351 2984 alia
1393 2918 1724 2988 exemplaria
1755 2919 1831 2973 ita
1875 2917 2008 2988 legi-

425 3009 514 3056 tur
541 3017 555 3056 :
582 3002 727 3057 Misit
749 3004 885 3058 enim
924 3021 1005 3070 me
1029 3004 1170 3065 Deus
1215 3016 1336 3074 ante
1363 3023 1472 3074 vos,
1510 3023 1776 3072 remanere
1814 3017 2010 3072 vestras

425 3091 672 3164 reliquias
697 3109 854 3166 super
875 3103 1087 3164 terram,
1115 3105 1162 3160 et
1207 3098 1440 3162 enutrirc
1485 3108 1714 3178 vestrum
1759 3097 2009 3170 reliquia-

423 3187 582 3258 rium,
611 3190 808 3261 mirum
850 3201 953 3257 est.
996 3192 1108 3251 lloc
1136 3195 1281 3258 enim
1323 3211 1432 3264 non
1471 3213 1855 3279 usquequaque
1883 3216 2010 3260 con—

2114 2006 2164 2053 et
2189 1999 2406 2052 vestium
2433 1985 2642 2048 mittens
2670 1993 2809 2069 patri
2835 2007 2954 2057 suo,
2982 1990 3180 2044 addens
3207 1990 3282 2043 eis
3305 1989 3490 2042 asinos
3517 1988 3716 2051 decem,

2113 2092 2204 2164 qui
2246 2089 2582 2145 subveherent
2610 2104 2676 2143 ex
2719 2087 2960 2141 omnibus
2993 2085 3187 2140 divitiis
3225 2083 3449 2155 Aigypti
3469 2125 3488 2164 τ
3521 2095 3571 2138 et
3601 2083 3718 2137 toti-

2113 2183 2231 2240 dem
2281 2183 2459 2238 asinas
2503 2181 2735 2235 triticum
2775 2179 2830 2233 in
2871 2179 3074 2242 itinere,
3113 2193 3373 2248 oanesque
3419 2184 3712 2246 portantes.

2115 2271 2309 2346 (Isid.)
2353 2271 2475 2326 Dati
2525 2279 2650 2326 sunt
2695 2267 2976 2338 Benjamin
3026 2269 3249 2323 trecenti
3293 2267 3547 2338 argentei
3589 2282 3710 2320 cum

2113 2366 2352 2436 quinque
2381 2363 2534 2418 stolis
2562 2361 2801 2432 Optimis.
2832 2359 3128 2414 Trecentos
3175 2369 3466 2428 argenteos
3497 2373 3531 2422 a
3559 2356 3712 2414 Chri-

2112 2466 2198 2514 sto
2260 2456 2487 2528 accipit,
2540 2455 2849 2525 quicunque
2897 2453 3156 2524 praedicat
3215 2451 3548 2508 Trinitatem
3600 2452 3712 2508 sire

2111 2547 2312 2603 Christi
2357 2561 2602 2612 crucem;
2648 2545 2875 2614 ideoque
2922 2544 3123 2598 Paulus
3157 2544 3232 2598 ait
3269 2561 3282 2597 :
3333 2543 3526 2614 Neque
3572 2545 3708 2598 enim

2101 2637 2343 2707 judicavi
2377 2637 2508 2691 scire
2535 2653 2616 2690 me
2644 2635 2844 2708 aliquid
2871 2635 3007 2688 inter
3035 2651 3146 2702 vos,
3179 2635 3280 2689 nisi
3315 2632 3592 2689 Christum
3619 2634 3712 2692 Je-

2111 2746 2247 2793 sum,
2276 2738 2322 2783 et
2355 2729 2494 2783 hunc
2529 2727 2840 2796 cruciﬁxum
2883 2725 2934 2798 (I
2961 2724 3084 2780 Cor.
3115 2727 3196 2797 ιι).
3242 2727 3494 2808 Quinque
3545 2727 3708 2782 stolas

2113 2822 2328 2891 accipit,
2358 2821 2410 2877 id
2445 2828 2526 2876 est
2549 2819 2871 2891 sapientium
2897 2821 3246 2890 omniumque
3277 2835 3539 2876 sensuum
3573 2820 3704 2876 mul-

2112 2896 2320 2984 iiplices
2371 2912 2704 2984 disciplinas.
2755 2910 3022 2967 Prtecellit
3066 2928 3197 2983 ergo
3248 2911 3470 2978 Paulus,
3522 2914 3708 2984 eisque

2111 3003 2373 3058 exuberat
2417 3001 2596 3072 portio
2645 3001 2980 3057 meritorum.
3029 3002 3137 3058 Sed
3192 3012 3371 3058 tamen
3408 3003 3613 3060 habent
3655 3011 3708 3056 et

2111 3093 2328 3160 fratres,
2353 3095 2405 3148 id
2429 3103 2532 3160 est,
2559 3094 2648 3148 alii
2680 3094 3060 3164 praedicatores
3085 3095 3315 3165 gratiam
3343 3111 3522 3158 suam,
3555 3095 3706 3152 binas

2111 3189 2295 3253 stolas,
2327 3189 2380 3243 id
2408 3197 2512 3254 est,
2541 3196 2600 3255 ut
2622 3187 2981 3243 conﬁteantur
3007 3187 3282 3243 Christum
3307 3197 3360 3242 et
3387 3189 3563 3250 Deum
3589 3202 3706 3246 esse

423 3255 601 3347 sonat,
633 3288 692 3374 ut
733 3255 990 3356 reliquias
1030 3284 1113 3349 vel
1155 3255 1897 3374 reliquiariumaccipiainus
1921 3255 2010 3353 la—
2037 3255 2084 3320 Ο
2113 3288 2168 3335 ει
2198 3279 2469 3374 hominem
2493 3277 2648 3374 illi“?!
2679 3280 2905 3374 quodin
2933 3279 3244 3374 Prorerliiis
3281 3279 3550 3374 loquitur,
3584 3277 3704 3374 Dm-

423 3373 524 3432 cob
548 3381 604 3433 et
625 3372 764 3440 ﬁlios
790 3375 925 3448 ejus,
984 3390 1107 3436 cum
1161 3393 1350 3436 omnes
1397 3381 1507 3447 sint
1561 3372 1878 3446 incolumes.
1925 3385 2010 3444 An

422 3461 563 3518 forte
590 3463 861 3536 signiﬁcat
900 3465 1051 3548 illud,
1083 3467 1194 3528 alto
1217 3478 1533 3542 secretoque
1561 3473 1836 3544 mysterio,
1868 3477 2010 3548 quod

427 3556 504 3610 ait
529 3555 838 3626 Apostolus,
869 3557 1123 3641 Reliquae
1161 3577 1255 3632 per
1297 3561 1596 3642 electionem
1624 3567 1808 3636 gratia:
1851 3567 2010 3630 salute

424 3645 581 3714 facta:
623 3657 742 3712 tum
773 3647 946 3718 (Rom.
1014 3650 1114 3723 is),
1167 3653 1290 3722 quia
1332 3655 1592 3734 propheta
1641 3657 2004 3735 pradixerat:

421 3735 492 3789 Et
523 3737 570 3802 si
597 3736 754 3818 fuerit
782 3755 1028 3806 numerus
1058 3741 1292 3817 ﬁliorum
1334 3743 1506 3814 Israel
1544 3747 1678 3806 sicut
1707 3765 1866 3812 arena
1897 3768 2008 3816 ma-

421 3829 514 3896 ris,
564 3829 796 3902 reliquiis
832 3831 991 3902 salvae
1030 3834 1156 3911 ﬁent
1207 3835 1344 3908 (Isq.
1377 3853 1452 3906 x;
1499 3836 1620 3894 Ose.
1671 3840 1734 3911 ηε
1793 3841 1875 3909 Ad
1905 3843 2007 3910 hoc

421 3919 564 4006 enim
591 3922 800 3988 occisus
826 3932 911 3976 est
937 3922 1188 3990 Christus
1223 3941 1256 3978 a
1295 3925 1496 3994 ludo/sis
1525 3938 1580 3983 et
1616 3931 1845 3998 traditus
1873 3947 2003 4006 gen-

423 4005 585 4069 tibus,
629 4014 885 4074 tanquam
925 4006 1124 4082 Ioseph
1173 4009 1446 4084 Egyptiis
1475 4029 1506 4068 a
1552 4013 1829 4078 fratribus,
1861 4027 1922 4074 ut
1951 4026 2008 4072 et

422 4095 661 4168 reliquiae
687 4097 852 4151 lsrael
883 4087 1282 4164 salvm‘tierent,
1329 4103 1469 4156 unde
1513 4105 1642 4158 dicit
1668 4105 1953 4182 Apostolus
1988 4125 2001 4161 :

425 4185 567 4239 Nam
593 4195 639 4239 et
665 4203 756 4257 ego
781 4185 1025 4250 Israelita
1069 4205 1214 4254 sum,
1261 4199 1310 4244 et
1357 4201 1411 4249 ut
1457 4193 1730 4264 plenitudo
1775 4198 2004 4267 gentium

422 4276 658 4341 intraret,
690 4287 736 4330 et
761 4279 836 4332 sic
863 4281 1028 4334 omnis
1064 4279 1236 4336 Israel
1281 4282 1457 4337 salvus
1500 4284 1646 4358 ﬁeret
1692 4285 1862 4358 (Rom.
1902 4291 2000 4361 χι),

420 4367 476 4422 id
504 4376 607 4433 est,
651 4384 718 4423 ex
754 4370 994 4440 reliquiis
1015 4371 1180 4427 Israel
1213 4372 1508 4430 secundum
1539 4392 1782 4446 carnem,
1815 4390 1869 4448 et
1892 4382 2004 4454 ple-

419 4458 661 4512 nitudine
686 4461 920 4530 gentium
949 4479 1066 4536 quae
1095 4465 1149 4520 in
1185 4464 1288 4522 fide
1321 4466 1521 4522 Christi
1567 4472 1861 4526 secundum
1891 4475 2000 4554 spi-

420 4550 580 4604 ritum
613 4559 737 4604 sunt
775 4551 957 4608 lsrael.
985 4556 1093 4609 Aut
1129 4557 1174 4610 si
1201 4565 1256 4611 et
1290 4559 1436 4636 genti
1469 4559 1542 4613 illi
1571 4561 1878 4618 lsraelitica:
1919 4550 2002 4620 re-

417 4651 523 4696 stat
557 4641 675 4696 fidei
698 4644 990 4722 plenitudo,
1029 4663 1094 4702 ex
1126 4663 1231 4721 qua
1258 4658 1415 4704 erant
1445 4651 1704 4722 reliquiae,
1732 4655 1785 4710 in
1808 4657 2002 4728 quibus

417 4731 658 4824 reliquiis
703 4744 827 4793 tunc
854 4738 909 4790 et
939 4739 1165 4824 apostoli
1205 4741 1339 4794 salvi
1380 4741 1508 4799 facti
1531 4755 1673 4820 sunt,
1707 4749 1810 4804 hoc
1835 4749 2002 4822 signi-

417 4821 612 4918 fi-catur
639 4840 703 4877 ea
752 4821 1081 4918 plenitudine
1127 4830 1461 4888 liberationis
1508 4835 1694 4905 lsrael,
1747 4855 1852 4910 qua
1901 4857 2000 4918 per

418 4911 634 4982 Moysen
663 4929 728 4966 ex
757 4913 988 4986 Aigypto
1019 4918 1231 4974 liberati
1261 4932 1404 4977 sunt.

487 5004 838 5092 {inclitumque
891 5017 966 5062 est
1027 5022 1074 5063 et
1119 5011 1305 5066 celebri
1351 5031 1586 5080 sermone
1632 5019 1898 5092 vulgatum
1941 5023 1996 5076 in

418 5091 542 5190 quia
571 5096 702 5164 regis
725 5113 743 5150 :
800 5091 1058 5153 Venerunt
1104 5101 1295 5170 fratres
1341 5103 1558 5190 Ioseph,
1589 5119 1637 5168 et
1673 5113 1882 5190 gavisus
1923 5125 1998 5167 est

420 5182 632 5275 Pharao
657 5199 810 5259 atque
833 5193 1000 5246 omnis
1020 5192 1223 5272 familia
1245 5197 1394 5268 ejus;
1418 5181 1653 5270 dixitque
1685 5181 1754 5256 ad
1783 5201 1994 5275 Ioseph,

421 5285 476 5338 ut
516 5273 789 5354 imperaret
842 5281 1098 5351 fratribus
1149 5288 1258 5340 suis
1312 5289 1532 5343 dicens:
1585 5289 1874 5348 Onerantes
1907 5273 2000 5366 ju-

419 5373 614 5444 menta,
641 5367 710 5420 ite
734 5370 786 5423 in
812 5380 1006 5442 terram
1048 5375 1324 5443 Chanaan,
1356 5387 1403 5430 et
1445 5378 1608 5432 tollite
1651 5382 1770 5436 inde
1797 5367 1998 5454 patrem

419 5466 666 5547 oestrum,
693 5470 739 5512 et
766 5466 1146 5536 cognationem,
1180 5476 1228 5520 et
1261 5467 1428 5522 venite
1450 5469 1520 5521 ad
1546 5486 1644 5536 me,
1671 5481 1716 5524 et
1744 5489 1836 5547 ego
1860 5473 1996 5535 dabo

414 5546 560 5618 uoltis
583 5551 758 5604 omnia
799 5552 931 5609 bona
977 5555 1218 5628 zEgypti,
1273 5567 1330 5610 ut
1376 5561 1664 5614 comedatis
1713 5546 1996 5618 medullam

416 5648 590 5696 terrtea
620 5639 856 5718 Prwcipe
901 5647 1060 5702 etiam
1119 5658 1174 5702 ut
1217 5649 1404 5708 tollant
1453 5653 1696 5726 plaustra
1745 5657 1809 5714 de
1853 5667 1996 5720 terra

417 5733 656 5806 .Eg'ypti,
688 5737 758 5790 ad
784 5738 1160 5793 subvectionem
1190 5741 1527 5812 parvulorum
1552 5761 1770 5814 suorum
1795 5758 1843 5802 et
1873 5767 1995 5804 con-

409 5838 619 5893 fugum,
647 5845 708 5881 ac
733 5827 933 5882 dicito:
967 5827 1151 5883 Tollite
1190 5842 1390 5902 patrem
1434 5846 1674 5903 oestrum,
1724 5847 1772 5891 et
1814 5855 1996 5912 prope-

2113 3389 2201 3428 nes
2235 3372 2503 3426 domestici
2529 3372 2644 3442 ejus
2681 3371 2848 3426 vestiti
2874 3381 2996 3426 sunt
3022 3371 3317 3442 duplicibus
3345 3370 3532 3441 (Prov.
3561 3372 3700 3440 ulc),

2110 3466 2165 3522 id
2191 3475 2292 3531 est,
2321 3467 2545 3538 mystica
2579 3465 2661 3520 vel
2691 3465 2882 3520 morali
2924 3465 3292 3535 intelligentia.
3339 3463 3627 3526 Mittuntur
3652 3473 3700 3516 et

2109 3560 2252 3630 patri
2286 3573 2534 3624 munera,
2559 3557 2726 3612 Filius
2747 3558 2978 3612 honorat
3003 3556 3240 3620 Patrem,
3267 3553 3520 3612 Christus
3543 3569 3701 3624 popu-

2111 3655 2219 3732 lum
2249 3671 2404 3710 suum
2432 3654 2718 3726 promissis
2750 3653 2939 3708 imitat
2967 3652 3302 3708 muneribus.
3334 3650 3564 3716 Portant
3595 3652 3699 3703 inec

2109 3760 2334 3800 munera
2363 3745 2499 3799 asini
2534 3743 2632 3810 illi,
2657 3745 2883 3818 gentiles
2916 3743 3130 3812 inutiles
3159 3751 3215 3798 et
3251 3742 3535 3812 laboriosi,
3565 3758 3698 3798 nunc

2108 3844 2290 3892 autem
2314 3837 2472 3893 utiles
2500 3844 2716 3908 portant
2744 3837 2796 3891 in
2826 3845 2950 3908 typo
2972 3836 3174 3892 Christi
3205 3852 3452 3904 munera.
3477 3835 3696 3904 Portant

2106 3928 2162 3985 in
2194 3927 2485 3998 Evangelio
2517 3943 2800 3983 munerum
2832 3928 3160 4000 largitorem.

2178 4018 2388 4072 Dimisit
2419 4036 2539 4090 ergo
2585 4020 2775 4090 fratres
2801 4037 2960 4086 suos;
2991 4019 3444 4096 proﬁciscentibus
3471 4022 3546 4076 ait
3569 4035 3588 4072 :
3619 4021 3692 4074 .‘ie

2105 4111 2412 4164 irascamini
2455 4111 2506 4164 in
2541 4111 2642 4164 via.
2670 4111 2774 4175 Qui
2807 4110 3138 4168 ascendentes
3174 4127 3239 4166 ea:
3263 4110 3520 4182 zEgypto,
3555 4129 3694 4165 t't'ne:

2106 4211 2226 4256 runt
2257 4203 2312 4256 in
2355 4212 2546 4256 terram
2585 4203 2840 4257 Chanaan
2870 4204 2939 4257 ad
2971 4215 3174 4278 patrem
3221 4222 3378 4270 suum
3425 4205 3615 4268 Iacob.
3651 4217 3692 4258 et

2107 4295 2475 4348 nuntiaverunt
2505 4295 2551 4348 ei
2583 4295 2810 4350 dicentes
2846 4309 2863 4347 :
2895 4295 3086 4366 Ioseph
3124 4297 3266 4362 vivit,
3293 4306 3342 4350 et
3385 4298 3494 4368 ipse
3535 4297 3695 4352 don-si—

2107 4394 2264 4438 natur
2313 4385 2368 4438 in
2415 4386 2553 4438 omni
2601 4396 2740 4440 terra
2785 4385 3040 4456 zEgypti,
3083 4394 3188 4441 etc.
3233 4386 3454 4442 Dimisit
3503 4387 3693 4458 lost-ph

2105 4475 2304 4530 fratres
2351 4492 2478 4531 suos
2511 4478 2600 4546 qui
2648 4479 3033 4532 nuntiaverunt
3076 4479 3214 4552 patri
3264 4496 3362 4536 suo
3415 4481 3690 4536 dicentes:

2105 4567 2300 4638 Ioseph
2332 4570 2475 4635 vivit,
2503 4580 2550 4622 et
2580 4570 2689 4640 ipse
2717 4580 2788 4623 est
2823 4570 3066 4625 dominus
3102 4571 3156 4623 in
3184 4571 3324 4625 omni
3361 4581 3504 4629 terra
3535 4571 3695 4641 digg—

2105 4660 2201 4729 pti.
2226 4659 2452 4730 Expavit
2476 4668 2653 4713 autem
2681 4659 2868 4725 Jacob,
2893 4661 2944 4714 id
2975 4669 3056 4716 est
3085 4661 3234 4732 plebs
3261 4663 3565 4728 incredula.
3595 4663 3692 4716 Sel

2104 4758 2389 4819 postquam
2424 4750 2626 4806 Christi
2675 4761 2822 4822 gesta
2866 4753 3214 4827 cognoverit,
3262 4755 3554 4810 reviviscet
3590 4757 3693 4826 spi—

2103 4843 2238 4896 ritus
2271 4841 2408 4909 ejus,
2437 4851 2490 4896 et
2518 4843 2608 4911 qui
2660 4852 2904 4898 mortuus
2934 4845 3240 4912 videbatur,
3289 4848 3394 4905 [ide
3449 4864 3692 4904 resurre-

2101 4933 2295 4986 ctionis
2319 4932 2518 4986 Christi
2551 4932 2874 4987 viviticatur.
2909 4935 3142 4990 Vocatur
3171 4953 3300 5008 ergo
3330 4955 3360 4990 a
3397 4937 3525 4993 ﬁliis
3562 4941 3689 5002 suis,

2100 5021 2157 5076 id
2179 5021 2290 5085 est“,
2329 5037 2360 5075 a
2389 5020 2571 5087 Petro,
2621 5023 2806 5088 Paulo,
2843 5023 3072 5089 Joanne,
3113 5029 3340 5109 populus
3384 5028 3687 5085 Judu‘oruzu

2101 5110 2363 5177 invitatur
2386 5114 2453 5180 ad
2480 5114 2730 5184 gratiam.
2757 5113 3008 5170 Occurrit
3050 5105 3126 5172 illi
3154 5105 3320 5182 Iudas
3343 5123 3492 5190 quod
3525 5123 3686 5179 inter-

2099 5210 2367 5270 pretatum
2397 5211 2482 5258 est
2515 5203 2788 5273 confessio,
2817 5207 2940 5275 quia
2971 5211 3224 5288 praecedit
3248 5210 3360 5286 iam
3397 5212 3682 5277 confessio,

2100 5306 2234 5383 quos
2279 5302 2402 5361 ante
2431 5294 2655 5365 perﬁdia
2700 5298 3041 5367 possidebat;
3072 5311 3128 5356 et
3174 5303 3252 5358 sic
3281 5301 3482 5383 Ioseph
3531 5319 3683 5360 verus

2098 5382 2347 5439 Christus
2374 5387 2639 5452 occurrit,
2683 5387 2774 5458 qui
2817 5404 2998 5446 senem
3043 5389 3153 5460 jam
3197 5402 3358 5448 aetate
3392 5396 3678 5478 suscipiat,

2100 5473 2303 5541 ultimis
2335 5477 2672 5546 temporibus
2713 5479 2966 5562 populum
2989 5478 3318 5550 Judazorum,
3351 5501 3460 5547 non
3489 5473 3679 5542 secun-

2101 5565 2229 5619 dum
2254 5564 2396 5621 illius
2429 5567 2645 5636 merita,
2684 5571 2780 5625 sed
2823 5573 3115 5630 secundum
3141 5573 3463 5634 electionem
3501 5579 3679 5664 gratiae

2099 5669 2232 5722 suae,
2261 5667 2317 5712 et
2343 5657 2572 5728 imponit
2618 5675 2833 5724 manum
2879 5679 3040 5735 super
3067 5665 3250 5721 oculos
3272 5667 3413 5752 ejus,
3440 5657 3674 5740 eteae-i-

2099 5759 2266 5818 tatem
2291 5752 2484 5810 aufert.
2513 5754 2678 5828 Cujus
2707 5758 2848 5815 idem
2888 5761 3096 5838 distulit
3141 5764 3457 5835 siccitatem,
3504 5774 3563 5820 ut
3587 5779 3673 5838 po-

2099 5856 2330 5902 stremus
2367 5846 2628 5917 crederet,
2663 5852 2754 5922 qui
2779 5861 2902 5908 ante
2925 5837 3029 5924 non
3056 5857 3229 5931 potuit
3257 5872 3376 5928 esse
3405 5837 3666 5930 credulus.
