3946 6472
185 409 286 478 eis

1202 404 1551 468 COMMENT,
1594 405 1660 462 IN
1700 403 2020 472 GENESIM.
2063 438 2131 446 —
2167 405 2295 462 LIB.
2333 405 2425 464 lV.

3341 409 3444 480 6-ὶῦ

187 523 335 580 Unde
364 528 418 574 et
445 516 732 590 Apostolus
758 515 870 586 ait:
903 517 1040 582 Quia
1082 520 1284 573 cwcitas
1315 537 1377 572 ex
1410 527 1554 588 parte
1591 519 1644 570 in
1687 518 1768 570 Is—
1797 523 1842 594 Α
1874 536 1992 574 cum
2036 519 2241 575 duobus
2285 519 2408 581 filiis
2434 517 2580 588 .ejus.
2629 518 3070 604 Septuagesimus
3114 531 3297 590 autem
3338 525 3452 594 ipse

187 617 292 667 rael
319 613 460 681 facta
485 619 576 671 est,
611 609 774 663 donec
808 608 1074 679 plenitudo
1098 611 1326 680 gentium
1354 612 1592 677 intraret,
1619 620 1665 665 et
1691 613 1764 665 sic

185 705 350 761 omnis
375 702 544 758 Israel
569 702 741 757 salvus
764 702 910 772 ﬁeret
936 702 1111 773 (Rom.
1139 702 1237 774 χι).

803 797 1030 852 CAPUT
1059 797 1148 852 IX.

454 891 530 945 De
554 890 886 944 descensione
911 887 1076 941 Iacob
1105 890 1157 941 in
1187 887 1494 960 ,Egyptum.

278 984 407 1038 (λι).
435 980 603 1052 XLVI.)
634 978 873 1033 Surrexit
904 977 1069 1032 Iacob
1103 996 1133 1034 a
1159 988 1312 1050 puteo
1333 977 1659 1044 Iuramenti;
1689 987 1771 1032 tu-

186 1076 455 1145 lcrtmtqne
483 1091 598 1128 eum
641 1073 741 1142 ﬁlii
784 1088 902 1125 cum
945 1072 1174 1142 parvulis
1204 1083 1249 1126 et
1283 1073 1533 1126 uxoribus
1581 1073 1687 1126 suis
1717 1075 1771 1126 in

185 1169 453 1238 plaustris,
487 1184 604 1238 qua:
640 1168 849 1223 miserat
891 1164 1103 1220 Pharao
1138 1167 1206 1220 ad
1238 1167 1550 1235 portandum
1574 1184 1768 1233 senem,

141 1320 150 1332 γ
185 1271 228 1313 et
259 1262 580 1330 omnia“;th
610 1259 906 1328 possederat
938 1259 991 1312 in
1026 1269 1164 1312 terra
1199 1258 1473 1324 Chanaan,
1524 1257 1771 1332 Ycuitqne

135 1343 137 1345 ’
187 1351 234 1402 in
265 1349 555 1419 .Egyptnm
587 1366 702 1402 cum
734 1351 875 1402 omni
921 1351 1115 1404 semine
1155 1367 1249 1403 suo
1277 1349 1415 1418 :ﬁlii
1455 1350 1565 1418 ejus
1594 1360 1640 1402 et
1680 1366 1772 1403 ne-

185 1454 350 1513 potes,
381 1442 508 1509 ﬁlia:
536 1449 581 1495 et
611 1452 796 1495 cuncta
828 1443 983 1495 simul
1018 1444 1306 1511 progenies.
1342 1442 1646 1508 Notandum
1679 1459 1772 1495 au-

188 1545 294 1590 tem
328 1552 447 1589 cum
481 1536 569 1589 liic
613 1534 806 1605 legitur
845 1533 979 1587 tilias
1010 1531 1174 1588 Iacob
1204 1542 1257 1588 et
1284 1543 1534 1598 cunctam
1575 1549 1770 1605 proge-

186 1629 327 1680 uicm
377 1628 537 1686 simul
569 1643 692 1681 cum
722 1625 888 1679 Iacob
920 1626 1168 1680 introisse
1200 1627 1254 1678 in
1284 1625 1596 1704 ngyptum,
1632 1629 1772 1698 quod

188 1740 291 1776 non
330 1723 450 1776 ideo
495 1723 671 1792 posuit
725 1722 860 1775 tilias
889 1721 1078 1802 plurali
1126 1736 1371 1785 numero,
1417 1721 1557 1789 quod
1609 1718 1774 1782 Iacob

185 1813 366 1882 plures
403 1813 627 1867 haberet
670 1829 830 1882 quam
877 1829 1037 1876 unam
1090 1812 1253 1866 ﬁliam
1289 1812 1505 1866 nomine
1547 1810 1769 1876 Diuam,

1871 611 2030 666 fuerit
2060 611 2240 667 Iacob.
2272 613 2424 678 Ilanc
2455 628 2566 668 rem
2594 631 2660 670 ne
2688 615 2964 684 videamur
2988 618 3272 686 adversum
3305 618 3452 673 Scri-

1868 714 2040 775 pturze
2083 707 2462 768 auctoritatem
2490 707 2653 783 loqui,
2683 709 2846 764 etiam
2874 708 3017 778 LXX
3047 710 3369 780 interpretes
3400 710 3452 766 in

1871 799 2285 856 Dentertuiomio
2331 803 2753 870 transtulerunt,
2821 805 2962 882 quod
3006 806 3060 870 in
3109 807 3450 879 septuaginta

1873 892 2155 952 animabus
2206 895 2480 971 ingressus
2527 896 2596 950 sit
2644 896 2810 962 Israel
2853 896 3173 971 Aigyptum.
3222 898 3278 968 Si
3324 899 3445 969 quis

1873 981 2036 1054 igitur
2064 969 2568 1048 nostraaisententire
2600 985 2922 1060 refragatur,
2949 969 3286 1059 scripturam
3316 988 3456 1052 inter

1876 1089 1932 1128 se
1961 1075 2288 1140 contrariam
2320 1076 2500 1142 faciet,
2538 1078 2640 1146 Ipsi
2671 1079 2816 1142 enim
2846 1078 2988 1146 LXX
3017 1080 3338 1150 interpretes
3366 1080 3456 1150 qui

1875 1166 1961 1232 hic
1993 1168 2328 1248 septuaginta
2361 1169 2596 1250 quinque
2631 1171 2840 1234 animas
2887 1187 2983 1245 per
3011 1172 3302 1244 prolepsim
3331 1188 3453 1230 cuiu

1873 1256 2069 1328 Joscpli
2093 1298 2106 1322 ,
2151 1268 2204 1320 et
2245 1260 2476 1328 posteris
2514 1261 2663 1336 ejus,
2699 1260 2996 1338 JEgypluin
3042 1262 3312 1337 ingressas
3339 1277 3458 1324 esse

1874 1346 2156 1416 dixerunt,
2190 1347 2243 1400 in
2273 1348 2689 1413 Deuteronomio
2732 1349 3073 1424 septuaginta
3119 1358 3324 1418 tantum
3375 1352 3459 1406 iu-

1875 1441 2070 1494 troisse
2103 1451 2487 1496 meu’ioraruut.
2517 1444 2671 1511 Quod
2702 1444 2746 1498 si
2777 1460 2808 1502 e
2847 1445 3122 1512 contraria
3147 1444 3303 1508 titulis
3332 1443 3461 1507 illud

1873 1531 2183 1600 opponitur,
2210 1533 2478 1604 quomodo
2513 1535 2567 1598 in
2592 1533 2818 1597 Actibus
2846 1533 3213 1608 apostolorum
3238 1533 3290 1599 in
3330 1549 3447 1592 00n-

1877 1625 2115 1679 tentione
2161 1625 2418 1694 Stephani
2450 1627 2660 1688 dicatur
2702 1627 2766 1688 ad
2796 1626 3078 1700 populum,
3122 1625 3462 1695 septuaginta

1876 1715 2114 1792 quinque
2140 1716 2349 1774 animas
2380 1717 2651 1786 ingressas
2679 1729 2800 1774 esse
2829 1714 3123 1788 :Egyptuui
3157 1714 3306 1787 (Car.
3333 1715 3431 1779 vn)
3452 1753 3466 1778 ,

1879 1797 2054 1868 facilis
2079 1809 2354 1869 excusatio
2375 1818 2476 1870 est.
2505 1808 2619 1868 Non
2648 1808 2793 1872 enim
2820 1809 3001 1872 debuit
3029 1816 3249 1874 sanctus
3271 1809 3465 1874 Lucas,

187 1905 279 1958 sed
316 1920 571 1958 numerus
603 1904 822 1973 pluralis
852 1920 948 1972 pro
985 1903 1244 1974 singulari
1267 1903 1474 1974 positus
1497 1911 1602 1982 est,
1633 1903 1774 1964 sicut
1803 1895 1851 1962 Β
1880 1902 1970 1974 qui
2019 1903 2185 1971 ipsius
2233 1903 2464 1972 scriptor
2501 1902 2742 1970 historia:
2772 1910 2874 1968 est,
2909 1901 2963 1958 in
2994 1910 3182 1981 gentes
3217 1900 3468 1967 volumen

187 1997 351 2050 etiam
380 2012 479 2065 pro
508 1994 702 2066 plurali
731 1993 1020 2063 singularis
1045 1994 1197 2047 solet.

263 2088 477 2142 Cunctw
521 2089 710 2140 aninne
752 2104 869 2158 qtnc
915 2089 1161 2157 ingressio
1205 2098 1325 2142 sunt
1363 2105 1481 2142 cum
1515 2086 1678 2142 Iacob
1724 2088 1777 2142 in

191 2180 507 2252 {Egyptunn
532 2190 577 2233 et
607 2198 824 2250 cgressw
857 2181 919 2233 de
965 2181 1157 2250 feruore
1183 2181 1346 2248 illius,
1381 2181 1573 2250 absque
1604 2181 1779 2236 uxori-

188 2271 283 2324 bus
311 2273 538 2342 ﬁliorum
563 2274 700 2342 ejus,
726 2274 996 2343 sexaginta
1025 2291 1133 2339 ser.
1162 2273 1314 2340 Quod
1343 2274 1471 2338 dicit
1500 2274 1778 2342 Scriptura

189 2373 268 2417 tot
301 2365 510 2418 animas
541 2366 814 2435 peperisse
845 2366 1019 2431 Liaui,
1049 2367 1130 2420 vel
1167 2376 1242 2421 tot
1275 2367 1484 2422 animas
1506 2367 1682 2432 exisse
1715 2366 1780 2420 de

186 2456 483 2517 femoribus
533 2458 721 2522 Iacob,
763 2460 1048 2514 videndum
1083 2468 1164 2514 est
1210 2461 1338 2530 quid
1391 2460 1781 2529 respondeatur

186 2549 318 2602 hinc
364 2549 443 2603 eis
473 2550 563 2618 qui
596 2552 698 2604 hoc
730 2551 1038 2614 testimonio
1080 2551 1406 2610 continuare
1452 2551 1717 2613 nituntur,
1749 2565 1780 2606 ιι

183 2641 502 2710 parentibus
533 2642 692 2695 simul
719 2642 927 2702 animas
957 2659 1077 2700 cum
1117 2644 1433 2712 corporibus
1471 2642 1777 2713 propagari.

185 2732 411 2792 Animas
457 2733 602 2787 enim
634 2734 804 2788 dictas
850 2751 948 2804 pro
979 2734 1306 2798 hominibus,
1357 2751 1386 2790 a
1424 2746 1576 2804 parte
1611 2743 1779 2788 totum

186 2825 528 2895 signiﬁcante
558 2825 852 2890 locutione,
881 2826 1057 2880 nullus
1084 2827 1328 2896 ambigit.
1378 2825 1483 2881 Sed
1511 2827 1779 2897 quomodo

186 2914 360 2983 ipsam
401 2926 609 2984 partem
645 2932 711 2970 ex
760 2933 864 2986 qua
915 2926 1088 2978 totum
1139 2928 1623 2974 couunemoratum
1665 2927 1780 2986 est,

186 3009 289 3063 lioc
323 3017 407 3076 est
452 3009 710 3082 animam,
739 3009 893 3078 cujus
925 3013 1146 3069 nomine
1178 3021 1321 3074 totus
1371 3014 1532 3068 homo
1575 3012 1780 3082 signiti-

185 3109 345 3154 catus
375 3107 476 3164 est,
510 3101 809 3162 alienemus
848 3103 914 3158 ab
957 3118 1022 3158 e0
1067 3103 1210 3172 quod
1237 3104 1438 3158 dictum
1471 3111 1555 3157 est
1580 3122 1592 3156 ε
1613 3103 1783 3164 Exie-

185 3201 320 3247 runt
358 3193 423 3247 de
453 3191 750 3258 femoribus
798 3193 936 3264 ejus,
984 3204 1040 3262 ut
1090 3212 1283 3263 carnes
1324 3206 1532 3252 tantum
1582 3213 1650 3251 ex
1696 3197 1784 3254 illo

1881 1994 2156 2059 emittens,
2195 1994 2428 2062 Actuuni
2477 1993 2840 2064 apostolorum
2884 1995 3216 2062 contrarium
3264 1992 3466 2066 aliquid

1881 2086 2118 2148 scribere
2150 2086 2431 2148 adversum
2467 2102 2586 2142 eam
2622 2085 2961 2156 Scripturam
3001 2103 3123 2160 quae
3153 2085 3269 2153 jam
3292 2084 3469 2140 fuerat

1883 2179 1938 2236 in
1979 2179 2228 2254 gentibus
2276 2179 2564 2250 divulgata.
2615 2179 2681 2233 Et
2713 2180 2902 2254 utique
2933 2178 3156 2248 majoris
3201 2178 3471 2249 opinionis

1884 2272 1975 2330 illo
2021 2272 2281 2339 duntaxat
2325 2281 2565 2346 tempore
2593 2270 2735 2336 LXX
2767 2273 3124 2345 interpretum
3171 2271 3472 2342 habebatur

1884 2367 2194 2428 auctoritas,
2229 2383 2388 2436 quam
2423 2365 2618 2430 Lucas,
2646 2367 2735 2434 qui
2766 2367 2979 2436 ignotus
3015 2374 3068 2420 et
3099 2365 3242 2431 vilis,
3274 2372 3332 2432 et
3365 2380 3472 2430 non

1887 2475 2094 2528 magnae
2139 2456 2262 2521 ﬁdei
2311 2458 2362 2512 in
2412 2458 2722 2520 nationibus
2766 2458 3082 2522 ducebatur,
3133 2457 3250 2525 line,
3293 2464 3473 2525 autem

1886 2550 2214 2622 generaliter
2275 2550 2701 2614 observandum,
2751 2548 2896 2619 quod
2947 2549 3252 2616 ubicunque
3298 2545 3472 2612 sancti

1885 2642 2160 2712 Apostoli,
2195 2650 2288 2703 aut
2333 2642 2613 2713 apostolici
2656 2641 2756 2696 viri
2797 2640 3090 2713 loquuntur.
3115 2641 3183 2706 ad
3229 2639 3474 2710 populos,

1889 2733 1973 2801 bis
2017 2735 2336 2806 plerumque
2381 2723 2704 2796 testimoniis
2733 2732 3032 2796 abutuntur
3057 2750 3178 2802 qua;
3199 2731 3313 2800 jam
3361 2732 3478 2788 fue-

1889 2835 2010 2880 rant
2056 2827 2109 2886 in
2156 2826 2405 2896 gentibus
2449 2825 2752 2893 divulgata,
2802 2824 2931 2880 licet
2969 2824 3214 2894 plerique
3265 2824 3480 2884 tradant

1887 2916 2090 2974 Lucam
2117 2918 2528 2991 evangelistam,
2567 2926 2623 2974 ut
2665 2917 3018 2989 proselytum,
3049 2915 3304 2983 llelu'aeas
3342 2914 3481 2972 litte-

1889 3027 1980 3078 ras
2005 3011 2301 3082 ignorasse.
2370 3018 2383 3029 “

1962 3102 2108 3158 Misit
2137 3113 2308 3164 autem
2332 3101 2532 3170 ludant
2562 3110 2681 3158 ante
2718 3118 2773 3156 se
2810 3101 2878 3168 ad
2903 3099 3101 3171 Ioseph
3132 3109 3188 3163 ut
3217 3099 3482 3164 nuntiaret

1891 3198 1960 3262 ei,
1992 3208 2038 3251 et
2068 3196 2147 3262 illi
2176 3206 2468 3256 occurreret
2510 3198 2562 3262 in
2602 3192 2810 3257 Gessen.
2843 3195 2958 3259 Quo
2986 3212 3102 3258 cum
3147 3193 3478 3264 pervenisset,

183 3296 366 3352 natas,
392 3289 640 3359 quamvis
663 3289 790 3344 sola:
817 3289 1009 3344 anima:
1032 3291 1402 3356 nominentur,
1431 3291 1780 3361 accipiamus,
1812 3269 1858 3350 Ci
1879 3291 2068 3361 juncta
2089 3291 2282 3360 Ioseph
2310 3306 2469 3342 curru
2495 3305 2612 3352 suo,
2641 3288 2870 3342 ascendit
2903 3287 3104 3344 obvium
3130 3285 3268 3355 patri
3295 3301 3390 3338 suo
3410 3283 3480 3338 ad

183 3380 467 3448 (μιῑειιρηάἰ
523 3388 650 3435 sunt
702 3380 1034 3436 locutionum
1084 3383 1231 3448 modi
1289 3383 1588 3448 secundum
1634 3381 1784 3440 Scri-

183 3481 403 3540 ptui-as.

260 3559 398 3613 Filii
434 3571 608 3616 autem
633 3561 828 3633 Ioseph
855 3565 942 3636 qui
983 3567 1094 3630 nati
1138 3576 1258 3622 sunt
1287 3567 1335 3622 ei
1368 3567 1424 3632 in
1450 3584 1591 3632 terra
1617 3565 1787 3637 1Egy-

183 3651 284 3719 pti,
321 3650 512 3704 animm
548 3652 687 3705 dure.
716 3650 907 3706 Omnes
938 3657 1127 3710 anima)
1157 3657 1342 3712 domus
1368 3656 1536 3718 Iacob
1562 3675 1678 3728 qua:
1710 3659 1790 3712 iu-

183 3758 386 3810 gressw
426 3749 545 3793 sunt
596 3739 918 3812 zEgyptu-m,
970 3744 1114 3810 fuere
1162 3749 1490 3816 septuaginta
1542 3749 1786 3818 quinque.

184 3834 377 3902 Quod,
421 3842 646 3905 excepto
688 3835 887 3906 Ioseph
939 3846 994 3890 et
1042 3838 1165 3893 filiis
1197 3840 1332 3909 ejus,
1382 3842 1659 3911 sexaginta
1695 3858 1788 3896 sex

187 3925 397 3981 animae
421 3942 541 3996 quae
564 3942 792 3998 egressa:
815 3937 940 3982 sunt
962 3930 1026 3984 de
1051 3929 1342 3988 femoribus
1364 3930 1550 3997 Iacob,
1571 3932 1792 3990 introie-

189 4024 325 4071 runt
354 4015 671 4087 Iligypttun,
701 4017 847 4086 nulla
881 4019 1145 4074 dubitatio
1176 4032 1278 4076 est.
1310 4022 1387 4076 lta
1417 4024 1563 4078 enim
1609 4023 1793 4094 paula-

193 4110 289 4162 tim
341 4124 436 4178 pcr
463 4109 703 4180 singulos
732 4120 1049 4182 supputatus
1088 4129 1348 4178 numerus
1387 4117 1671 4186 approbat,
1701 4117 1792 4186 qui

192 4201 247 4254 in
280 4201 522 4255 Hebraeis
567 4203 929 4259 voluminibus
960 4207 1250 4274 invenitur.
1285 4207 1397 4268 lloc
1441 4218 1618 4266 autem
1652 4210 1796 4279 quod

193 4292 246 4346 in
287 4290 430 4344 LXX
461 4291 724 4364 legimus:
759 4294 887 4349 Filii
917 4309 1091 4350 autem
1115 4297 1308 4368 Ioseph
1345 4300 1434 4370 qui
1465 4303 1571 4356 nati
1603 4311 1722 4355 sunt
1748 4302 1794 4354 ei

191 4385 246 4437 in
288 4382 540 4453 ίΕῃῃρεο,
587 4387 778 4440 anima:
836 4405 1034 4442 norem.
1083 4390 1329 4444 Sciamus
1363 4377 1470 4461 pro
1517 4409 1694 4450 norem
1740 4393 1794 4446 in

194 4474 428 4530 Hebraeo
452 4492 570 4530 esse
606 4479 759 4531 duas.
791 4479 1045 4548 Epln'aiui
1079 4484 1275 4554 quippe
1310 4493 1365 4542 et
1398 4483 1668 4549 Illanasse,
1700 4501 1796 4538 au-

196 4576 421 4637 lequam
452 4567 618 4622 Iacob
666 4570 893 4623 intraret
941 4570 1256 4641 xlilgyptum,
1291 4584 1343 4627 et
1383 4575 1542 4628 l'auiis
1583 4586 1792 4646 tempus

196 4658 499 4728 ingrueret,
542 4660 652 4712 nati
698 4669 823 4713 sunt
852 4661 916 4713 de
945 4662 1180 4715 Ascuctli
1211 4664 1318 4718 lilia
1352 4664 1701 4733 l-‘utliipliaris
1735 4667 1786 4722 in

195 4746 458 4818 1Egypto.
509 4749 614 4803 Sed
659 4758 716 4803 et
761 4751 889 4803 illml
933 4752 1072 4818 quod
1125 4769 1285 4822 supra
1335 4755 1600 4826 legimus:
1636 4733 1792 4812 Facti

195 4851 321 4892 sunt
365 4850 539 4892 autem
584 4842 684 4909 lilii
736 4842 982 4896 Manasse
1035 4863 1162 4912 quos
1203 4849 1376 4916 genuit
1421 4850 1466 4902 ei
1505 4852 1795 4912 concubina

199 4932 368 5002 Syra,
402 4932 627 5000 Machir,
656 4946 704 4989 et
744 4935 950 4989 Machir
980 4942 1157 5009 genuit
1203 4940 1429 4996 Galand.
1463 4942 1589 4996 Filii
1620 4956 1792 4998 autem

198 5023 460 5095 Ephraim
498 5027 679 5096 fratris
711 5027 977 5095 Manasse,
1017 5029 1352 5099 Suthulaum,
1391 5034 1637 5103 Ethaam.
1669 5034 1796 5100 Filii

199 5136 322 5173 rero
352 5119 666 5175 Suthalaam
698 5121 882 5188 Edent,
911 5125 1150 5177 additum
1182 5134 1283 5182 est.
1328 5126 1384 5179 Si
1411 5126 1626 5196 quidem
1659 5127 1802 5198 quod

198 5222 394 5282 postea
444 5212 689 5282 legimus,
747 5217 900 5285 quasi
957 5233 1054 5286 per
1112 5219 1553 5288 anticipntioncm
1600 5221 1801 5282 factum

201 5317 328 5357 esse
374 5302 721 5360 describitur.
767 5307 953 5379 Neque
983 5311 1124 5364 enim
1175 5311 1264 5366 illo
1301 5322 1542 5382 tempore
1579 5330 1685 5382 quo
1720 5313 1802 5378 iu-

202 5414 426 5468 grcssus
470 5408 553 5454 est
597 5399 763 5456 Iacob
810 5403 860 5455 in
905 5402 1231 5475 1Egyptum,
1277 5407 1392 5475 ejus
1428 5407 1604 5459 mtatis
1648 5417 1805 5470 erant

202 5489 467 5561 prraim
507 5502 561 5546 et
592 5493 857 5558 Manasse,
909 5503 966 5558 ut
1007 5496 1141 5551 filios
1191 5513 1454 5566 generare
1498 5496 1799 5569 potuerint;

203 5599 271 5638 ex
305 5600 417 5654 quo
452 5586 799 5648 manifestum
830 5598 913 5641 est
939 5603 1125 5654 omnes
1157 5591 1367 5656 animas
1395 5605 1514 5658 quae
1546 5589 1803 5658 ingressa:

203 5687 340 5733 sunt
381 5678 673 5752 [Egyptum
702 5682 768 5734 de
799 5681 1096 5746 femoribus
1133 5680 1320 5749 Iacob,
1367 5684 1532 5740 fuisse
1578 5691 1798 5754 septuae.

205 5769 386 5846 ginta,
416 5772 543 5826 dum
574 5774 849 5844 sexaginta
891 5790 984 5830 sex
1032 5783 1218 5852 postea
1256 5786 1381 5846 sunt
1431 5777 1705 5845 ingressae,
1745 5785 1802 5842 et

206 5876 536 5935 repererunt
565 5867 617 5922 in
647 5867 880 5954 [Egypto
912 5878 1023 5926 tres
1065 5871 1294 5940 animas,
1323 5869 1520 5954 Ioseph
1551 5870 1803 5940 videlicet,

1888 3385 2127 3452 eunnlem
2169 3384 2374 3454 locum;
2419 3382 2696 3452 ridensque
2723 3398 2871 3446 eum,
2909 3380 3063 3442 irruit
3095 3394 3249 3448 super
3287 3375 3482 3432 collum

1890 3479 2002 3548 ejus
2024 3488 2070 3532 et
2097 3479 2232 3532 inter
2260 3476 2531 3548 utnplexus
2553 3478 2711 3545 ﬂevit,
2737 3475 2970 3546 dixitque
2994 3485 3140 3544 pater
3161 3473 3228 3530 ad
3250 3473 3477 3542 Ioseph:

1889 3570 2014 3628 Iam
2045 3569 2194 3624 littus
2233 3570 2448 3633 moriar,
2477 3570 2601 3639 quia
2630 3569 2732 3624 vidi
2764 3569 2950 3637 facient
2993 3577 3138 3624 tuam
3161 3607 3174 3631 ,
3215 3575 3260 3620 et
3310 3581 3487 3634 super-

1891 3663 2062 3716 stitem
2090 3671 2137 3715 te
2167 3661 2418 3731 relinquo.
2451 3658 2646 3726 Iudam
2678 3676 2806 3716 vero
2850 3661 2995 3720 misit
3042 3668 3164 3717 ante
3197 3671 3257 3716 se
3295 3657 3362 3712 ad
3389 3654 3486 3710 Io-

1893 3752 2048 3822 seph,
2077 3758 2137 3805 ut
2182 3761 2491 3816 occurreret
2519 3751 2567 3805 ei
2595 3752 2661 3813 ad
2691 3751 2880 3810 urbem
2925 3753 3150 3810 heroum
3198 3749 3249 3804 iu
3285 3757 3485 3804 terram

1893 3843 2172 3908 Ramesse.
2222 3843 2322 3896 llic
2371 3843 2519 3897 locus
2544 3843 2698 3911 juxta
2739 3841 3085 3912 Septuaginta
3129 3842 3483 3908 interpretum

1896 3935 2187 3990 editionem
2225 3934 2298 3987 ita
2332 3933 2545 4004 legitur.
2580 3933 2634 3992 ln
2683 3932 2912 3990 llebraeo
2959 3948 3057 3994 nec
3087 3933 3274 3992 urbem
3319 3928 3481 3984 habet

1896 4027 2142 4094 heroum,
2167 4041 2266 4082 nec
2291 4034 2491 4091 terrain
2520 4024 2778 4091 Ramesse
2805 4043 2815 4077 :
2841 4025 2934 4078 sed
2959 4021 3331 4084 tantun'imodo
3357 4019 3485 4077 Ges.-

1896 4134 2022 4184 sen;
2055 4119 2293 4183 nonnulli
2319 4117 2628 4186 Iudaeorum
2659 4127 2909 4176 asserunt
2934 4117 3142 4172 Gcsseu
3177 4130 3318 4170 nunc
3345 4113 3486 4167 The-

1896 4212 2112 4274 baidam
2153 4210 2366 4276 vocati;
2414 4219 2467 4272 et
2507 4211 2556 4264 id
2599 4210 2740 4278 quod
2787 4218 2970 4278 postea
3009 4207 3251 4275 sequitur
3286 4223 3298 4258 :
3335 4203 3486 4258 Dedit

1897 4307 1971 4368 eis
2007 4314 2059 4358 ut
2088 4304 2408 4374 possiderent
2439 4304 2492 4358 in
2521 4301 2750 4371 [Egypto
2784 4314 2975 4364 terram
3007 4299 3253 4368 optimum
3286 4297 3340 4356 in
3382 4295 3486 4353 Ita-

1899 4412 2080 4461 messe,
2128 4412 2323 4468 pagum
2366 4394 2689 4451 Arseuoiteu
2732 4394 2811 4459 sic
2857 4393 2983 4448 olim
3030 4398 3278 4455 vocatum
3327 4397 3482 4450 autu-

1899 4495 2067 4541 maut.

1969 4580 2036 4642 Et
2065 4580 2153 4633 ille
2183 4579 2387 4632 locutus
2415 4589 2488 4634 est
2520 4578 2586 4631 ad
2617 4578 2825 4646 fratres,
2854 4585 2902 4628 et
2935 4575 3002 4630 ad
3033 4589 3236 4634 Quinem
3272 4572 3483 4627 domum

1898 4671 2062 4741 patris
2101 4669 2184 4732 sui
2220 4684 2235 4720 :
2271 4668 2581 4731 Ascendam,
2616 4678 2661 4719 et
2693 4665 2941 4719 nuntiabo
2974 4661 3265 4723 Pharaoni,
3295 4661 3492 4728 dicant--

1897 4781 1995 4833 que
2048 4763 2132 4816 ei:
2163 4760 2375 4814 Fratres
2417 4761 2536 4823 mei,
2569 4770 2614 4812 et
2654 4759 2837 4811 domus
2867 4758 3032 4826 patris
3058 4756 3181 4818 mei,
3209 4753 3298 4822 qui
3335 4760 3488 4807 erant

1898 4857 1954 4914 in
1995 4867 2133 4908 terra
2181 4851 2455 4916 Chanaan,
2490 4860 2734 4908 venerunt
2778 4850 2844 4909 ad
2873 4866 2971 4912 me,
3011 4858 3057 4905 et
3094 4856 3213 4902 sunt
3252 4845 3346 4898 viri
3392 4860 3488 4912 pa:

1901 4956 2065 4998 stores
2106 4945 2308 5006 ovium,
2355 4958 2634 5010 curamque
2672 4941 2859 4994 habent
2899 4940 3208 4992 alendorum
3253 4950 3485 5006 gregum.

1905 5039 2105 5092 Pecorn
2143 5053 2237 5089 sua
2276 5044 2321 5089 et
2357 5043 2614 5097 armenta,
2653 5043 2698 5086 et
2731 5032 2904 5092 omnia
2932 5047 3048 5100 qua:
3083 5027 3270 5080 habere
3312 5034 3490 5093 potue-

1911 5141 2064 5195 runt,
2113 5130 2446 5198 adduxerunt
2496 5144 2687 5188 secum.
2737 5124 2928 5198 (Aug)
2971 5119 3393 5184 Commendatur
3436 5116 3487 5170 in

1907 5223 2255 5292 It:tll'l..l'cl|l5,
2301 5221 2444 5292 quod
2485 5236 2738 5290 pecorum
2779 5216 3073 5272 nutritores
3116 5218 3274 5266 erant
3300 5226 3330 5262 a
3364 5223 3492 5278 pue-

1911 5318 2032 5370 ritia
2079 5332 2209 5378 sua,
2248 5326 2300 5366 et
2327 5297 2663 5382 parentibus
2700 5311 2829 5371 suis,
2861 5317 2914 5362 et
2950 5306 3161 5360 merito.
3201 5303 3334 5356 Nam
3377 5302 3492 5356 bam

1908 5416 1992 5476 est
2036 5406 2156 5472 sine
2201 5404 2306 5458 ulla
2337 5404 2671 5465 dubitatione
2695 5401 2839 5469 justa
2868 5399 3102 5458 servitus
3139 5404 3194 5454 et
3220 5395 3362 5463 justa
3399 5394 3491 5450 do-

1912 5497 2159 5566 initiatio.
2203 5511 2326 5550 cum
2356 5510 2550 5563 νευραῖς)
2589 5492 2793 5556 homini
2823 5490 3083 5554 serviunt,
3127 5497 3180 5546 et
3208 5488 3368 5544 homo
3401 5500 3494 5553 pe—

1912 5591 2129 5656 coribus
2156 5589 2482 5654 dominatur.
2529 5584 2620 5642 Sic
2661 5585 2806 5647 enim
2838 5583 3041 5645 dictum
3067 5588 3151 5636 est
3185 5593 3306 5637 eum
3337 5591 3492 5634 crea-

1909 5692 2098 5750 retur;
2132 5679 2418 5749 Faciamus
2464 5677 2724 5740 imminent
2755 5676 2824 5734 ad
2864 5676 3141 5744 imaginem
3167 5674 3221 5732 ‘et
3251 5669 3493 5758 similae:

1907 5777 2084 5842 dinem
2114 5782 2344 5840 nostram
2359 5789 2376 5837 ;
2404 5780 2449 5832 et
2481 5770 2665 5828 habeat
2693 5777 2992 5838 potestatem
3018 5767 3239 5837 piscium
3264 5762 3422 5818 maris
3447 5767 3496 5813 et

1907 5865 2200 5937 sentitiqu
2226 5863 2372 5930 Quali.
2398 5871 2443 5925 ct
2484 5861 2716 5923 aetatum
2744 5875 2988 5938 pecorum
3025 5873 3141 5930 qua:
3178 5861 3300 5911 sunt
3343 5865 3496 5921 super
