3946 6466
448 440 549 499 σιτ

1124 431 1187 487 Β.
1226 429 1476 486 BABANI
1512 426 1735 485 MAUBI
1770 425 2090 483 ARCHIEP.
2126 425 2435 484 MOGUNT.
2469 422 2752 481 OPERUM
2789 421 2970 479 PARS
3005 421 3048 479 Ι.

3602 424 3718 480 848

444 569 639 614 terram
688 554 844 630 (Gen.
864 554 930 626 ι).
977 549 1080 607 Ubi
1130 548 1449 613 insinuatur,
1497 547 1763 602 rationem
1819 545 2015 601 debere
2041 551 2095 611 Α
2117 561 2350 599 meorum
2376 543 2564 614 quibus
2590 542 2905 613 pcregrinati
2938 549 3078 595 sunt.
3103 539 3241 608 Quid
3271 550 3356 599 est
3383 545 3533 612 quod
3571 543 3720 598 dixit

445 645 707 703 dominari
771 639 1125 697 irrationabili
1183 638 1325 693 vitm.
1384 638 1609 693 Servum
1672 644 1854 691 autem
1920 637 2017 691 ho-

442 737 644 791 minem
687 731 890 788 homini
936 730 1022 786 vel
1066 718 1354 800 iniquitas,
1391 729 1476 784 vel
1527 727 1828 783 adversitas
1868 726 2013 781 fecit.

442 825 700 894 iniquitas
734 823 973 892 quidem,
1004 822 1143 878 sicut
1166 822 1372 876 dictum
1400 828 1521 876 est:
1551 818 1863 874 Maledictus
1883 816 2022 873 Cha-

443 932 581 970 naan
606 931 625 970 :
653 916 752 970 erit
778 932 955 969 servus
984 913 1237 984 fratribus
1261 915 1372 968 suis
1396 910 1551 984 (Cen.
1582 912 1682 983 Ix).
1708 911 2021 967 Adversitas

440 1018 591 1070 vero,
623 1004 764 1060 sicut
804 1002 1002 1058 accidit
1030 1002 1131 1072 ipsi
1157 1001 1389 1072 Joseph,
1427 1012 1487 1058 ut
1512 1003 1762 1058 venditus
1785 1017 1817 1056 a
1843 1000 2023 1056 fratri-

440 1099 559 1162 bus,
591 1113 779 1153 servus
808 1096 1122 1167 alienigena:
1151 1095 1323 1159 ﬁeret,
1369 1095 1552 1165 itaque
1595 1094 1798 1165 primos
1839 1106 2023 1173 servos

442 1190 636 1258 quibus
687 1189 792 1243 hoc
834 1202 1029 1243 nomen
1075 1186 1302 1241 inditum
1347 1194 1430 1241 est
1479 1186 1533 1241 in
1580 1186 1772 1241 Latina
1820 1185 2021 1258 lingua,

441 1279 579 1334 bella
609 1278 872 1335 fecerunt.
897 1278 999 1346 Qui
1030 1279 1175 1333 enim
1206 1279 1370 1334 homo
1395 1280 1462 1333 ab
1491 1279 1708 1336 homine
1742 1288 2025 1351 superatus

438 1370 560 1440 jure
593 1368 717 1424 belli
764 1375 949 1439 posset
991 1367 1193 1432 occidi,
1257 1368 1380 1437 quia
1424 1377 1669 1423 servatus
1707 1377 1792 1424 est
1838 1383 2026 1424 servus

443 1460 740 1532 appellatus
768 1467 870 1515 est.
907 1458 1035 1514 Inde
1075 1467 1130 1514 et
1158 1458 1449 1528 mancipia,
1477 1459 1631 1528 quasi
1660 1475 1821 1513 manu
1866 1465 2025 1529 capta

445 1560 590 1608 sunt.
618 1552 715 1608 Est
742 1552 905 1607 etiam
931 1552 1065 1608 ordo
1092 1551 1353 1606 naturalis
1376 1552 1429 1607 in
1464 1552 1792 1618 hominibus,
1820 1561 1880 1605 ut
1915 1567 2028 1606 ser-

444 1644 595 1717 viant
629 1643 760 1697 viris
799 1642 1031 1706 feminae,
1068 1649 1123 1696 et
1166 1640 1262 1696 ﬁlii
1292 1642 1626 1711 parentibus,
1660 1642 1784 1710 quia
1820 1649 1875 1696 et
1920 1641 2027 1695 illic

445 1735 560 1790 lucc
584 1729 795 1803 iustitia
836 1742 949 1799 est,
979 1740 1039 1787 ut
1065 1732 1333 1787 inﬁrmior
1365 1732 1504 1787 ratio
1542 1732 1745 1787 serviat
1790 1730 2023 1786 fortiori.

430 1827 571 1882 Haec
598 1827 761 1899 igitur
797 1825 1248 1885 dominationibus
1276 1831 1330 1879 et
1375 1823 1729 1879 servitutibus
1754 1823 1900 1878 clara
1940 1822 2028 1894 ju-

2115 634 2280 691 Jacob
2306 634 2593 700 Pharaoni,
2625 633 2748 687 Dies
2786 648 3043 687 annorum
3065 631 3187 686 vita:
3210 649 3340 687 mete
3363 650 3498 703 quos
3531 634 3714 687 incolo

2119 726 2219 798 (sic
2258 725 2402 780 enim
2446 725 2647 780 habent
2672 722 2871 794 Graeci)
2915 722 3059 791 quod
3092 722 3270 776 Latini
3318 724 3561 788 habent,
3611 740 3716 793 ago

2116 816 2201 873 vel
2245 816 2429 882 habeo,
2459 814 2543 870 vel
2588 815 2630 869 si
2660 812 2791 885 quid
2827 812 2988 867 aliud.
3022 811 3215 867 Utrum
3244 827 3376 883 ergo
3419 812 3549 866 ideo
3574 810 3718 865 dixit

2117 924 2245 979 quos
2271 907 2461 973 incolo,
2496 906 2639 976 quod
2682 907 2736 959 in
2783 915 2927 960 terra
2957 912 3117 958 natus
3160 912 3245 958 est
3272 918 3435 973 quam
3469 902 3715 957 nondum

2118 999 2348 1070 p0pulus
2378 998 2558 1053 divina
2600 996 2958 1070 promissione
2996 995 3328 1051 haereditatis
3373 1001 3717 1062 acceperat;

2120 1100 2177 1146 ει
2201 1091 2271 1146 ibi
2301 1091 2465 1144 vitam
2493 1090 2715 1155 ducens,
2744 1089 2931 1160 utique
2956 1089 3010 1142 in
3035 1088 3209 1143 aliena
3238 1094 3386 1141 terra
3418 1095 3571 1150 erat,
3611 1100 3718 1141 non

2123 1181 2291 1236 solum
2319 1181 2533 1250 quando
2560 1180 3013 1250 peregrinabatur
3038 1179 3177 1235 sicut
3203 1179 3260 1232 in
3292 1177 3715 1249 Mesopotamia,

2124 1289 2311 1330 verum
2336 1274 2497 1328 etiam
2527 1273 2742 1343 quando
2768 1273 2842 1327 ibi
2880 1282 3001 1327 erat
3023 1271 3115 1327 ubi
3152 1279 3312 1325 natus
3352 1280 3459 1325 est.
3492 1270 3583 1325 An
3627 1285 3723 1341 po-

2126 1366 2231 1420 tius
2261 1367 2550 1421 secundum
2582 1364 2637 1419 id
2666 1365 3035 1435 accipiendum
3070 1372 3173 1428 est,
3203 1364 3346 1433 quod
3380 1363 3461 1418 ait
3490 1363 3725 1433 Apostch

2123 1456 2247 1512 lus:
2284 1457 2528 1523 Quandiu
2564 1474 2743 1511 sumus
2764 1458 2819 1510 in
2856 1473 3085 1526 corpore,
3114 1457 3525 1527 peregrinamur
3550 1473 3583 1509 ι
3620 1454 3725 1509 Do-

2125 1549 2304 1602 mino?
2331 1547 2416 1621 (II
2451 1547 2572 1602 Cor.
2600 1548 2680 1621 v.)
2709 1547 3018 1604 Secundum
3043 1549 3147 1604 hoc
3176 1557 3231 1604 et
3258 1547 3391 1603 illud
3423 1550 3483 1603 in
3509 1548 3729 1618 psalmo

2125 1638 2342 1694 dictum‘
2376 1639 2693 1707 intelligitur
2732 1656 2745 1692 :
2790 1634 3087 1707 Inquilinus
3130 1655 3220 1709 ego
3276 1654 3396 1692 sum
3451 1639 3516 1691 in
3564 1648 3726 1701 terra,

2126 1744 2174 1786 et
2217 1732 2518 1803 peregrinus
2562 1732 2695 1785 sicut
2745 1747 2921 1785 omnes
2971 1738 3143 1801 patres
3188 1732 3289 1785 mei
3334 1728 3520 1801 (Psal.
3551 1732 3726 1796 cur).

2127 1821 2261 1875 Nam
2296 1822 2491 1875 iterum
2535 1820 2666 1875 dicit
2705 1821 2770 1875 de
2818 1821 2949 1891 ipsis
2987 1820 3175 1876 diebus
3211 1821 3337 1875 vita:
3379 1836 3499 1875 suae
3541 1839 3555 1873 :
3607 1818 3728 1873 Non

445 1919 593 1974 stitia
618 1924 736 1983 est,
780 1925 839 1972 ut
866 1916 959 1986 qui
986 1915 1258 1972 excellunt
1302 1915 1533 1978 ratione,
1564 1913 1831 1969 excellant
1860 1913 2029 1968 domi—
2055 1901 2104 1961 Β
2129 1922 2465 1985 pervenerunt
2506 1913 2562 1965 in
2609 1912 2719 1966 dies
2762 1928 3020 1966 annorum
3060 1912 3179 1966 vita:
3223 1920 3441 1982 patrum
3485 1925 3729 1965 meumr!

445 1999 683 2067 natione.
727 2010 882 2078 Quod
911 2026 1032 2066 cum
1077 2011 1132 2065 in
1176 2012 1282 2067 hoc
1324 2010 1519 2089 saeculo
1548 2026 1647 2081 per
1681 2010 2023 2080 iniquitatem

445 2105 723 2160 hominum
760 2102 1125 2174 perturbatur,
1152 2103 1236 2158 vel
1261 2119 1358 2174 per
1381 2112 1694 2159 naturarum
1727 2103 2025 2158 carnalium

448 2196 839 2261 diversitatem,
864 2194 1043 2250 ferunt
1065 2193 1197 2262 justi
1221 2196 1568 2265 temporalem
1593 2195 2024 2265 perversitatem,

449 2287 503 2341 in
536 2286 641 2342 ﬁne
672 2286 906 2342 habituri
935 2286 1393 2342 ordinatissimam
1416 2294 1474 2342 et
1502 2287 1885 2358 sempiternam
1906 2284 2028 2341 feli-

446 2379 787 2435 dmwm.'
1517 2382 1525 2388 '

518 2470 751 2544 Cumque
798 2472 1053 2526 vocaverit
1100 2488 1187 2526 vos
1230 2481 1280 2526 et
1324 2472 1532 2527 dixerit.
1578 2472 1733 2538 Quod
1783 2479 1858 2524 est
1900 2486 2027 2542 opus

451 2562 720 2618 vestrum?
765 2561 1136 2633 respondebitis
1168 2575 1187 2614 :
1226 2561 1340 2616 Viri
1382 2571 1614 2633 pastores
1659 2579 1858 2629 sumus,
1898 2561 2029 2617 servi
2074 2580 2081 2590 ο

451 2656 529 2709 tui
569 2654 633 2708 ab
678 2653 907 2724 infantia
955 2664 1133 2709 nostra
1185 2671 1345 2725 usque
1376 2655 1432 2709 in
1472 2671 1715 2725 prwsens,
1751 2664 1800 2711 et
1846 2671 1939 2709 nos
1981 2662 2032 2707 et

447 2754 620 2815 patres
660 2745 844 2799 nostri.
872 2742 1002 2799 Htec
1034 2753 1210 2799 autem
1233 2744 1433 2810 dicetis,
1460 2754 1516 2798 ut
1551 2745 1786 2800 habitare
1823 2745 2032 2816 possitis

446 2838 501 2889 in
535 2845 674 2890 terra
710 2833 924 2901 Gessen,
958 2836 1083 2905 quia
1108 2835 1433 2889 detestantur
1459 2834 1699 2907 ﬂgyptii
1733 2851 1910 2890 omnes
1937 2851 2034 2903 pa—

447 2935 611 2981 stores
661 2928 852 2980 ovium.
897 2926 1241 2982 Abominatio
1286 2934 1370 2982 est
1418 2927 1794 2983 enim~omnis
1848 2936 2034 2998 pastor

447 3018 628 3072 ovium
674 3016 961 3089 Egyptiis.
1012 3018 1200 3073 Merito
1229 3018 1500 3090 rEgyptiis
1537 3019 1592 3073 in
1627 3019 1823 3089 quibus
1865 3018 2035 3089 ﬁgura

447 3120 532 3165 est
568 3111 848 3180 praesentis
883 3111 1085 3176 smculi,
1122 3112 1175 3166 in
1199 3094 1322 3181 quo
1368 3113 1606 3167 abundat
1633 3112 1909 3181 iniquitas,
1941 3113 2036 3168 ab-

448 3202 711 3257 ominatio
737 3211 820 3258 est
846 3203 1022 3258 omnis
1062 3213 1247 3273 pastor
1273 3219 1550 3274 pecorum.
1577 3194 1922 3260 Abominatio
1950 3211 2036 3260 est

448 3298 596 3352 enim
619 3298 804 3368 iniquo
832 3298 917 3352 vir
937 3297 1134 3366 justus.
1179 3322 1197 3333 υ

530 3387 792 3444 Venerunt
820 3400 992 3443 autem
1033 3391 1090 3444 in
1117 3389 1406 3461 ngyptum
1436 3390 1506 3444 ad
1538 3388 1734 3460 Ioseph
1769 3388 1937 3444 Iacob
1988 3396 2038 3443 et

447 3478 547 3547 ﬁlii
573 3478 708 3548 ejus.
734 3477 804 3531 Et
834 3478 1033 3532 audivit
1063 3476 1278 3533 Pharao
1315 3496 1407 3534 rea:
1428 3479 1669 3551 Egypti,
1702 3488 1751 3535 et
1786 3481 1859 3534 ait
1890 3478 2039 3534 Pha-

450 3585 544 3621 rao
571 3568 638 3621 ad
673 3568 863 3639 Joseph
904 3570 1120 3624 dicens:
1147 3567 1313 3624 Pater
1345 3580 1468 3625 tuus
1509 3579 1559 3625 et
1604 3572 1793 3641 fratres
1836 3573 1915 3626 tui
1955 3588 2040 3626 ve-

452 3669 637 3713 nerunt
662 3659 731 3714 ad
772 3668 839 3714 te.
876 3660 1022 3739 Ecce.
1037 3670 1178 3715 terra
1208 3662 1426 3733 Egypti
1449 3671 1570 3716 ante
1602 3671 1650 3716 te
1677 3672 1773 3717 est.
1799 3662 1868 3717 In
1898 3673 2038 3717 terra

452 3753 646 3821 optima
681 3751 881 3806 colloca
908 3762 1108 3823 patrem
1139 3762 1287 3808 tuum
1313 3763 1364 3808 et
1390 3754 1593 3823 fratres
1624 3765 1761 3809 tuos.
1790 3754 1918 3810 Haec
1953 3771 2040 3811 re-

448 3843 661 3911 petitio,
710 3859 818 3899 non
847 3845 1225 3914 praetermissae
1272 3846 1351 3900 rei
1380 3844 1449 3900 ad
1477 3861 1636 3914 quam
1669 3862 1809 3917 saepe
1835 3861 1931 3918 per
1958 3864 2039 3903 re-

451 3935 893 4004 capitulationem
930 3936 1145 3992 obscuri
1192 3937 1417 3993 reditur.
1465 3937 1560 3993 sed
1603 3940 1822 3995 omnino
1852 3949 2037 4011 aperta

450 4032 552 4079 est.
580 4025 700 4080 Jam
724 4027 870 4082 enim
901 4026 1112 4081 dixerat
1150 4026 1452 4097 Scriptura,
1494 4031 1762 4099 quomodo
1793 4032 2039 4085 venerint

453 4116 520 4169 ad
566 4115 902 4171 Pharaonem
948 4118 1143 4174 fratres
1183 4117 1414 4189 Joseph,
1462 4132 1518 4176 et
1549 4123 1677 4191 quid
1715 4122 1796 4177 eis
1842 4123 2041 4180 dixerit

452 4204 539 4259 vel
584 4207 651 4261 ab
685 4206 766 4262 eis
799 4207 1048 4263 audierit.
1096 4207 1205 4263 Sed
1253 4210 1356 4265 hoc
1399 4226 1543 4267 nunc
1587 4212 1735 4267 velut
1778 4214 1847 4267 ab
1884 4214 2039 4269 initio

453 4301 735 4370 repetivit,
780 4310 840 4357 ut
883 4303 1009 4358 inde
1066 4312 1377 4361 contexeret
1423 4308 1789 4364 narrationem
1839 4308 1908 4365 ab
1952 4311 2039 4367 his

451 4395 633 4450 verbis
678 4396 797 4465 qua:
824 4396 923 4451 soli
968 4394 1167 4469 Joseph
1205 4398 1416 4456 Pharao
1444 4401 1580 4455 dixit
1613 4416 1628 4455 :
1660 4417 1892 4472 quorum
1922 4418 2040 4458 om-

451 4486 602 4542 nium
645 4488 920 4544 codicibus
960 4487 1184 4556 Graecis,
1233 4492 1385 4561 quia
1430 4491 1860 4562 diligentioribus
1903 4508 2036 4548 con-

451 4576 638 4645 scripti
673 4584 815 4644 sunt,
842 4578 1087 4647 quaedam
1112 4579 1377 4634 obeliscos
1405 4580 1621 4645 habent,
1652 4588 1708 4635 et
1727 4582 2036 4651 signiﬁcant

451 4680 517 4722 ea
546 4643 666 4737 quae
699 4668 756 4723 in
789 4643 1015 4723 Hebraeo
1058 4684 1166 4724 non
1199 4671 1563 4738 inveniuntur,
1603 4643 1658 4727 et
1700 4673 1755 4728 in
1777 4643 1924 4729 LXX
1954 4676 2038 4731 in-
2061 4643 2114 4702 Β

448 4758 759 4813 veniuntur.
805 4757 1063 4823 Quaedam
1118 4760 1425 4827 asteriscos,
1473 4762 1666 4830 quibus
1709 4779 1775 4818 ea
1824 4764 2034 4832 signiﬁ-

452 4855 648 4904 cantur
691 4863 811 4918 quae
856 4848 1059 4905 habent
1102 4850 1353 4920 Hebraei,
1405 4870 1507 4911 nec
1553 4855 1752 4912 habent
1800 4856 2033 4929 Septua-

487 4939 598 4994 iuta
1331 4971 1338 4978 -

451 4955 598 5010 8mm
1331 4971 1338 4978 ·

1083 5033 1310 5091 CAPUT
1348 5035 1415 5092 Χ.

453 5143 532 5199 De
547 5160 618 5220 go
646 5145 784 5216 quod
810 5142 1222 5220 Josephgstatuit
1253 5148 1418 5203 Jacob
1447 5160 1648 5220 patrem
1682 5167 1836 5206 suum
1864 5167 2040 5206 coram

532 5212 837 5290 Eboracae,
860 5212 947 5270 cui
966 5216 1053 5271 ille
1078 5234 1170 5289 per
1189 5218 1382 5290 Joseph
1405 5212 1546 5274 dedit
1563 5222 1825 5290 “optimam
1848 5232 2042 5275 terram

530 5282 571 5338 G
578 5301 744 5339 essen.
801 5339 813 5350 ,

527 5394 677 5465 (ϐω).
703 5399 899 5470 xuii.)
944 5398 1075 5457 Post
1116 5403 1226 5456 hazc
1270 5401 1565 5456 introduxit
1604 5402 1797 5472 Joseph
1840 5412 2041 5474 patrem

454 5502 608 5543 suum
636 5488 704 5543 ad
742 5508 942 5562 regem,
973 5503 1022 5548 et
1051 5493 1234 5548 statuit
1261 5508 1380 5548 eum
1425 5508 1601 5547 coram
1628 5511 1707 5549 eo.
1737 5493 1842 5559 Qui
1892 5496 2041 5550 bene-

454 5576 631 5634 dicens
686 5581 801 5649 illi,
847 5594 896 5639 et
933 5585 1283 5655 interrogatus
1323 5586 1388 5640 ab
1427 5602 1487 5640 eo
1519 5604 1537 5641 :
1582 5587 1721 5654 Quot
1762 5599 1885 5643 sunt
1931 5590 2042 5645 dies

455 5689 714 5755 guttarum
754 5677 875 5732 vita
922 5688 1025 5733 tua:
1046 5677 1072 5731 ?
1100 5675 1385 5748 Respondit
1412 5677 1579 5734 Iacob
1604 5693 1623 5731 :
1654 5679 1778 5735 Dies
1816 5682 2046 5753 peregri-

459 5761 686 5818 nationis
734 5766 850 5819 vitw
893 5782 1020 5820 mete
1078 5778 1283 5821 centum
1342 5769 1558 5838 triginta
1611 5786 1870 5825 annorum
1923 5778 2044 5826 sunt

457 5850 605 5920 parvi
644 5861 693 5910 et
740 5854 895 5925 mali,
943 5865 992 5914 et
1043 5872 1147 5914 non
1191 5866 1532 5928 pervenerunt
1568 5859 1638 5918 ad
1675 5860 1786 5919 dies
1830 5871 2044 5935 patrum

2126 2019 2254 2074 quos
2299 2002 2408 2056 dies
2456 2000 2801 2056 incoluerunt.
2848 2000 2963 2055 Non
3014 2000 3157 2056 enim
3212 2002 3304 2055 hic
3355 2001 3511 2055 aliud
3542 2000 3731 2055 -volnit

2126 2093 2370 2163 intelligi,
2403 2108 2566 2163 quam
2598 2093 2651 2147 id
2682 2092 2825 2161 quod
2853 2090 3030 2146 Latini
3062 2092 3279 2146 codices
3320 2093 3556 2156 habent,
3595 2093 3732 2145 rixe—

2128 2195 2281 2253 runt;
2319 2201 2385 2241 ac
2410 2200 2508 2256 per
2537 2172 2643 2240 hoc
2669 2184 2994 2255 signiﬁcavit
3041 2183 3180 2237 hanc
3229 2184 3401 2236 vitam
3458 2182 3733 2236 incolatus

2127 2294 2247 2334 esse
2274 2292 2435 2348 super
2466 2286 2688 2342 terram,
2716 2276 2770 2330 id
2806 2274 3396 2345 est,.peregrinationis
3424 2273 3730 2328 habitatio-

2128 2383 2274 2425 nem.
2308 2368 2415 2423 Sed
2450 2368 2612 2423 credo
2647 2366 2850 2426 sanctis
2873 2366 2976 2421 hoc
2995 2365 3308 2431 convenire,
3337 2365 3550 2435 quibus
3570 2364 3735 2417 aliam

2129 2461 2363 2532 patriam
2395 2468 2653 2515 aeternam
2690 2458 2949 2514 Dominus
2981 2457 3286 2528 pollicetur.
3335 2454 3497 2511 Unde
3548 2456 3737 2510 viden-

2132 2554 2259 2609 dum
2285 2560 2369 2608 est
2394 2550 2842 2621 quemadmodum
2867 2550 3071 2605 dictum
3111 2558 3195 2604 est
3219 2548 3285 2602 de
3316 2548 3505 2618 impiis
3534 2562 3552 2601 :
3588 2546 3739 2600 Inco-

2133 2644 2237 2699 leut
2266 2655 2312 2698 et
2341 2624 2690 2708 abscondent;
2715 2643 2813 2713 ipsi
2840 2641 3140 2695 calcaneum
3177 2655 3351 2693 meum
3380 2638 3741 2693 observabant

2135 2734 2308 2809 (Psal.
2336 2734 2444 2807 ω’).
2472 2735 2547 2790 De
2569 2736 2654 2790 his
2680 2734 2823 2789 enim
2852 2733 3262 2789 convenientius
3297 2732 3581 2802 accipitur
3607 2774 3625 2797 ,
3654 2734 3742 2801 qui

2136 2836 2195 2882 ut
2220 2827 2553 2884 abscondant
2582 2826 2842 2892 incolunt,
2880 2826 2936 2881 id
2969 2834 3072 2892 est,
3116 2835 3177 2881 ut
3203 2825 3545 2881 insidientur
3569 2823 3705 2879 ﬁliis
3726 2866 3742 2887 ,

2135 2934 2243 2974 non
2268 2927 2489 2972 manent
2510 2919 2564 2973 in
2589 2919 2746 2973 domo
2781 2918 2837 2972 in
2862 2906 3151 2975 aeternum.
3350 2918 3356 2923 ’

2207 3012 2408 3083 Ioseph
2449 3028 2565 3066 vero
2606 3012 2746 3083 patri
2773 3021 2820 3066 et
2850 3009 3103 3081 fratribus
3136 3011 3247 3065 suis
3273 3011 3421 3066 dedit
3446 3012 3746 3081 possessio-

2139 3122 2255 3160 nem
2300 3106 2354 3158 in
2394 3104 2623 3175 .Egypto
2677 3106 2733 3157 in
2779 3105 2971 3174 optimo
3017 3115 3171 3158 terra:
3199 3103 3312 3158 solo
3336 3103 3662 3168 Ramesses,
3692 3114 3745 3156 ut

2140 3205 2456 3267 prwceperat
2486 3193 2734 3261 Pharao;
2765 3206 2812 3250 et
2841 3194 3013 3249 alebat
3050 3213 3137 3251 eos
3177 3213 3488 3267 omnemque
3514 3198 3747 3250 domum

2061 3286 2108 3349 Ο
2137 3286 2302 3357 patris
2315 3288 2419 3353 sui,
2433 3285 2666 3356 prwbens
2688 3287 2887 3341 cibaria
2909 3287 3148 3356 singulis.
3165 3287 3527 3354 Quaerendum
3554 3300 3748 3344 utrum

2141 3390 2287 3435 terra
2321 3379 2583 3436 Ramasse
2616 3380 2731 3451 ipsa
2778 3380 2847 3435 sit
2895 3380 3120 3436 Gessen.
3153 3381 3327 3451 Ipsam
3369 3383 3516 3437 enim
3560 3384 3746 3452 petie-

2141 3479 2287 3538 rant,
2326 3482 2383 3528 et
2419 3473 2592 3542 ipsam
2622 3473 2702 3527 eis
2727 3471 2940 3527 Pharao
2977 3473 3094 3527 dari
3124 3483 3462 3544 pia-ceperat
3511 3474 3745 3545 (Ibide).

2142 3562 2386 3618 Tradidit
2439 3564 2638 3634 Ioseph
2692 3565 3005 3634 parentibus
3047 3573 3103 3620 ct
3159 3564 3420 3621 fratribus
3471 3566 3748 3635 optimam

2140 3664 2345 3710 terram
2392 3656 2598 3711 Gessen
2624 3697 2639 3723 ,
2696 3657 2943 3725 praebens
2974 3657 3054 3711 eis
3104 3656 3307 3711 cibaria
3338 3698 3353 3722 ,
3393 3656 3524 3725 quia
3564 3657 3748 3713 {ames

2140 3757 2483 3820 oppresserat
2503 3758 2723 3804 terram.
2755 3748 2846 3805 Sic
2869 3759 2925 3805 et
2946 3750 3208 3805 Dominus
3234 3750 3440 3822 eligens
3465 3752 3744 3821 optimam

2141 3851 2343 3898 terram
2381 3842 2717 3912 parentibus,
2757 3841 2813 3896 id
2847 3851 2949 3909 est,
2986 3844 3310 3914 patriarcliis
3336 3855 3392 3899 et
3424 3847 3743 3915 prophetis,

2143 3952 2209 3992 ex
2240 3937 2438 4005 quibus
2469 3934 2717 3991 Christus
2749 3936 3041 3991 secundum
3071 3952 3312 4002 carnem,
3338 3938 3450 3992 sive
3478 3939 3749 3993 omnibus

2142 4032 2366 4096 sanctis,
2399 4031 2466 4085 de
2493 4029 2689 4099 quibus
2726 4031 2779 4085 in
2826 4028 3117 4100 Evangelio
3154 4030 3287 4085 dicit
3317 4047 3330 4082 :
3364 4029 3438 4083 Hi
3467 4041 3595 4084 sunt
3631 4033 3749 4102 fra-

2138 4134 2239 4177 tres
2290 4124 2408 4187 mei,
2455 4124 2546 4193 qui
2599 4121 2802 4192 faciunt
2855 4121 3172 4176 voluntatem
3200 4138 3368 4175 aream
3401 4120 3555 4192 (Luc.
3592 4124 3745 4191 vni).

2139 4219 2235 4274 His
2264 4218 2551 4300 igitur’dat
2594 4226 2796 4273 terram
2826 4260 2840 4284 ,
2895 4217 3099 4274 scilicet
3153 4221 3532 4290 promissionis
3582 4221 3745 4292 regni

2138 4309 2256 4374 Dei,
2290 4310 2356 4365 de
2384 4325 2489 4381 qua
2519 4310 2650 4365 dicit
2684 4309 2950 4380 Propheta
2983 4330 2996 4365 :
3036 4310 3203 4367 Credo
3243 4311 3415 4366 videre
3450 4314 3595 4367 bona
3635 4314 3747 4369 De.

2137 4402 2287 4467 mini,
2324 4402 2377 4455 in
2406 4411 2547 4454 terra
2585 4401 2861 4456 viventium
2898 4402 3070 4473 (Psat.
3103 4402 3274 4475 xxvx).
3302 4403 3491 4475 (Aug.)
3520 4405 3592 4458 Et
3622 4422 3743 4462 me-

2138 4492 2375 4545 tiebatur
2402 4489 2601 4562 Joseph
2633 4492 2874 4547 triticum
2921 4494 3059 4562 patri
3108 4508 3206 4548 suo
3236 4534 3251 4559 ,
3300 4503 3356 4548 et
3395 4505 3582 4550 tamen
3614 4513 3745 4552 eum

2139 4590 2295 4650 pater
2324 4596 2425 4635 nec
2451 4582 2666 4650 quando
2698 4582 2832 4638 vidit
2875 4583 3154 4647 adoravit,
3186 4599 3286 4639 nec
3308 4586 3532 4653 quando
3552 4587 3631 4640 ab
3655 4588 3747 4641 illo

2139 4672 2380 4727 triticum
2427 4673 2657 4743 accepit.
2706 4672 2985 4739 Quomodo
3039 4690 3168 4745 ergo
3216 4672 3418 4746 Ioseph
3458 4678 3744 4732 somnium

2140 4766 2301 4819 modo
2331 4763 2610 4834 impletum
2640 4765 2951 4834 putabimus
2973 4806 2988 4831 ,
3038 4774 3095 4820 et
3134 4780 3243 4822 non
3284 4767 3467 4837 potius
3513 4768 3745 4837 majoris

2139 4855 2219 4909 rei
2246 4855 2529 4910 continere
2553 4856 2938 4926 prophetiam?

2207 4946 2277 5000 In
2308 4955 2415 5000 toto
2449 4947 2587 5000 enim
2627 4947 2747 5001 orbe
2771 4949 2924 5017 panis
2950 4949 3127 5003 deerat
3153 4991 3167 5013 ,
3200 4960 3248 5005 et
3277 4963 3613 5022 oppresserat
3661 4955 3746 5023 fa-

2138 5053 2246 5091 mes
2282 5048 2502 5103 terram,
2538 5040 2766 5092 maxime
2787 5039 3007 5110 ngypti
3043 5053 3089 5095 et
3129 5039 3407 5096 Chanaan.
3451 5043 3502 5097 E
3544 5045 3744 5114 quibus

2144 5144 2348 5182 omnem
2374 5131 2649 5199 pecuniam
2672 5134 2996 5201 congregavit
3024 5149 3117 5203 pro
3138 5134 3433 5189 venditione
3456 5136 3741 5205 frumenti,

2143 5229 2192 5274 et
2220 5219 2399 5274 intulit
2444 5239 2559 5277 eam
2588 5226 2643 5277 in
2685 5226 2933 5280 aerarium
2980 5227 3135 5296 regis.
3173 5226 3443 5283 Pertinuit
3482 5230 3553 5284 ad
3582 5228 3742 5285 Suri-

2141 5319 2357 5381 pturam
2388 5353 2404 5380 ,
2433 5313 2490 5369 in
2518 5314 2620 5370 hac
2648 5316 2812 5372 etiam
2848 5330 2908 5372 re
2939 5321 3320 5375 commendem
3349 5319 3517 5376 ﬁdem
3546 5319 3742 5377 famuli

2144 5402 2260 5458 Dei.

2216 5492 2446 5567 Cumque
2466 5496 2735 5567 defecisset
2763 5502 3079 5571 emptoribus
3105 5504 3352 5575 pretium,
3373 5505 3517 5560 venit
3546 5518 3742 5561 cuncta

2143 5582 2407 5655 Afgyptus
2438 5587 2507 5640 ad
2537 5587 2732 5657 Ioseph
2763 5590 2940 5647 dicens
2966 5607 2984 5645 :
3006 5593 3091 5648 Da
3128 5595 3275 5650 nobis
3319 5614 3502 5666 panes.
3557 5597 3743 5673 Quare

2144 5674 2402 5732 morimur
2446 5696 2622 5735 coram
2666 5691 2734 5748 te,
2782 5683 3049 5754 deficiente
3092 5689 3355 5757 pecunia?
3387 5687 3596 5754 Quibus
3642 5688 3743 5742 ille

2143 5772 2428 5841 respondit.
2479 5773 2738 5831 Adducite
2786 5796 2974 5849 pecora
3028 5792 3193 5836 vestra
3217 5822 3234 5848 ,
3278 5796 3324 5837 et
3353 5784 3488 5837 dabo
3525 5801 3625 5854 pro
3656 5786 3744 5840 eis

2142 5864 2286 5924 vobis
2331 5865 2494 5941 cibos,
2542 5869 2589 5925 si
2636 5871 2882 5946 pretium;
2911 5881 3015 5939 non
3054 5873 3275 5931 habetis.
3303 5874 3591 5955 Quacum
3632 5874 3746 5935 ade
