3946 6452
184 312 291 369 649

1208 314 1563 372 COMMENT.
1602 314 1670 369 IN
1711 313 2034 373 GENESIM.
2072 345 2152 361 —-
2179 318 2306 377 LIB.
2347 321 2439 378 IV.

3339 335 3443 392 650

179 431 474 494 auxissent,
497 430 639 484 dedit
668 430 740 485 eis
769 430 1016 486 alimenta
1044 448 1138 503 pro
1165 433 1308 503 equis
1335 472 1351 500 ,
1394 441 1443 487 et
1490 432 1688 499 ovibus,
1715 439 1765 485 et
1793 435 1846 494 A
1869 433 2252 505 dispensantur
2275 453 2374 510 pro
2403 439 2628 498 meritis.
2681 442 2792 500 Hoc
2834 454 2891 502 et
2918 445 3116 506 Paulus
3140 450 3289 520 fecit,
3319 469 3443 511 cum

180 527 375 591 bobus,
422 535 470 579 et
499 525 698 591 asinis;
753 527 1158 597 sustentavitque
1207 544 1292 582 eos
1340 526 1432 580 illo
1485 544 1622 581 anno
1665 543 1760 597 pro

178 617 590 671 commutatione
627 632 890 685 pecorum.
947 615 1209 672 Venerunt
1253 634 1454 690 quoque
1497 633 1636 672 anno
1683 634 1762 671 88·-

177 708 376 773 cundo,
402 717 450 762 et
475 707 718 762 dixerunt
751 707 798 762 ei
837 706 1008 762 :Non
1046 708 1275 764 celamus
1325 711 1535 765 domino
1584 719 1761 764 nostro

176 801 318 871 quod
354 799 625 869 deﬁciente
655 800 899 871 pecunia,
929 809 978 854 et
1022 817 1209 870 pecora
1255 801 1412 856 simul
1441 802 1758 872 defecerunt,

178 909 274 947 nec
305 891 439 945 clam
466 901 515 946 te
562 900 636 945 est
662 891 801 962 quod
831 891 1021 962 absque
1050 894 1351 964 corporibus
1377 903 1423 948 et
1449 903 1612 960 terra,
1634 893 1762 948 nihil

177 983 487 1037 habeamus.
537 980 646 1036 Cur
672 998 794 1052 ergo
833 983 1086 1036 morimur
1127 993 1176 1037 te
1229 983 1467 1038 vidente?
1491 993 1539 1038 et
1570 1001 1664 1039 nos
1713 993 1761 1038 et

181 1086 324 1130 terra
352 1084 532 1130 nostra
567 1075 643 1129 tui
673 1075 886 1130 erimus.
917 1074 1049 1130 Eme
1088 1093 1181 1131 nos
1224 1077 1280 1130 in
1325 1077 1620 1132 servitutem
1676 1093 1762 1132 re-

173 1168 336 1239 giam,
368 1176 417 1221 et
444 1166 616 1237 prtcbe
643 1166 861 1233 semina,
892 1183 976 1234 ne,
1011 1176 1257 1237 pereunte
1283 1166 1503 1234 cultore,
1557 1167 1764 1238 rediga-

173 1269 262 1314 tur
298 1270 439 1314 terra
466 1259 522 1314 in
549 1258 904 1315 solitudinem.
956 1258 1136 1327 Quaeri
1183 1268 1379 1330 potest,
1412 1277 1538 1317 cum
1561 1259 1761 1332 Ioseph

173 1349 448 1406 frumenta
487 1350 786 1423 collegerit,
817 1351 960 1407 unde
989 1351 1236 1408 homines
1262 1353 1529 1420 viverent,
1561 1368 1761 1424 pecora

174 1440 317 1496 unde
344 1440 616 1506 vivebant,
640 1458 764 1497 cum
789 1450 938 1498 tanta
964 1441 1136 1498 fames
1156 1443 1557 1499 invalesceret?
1591 1443 1763 1499 maxi-

173 1549 263 1590 me
307 1535 433 1604 quia
478 1533 675 1590 fratres
725 1533 922 1605 Ioseph
969 1533 1238 1590 Pharaoni
1286 1534 1535 1590 dixerant
1575 1549 1590 1588 :
1638 1533 1762 1590 Non

170 1634 294 1678 sunt
327 1624 462 1678 enim
492 1640 690 1695 pascua
715 1624 986 1695 pecoribus
1015 1641 1300 1695 puerorum
1332 1634 1544 1679 tuorum
1562 1641 1581 1691 ,°
1611 1625 1760 1678 inva-

1866 526 2016 583 illum
2047 530 2136 600 qui
2178 530 2430 602 indignus
2461 544 2770 592 sanctorum
2797 543 3074 598 consortio
3100 543 3200 600 fuit
3223 549 3446 605 tradidit

1801 679 1810 716 .
1867 618 2081 716 Satanae
2126 621 2180 695 (Ι
2194 623 2335 716 Cor.
2366 625 2442 698 v).
2477 627 2646 683 Nemo
2676 629 2857 702 itaque
2883 634 3028 691 dicat
3056 637 3281 695 Paulum
3311 642 3446 700 dure

1865 713 2043 782 egisse
2064 753 2080 779 ,
2113 715 2205 786 qui
2245 717 2520 774 hominem
2545 721 2610 776 de
2637 721 2877 780 Ecclesia
2907 726 3084 798 ejecit,
3111 739 3171 785 ut
3191 733 3449 804 expulsus

1864 803 2097 860 disceret
2133 823 2240 863 non
2270 809 2666 881 blasphemare.
2712 816 2957 875 Hominis
3001 822 3146 878 enim
3195 803 3448 885 voluntas

1863 894 2048 965 iniqua
2076 907 2180 965 est,
2211 915 2334 956 cum
2359 918 2548 960 amans
2571 914 2808 975 terrena,
2831 909 3033 968 deserit
3067 914 3308 973 caelestia
3334 959 3352 986 ,
3390 931 3448 976 et

1861 997 2083 1058 propter
2116 992 2399 1048 avaritiam
2427 1010 2486 1052 se
2509 998 2726 1069 subjicit
2753 1002 2987 1060 diabolo.
3023 1005 3236 1065 Domini
3260 1021 3446 1068 autem

1863 1087 1946 1133 est
1973 1083 2262 1150 promissio
2283 1084 2450 1156 justa,
2478 1103 2599 1143 cum
2621 1105 2744 1146 eum
2773 1094 2884 1163 qui,
2913 1111 3176 1165 spernens
3197 1101 3445 1170 meliora,

1863 1168 2026 1242 elegit
2071 1174 2276 1245 pejora,
2318 1177 2544 1234 dimittit
2583 1183 2812 1240 arbitrio
2838 1201 2938 1242 suo
2966 1196 3026 1243 ut
3073 1191 3254 1259 cadat,
3299 1203 3357 1248 et
3390 1168 3446 1250 in

1864 1259 2148 1318 desideriis
2178 1265 2516 1324 inﬁrmorum
2555 1274 2869 1332 subruatur.
2899 1278 3052 1346 Quod
3083 1291 3263 1340 autem
3305 1285 3443 1342 dici-

1863 1359 1973 1420 tur,
2009 1357 2316 1414 sacerdotes
2337 1375 2448 1416 non
2475 1365 2781 1435 compulsos
2809 1383 2931 1425 esse
2959 1373 3196 1430 vendere
3232 1389 3448 1445 posses-

1863 1442 2044 1501 siones
2087 1462 2214 1504 suas
2245 1489 2260 1516 ,
2311 1452 2438 1520 quia
2474 1453 2579 1510 illis
2620 1465 2824 1513 statuta
2871 1461 3076 1518 cibaria
3123 1480 3191 1520 ex
3232 1442 3448 1524 horreis

1861 1535 2092 1603 publicis
2119 1540 2496 1610 praebebantur
2522 1586 2538 1612 ,
2587 1546 2857 1619 signiﬁcat
2900 1560 3104 1611 terram
3144 1555 3403 1616 Ecclesia:
3430 1601 3446 1628 ,

1863 1641 1971 1695 qua
1999 1629 2114 1684 veri
2139 1641 2265 1686 sunt
2293 1636 2628 1704 sacerdotes,
2653 1639 2879 1698 liberam
2904 1659 3027 1702 esse
3050 1662 3274 1706 accessu
3296 1668 3450 1715 mum-

170 1715 270 1769 luit
299 1717 436 1770 enim
469 1715 638 1785 fames
667 1715 722 1770 in
752 1726 892 1771 terra
934 1714 1210 1783 Chanaan,
1256 1725 1311 1772 et
1355 1725 1576 1788 propter
1619 1716 1763 1771 hanc
1793 1795 1838 1810 ﬁ
1865 1718 2012 1787 diali,
2041 1721 2168 1792 quia
2197 1724 2364 1782 verbo
2393 1727 2578 1785 divino
2602 1730 2971 1792 indesinenter
3015 1741 3258 1810 pascitur
3284 1783 3301 1810 ,
3346 1714 3450 1802 nec

171 1808 338 1864 etiam
363 1807 600 1878 inopiam
649 1823 972 1880 pascuorum
998 1849 1013 1874 ,
1046 1823 1106 1864 se
1135 1809 1348 1865 venisse
1374 1823 1762 1865 commemora-
1791 1795 1840 1856 Β
1869 1810 2125 1868 damnum
2174 1813 2337 1873 famis
2385 1819 2684 1890 spiritualis
2726 1824 2895 1882 ullum
2939 1795 3248 1889 sustinebit.
3273 1795 3451 1891 Aliter

169 1907 382 1955 verant.
406 1898 637 1955 Proinde
659 1900 706 1956 si
727 1915 790 1955 ea
815 1899 958 1957 fame
981 1915 1184 1972 pascua
1208 1900 1520 1958 defecerant
1541 1902 1595 1957 in
1615 1909 1762 1957 terra

169 1990 433 2047 Chanaan
457 2031 473 2058 ,
525 2006 624 2048 cur
656 1991 713 2046 in
756 1990 994 2064 Egypto
1043 2008 1150 2048 non
1197 1992 1528 2061 defecerant,
1571 1993 1762 2050 eadem

170 2090 309 2138 tunc
337 2081 480 2137 [alite
505 2082 706 2152 ubique
731 2083 1136 2141 invalescente?
1160 2084 1244 2140 An
1281 2086 1422 2142 sicut
1445 2085 1764 2158 perhibetur

170 2175 245 2231 ab
292 2175 374 2231 eis
408 2175 499 2247 qui
527 2175 643 2231 loca
672 2176 852 2232 sciunt
871 2218 888 2244 ,
919 2177 975 2233 in
1004 2177 1191 2234 multis
1223 2176 1447 2251 Egypti
1475 2178 1761 2251 paludibus

167 2275 431 2339 poterant
462 2282 662 2337 pascua
699 2283 809 2324 non
835 2269 1048 2336 deesse,
1069 2269 1233 2325 etiam
1255 2285 1378 2325 cum
1418 2268 1591 2326 fames
1620 2279 1763 2326 esset

168 2356 588 2424 frumentorum,
620 2373 742 2430 quae
769 2358 942 2415 solent
985 2358 1090 2414 Nili
1123 2359 1361 2415 ﬂuminis
1409 2360 1762 2417 inundatione

167 2449 498 2521 provenire?
524 2449 694 2522 Magis
722 2451 866 2506 enim
917 2450 1173 2507 dicuntur
1211 2452 1436 2523 paludes
1477 2451 1584 2508 illae
1619 2452 1762 2508 lera-

169 2540 289 2596 cius
337 2555 540 2610 pascua
579 2542 801 2614 gignere
826 2583 840 2610 ,
883 2544 1100 2615 quando
1135 2560 1276 2616 aqua
1316 2544 1424 2602 Nili
1455 2546 1635 2602 minus
1667 2560 1761 2601 ex-

168 2631 388 2688 crescit.

775 2725 1003 2784 CAPUT
1045 2727 1136 2783 Xl.

169 2815 250 2871 De
276 2831 342 2872 eo
554 2816 753 2892 Ioseph
804 2819 1078 2892 acquisivit
1127 2827 1290 2892 totam
1319 2827 1515 2875 terram
1543 2820 1763 2892 Αἶρε]ρή

603 2889 904 2944 Pharaonis
932 2891 1331 2961 possessionem.

236 3006 389 3062 Emit
413 3007 575 3078 igitur
598 3005 794 3078 Ioseph
817 3023 1020 3061 omnem
1061 3015 1256 3061 terram
1278 3005 1517 3078 ZEgypti,
1541 3005 1762 3061 venden-

167 3101 309 3156 tibus
328 3099 547 3172 singulis
563 3100 912 3172 possessiones
928 3115 1053 3154 suas
1070 3115 1181 3170 prce
1203 3099 1563 3171 magnitudine
1578 3099 1756 3169 famis.

168 3193 504 3266 Subjecitque
531 3207 650 3247 eam
672 3189 967 3257 Pharaoni,
1000 3200 1048 3246 et
1075 3199 1289 3246 cunctos
1316 3189 1535 3262 populos
1563 3191 1700 3261 ejus,
1729 3209 1762 3245 a

168 3284 462 3356 novissimis
501 3285 738 3340 terminis
768 3282 1009 3354 .rEgypti,
1049 3299 1214 3353 usque
1245 3283 1314 3337 ad
1340 3291 1597 3337 extremos
1628 3283 1760 3352 ﬁnes

165 3377 280 3446 ejus
329 3386 519 3446 prieter
564 3384 760 3430 terram
796 3375 1126 3430 sacerdotum
1149 3416 1164 3441 ,
1199 3391 1317 3446 qua:
1355 3392 1388 3428 a
1420 3391 1534 3446 rege
1565 3375 1763 3429 tradita

166 3469 344 3538 fuerat
374 3469 472 3535 eis,
498 3469 685 3540 quibus
708 3477 757 3524 et
779 3478 977 3524 statuta
997 3468 1195 3523 cibaria
1222 3485 1286 3524 ex
1313 3469 1512 3524 horreis
1539 3469 1761 3539 publicis

165 3559 557 3630 praebebantur,
603 3569 653 3614 et
689 3559 886 3614 idcirco
929 3577 1032 3614 non
1086 3569 1206 3614 sunt
1244 3559 1499 3630 compulsi
1541 3561 1762 3615 vendere

165 3651 521 3720 possessiones
575 3667 700 3705 suas
732 3691 748 3718 ,
798 3659 906 3706 etc.
936 3650 995 3704 In
1019 3665 1086 3706 eo
1114 3650 1258 3721 quod
1300 3649 1500 3722 Ioseph
1544 3666 1762 3707 omnem

167 3750 379 3798 terram
425 3742 647 3815 Egypti
676 3742 826 3809 emit,
881 3743 1214 3814 subjecitque
1240 3759 1359 3798 eam
1387 3743 1678 3811 Pharaoni,
1708 3753 1764 3802 et

163 3842 406 3890 cunctos
448 3835 679 3907 populos
723 3836 862 3907 ejus,
901 3851 1008 3892 non
1039 3835 1316 3907 injustitiaa
1341 3837 1430 3893 vel
1456 3837 1763 3910 iniquitatis

166 3925 327 3998 argui
359 3933 563 3996 potest,
592 3926 830 3981 maxime
869 3941 993 3982 cum
1033 3925 1264 3984 ﬁdelitas
1297 3927 1413 3998 ejus
1457 3927 1580 3984 inde
1615 3943 1766 3985 com-

168 4017 478 4082 mendetur,
513 4015 640 4086 quia
674 4015 877 4072 nullius
917 4032 1166 4088 personae
1205 4019 1436 4089 gratiam
1479 4020 1761 4091 suscepit,

169 4109 261 4164 sed
282 4109 442 4181 juxta
473 4108 732 4180 emptoris
764 4109 1024 4180 pretium,
1049 4124 1205 4181 aequo
1238 4110 1526 4167 libramine
1565 4112 1763 4183 stipem

173 4204 380 4274 regiam
435 4201 800 4275 indigentibus
855 4202 1243 4274 compensavit.
1297 4203 1522 4276 Mystice
1577 4211 1762 4260 autem

173 4293 444 4365 signiﬁcat
470 4309 659 4351 omnes
704 4295 797 4365 qui
849 4295 904 4348 in
948 4293 1187 4368 Egypto
1216 4296 1485 4366 spirituali
1527 4305 1676 4363 sunt,
1706 4304 1763 4352 et

173 4382 399 4456 Egypti
426 4399 557 4456 opes
588 4385 862 4451 ambiunt,
891 4400 1078 4442 servos
1099 4382 1238 4443 esse.
1265 4386 1389 4443 Iam
1414 4388 1559 4444 enim
1582 4389 1762 4446 nullus

173 4487 254 4532 est
305 4477 442 4533 liber
487 4478 794 4551 Egyptius.
831 4477 1081 4535 Carnalis
1111 4488 1289 4536 autem
1332 4490 1435 4548 est,
1470 4491 1524 4538 et
1553 4499 1764 4539 venun-

176 4571 334 4626 datus
364 4571 465 4626 sub
492 4580 738 4642 peccato.
773 4570 987 4626 Pharao
1015 4571 1160 4626 enim
1200 4587 1296 4628 eos
1348 4573 1452 4628 sibi
1496 4573 1756 4643 subiicit;

175 4673 226 4715 et
252 4663 485 4720 fortasse
508 4663 630 4720 ideo
654 4663 779 4718 alibi
811 4664 1013 4719 dictum
1038 4673 1124 4720 est
1155 4682 1170 4718 :
1217 4665 1330 4736 Ego
1355 4682 1472 4721 sum
1501 4666 1762 4723 Dominus

177 4754 318 4811 Deus
365 4766 505 4823 tuus,
537 4757 626 4829 qui
662 4757 792 4812 duxi
841 4767 890 4812 te
918 4758 982 4812 de
1029 4767 1172 4812 terra
1197 4759 1448 4830 Egypti,
1493 4760 1557 4815 de
1601 4760 1760 4816 domo

177 4848 436 4903 servitutis
463 4848 659 4920 (Exod.
700 4866 830 4916 xm;
876 4850 1033 4905 Deut.
1058 4867 1111 4917 v,
1146 4867 1219 4916 vr,
1247 4849 1367 4922 vn).
1411 4850 1566 4908 Unde
1610 4852 1758 4923 Apo-

181 4937 346 4993 stolus
379 4937 627 4994 ﬁdelibus
665 4939 910 5010 praecipit
949 4940 1134 4995 dicens
1177 4955 1194 4995 :
1248 4940 1372 4996 Non
1407 4958 1529 5013 ergo
1584 4952 1761 5014 regnet

181 5038 444 5096 peccatum
473 5031 529 5084 in
558 5041 722 5086 vestro
752 5030 967 5086 mortali
995 5048 1211 5103 corpore
1235 5071 1252 5100 ,
1297 5033 1368 5087 ad
1417 5033 1762 5090 obediendum

183 5116 450 5174 desideriis
479 5119 593 5191 ejus
618 5117 796 5191 (Rom.
826 5121 928 5192 v1).
959 5120 1030 5176 Et
1055 5121 1186 5177 item
1222 5139 1235 5175 :
1279 5120 1362 5176 An
1391 5124 1600 5178 nescitis
1625 5164 1641 5191 ,
1683 5124 1767 5180 in-

185 5210 598 5282 quit,quoniam
643 5214 728 5267 cui
762 5213 1015 5268 exhibetis
1061 5230 1150 5269 vos
1187 5231 1363 5270 servos
1411 5216 1481 5270 ad
1529 5217 1770 5273 obedien-

186 5301 326 5369 dum,
365 5303 499 5358 servi
548 5305 668 5358 estis
715 5305 831 5375 ejus
868 5306 954 5359 cui
1001 5305 1274 5374 obedistis,
1321 5308 1426 5362 sive
1468 5311 1668 5379 peccati
1710 5312 1768 5365 in

185 5407 416 5460 mortem,
448 5397 553 5451 sive
576 5397 884 5453 obeditionis
912 5398 982 5454 ad
994 5400 1264 5470 justitiam
1285 5400 1338 5473 (Ι
1342 5402 1476 5474 bid.)
1497 5402 1521 5456 ?
1546 5401 1668 5457 Iam
1699 5403 1767 5460 de

187 5482 424 5543 Hebraeis
463 5487 728 5557 scriptum
775 5498 860 5544 est
905 5490 1048 5560 quod
1075 5491 1339 5547 violenter
1367 5492 1422 5547 in
1447 5493 1767 5551 servitutem

189 5578 386 5632 redacti
419 5588 563 5635 sunt.
598 5579 912 5652 Egyptium
945 5597 1075 5637 vero
1104 5583 1360 5654 populum
1386 5584 1543 5642 facile
1565 5585 1622 5642 in
1651 5601 1769 5644 ser-

191 5667 406 5724 vitutem
459 5672 665 5744 redegit
710 5671 946 5727 Pharao.
976 5673 1347 5731 Vendiderunt
1379 5678 1525 5733 enim
1569 5688 1770 5737 semet-

195 5757 355 5830 ipsos.
384 5762 502 5851 Non
527 5781 657 5838 ergo
687 5765 1076 5851 dispensatoris
1103 5767 1263 5838 culpa
1287 5777 1372 5825 cst
1403 5810 1419 5839 ,
1465 5772 1558 5829 ubi
1607 5773 1770 5847 digna
1808 5778 1815 5795 ‘

627 5857 904 5920 PATaOL.
939 5844 1148 5932 .CVII.

1789 3156 1835 3221 C

1865 1910 2047 1958 autem
2097 1908 2300 1978 emptio
2345 1907 2543 1982 Ioseph
2597 1929 2703 1984 qua
2755 1915 3002 1990 frugibus
3055 1923 3188 1979 emit
3245 1933 3449 1982 terram

1863 1990 2124 2065 Egypti,
2178 1997 2451 2068 signiﬁcat
2501 2002 2778 2086 Christum
2823 2023 2920 2064 sua
2957 2010 3202 2069 doctrina
3255 2023 3310 2070 et
3363 2018 3448 2073 sui

1864 2087 2144 2158 sanguinis
2193 2091 2371 2162 pretio
2437 2093 2751 2153 universum
2829 2102 3090 2159 mundum
3159 2105 3447 2164 redimere.

1863 2177 2124 2250 Quodque
2149 2181 2281 2240 dicit
2311 2204 2326 2240 :
2845 2187 2847 2189 ’

1932 2273 2163 2344 Accipite
2179 2276 2382 2332 semina
2393 2287 2440 2332 et
2459 2291 2614 2336 serite
2633 2299 2804 2354 agros,
2822 2295 2877 2340 ut
2892 2285 3068 2359 fruges
3084 2288 3272 2346 habere
3282 2294 3451 2363 possi-

1863 2364 1931 2418 tis
1957 2380 1976 2419 :
2009 2366 2245 2436 quintam
2290 2379 2492 2439 partem
2542 2375 2651 2444 regi
2687 2375 2912 2444 dabitis,
2952 2387 3181 2449 quatuor
3217 2381 3456 2454 reliquas,

1860 2459 2104 2529 permitto
2143 2461 2283 2516 vobis
2313 2462 2367 2516 in
2393 2476 2694 2532 sementem,
2745 2477 2793 2522 et
2819 2469 2873 2524 in
2897 2471 3038 2526 cibos
3062 2471 3279 2541 familiis
3307 2483 3354 2528 et
3384 2474 3452 2529 li-

1863 2549 1998 2606 beris
2026 2553 2228 2620 vestris,
2274 2555 2523 2626 accipere
2560 2557 2784 2614 mandat
2842 2575 3048 2628 semen,
3081 2563 3186 2619 hoc
3211 2571 3298 2620 est
3323 2579 3448 2620 ver-

1861 2643 1990 2698 bum
2034 2645 2152 2712 Dei,
2195 2655 2250 2702 et
2291 2663 2474 2704 serere
2519 2666 2698 2724 agros,
2750 2669 2986 2725 corpora
3029 2657 3281 2715 videlicet
3327 2675 3450 2726 sua,

1863 2750 1985 2806 qua:
2027 2752 2249 2794 vomere
2290 2741 2605 2812 evangelico
2649 2754 2896 2813 exarata,
2953 2755 3010 2803 et
3045 2749 3252 2805 semine
3287 2752 3486 2821 spirit

1863 2828 1995 2882 tuali
2045 2831 2333 2899 seminata,
2391 2831 2602 2891 fructus
2652 2837 2918 2893 virtutum
2967 2840 3292 2909 germinant.
3346 2841 3453 2897 Per

1862 2919 2107 2988 quintam
2135 2930 2346 2992 partem
2385 2940 2506 2994 qua:
2543 2926 2760 2998 regibus
2785 2928 3036 2996 dabatur,
3060 2931 3298 3002 quinque
3327 2950 3452 2989 seu-

1863 3025 2018 3066 suum
2048 3028 2268 3081 census,
2313 3017 2458 3087 quod
2504 3017 2722 3075 Christo
2761 3036 2893 3076 vero
2934 3022 3048 3094 regi
3074 3023 3208 3078 solvi
3235 3023 3451 3092 debeat,

1867 3104 2170 3160 intimatur.
2202 3107 2448 3174 Quatuor
2476 3125 2606 3167 vero
2649 3112 2844 3182 reliqui
2889 3114 2946 3168 in
2986 3124 3284 3172 sementem
3314 3127 3372 3172 et
3397 3117 3453 3172 in

1868 3201 2018 3257 cibos
2041 3205 2449 3273 possessoribus
2473 3208 2888 3277 permittuntur,
2913 3210 3040 3280 quia
3067 3212 3296 3268 actualis
3329 3214 3454 3268 vita:

1868 3308 1999 3350 usus
2041 3295 2334 3367 unicuique
2363 3300 3004 3372 conceditur,-quatenus
3030 3304 3262 3360 seminet
3289 3319 3455 3376 opera

1865 3385 2154 3454 virtutum,
2199 3398 2258 3444 ut
2286 3389 2497 3447 fructus
2531 3391 2760 3462 iustitiae
2804 3403 2978 3450 metat
3004 3396 3059 3451 in
3089 3396 3258 3452 vitam
3285 3405 3450 3453 aeter-

1865 3493 1993 3534 nam
2025 3497 2038 3533 :
2065 3480 2208 3550 quod
2230 3496 2260 3535 a
2291 3479 2575 3539 Salvatore
2614 3492 2804 3541 nostro
2846 3486 3119 3544 veraciter
3155 3488 3314 3544 nobis
3355 3490 3455 3545 tri-

1864 3570 2066 3626 buitur.
2099 3571 2252 3628 Unde
2280 3571 2481 3645 Ioseph
2519 3573 2763 3648 Egyptii
2810 3577 3036 3634 dicunt:
3065 3577 3229 3635 Salus
3274 3590 3457 3637 nostra

1862 3661 1921 3716 in
1968 3679 2127 3717 manu
2178 3675 2270 3718 tua
2317 3675 2416 3733 est,
2463 3667 2591 3737 quia
2635 3667 2983 3726 manifestum
3015 3678 3101 3727 est
3124 3671 3269 3742 quod
3308 3671 3456 3729 salus

1864 3757 2050 3812 mundi
2075 3758 2129 3813 in
2165 3757 2368 3816 Christi
2394 3771 2666 3832 potestate
2691 3771 2778 3822 est
2800 3766 3118 3822 constituta.

2477 3873 2708 3934 CAPUT
2743 3876 2840 3933 XII

1939 3957 2039 4015 Ubi
2084 3960 2251 4016 Iacob
2277 3962 2484 4036 ’Ioseph
2521 3983 2626 4052 pro
2647 3969 2920 4052 sepultura
2947 3985 3048 4026 sua
3075 3969 3381 4041 juramento

2479 4047 2812 4094 constrinxit.

1934 4124 2205 4183 Habitavit
2233 4146 2356 4201 ergo
2379 4129 2548 4186 Israel
2567 4133 2624 4188 in
2645 4133 2902 4206 AEgypto,
2916 4136 2973 4191 id
2986 4146 3082 4203 est,
3096 4137 3152 4192 in
3171 4145 3311 4193 terra
3332 4136 3460 4194 Ges-

1861 4229 2036 4285 sen,et
2050 4222 2277 4292 possedit
2300 4239 2450 4290 eam;
2471 4235 2756 4298 auctusque
2779 4238 2875 4294 est,
2902 4239 2950 4284 et
2971 4229 3347 4303 multiplicatus
3376 4233 3459 4288 ni-

1862 4309 1982 4375 mis,
1999 4320 2046 4365 et
2068 4312 2195 4366 vixit
2215 4314 2269 4367 in
2290 4331 2351 4368 ea
2378 4315 2550 4370 decem
2571 4326 2620 4371 et
2641 4328 2836 4388 septem
2861 4322 3036 4376 annis.
3063 4319 3318 4395 Factique
3331 4334 3457 4378 sunt

1865 4417 2043 4457 omnes
2089 4404 2199 4458 dies
2245 4405 2361 4459 vita:
2409 4405 2554 4481 illius
2603 4419 2810 4465 centum
2861 4411 3215 4484 quadraginta
3261 4423 3455 4485 septem

1787 4509 1842 4571 D
1867 4509 2147 4548 annorum.
2214 4493 2448 4568 Cumque
2508 4501 2925 4571 appropinquare
2990 4513 3220 4559 cerneret
3272 4507 3458 4559 mortis

1868 4581 2030 4646 diem,
2061 4583 2263 4637 vocavit
2300 4585 2473 4652 ﬁlium
2513 4602 2668 4640 suum
2711 4586 2930 4657 Ioseph,
2959 4599 3006 4643 et
3033 4590 3169 4645 dixit
3203 4591 3274 4645 ad
3297 4609 3415 4647 eum
3437 4607 3456 4646 :

1867 4670 1932 4729 Si
1952 4674 2122 4728 inveni
2141 4676 2367 4745 gratiam
2395 4677 2451 4730 in
2471 4688 2748 4747 conspectu
2775 4691 2887 4748 tuo,
2910 4699 3044 4752 pone
3067 4699 3283 4738 manum
3310 4694 3457 4740 tuam

1865 4767 1962 4821 sub
1988 4766 2187 4836 femore
2217 4785 2352 4835 meo,
2381 4779 2430 4824 et
2452 4772 2616 4841 facies
2647 4761 2777 4827 mihi
2800 4773 3219 4830 misericordiam
3243 4784 3294 4830 et
3318 4775 3453 4830 veri-

1866 4865 2048 4924 tatem,
2080 4869 2138 4913 ut
2168 4877 2273 4916 non
2299 4862 2518 4932 sepelias
2556 4880 2638 4919 me
2673 4865 2732 4919 in
2769 4864 3023 4936 Egi/pta,
3061 4865 3153 4921 sed
3193 4866 3455 4920 dormiam

1868 4964 1986 5001 cum
2023 4951 2262 5020 patribus
2296 4953 2444 5020 meis,
2486 4963 2536 5010 et
2561 4955 2774 5026 auferas
2803 4973 2884 5010 me
2908 4956 2973 5010 de
3001 4965 3144 5011 terra
3177 4956 3297 5023 hac,
3329 4973 3457 5010 con-

1867 5038 2066 5110 dasque
2086 5043 2143 5095 in
2162 5041 2401 5113 sepulcro
2438 5045 2721 5115 majorum.
2770 5045 3064 5102 Moriturus
3106 5043 3295 5112 Iacob,
3345 5045 3461 5101 ﬁlio

1869 5145 1969 5186 suo
1995 5129 2196 5203 Ioseph
2219 5133 2350 5190 dicit
2377 5153 2390 5189 :
2425 5135 2486 5191 Si
2510 5138 2682 5192 inveni
2701 5139 2929 5209 gratiam
2953 5139 3011 5192 in
3033 5147 3312 5208 conspectu
3343 5147 3458 5206 tuo,

1869 5223 2068 5293 subjice
2098 5241 2314 5279 manum
2353 5235 2500 5282 tuam
2532 5229 2626 5282 sub
2653 5229 2850 5298 femore
2875 5244 3011 5295 meo,
3035 5235 3086 5283 et
3113 5226 3274 5297 facies
3297 5229 3354 5284 in
3373 5245 3458 5284 me

1870 5316 2286 5371 misericordiam
2328 5329 2375 5373 et
2412 5321 2701 5376 veritatem.
2732 5321 2810 5376 Ea
2831 5319 3006 5376 ﬁlium
3026 5319 3304 5391 iuratione
3329 5337 3460 5377 con-

1872 5408 2130 5480 stringit,
2185 5425 2294 5480 qua
2341 5425 2557 5467 servum
2613 5411 2939 5467 constrinxit
2990 5411 3266 5467 Abraham
3305 5429 3319 5466 :
3371 5410 3464 5467 ille

1873 5502 2134 5557 mandans
2163 5504 2307 5559 unde
2333 5519 2473 5559 uxor
2504 5504 2731 5560 ducatur
2769 5503 2880 5558 ﬁlio
2923 5519 3044 5570 suo,
3090 5503 3195 5558 iste
3222 5502 3462 5574 sepultu-

1871 5610 1992 5651 ram
2043 5599 2428 5654 commendans
2476 5599 2721 5669 corpor-is
2762 5599 2863 5654 sui.
2909 5598 2968 5653 In
3006 5607 3235 5670 utraque
3273 5607 3455 5652 tamen

1873 5701 2038 5744 causa
2082 5689 2360 5743 nominata
2409 5695 2536 5743 sunt
2574 5689 2678 5743 duo
2713 5689 2826 5755 illa,
2854 5705 2974 5760 qua:
3006 5689 3184 5761 magni
3212 5689 3467 5744 habenda,

1876 5785 2037 5854 atque
2075 5778 2357 5851 pendenda
2401 5788 2526 5835 sunt
2557 5781 2609 5834 in
2645 5779 2941 5852 Scripturis
2993 5782 3274 5845 omnibus,
3325 5793 3459 5847 qua-

2983 5875 3060 5935 21
