3946 6456
563 365 662 424 651

1233 355 1295 410 Β.
1335 350 1590 410 mare
1626 313 1848 405 usus]
1885 339 2203 402 ARCHIEP.
2243 337 2552 398 uocum.
2591 339 2877 398 OPERUM
2914 339 3092 396 rans
3129 339 3168 396 l.
3656 345 3722 402 553

559 499 779 560 cunque
817 471 1104 554 dispersim
1141 476 1394 550 leguntur
1432 465 1808 527 misericordia
1838 470 1893 518 et
1915 459 2152 533 iustitia,
2183 459 2240 521 Α
2261 471 2368 513 non
2390 467 2834 516 contemnuntur.
2867 456 3060 514 Valent
3087 456 3232 514 enim
3258 457 3322 516 ad
3346 473 3565 533 magnam
3586 463 3726 524 dum.

565 580 654 636 vel
684 555 1058 634 misericordia
1088 575 1143 626 et
1161 566 1446 640 judicium,
1483 561 1567 618 vel
1589 555 1962 616 misericordia
1990 560 2045 610 et
2066 565 2157 608 ve-

568 672 723 728 ritas.
767 661 1215 737 Quandoquidem
1265 658 1498 732 quodam
1547 655 1668 710 loco
1723 651 1984 722 scriptum
2029 653 2152 702 est:

567 765 835 822 Universa:
875 759 974 815 via:
1017 753 1228 812 Domini
1265 749 1627 808 misericordia
1669 755 1718 802 et
1749 743 1938 802 veritas
1978 737 2154 815 (Psal.

568 853 738 930 xxxv).
783 853 864 910 [ta
905 851 1024 907 hate
1067 846 1174 905 duo
1213 845 1447 902 multum
1492 837 1887 902 commendata,
1927 833 2160 890 multum

566 945 961 1024 consideranda
991 952 1137 1000 sunt.
1173 940 1378 997 Servus
1405 945 1589 993 autem
1625 933 1856 989 Abrahae
1901 929 2157 986 dixerat:

569 1041 775 1098 Facitis
803 1042 860 1096 in
886 1039 1171 1094 Dominum
1223 1051 1394 1091 meum
1447 1027 1863 1088 misericordiam
1905 1034 1954 1081 et
1994 1023 2160 1097 justi-

543 1130 716 1192 .tiam.
761 1131 915 1188 Sicut
952 1137 1008 1186 et
1050 1129 1150 1184 iste
1188 1126 1300 1182 ﬁlio
1336 1141 1434 1182 suo
1467 1123 1642 1178 dicit:
1677 1118 1745 1175 Ut
1793 1119 1961 1191 facias
1996 1117 2162 1172 inme

501 1240 510 1296 ᾖ
566 1223 982 1278 misericordiam
1011 1231 1057 1275 et
1086 1221 1370 1275 veritatem.
1413 1213 1552 1284 Quid
1590 1213 1690 1270 sibi
1747 1221 1927 1267 autem
1975 1207 2162 1265 velita

499 1325 514 1398 ί
571 1304 719 1372 tanto
751 1316 870 1393 viro
917 1323 1027 1368 tam
1071 1311 1301 1368 sollicita
1347 1305 1594 1380 corporis
1639 1300 2068 1369 commendatio,
2105 1308 2166 1357 ut

569 1397 677 1468 non
730 1413 785 1466 in
833 1401 1070 1480 Egypto
1116 1397 1430 1478 sepeliatur,
1475 1404 1569 1462 sed
1615 1403 1669 1458 in
1715 1408 1860 1456 terra
1906 1395 2164 1456 Chanaan

563 1488 717 1574 juxta
753 1491 936 1576 patres
983 1501 1146 1556 suos?
1187 1493 1380 1552 Mirum
1429 1494 1644 1550 videtur
1678 1501 1734 1549 et
1773 1491 1924 1564 quasi
1973 1487 2164 1544 absur-

572 1591 724 1662 dum,
749 1609 852 1650 nec
877 1591 1206 1649 conveniens
1243 1599 1404 1646 tantm
1443 1586 1778 1644 excellentiae
1813 1583 2013 1641 mentis
2039 1597 2166 1654 pro-

569 1690 820 1762 pheticae,
851 1689 894 1744 si
919 1689 1022 1743 hoc
1041 1703 1109 1742 ex
1133 1686 1410 1741 hominum
1434 1681 1828 1740 consuetudine
1848 1679 2164 1735 metiamur.

573 1782 630 1838 Si
678 1790 861 1838 autem
908 1780 963 1834 in
1013 1778 1098 1834 his
1145 1776 1396 1833 omnibus
1440 1779 1783 1832 sacramenta
1829 1776 2162 1842 quaerantur,

571 1871 796 1942 majoris
855 1867 1234 1926 admirationis
1279 1867 1539 1939 gaudium
1591 1865 1694 1937 ipsi
1747 1863 1844 1936 qui
1897 1860 2172 1920 invenerit

571 1969 796 2021 orietur.
849 1960 1215 2020 Cadaveribus
1263 1961 1462 2032 quippe
1512 1967 1896 2023 mortuorum,
1947 1961 2172 2027 peccata

571 2059 862 2141 signiﬁcari
893 2058 946 2112 in
975 2057 1094 2129 lege
1124 2069 1230 2112 non
1257 2054 1482 2110 dubium
1511 2061 1618 2120 est,
1646 2068 1769 2108 cum
1786 2050 2050 2120 iubentur
2074 2048 2172 2104 ho-

576 2136 753 2208 mines
783 2136 914 2222 post
961 2165 1150 2204 eorum
1195 2147 1662 2211 contractionem,
1717 2145 1831 2200 sive
1875 2143 2171 2214 qualecun-

577 2264 684 2318 que
715 2252 1077 2310 contractum,
1111 2251 1367 2312 tanquam
1398 2241 1466 2296 ab
1495 2237 1840 2295 immunditia
1868 2234 2167 2306 puriﬁeari,

571 2350 628 2395 et
675 2339 800 2394 hinc
851 2337 939 2392 illa
985 2334 1255 2391 sententia
1304 2333 1448 2389 dicta
1489 2342 1614 2388 est:
1649 2329 1754 2396 Qui
1799 2328 2097 2400 baptizatur
2136 2344 2171 2382 a

573 2441 802 2497 mortuo,
845 2438 892 2484 et
938 2430 1129 2484 iterum
1165 2426 1333 2496 tangit
1368 2421 1540 2492 illum,
1581 2421 1708 2492 quid
1730 2420 1937 2492 proﬁcit
1975 2417 2170 2473 lavatio

574 2523 730 2592 ejus?
769 2519 858 2575 Sic
884 2527 932 2574 et
957 2518 1046 2588 qui
1077 2517 1290 2588 jejunat
1335 2531 1493 2586 super
1528 2522 1739 2587 peccata
1766 2528 1884 2578 sua,
1911 2518 1958 2564 et
1982 2510 2173 2564 iterum

578 2611 854 2667 ambulans
891 2609 1003 2664 ha’c
1029 2608 1208 2663 eadem
1231 2607 1359 2678 facit
1387 2605 1578 2679 (Eccli.
1627 2602 1836 2678 xxxrv).
1880 2601 2174 2674 Sepultura

575 2721 705 2776 ergo
729 2711 1066 2760 mortuorum
1096 2699 1474 2756 remissionem
1498 2696 1773 2769 signiﬁcat
1793 2702 2171 2766 peccatorum,

573 2815 640 2856 eo
664 2798 940 2868 pertinens
969 2794 1112 2866 quod
1138 2793 1342 2848 dictum
1372 2799 1487 2846 est:
1517 2789 1670 2844 Beati
1695 2804 1919 2858 quorum
1940 2785 2172 2841 remissa:

573 2900 693 2948 sunt
725 2889 1051 2968 iniquitates,
1084 2895 1132 2940 et
1161 2901 1386 2957 quorum
1426 2892 1560 2940 tecta
1596 2891 1715 2936 sunt
1756 2890 1967 2952 peccata
1994 2875 2170 2948 (Psal.

575 2984 752 3055 xxxi).
795 2979 899 3036 Ubi
937 2995 1068 3050 ergo
1097 2977 1408 3048 sepelienda
1457 2982 1617 3030 erant
1661 2974 1764 3028 hac
1811 2969 2172 3043 signiﬁcantia

574 3077 1011 3150 patriarcharum
1063 3075 1351 3137 cadavera,
1397 3070 1500 3126 nisi
1542 3070 1597 3124 in
1644 3085 1709 3124 ea
1757 3075 1904 3122 terra
1949 3065 2040 3121 ubi
2083 3063 2174 3120 ille

575 3168 870 3224 cruciﬁxus
920 3176 1044 3234 est,
1099 3165 1253 3237 cujus
1306 3162 1570 3232 sanguine
1632 3158 1780 3214 facta
1829 3167 1912 3214 est
1979 3157 2171 3214 remis-

576 3262 656 3320 sio
731 3259 1122 3332 peccatorum?
1188 3256 1452 3312 Mortibus
1512 3253 1658 3308 enim
1731 3249 2172 3323 patriarcharum

574 3361 800 3422 peccata
821 3351 1102 3408 hominum
1134 3349 1363 3420 ﬁgurata
1394 3353 1538 3401 sunt.
1572 3343 1772 3400 Dicunt
1795 3350 1976 3398 autem
2009 3341 2078 3395 ab
2107 3353 2174 3397 eo

576 3445 720 3509 loco,
749 3445 892 3515 quod
917 3440 1308 3498 Abrahemium
1349 3447 1595 3502 vocatur,
1637 3436 1728 3491 ubi
1764 3441 1890 3490 sunt
1919 3433 2022 3487 ista
2053 3447 2176 3486 cor-

577 3550 734 3608 pora,
773 3536 962 3591 abesse
987 3533 1163 3588 locum
1194 3529 1288 3586 ubi
1313 3528 1608 3584 crucifixus
1633 3536 1717 3582 est
1739 3524 2020 3587 Dominus,
2060 3520 2174 3576 fere

583 3629 805 3700 triginta
837 3626 1094 3692 millibus,
1137 3632 1194 3680 ut
1225 3623 1390 3679 etiam
1422 3621 1539 3692 ipse
1569 3633 1830 3674 numerus
1852 3631 1976 3670 eum
2007 3613 2174 3683 signi-

581 3722 748 3778 ﬁcare
797 3719 1126 3791 intelligatur
1157 3717 1249 3787 qui
1292 3718 1346 3772 in
1393 3713 1664 3784 baptismo
1707 3707 1957 3780 apparuit
2002 3705 2174 3761 ferme

581 3816 802 3888 triginta
845 3795 1142 3878 annorum;
1181 3818 1236 3866 et
1291 3809 1336 3866 si
1383 3808 1510 3880 quid
1559 3803 1704 3860 aliud
1733 3804 1800 3859 de
1827 3817 1886 3857 re
1916 3807 2064 3856 tanta
2093 3795 2176 3853 vel

577 3911 683 3965 hoc
714 3908 873 3984 modo
895 3906 980 3962 vel
1011 3904 1297 3984 sublimius
1329 3893 1555 3970 intelligi
1587 3907 1788 3970 potest,
1829 3897 1959 3951 dum
1991 3891 2171 3983 tamen

579 3993 686 4053 non
731 3977 934 4052 l‘rustra
988 3979 1343 4058 arbitremur,
1401 3987 1537 4045 tales
1582 4003 1646 4044 ac
1699 3994 1876 4042 tantos
1925 3975 2174 4040 homines

579 4089 673 4158 Dei
699 4096 906 4141 tantam
930 4085 1163 4157 gessisse
1196 4097 1382 4138 curam
1425 4095 1527 4152 pro
1569 4078 1893 4150 sepeliendis
1927 4076 2173 4147 corpori-

579 4179 682 4234 bus
732 4179 866 4244 suis,
917 4192 1042 4242 cum
1083 4175 1157 4232 sit
1185 4183 1349 4243 atque
1379 4189 1502 4229 esse
1549 4173 1744 4228 debeat
1784 4171 2021 4227 ﬁdelium
2071 4171 2174 4225 ista

581 4271 871 4352 securitas,
903 4269 1045 4340 quod
1089 4268 1400 4337 ubicunque
1428 4282 1657 4338 corpora
1685 4280 1874 4322 eorum
1903 4263 2173 4335 sepelian-

582 4374 698 4428 tur,
723 4359 807 4417 vel
836 4361 1100 4434 insepulta
1147 4360 1312 4421 etiam
1357 4359 1428 4415 ob
1471 4359 1813 4415 inimicorum
1855 4355 2064 4412 rabiem
2091 4370 2176 4411 re-

580 4454 920 4524 linquantur,
966 4460 1061 4529 aut
1100 4467 1202 4523 pro
1233 4465 1422 4507 eorum
1453 4449 1677 4505 libidine
1700 4448 1992 4504 dilacerata
2015 4447 2177 4503 absu-

578 4553 820 4614 muntur,
867 4561 976 4601 non
1027 4545 1148 4600 ideo
1177 4541 1261 4598 vel
1299 4543 1480 4598 minus
1524 4542 1812 4613 integram,
1861 4539 1948 4596 vel
1991 4539 2172 4599 minus

578 4638 866 4712 gloriosam
895 4653 1084 4693 eorum
1115 4637 1573 4692 resurrectionem
1601 4632 1861 4689 futuram.

649 4727 749 4784 Cui
794 4728 1060 4800 respondit
1095 4725 1334 4799 Ioseph:
1383 4725 1497 4798 Ego
1540 4725 1733 4793 faciam
1771 4723 1911 4798 quod
1939 4723 2173 4796 jussisti.

577 4822 649 4880 Et
670 4821 780 4890 ille,
801 4821 934 4891 jura
959 4836 1104 4888 ergo,
1126 4820 1315 4890 inquit.
1343 4818 1459 4885 Quo
1475 4817 1713 4888 jurante,
1742 4816 1980 4872 adoravit
2006 4813 2178 4870 Israel

576 4917 768 4984 Deum,
795 4929 1073 4970 conversus
1092 4911 1162 4969 ad
1186 4911 1364 4968 lectuli
1386 4922 1562 4982 caput.
1619 4909 1857 4967 Sanctus
1885 4910 2088 4982 quippe
2121 4915 2178 4964 et

573 5009 690 5072 Deo
732 5006 948 5063 deditus
986 5005 1094 5072 vir,
1135 5018 1431 5076 oppressus
1479 5009 1780 5067 senectute,
1821 5001 1904 5057 sic
1939 4999 2178 5056 habebat

573 5099 835 5176 lectulum
862 5098 1128 5171 positum,
1169 5103 1231 5151 ut
1272 5095 1390 5166 ipse
1421 5094 1656 5166 jacentis
1701 5095 1921 5150 habitus
1968 5095 2174 5164 absque

577 5191 894 5250 difﬁcultate
932 5191 1044 5250 ulla
1081 5190 1152 5246 ad
1203 5188 1506 5246 orationem
1535 5193 1680 5242 esset
1703 5193 1944 5256 paratus.
1989 5182 2172 5256 (Aug.)

579 5285 736 5353 Quod
755 5285 958 5344 habent
979 5285 1202 5356 quidam
1230 5281 1410 5337 Latini
1439 5279 1657 5335 codices
1683 5296 1697 5333 :
1725 5275 1795 5331 Et
1818 5275 2057 5332 adoravit
2083 5293 2174 5331 su-

581 5392 672 5434 per
697 5386 852 5447 caput
897 5377 1060 5448 uirgae
1096 5375 1234 5446 ejus,
1278 5369 1520 5430 nonnulli
1559 5367 1896 5426 emendatius
1927 5369 2167 5424 habent:

573 5466 820 5526 adoravit
866 5482 1022 5536 super
1063 5476 1219 5536 caput
1270 5465 1428 5536 virgw
1470 5478 1602 5530 suat,
1651 5461 1703 5518 id
1746 5469 1853 5527 est,
1901 5461 1957 5516 in
1996 5460 2173 5532 capite

579 5558 752 5628 virgae
777 5569 913 5622 suae,
955 5556 1072 5612 sive
1098 5556 1154 5612 in
1192 5571 1480 5622 cacumen,
1525 5555 1640 5610 sive
1685 5567 1847 5624 super
1889 5567 2170 5610 cacumen.

579 5649 746 5710 Fallit
771 5649 919 5706 enim
947 5665 1041 5705 eos
1069 5647 1319 5705 Graecum
1348 5647 1591 5714 verbum,
1619 5645 1762 5718 quod
1786 5645 1990 5702 eisdem
2029 5645 2174 5702 litte-

583 5743 662 5802 ris
684 5740 965 5808 scribitur,
993 5743 1108 5796 sive
1133 5739 1252 5810 ejus
1284 5741 1398 5796 sive
1428 5757 1559 5806 sua',
1586 5739 1680 5795 sed
1702 5748 1958 5795 accentus
1987 5739 2170 5810 dispa-

585 5853 674 5896 res
713 5844 860 5906 sunt,
902 5844 959 5893 et
993 5835 1062 5891 ab
1102 5836 1181 5892 eis
1211 5837 1302 5908 qui
1351 5837 1449 5892 ista
1481 5844 1746 5892 noverunt
1792 5836 1844 5891 in
1893 5835 2170 5892 codicibus

2264 554 2490 620 tionem,
2516 553 2766 624 quamvis
2800 560 2856 607 et
2893 565 3052 606 unam
3082 551 3204 624 plus
3231 549 3450 608 litteram
3471 553 3630 613 habere
3647 574 3725 630 pos-

2262 655 2346 704 set
2385 646 2431 703 si
2465 651 2615 702 esset
2653 658 2786 711 suae,
2819 650 2876 699 et
2904 659 3008 700 non
3031 650 3178 708 esset
3207 645 3381 712 αὐτοῦ,
3408 645 3489 703 sed
3511 648 3725 710 ἑαυτοΜε

2260 756 2360 814 per
2385 739 2492 796 hoc
2525 739 2719 795 merito
2747 738 3010 809 quaeritur
3045 737 3177 810 quid
3214 737 3282 794 sit
3317 739 3451 811 quod
3489 741 3722 803 dictumest

2262 813 2402 888 Nam
2446 831 2608 888 facile
2652 831 2972 904 intelligitur
3018 845 3205 888 senem
3241 813 3329 902 qui
3366 833 3546 906 virgam
3574 834 3721 908 ferebat,

2263 941 2330 983 eo
2351 941 2502 982 more
2529 941 2636 996 quo
2665 923 2754 981 illa
2788 932 2922 980 tetas
2951 923 3204 980 baculum
3248 923 3377 980 solet
3410 935 3608 998 portare,
3633 939 3672 984 ut
3691 946 3724 988 se

2265 1019 2554 1076 inclinaret
2582 1017 2650 1074 ad
2679 1015 2970 1074 Dominum
3005 1016 3353 1082 adorandum,
3386 1015 3434 1072 id
3460 1019 3608 1090 utique
3638 1019 3720 1077 lece-

2265 1113 2338 1169 rit
2386 1127 2549 1186 super
2589 1125 2856 1168 cacumen
2876 1109 3042 1182 virgw
3074 1125 3208 1177 sum,
3239 1125 3391 1182 quam
3419 1109 3487 1166 sic
3506 1109 3672 1178 ferebat,
3691 1123 3722 1168 ut

2265 1222 2430 1278 super
2473 1221 2595 1261 eam
2636 1213 2799 1275 caput
2842 1201 3172 1268 inclinanda,
3211 1203 3449 1259 adoraret
3474 1201 3624 1259 Deum.
3639 1204 3720 1272 Quid

2266 1303 2350 1354 est
2375 1313 2526 1370 ergo,
2555 1295 2805 1352 Adoravit
2851 1312 3007 1368 super
3030 1311 3281 1349 cacumen
3302 1295 3446 1366 virga:
3473 1295 3580 1367 ejus,
3609 1295 3647 1350 id
3665 1305 3720 1361 est,

2267 1400 2364 1456 lilii
2420 1400 2504 1456 sui
2543 1395 2782 1469 Joseph?
2827 1392 2913 1452 An
2964 1394 3105 1452 forte
3151 1391 3346 1452 tulerat
3384 1393 3446 1450 ab
3491 1409 3542 1450 eo
3575 1395 3721 1464 virgam,

2267 1495 2485 1568 quando
2514 1493 2564 1547 ei
2603 1490 2823 1564 iurabat
2871 1489 3015 1546 idem
3058 1487 3238 1544 ﬁlius?
3279 1496 3332 1544 et
3370 1485 3482 1542 dum
3509 1501 3602 1542 eam
3627 1497 3720 1551 lunt

2266 1595 2392 1660 post
2421 1585 2588 1643 verba
2611 1583 2874 1657 iurantis,
2923 1580 3166 1637 nondum
3198 1577 3288 1635 illa
3332 1577 3534 1642 reddita,
3565 1592 3650 1632 mox
3670 1577 3719 1632 ad-

2268 1675 2445 1741 oravit
2466 1681 2677 1738 Deum?
2696 1680 2815 1736 Non
2843 1678 2990 1736 enim
3017 1677 3256 1749 pudebat
3280 1690 3397 1732 eum
3423 1673 3543 1730 ferre
3559 1674 3721 1743 tantisper

2272 1777 2486 1850 insigne
2518 1774 2806 1847 potestatis
2843 1773 2941 1830 ﬁlii
2976 1773 3086 1840 sui,
3119 1769 3212 1829 ubi
3237 1769 3401 1842 ﬁgura
3427 1781 3595 1838 magna
3614 1763 3722 1821 milu-

2277 1869 2414 1927 t‘ura‘.
2440 1868 2823 1940 praesignatur.
2877 1867 2884 1872 ’

2855 1995 3090 2056 CAPUT
3127 1985 3266 2053 Illi.

2447 2080 2528 2149 De
2553 2107 2613 2148 eo
2641 2091 2783 2164 quod
2819 2089 2988 2146 Iacob
3019 2087 3164 2159 ﬁlios
3188 2084 3378 2158 Ioseph
3405 2083 3622 2138 benedixit.

2348 2201 2498 2278 (CAP.
2529 2194 2750 2271 sunt.)
2779 2195 2880 2256 His
2909 2199 2986 2254 ita
3018 2197 3322 2262 transactis,
3348 2185 3722 2250 nuntiatumesth

2273 2297 2396 2371 seph
2436 2295 2579 2370 quod
2607 2301 2886 2366 (egrotaret
2925 2300 3079 2364 pater
3117 2290 3250 2362 ejus.
3285 2285 3386 2354 Qui
3417 2283 3630 2353 assumptis
3649 2280 3722 2371 dro-

2274 2369 2368 2447 bus
2411 2369 2536 2460 ﬁliis
2581 2388 2728 2453 suis,
2775 2383 3024 2440 Manasse
3060 2391 3110 2437 et
3150 2376 3417 2453 Ephraim,
3456 2375 3518 2430 ire
3553 2369 3708 2446 permit.

2273 2467 2587 2554 Dictumque
2624 2489 2700 2535 est
2735 2478 2887 2534 seni:
2913 2463 3050 2532 Ecce
3092 2474 3237 2547 filius
3267 2479 3382 2527 tuus
3405 2465 3563 2538 Ioseph
3583 2460 3721 2520 renitet

2275 2587 2342 2632 te.
2369 2575 2476 2643 Qui
2497 2552 2844 2644 confortatus,
2871 2555 3004 2624 sedit
3030 2557 3090 2623 in
3121 2559 3340 2628 lectulo;
3363 2571 3408 2618 et
3427 2553 3605 2631 ingresso
3634 2552 3676 2606 ad
3694 2567 3720 2604 δε

2275 2672 2350 2726 ait
2375 2683 2393 2722 :
2419 2669 2563 2723 Deus
2593 2664 2921 2736 omnipotens
2944 2659 3194 2734 apparuit
3225 2656 3350 2712 mihi
3369 2654 3420 2708 in
3445 2651 3575 2714 Law,
3595 2649 3721 2736 queat

2276 2765 2332 2818 in
2375 2770 2517 2816 terra
2563 2735 2845 2820 Chanaan,
2889 2750 3256 2820 benedixitque
3299 2735 3721 2805 mihtetait:Egott

2277 2855 2476 2926 augebo
2505 2832 2554 2906 et
2583 2844 2966 2920 multiplicabo,
3013 2852 3063 2898 et
3103 2841 3297 2915 faciam
3332 2829 3382 2892 in
3420 2831 3564 2926 turbas
3591 2823 3720 2926 populo:

2277 2965 2415 3002 rum.
2443 2945 2622 3000 Etiam
2640 2943 2732 2998 hic
2753 2945 3155 2996 commemorat
3177 2929 3338 2990 Iacob
3359 2915 3719 3002 pmmissionesllei

2275 3055 2402 3112 erga
2431 3053 2488 3094 se
2518 3037 2711 3102 factas,
2748 3033 2881 3090 dicit
2925 3031 3028 3088 sibi
3073 3017 3277 3086 dictum
3304 3045 3317 3081 :
3347 3015 3533 3077 Faciam
3553 3015 3720 3112 teis-rios

2277 3132 2604 3206 gregaliones
2631 3128 2884 3202 gentium.
2933 3111 3146 3192 Quibus
3190 3117 3364 3176 verbis
3404 3109 3546 3182 magis
3579 3101 3720 3160 ﬁdelium

2200 3213 2246 3277 C
2277 3201 2622 3281 vocationem
2667 3219 2941 3296 signiﬁcat
2983 3229 3152 3290 quam
3183 3205 3404 3272 carnalis
3425 3201 3590 3279 generis
3607 3206 3720 3270 proli“

2279 3317 2577 3391 gationem.

2347 3433 2466 3488 Duo
2491 3432 2654 3504 igitur
2677 3428 2780 3502 ﬁlii
2817 3428 2894 3484 tui
2917 3428 3006 3500 qui
3039 3426 3154 3482 nati
3175 3431 3294 3480 sunt
3327 3417 3412 3473 tibi
3436 3415 3480 3468 in
3503 3420 3604 3504 terra
3625 3398 3720 3504 fit?

2276 3529 2373 3600 pti,
2397 3498 3054 3598 antequamvenirem‘huc
3080 3521 3152 3576 ad
3179 3529 3249 3585 te,
3279 3514 3376 3571 mei
3399 3514 3540 3571 erunt,
3566 3498 3717 3600 Epirus

2277 3632 2324 3676 et
2369 3619 2678 3683 Manasses,
2715 3617 2852 3671 sicut
2895 3613 3080 3668 Ruben
3126 3623 3172 3668 et
3217 3607 3442 3668 Simeon,
3477 3589 3720 3680 reputaltutt

2281 3712 2428 3766 milii.
2479 3708 2731 3780 Reliquos
2781 3716 2956 3761 autem
2997 3720 3132 3775 quos
3180 3697 3406 3774 genueris
3453 3694 3542 3762 post
3573 3696 3644 3780 tot,
3678 3683 3719 3725 ll"

2280 3811 2452 3869 erant,
2483 3811 2530 3856 et
2562 3799 2773 3854 nomine
2805 3797 3038 3868 fratrum
3067 3809 3287 3850 suorum
3326 3783 3588 3844 vocabuntur
3606 3772 3640 3822 ῑη
3655 3777 3720 3833 P0“

2277 3865 2596 3957 suasionibus
2633 3890 2764 3946 suis.
2805 3865 2870 3943 ﬁSi
2913 3887 3035 3960 quis
3081 3883 3412 3956 ambigebat,
3457 3867 3564 3942 quod
3594 3865 3718 3960 Sillim?

2277 3939 2594 3957 μνη-.-ηπ
2634 3939 2763 3946 η---
2814 3939 2870 3943 η-
2918 3939 3031 3960 γ--
3218 3939 3261 3956 γυ
3401 3939 3409 3943 ,
3470 3939 3486 3942 -

2277 3987 2426 4064 ginta
2475 3984 2671 4042 anima:
2718 3982 3039 4039 introissent
3087 3979 3374 4052 zEgyplum
3413 3965 3591 4022 ﬁlionlm

2279 4037 2334 4136 Et
2361 4079 2506 4152 quod
2531 4075 2734 4147 Joseph
2760 4089 2825 4130 eo
2857 4081 3102 4152 tempore
3127 4037 3235 4142 qiib
3265 4067 3510 4152 ingressus
3531 4037 3718 4152 estin-0:?

2279 4135 2396 4229 non
2431 4183 2630 4226 novem
2659 4135 2770 4224 .sed
2815 4135 3164 4224 duos-ﬁlios-
3179 4135 3379 4216 tantum
3418 4135 3718 4229 habuerint?“

2279 4261 2424 4321 senti
2451 4259 2687 4333 capitulo
2713 4257 3087 4316 conﬁrmatur.
3135 4249 3400 4324 Siquidem
3424 4241 3516 4311 ipse
3541 4213 3716 4333 1300:}:

2279 4301 2424 4321 σω...
2452 4301 2686 4333 νυνι-...ν
2714 4301 3087 4316 w..........-_..
3135 4301 3317 4324 ...γη
3441 4301 3454 4311 ,

2279 4355 2492 4426 quitur,
2521 4353 2658 4410 duos
2687 4367 2813 4412 eum
2843 4350 2984 4406 ﬁlios
3020 4348 3298 4408 habuisse,
3329 4351 3426 4394 non
3440 4301 3718 4426 nove???

2281 4399 2676 4502 autem’dicit:
2708 4441 2967 4514 Epitraim
3010 4449 3060 4494 et
3111 4437 3368 4495 Manasse,
3409 4423 3520 4479 sicut

2283 4538 2523 4606 Simeon,
2545 4546 2696 4591 erunt
2731 4488 2884 4604 mihi,
2917 4532 3052 4588 illud
3085 4527 3347 4603 signiﬁcat
3375 4539 3386 4574 :
3413 4488 3718 4606 sicut

2197 4601 2258 4664 Β
2279 4611 2507 4694 Simeon
2556 4633 2674 4690 duae
2711 4632 2885 4688 tribus
2923 4639 3106 4698 erunt,
3134 4594 3196 4685 et
3223 4609 3288 4681 ex
3313 4616 3416 4677 suis
3440 4594 3717 4698 νοφδυϋῇξλζ

3214 4675 3465 4770 uitiasset:
3498 4695 3586 4751 duae
3619 4675 3716 4770 ubi?

2279 4725 2648 4803 pellabuntur,
2688 4723 2768 4779 sic
2793 4721 3066 4794 ,Ephraim
3114 4728 3170 4775 et
3214 4721 3473 4803 Manasses
3498 4721 3703 4803 "regni

3433 4801 3481 4852 et
3500 4789 3560 4845 sic
3580 4764 3717 4869 hmﬁtii‘

2281 4830 2464 4887 erunt,
2503 4819 2748 4894 duosque
2783 4815 3013 4888 populos
3037 4810 3410 4888 procreabant.
3433 4810 3481 4852 εί
3500 4810 3600 4894 “if

2283 4917 2477 4972 tabunt
2527 4875 2733 4971 terram
2785 4875 3232 4984 repromissionis
3280 4903 3410 4961 sicut
3451 4896 3497 4948 et
3533 4875 3714 4984 lilii—Eli:

2281 5010 2746 5082 Reliquosautem,
2767 4965 3050 5076 aitIﬁlios,
3065 5019 3194 5078 quos
3213 5005 3324 5074 post
3339 4993 3524 5048 mortem

2281 5052 2400 5066 ...η
2439 5052 2844 5077 ..νιπ-ηηηηη
2909 5052 3050 5073 .-.νη
3101 5052 3191 5060 π-
3255 5052 3266 5054 -

2279 5052 2480 5166 niteris,
2511 5098 2808 5156 ostendens
2848 5052 3092 5153 necdum1
3118 5052 3466 5155 illortempore

2279 5139 2480 5166 .........,
2511 5139 2808 5156 νσηηυν..-
2849 5139 3080 5153 ηψπ...
3119 5139 3205 5149 ,,-,,
3250 5139 3368 5155 --η
3502 5139 3507 5140 ,

2278 5193 2357 5248 tui
2409 5200 2580 5256 erunt,
2631 5199 2678 5244 et
2726 5188 2781 5244 in
2820 5189 3028 5242 nomine
3061 5185 3284 5258 fratrum
3306 5139 3716 5274 θυοτξιηιιιξξξξζᾜ

2277 5284 2332 5338 in
2363 5240 2672 5338 hwrediiate
2714 5297 2834 5336 sua.
2868 5277 3011 5346 Non,
3054 5240 3244 5348 inquit,
3281 5240 3660 5348 accipient

2279 5385 2505 5442 terram,
2536 5389 2636 5432 nec
2661 5371 2931 5428 funiculos
2960 5370 3236 5426 habebunt
3259 5369 3382 5435 pl‘OP

2276 5468 2474 5535 tribus,
2511 5465 2607 5522 sed
2647 5466 2702 5522 in
2746 5463 2992 5520 tribubus
3024 5458 3274 5533 Ephraim
3306 5457 3356 5506 et

2278 5558 2604 5632 appendices
2625 5555 2811 5629 populi
2840 5553 3342 5612 commiseebuntur.

2351 5651 2484 5707 Milli
2535 5661 2714 5706 autem
2763 5649 2979 5723 quando
3025 5645 3279 5714 veniebam
3327 5631 3482 5723 deuti

2277 5755 2486 5801 mortua
2513 5753 2589 5799 est
2618 5718 2814 5798 Rachel
2851 5743 2909 5797 in
2945 5751 3083 5796 terra
3113 5737 3370 5796 Chanaan.
3399 5718 3482 5801 in

2277 5792 2492 5907 sua;
2515 5792 3006 5908 '.I.'.;.;:.;;";..;;;...
3021 5792 3080 5888 ξῖ
3111 5792 3410 5904 ingrediebar
3444 5792 3536 5868 Evt

3385 5316 3500 5407 i'ios,
3519 5340 3566 5390 ut
3583 5316 3716 5404 NW1?

3386 5435 3600 5498 Manasse.
3623 5411 3713 5479 ειιι²⁵¹

3359 5646 3384 5684 ε
3423 5585 3712 5678 Muopo‘m’

3485 5715 3558 5779 ριο
3579 5686 3714 5779 ili!!!“

3540 5787 3667 5843 ναίων
3685 5767 3714 5809 ἰ
