3946 6522
250 394 376 451 653

252 600 640 673 appellabatur
686 598 1005 656 Bethlehem.
1056 599 1337 667 Quomodo
1380 596 1550 655 Iacob
1593 599 1707 656 ﬁlio
1754 617 1857 659 suo

253 690 478 764 Ioseph
525 700 786 762 tanquam
833 690 1121 758 nescienti,
1171 690 1342 755 voluit
1383 690 1626 748 indicare
1670 692 1762 749 ubi
1801 701 1860 751 et

256 782 492 856 quando
536 780 812 852 sepelierit
840 787 1071 843 matrem
1107 778 1248 853 ejus,
1289 795 1413 836 cum
1454 788 1508 836 et
1542 779 1661 852 ipse
1695 779 1859 843 simul

258 874 440 935 fuerit
465 888 591 939 cum
613 872 878 933 fratribus
916 873 1067 937 suis?
1125 870 1232 931 Sed
1276 880 1331 935 et
1374 872 1421 929 si
1455 880 1574 929 erat
1598 881 1708 929 tam
1732 888 1858 946 par-

258 985 377 1031 vus
400 976 580 1037 atate,
605 975 665 1029 ut
690 967 823 1029 illud
846 967 932 1031 vel
957 981 1153 1031 curare
1177 965 1264 1022 vel
1289 967 1471 1024 animo
1492 966 1727 1034 retinere
1750 981 1859 1026 nun

260 1068 479 1132 posset,
529 1075 652 1132 qua:
692 1074 782 1115 res
821 1058 1080 1130 compulit
1106 1058 1269 1114 modo
1294 1058 1422 1125 dici,
1467 1058 1574 1114 nisi
1610 1058 1750 1115 forte
1788 1059 1858 1116 ad

262 1167 393 1215 rem
440 1151 704 1225 pertinuit
745 1166 1176 1215 commemorare
1208 1150 1282 1206 ibi
1314 1150 1583 1223 sepultam
1623 1159 1856 1206 matrem

258 1242 496 1317 Juseph,
526 1243 617 1303 ubi
638 1241 891 1301 Christus
918 1242 1097 1299 fuerat
1125 1241 1455 1299 nasciturus.

353 1352 549 1410 Videas
567 1358 745 1409 autem
765 1352 905 1423 ﬁlios
922 1354 1040 1419 eius
1061 1355 1195 1413 dixit
1215 1355 1285 1413 ad
1299 1371 1420 1410 was
1433 1371 1451 1410 :
1466 1354 1572 1422 Qui
1590 1364 1715 1411 sunt
1729 1356 1818 1412 isti
1832 1354 1859 1410 7

258 1447 539 1520 respondit
568 1461 588 1500 :
617 1445 750 1509 Filii
796 1448 897 1503 mei
936 1458 1078 1514 sunt,
1112 1458 1244 1520 quas
1271 1449 1413 1509 dedit
1457 1449 1588 1509 mihi
1627 1449 1767 1509 Deus
1800 1449 1859 1509 in

261 1538 371 1591 hoc
407 1536 541 1592 loco.
586 1537 772 1593 Addas
811 1555 923 1605 eos,
956 1540 1124 1611 inquit
1148 1581 1163 1606 ,
1206 1540 1274 1599 ad
1318 1558 1419 1608 me,
1459 1551 1516 1596 ut
1556 1542 1858 1609 benedicens

260 1627 371 1682 eis.
401 1625 555 1684 Oculi
578 1628 718 1685 enim
738 1626 908 1685 Israel
932 1628 1231 1702 caligabunt
1251 1646 1361 1701 prce
1383 1631 1546 1687 nimia
1574 1640 1853 1699 senectute,

258 1728 323 1775 et
366 1718 508 1777 clare
544 1720 720 1777 uidere
755 1737 861 1778 non
895 1731 1117 1792 poterat.
1150 1722 1553 1797 Applicstosque
1585 1725 1654 1780 ad
1683 1741 1738 1780 se
1765 1724 1857 1779 de.-

260 1812 541 1870 oseulatus
574 1822 674 1881 est,
712 1824 762 1871 et
802 1814 1185 1887 circumplexus
1210 1818 1346 1877 dixit
1386 1818 1456 1873 ad
1480 1816 1653 1887 ﬁlium
1677 1835 1696 1874 :
1728 1817 1855 1875 Non

1301 375 2118 456 commear'm‘cENE'SIM.
2158 428 2225 444 -
2263 399 2391 457 LIB.
2429 400 2515 458 Iv.

249 509 482 584 sepelivi
522 522 639 567 eam
666 509 826 580 juxta
863 509 1004 564 aiam
1042 507 1315 580 Ephratae,
1352 524 1468 580 quia
1504 507 1610 563 alio
1648 511 1858 566 nomine
1883 523 1938 584 Α

3432 410 3536 467 654

2535 514 2764 574 CAPUT
2808 517 2945 575 XIV.

2031 602 2110 660 De
2142 605 2413 677 prophetia
2437 592 3015 751 Jacob,;1’u‘:df.ials;irum
3045 609 3216 673 Israel
3240 613 3466 669 reditum

2030 788 2103 846 Et
2126 792 2201 848 ait
2229 792 2299 849 ad
2326 792 2519 866 Ioseph
2556 793 2728 866 ﬁlium
2754 813 2909 853 suum
2934 811 2951 850 :
2981 797 3068 854 Ea
3102 816 3196 873 ego
3230 799 3452 872 morior,
3488 811 3543 860 et

1960 883 2061 938 erit
2084 883 2227 943 Deus
2255 885 2538 957 vobiscum,
2569 888 2875 963 reducetque
2898 907 2985 946 vos
3012 893 3082 949 ad
3110 900 3306 948 terram
3328 903 3542 966 patrum

1958 984 2268 1037 uestrorum.
2308 976 2390 1034 Do
2418 979 2513 1035 tibi
2534 989 2737 1052 partem
2772 999 2933 1037 unam
2972 992 3122 1039 extra
3166 983 3358 1055 fratres
3399 994 3539 1053 tuos,

1958 1082 2121 1139 quam
2164 1066 2263 1122 tuli
2292 1067 2357 1123 de
2393 1086 2555 1125 manu
2586 1071 2881 1129 Amorrhcei
2921 1074 2979 1129 in
3015 1073 3191 1145 gladio
3229 1084 3279 1131 et
3315 1075 3370 1131 in
3410 1093 3542 1133 arcu

1960 1174 2095 1213 meo.
2151 1158 2351 1217 Arcum
2401 1161 2490 1218 hic
2531 1174 2585 1220 et
2630 1164 2866 1236 gladium
2905 1164 3174 1238 justitiam
3225 1175 3404 1237 vocat,
3443 1182 3544 1241 per

1901 1282 1919 1309 ο
1960 1268 2123 1325 quam
2172 1255 2373 1321 meruit
2421 1256 2741 1331 peregrinus
2782 1267 2839 1313 et
2861 1259 3090 1327 advena,
3139 1258 3425 1317 interfecto
3455 1260 3544 1316 Si-

1960 1344 2119 1401 chem
2149 1352 2205 1402 et
2229 1345 2415 1414 Emor,
2458 1348 2525 1405 de
2553 1350 2796 1419 periculo
2821 1350 3063 1407 liberari.
3112 1352 3317 1409 Timuit
3359 1354 3541 1425 enim,

1960 1446 2021 1494 ut
2058 1455 2221 1511 supra
2263 1441 2514 1513 legimus,
2558 1458 2627 1499 ne
2665 1444 2844 1501 vicina
2872 1447 3071 1516 oppida
3100 1454 3264 1518 atque
3291 1448 3516 1506 castella

1960 1532 2031 1588 ob
2070 1535 2411 1591 eversionem
2439 1534 2714 1593 foederata:
2759 1539 2930 1607 urbis,
2981 1540 3272 1597 adversum
3310 1557 3371 1599 se
3411 1558 3545 1611 con-
3570 1542 3589 1586 ’μ

1961 1636 2264 1698 surgerent,
2289 1636 2346 1689 et
2370 1628 2630 1687 Dominus
2650 1646 2758 1688 non
2794 1632 2941 1691 dedit
2965 1633 3046 1697 eis
3071 1641 3130 1689 ut
3155 1642 3417 1691 nocerent
3441 1632 3537 1703 illi.

1920 1716 2061 1811 ‘Vel
2100 1727 2250 1774 certe
2293 1719 2373 1774 sic
2414 1719 2857 1788 intelligendum:
2889 1721 3037 1778 Dabo
3078 1722 3174 1778 tibi
3217 1721 3538 1791 Sichimam,
3578 1705 3591 1770 ἱ

1962 1828 2127 1885 quam
2168 1813 2276 1870 emi
2306 1814 2363 1870 in
2389 1812 2706 1871 fortitudine
2749 1831 2892 1885 mea,
2935 1816 3040 1873 hoc
3077 1824 3163 1873 est
3208 1818 3264 1874 in
3308 1818 3542 1890 pecunia

263 1921 393 1961 sum
417 1904 699 1975 fraudatus
727 1921 762 1963 a
795 1916 1074 1978 conspectu
1099 1916 1213 1975 tuo,
1243 1909 1457 1981 insuper
1479 1911 1702 1975 «tendit
1727 1910 1857 1975 milii
1884 1894 1933 1956 Β
1961 1923 2104 1977 mea,
2147 1924 2312 1980 quam
2353 1907 2525 1965 multo
2566 1907 2749 1966 labore
2784 1918 2838 1964 et
2868 1909 3065 1966 sudore
3103 1909 3344 1981 quaesivi.
3387 1910 3544 1979 Quod

260 1997 420 2054 Deus
443 2015 618 2057 semen
635 2008 804 2059 tuum.
833 2000 1067 2075 Curtaque
1092 2001 1297 2063 tulisset
1321 2020 1409 2061 eos
1435 2004 1627 2075 Ioseph
1650 2004 1713 2058 de
1738 2020 1855 2074 gre-

263 2091 385 2148 Isio
418 2092 586 2163 patris
610 2131 626 2159 ,
671 2092 913 2153 adomit
959 2108 1156 2166 pronus
1196 2096 1255 2152 in
1301 2105 1497 2159 terram
1518 2132 1535 2163 ,
1590 2105 1641 2151 et
1681 2096 1856 2168 posuit

266 2180 537 2255 prmim
557 2182 912 2243 “destentus
931 2203 1103 2253 suam,
1138 2187 1193 2241 id
1221 2197 1319 2255 est,
1359 2188 1429 2244 ad
1465 2187 1734 2244 sinistram
1765 2187 1851 2243 ls—

267 2274 409 2342 rael,
461 2275 746 2335 Manassen
788 2293 911 2332 vero
956 2278 1012 2335 is
1047 2279 1264 2335 sinistra
1304 2296 1425 2347 sua,
1474 2280 1545 2335 ad
1584 2280 1853 2343 dexteram

263 2371 472 2446 scilicet
489 2374 677 2444 patris,
699 2373 1056 2446 applicantque
1087 2374 1266 2437 ambos
1288 2376 1357 2430 ad
1381 2391 1521 2430 eum.
1553 2372 1659 2441 Qui
1681 2385 1855 2431 exteri.-

263 2465 401 2521 dens
432 2482 649 2522 manum
691 2467 959 2522 dexteram
998 2468 1170 2538 posuit
1207 2484 1364 2539 super
1404 2479 1558 2539 caput
1597 2469 1855 2541 Ephraim

253 2556 749 2629 juniorisfratris,
790 2559 1064 2619 sinistram
1107 2569 1283 2617 autem
1335 2578 1489 2633 super
1537 2572 1692 2633 caput
1734 2562 1855 2617 Ha-

262 2665 452 2717 uasse,
478 2651 570 2722 qui
593 2652 769 2722 major
795 2661 923 2711 nutu
963 2660 1098 2719 erat,
1138 2663 1469 2711 commutem
1499 2670 1688 2709 manus
1707 2671 1727 2721 ;
1768 2654 1854 2709 ὑετ-

263 2740 574 2813 ηιάὲωἱίῳιο
602 2741 717 2812 ﬁlio
745 2757 842 2801 suo
869 2742 1088 2815 Ioseph,
1120 2752 1224 2803 etc.
1263 2745 1446 2817 (Aug.)
1478 2745 1632 2817 Quod
1657 2748 1732 2803 ita
1757 2746 1857 2803 bee-

260 2832 476 2889 nedicit
516 2843 743 2906 nepotes
783 2849 912 2890 suos
950 2835 1134 2903 Israel,
1189 2845 1250 2891 ut
1297 2837 1579 2895 dexteram
1630 2830 1874 2919 manum

258 2922 470 2980 minori
498 2924 762 2995 imponat,
817 2924 1010 2995 majori
1060 2932 1242 2989 autem
1294 2927 1591 2996 sinistram,
1641 2937 1698 2985 et
1748 2930 1856 2999 hoc

261 3014 383 3070 tilio
426 3030 523 3072 suo
565 3015 765 3088 Ioseph
815 3018 1016 3073 volenti
1060 3019 1338 3091 corrigere
1382 3022 1537 3093 quasi
1578 3030 1857 3095 erramus;

258 3116 436 3179 atque
461 3109 799 3167 nescientem
821 3110 896 3167 ita
926 3111 1246 3182 respondit:

320 3220 471 3290 Scio,
484 3222 563 3292 με
572 3224 667 3289 iui,
682 3224 812 3290 scio,
828 3235 873 3279 et
889 3224 973 3279 hic
986 3226 1085 3279 erit
1097 3226 1153 3279 iu
1164 3225 1437 3328 populum,
1451 3234 1499 3281 et
1510 3196 1850 3295 exauditur,
1880 3264 1926 3328 Ο

257 3316 361 3372 sed
386 3315 553 3386 frater
594 3315 709 3386 ejus
751 3316 941 3386 iunior
970 3317 1146 3387 major
1169 3315 1261 3370 illo
1290 3319 1411 3384 erit,
1453 3326 1502 3372 et
1532 3332 1707 3374 semen
1733 3317 1851 3387 eius

257 3410 366 3464 erit
390 3409 448 3464 iu
476 3408 812 3467 multitudine
835 3411 1086 3481 gentium.
1116 3408 1393 3475 Hactenus
1413 3410 1482 3465 de
1506 3410 1722 3467 Christo
1754 3426 1845 3467 ac,

254 3500 577 3571 cipiendum
605 3510 705 3569 est,
737 3510 1005 3573 quatenus
1032 3502 1195 3557 etiam
1223 3504 1293 3558 de
1329 3503 1445 3573 ipso
1466 3501 1632 3557 Iacob
1658 3509 1713 3557 et
1730 3501 1849 3557 fra-

258 3599 353 3647 tre
371 3593 491 3663 ejus
512 3592 715 3648 dictum
750 3601 837 3649 est
860 3610 874 3648 :
901 3592 1042 3657 Quia
1078 3593 1254 3661 major
1291 3594 1475 3648 serviet
1508 3595 1720 3649 minori.
1753 3592 1850 3650 Se-

255 3685 507 3742 cundum
532 3686 639 3740 hoc
658 3685 804 3739 enim
828 3685 1153 3756 signiﬁcavit
1181 3684 1385 3755 aliquid
1410 3685 1723 3756 prophetica
1744 3685 1850 3742 huc

254 3774 518 3830 faciendo
566 3773 755 3841 lsrael,
798 3775 941 3845 quod
978 3776 1209 3846 populus
1250 3776 1519 3847 posterior
1554 3790 1653 3846 per
1689 3775 1849 3835 Chri-

255 3872 414 3919 stum
458 3863 688 3931 t‘uturus,
736 3865 1149 3939 regeneratione
1182 3866 1450 3941 spirituali
1494 3874 1849 3937 superstante

254 3964 386 4012 erat
424 3952 682 4029 populum
718 3958 977 4031 priorem,
1016 3960 1083 4015 de
1120 3957 1324 4015 carnali
1367 3965 1581 4029 patrum
1620 3971 1866 4028 genera-.

257 4050 415 4105 tione
459 4050 802 4122 gloriantem.
854 4050 1037 4125 (Ιείά.)
1076 4050 1216 4107 Nam
1244 4051 1418 4121 major
1450 4051 1594 4107 illius
1621 4049 1843 4114 Ioseph.

257 4143 368 4197 hoc
411 4148 494 4199 est
536 4142 831 4211 Manasses,
876 4145 968 4214 qui
994 4144 1386 4216 interpretatur
1410 4145 1618 4209 oblivio,
1662 4153 1847 4217 typum

257 4236 405 4305 gerit
425 4234 753 4303 Iudaeorum,
776 4237 869 4307 qui
895 4237 1096 4293 oblitus
1116 4246 1203 4293 est
1222 4237 1392 4295 Deum
1414 4254 1573 4294 suum
1593 4238 1687 4309 qui
1712 4237 1846 4293 fecit

258 4340 421 4394 eum;
458 4328 638 4383 minor
656 4336 836 4384 autem
863 4328 1318 4396 Christianorum,
1342 4331 1437 4402 qui
1458 4330 1845 4391 fecunditatem

258 4428 440 4489 sonat,
488 4422 634 4493 quod
671 4430 756 4478 est
792 4425 1071 4494 proprium
1102 4425 1284 4496 populi
1306 4425 1562 4497 junioris,
1594 4426 1687 4496 qui
1716 4440 1843 4482 cor—

256 4530 366 4586 pus
408 4523 494 4571 est
532 4513 769 4583 Christi,
815 4516 909 4586 qui
956 4517 1276 4573 fecundatus
1319 4526 1404 4574 est
1452 4518 1509 4574 in
1556 4518 1846 4575 latitudine

260 4608 468 4663 mundi.
540 4606 651 4664 Hos
709 4610 929 4679 quidem
978 4624 1101 4665 cum
1158 4610 1482 4667 benedicere
1533 4611 1697 4667 vellet
1749 4610 1840 4669 Ia—
1865 4627 1919 4689 ι)

259 4697 384 4763 eob,
408 4699 587 4769 posuit
614 4690 816 4770 Ioseph
842 4700 1101 4771 Ephraim
1135 4702 1206 4757 ad
1252 4690 1557 4769 sinistram,
1592 4701 1840 4765 Manasse

260 4796 444 4844 autem
484 4791 554 4846 ad
592 4791 875 4847 dexteram
908 4792 1207 4848 constituit.
1263 4793 1336 4848 At
1383 4792 1478 4848 ille
1526 4792 1840 4851 cancellatis

259 4884 515 4940 manibus
536 4884 716 4941 crucis
743 4886 1061 4958 mysterium
1087 4885 1459 4957 pmﬁgurans,
1496 4885 1760 4942 translata
1784 4887 1842 4943 in

260 4979 473 5034 minore
512 4979 757 5046 dextera,
794 4979 990 5049 majori
1025 4980 1300 5036 sinistram
1331 4978 1700 5051 superposuit,
1734 4978 1842 5039 sio-

263 5086 368 5145 que
400 5073 577 5129 crucis
602 5072 900 5129 similitudo
926 5088 1088 5144 super
1129 5074 1307 5145 capita
1345 5085 1535 5129 eorum
1580 5072 1839 5130 deuotus

263 5164 461 5224 Iudaeis
486 5166 815 5231 scandalum,
844 5165 1179 5223 Christianis
1189 5165 1427 5223 futuram
1448 5166 1839 5239 gloriam'prm-

264 5257 528 5330 signavit;
555 5258 930 5330 senioremque
951 5273 1049 5330 per
1077 5258 1257 5316 crucis
1289 5260 1605 5331 mysterium
1632 5258 1839 5316 tholum

264 5351 331 5407 de
365 5351 592 5408 dextero
636 5352 940 5417 sinistrum,
994 5360 1051 5407 et
1086 5352 1358 5423 jnnlorem
1384 5352 1638 5409 dextrum
1663 5351 1733 5410 de
1756 5351 1836 5409 sb-

265 5445 459 5512 nistro,
512 5445 639 5517 quia
687 5443 886 5500 Iudaeis
922 5446 975 5500 in
1006 5453 1194 5501 nostra
1244 5447 1457 5502 deserta
1504 5446 1837 5515 labentibus,

267 5550 364 5593 nos
392 5535 609 5593 illorum
646 5535 877 5607 gratiam
918 5537 1095 5608 adepti
1143 5553 1359 5594 sumus:
1412 5537 1617 5609 talique
1656 5551 1841 5594 saera-

269 5636 448 5685 mento
485 5627 681 5699 majori
716 5628 914 5699 populo
942 5628 1249 5686 Judaeorum
1276 5631 1600 5703 prmpositus
1624 5640 1711 5687 est
1738 5632 1842 5688 mi-
1874 5652 1881 5661 ·

272 5736 368 5776 nor
399 5721 627 5793 populus
653 5721 913 5794 gentium.
951 5722 1101 5777 Unde
1129 5730 1183 5777 et
1212 5723 1355 5779 idem
1384 5724 1699 5794 patriarcha
1726 5723 1835 5779 ait:

277 5806 372 5869 Hic
394 5812 602 5886 quidem
636 5814 733 5870 erit
761 5813 816 5869 in
841 5813 1109 5887 populum,
1135 5816 1223 5870 sed
1253 5816 1337 5870 hic
1366 5815 1702 5872 excitabitur.

1963 2007 2145 2056 autem
2170 2017 2329 2072 super
2349 2000 2541 2071 fratres
2573 2009 2688 2056 tuos
2722 2002 2819 2068 ait,
2850 2000 3127 2073 respondit
3159 2003 3365 2075 absque
3394 2011 3543 2060 sorte

1956 2089 2171 2149 dedisse
2210 2106 2333 2148 eam
2375 2092 2539 2148 tribui
2570 2091 2789 2165 Ioseph.
2824 2093 2881 2150 Si
2919 2095 3139 2164 quidem
3184 2096 3376 2151 eodem
3418 2095 3540 2152 loco

1958 2183 2201 2261 sepultus
2245 2194 2329 2241 est
2364 2182 2582 2256 Ioseph,
2626 2196 2680 2241 et
2724 2186 3058 2243 mausoleum
3107 2187 3223 2262 ejus
3260 2188 3334 2244 ibi
3378 2188 3542 2246 hodie

1957 2281 2218 2332 cernitur.
2270 2276 2391 2331 Alia
2438 2286 2619 2333 autem
2666 2278 2902 2334 editione
2943 2280 3017 2335 ita
3058 2280 3295 2353 legitur:
3320 2279 3390 2334 Et
3444 2294 3538 2353 ego

1956 2369 2077 2425 dedi
2101 2369 2193 2424 tibi
2214 2367 2499 2424 Sichimam
2512 2372 2831 2442 praecipuam
2854 2389 3009 2444 super
3028 2373 3219 2445 fratres
3241 2382 3381 2440 tuos,
3400 2373 3543 2445 plus-

1955 2476 2115 2531 quam
2150 2458 2405 2529 fratribus
2435 2458 2563 2526 tuis,
2599 2476 2759 2531 quam
2788 2460 2963 2532 accepi
2988 2461 3052 2516 de
3080 2461 3321 2517 manibus
3345 2462 3539 2517 Amor-

1958 2554 2221 2609 rlurorum
2251 2554 2306 2609 in
2335 2546 2525 2625 gladio
2560 2570 2673 2609 meo
2720 2563 2768 2608 et
2813 2556 3025 2627 sagitta.
3077 2553 3340 2625 Sichima,
3380 2556 3542 2628 juxta

1957 2642 2205 2701 Graecam
2233 2653 2289 2700 et
2312 2645 2565 2700 Latinam
2610 2646 3058 2703 consuetudinem
3075 2689 3089 2715 ,
3139 2648 3408 2704 declinata
3434 2655 3540 2718 est,

1959 2738 2198 2809 alioquin
2240 2737 2506 2794 Hebraice
2543 2738 2759 2795 Sicbem
2809 2739 3029 2807 dicitur,
3057 2747 3119 2795 ut
3139 2737 3379 2796 Ioannes
3407 2755 3544 2813 quo-

1959 2828 2408 2900 queevangelista
2433 2836 2664 2884 testatur
2685 2826 2867 2901 (Joan.
2886 2828 2986 2901 ιν),
3003 2829 3128 2885 licet
3150 2829 3346 2886 vitiose
3370 2837 3429 2885 ut
3454 2828 3544 2885 Si-

1960 2920 2094 2976 cbar
2136 2920 2347 2993 legatur
2396 2934 2553 2975 error
2598 2919 2836 2984 inolevit,
2888 2928 2943 2974 et
2978 2930 3064 2976 est
3090 2936 3234 2976 nunc
3261 2920 3540 2993 Neapolis,

1958 3015 2090 3069 urbs
2120 3011 2605 3069 Samaritanorum.
2635 3012 2770 3081 Quia
2818 3028 2950 3086 ergo
2981 3011 3197 3070 Sichem
3223 3014 3406 3084 lingua
3433 3014 3542 3072 He-

1959 3105 2104 3162 braea
2157 3102 2487 3159 transfertur
2526 3103 2582 3159 in
2632 3103 2938 3172 humerum,
2991 3104 3217 3175 pulchre
3266 3104 3447 3161 allusit
3472 3104 3541 3162 ad

1961 3211 2160 3253 nomen
2205 3196 2429 3253 dicens:
2461 3194 2530 3249 Et
2565 3211 2657 3266 ego
2700 3196 2835 3251 dabo
2881 3197 2976 3251 tibi
3025 3198 3302 3252 humerum
3353 3215 3538 3254 unum.

1958 3285 2138 3355 Quaeri
2179 3294 2359 3341 tamen
2404 3302 2512 3342 non
2554 3285 2999 3343 inconve‘nienter
3034 3296 3242 3358 potest,
3279 3290 3543 3359 quemad-

1955 3380 2178 3436 modum
2233 3377 2407 3434 valeat
2442 3379 2511 3434 ad
2559 3378 2795 3434 litteram
2843 3381 3152 3436 convenire.
3204 3379 3348 3436 Emit
3392 3380 3539 3437 enim

1955 3478 2173 3526 centum
2220 3471 2373 3543 agnis
2418 3470 2815 3540 possessionem
2865 3471 3027 3537 illam,
3087 3487 3195 3526 non
3221 3472 3384 3542 coepit
3415 3472 3541 3543 jure

1953 3561 2197 3617 victoria:
2226 3562 2453 3617 bellicm.
2492 3560 2576 3616 An
2604 3562 2730 3632 quia
2760 3559 2940 3617 Salem
2967 3561 3242 3618 civitatem
3270 3561 3540 3648 Sichimo;

1953 3668 2073 3708 rum
2102 3652 2198 3707 lilii
2220 3652 2339 3723 ejus
2364 3660 2830 3725 expugnaverunt,
2853 3659 2910 3709 et
2929 3654 3051 3726 jure
3072 3652 3196 3710 belli
3222 3654 3399 3725 potuit
3422 3652 3540 3723 ejus

1953 3742 2093 3809 ﬁeri,
2118 3752 2177 3798 ut
2196 3742 2402 3813 justum
2426 3744 2627 3800 bellum
2657 3760 2779 3799 cum
2801 3744 2881 3800 eis
2910 3745 3157 3801 videatur
3177 3756 3411 3819 gestum,
3442 3747 3537 3819 qui

1955 3841 2160 3889 tantam
2185 3835 2396 3906 priores
2427 3835 2680 3908 injuriam
2710 3835 2958 3893 fecerunt
2980 3839 3036 3893 in
3064 3837 3180 3907 ejus
3208 3837 3319 3895 ﬁlia
3350 3851 3538 3896 conta—

1950 3926 2249 3981 minanda?
2287 3925 2396 3982 Cur
2418 3942 2524 3981 non
2547 3942 2675 3998 ergo
2700 3926 2807 3983 illis
2826 3926 2971 3982 illam
3009 3938 3213 3983 terram
3242 3928 3409 3997 dedit,
3432 3930 3536 4001 qui

1951 4019 2057 4074 hoc
2092 4028 2568 4091 perpetraverunt,
2616 4020 2721 4076 hoc
2755 4029 2839 4077 est
2878 4021 3176 4092 majoribus
3216 4019 3341 4078 ﬁliis
3388 4018 3537 4077 suis?

1954 4110 2172 4176 Deinde,
2222 4113 2268 4168 si
2296 4113 2459 4168 modo
2484 4129 2553 4169 ex
2581 4113 2673 4168 illa
2706 4114 2933 4169 victoria
2974 4114 3232 4185 glorians,
3277 4115 3371 4171 dat
3410 4130 3534 4172 eam

1950 4215 2153 4262 terram
2186 4205 2300 4260 ﬁlio
2329 4220 2428 4261 suo
2462 4203 2682 4277 Ioseph,
2732 4218 2831 4262 cur
2877 4207 2928 4262 ei
2977 4206 3369 4278 displicuerunt
3404 4216 3536 4265 tunc
3626 4220 3633 4229 ‘
3680 4197 3702 4210 ’

1949 4298 2044 4353 ﬁlii
2081 4299 2173 4371 qui
2204 4299 2310 4355 huc
2342 4296 2768 4353 commiserunt?
2804 4294 2913 4354 Cur
2945 4296 3178 4371 denique
3203 4299 3369 4357 etiam
3390 4314 3535 4359 nunc

1948 4407 2070 4446 cum
2101 4407 2196 4447 eos
2221 4390 2589 4459 benediceret,
2606 4392 2986 4464 exprobrando
3012 4390 3067 4448 id
3088 4392 3537 4450 commemoravit

1947 4484 2001 4538 in
2028 4483 2189 4540 factis
2215 4484 2441 4541 eorum?
2474 4484 2671 4541 Procul
2700 4483 2863 4542 dubio
2887 4499 3017 4557 ergo
3046 4485 3261 4556 aliquod
3283 4486 3373 4543 hic
3400 4485 3535 4543 latet

1946 4576 2328 4647 propheticum
2364 4585 2787 4641 sacramentum,
2834 4576 2959 4647 quia
2993 4584 3049 4633 et
3072 4574 3271 4648 Ioseph
3297 4578 3532 4647 quadam

1946 4669 2216 4738 praecipua
2252 4667 2648 4740 signiﬁcatione
2675 4669 2953 4724 Christum
2989 4668 3376 4743 praeﬂguravit.
3404 4679 3461 4727 et
3480 4673 3532 4729 ei

1947 4758 2108 4814 datur
2134 4759 2226 4814 illa
2249 4768 2393 4816 terra
2418 4761 2511 4816 ubi
2531 4761 2929 4833 disperdiderat
2948 4761 3227 4818 obrucndo
3249 4765 3378 4820 deos
3401 4764 3534 4821 alle-

1946 4867 2049 4908 nos
2067 4852 2257 4919 Iacob,
2293 4861 2353 4908 ut
2382 4853 2633 4914 Christus
2663 4854 2996 4928 intelligatur
3015 4866 3367 4929 possessums
3395 4871 3530 4929 gen-

1949 4949 2032 4999 tes
2066 4942 2170 5009 diis
2192 4951 2410 5015 patrum
2448 4960 2668 5002 suorum
2714 4948 3112 5017 renuntiantes,
3153 4957 3210 5004 et
3246 4948 3532 5005 credentes

1948 5033 2005 5089 in
2030 5048 2174 5090 eum.
3537 5088 3543 5109 τ

2015 5122 2118 5180 His
2144 5126 2433 5198 completis,
2462 5129 2657 5184 vocavit
2686 5127 2850 5186 Iacob
2877 5127 3020 5202 filios
3049 5145 3194 5186 suos.
3230 5138 3286 5185 ut
3317 5128 3528 5186 benedi-

1946 5227 2082 5274 ceret
2121 5235 2228 5274 eos.
2277 5218 2503 5292 Mystico
2531 5221 2721 5278 ordine
2751 5220 2997 5293 loquens,
3031 5231 3291 5294 tanquam
3318 5219 3529 5281 futuro-

1946 5324 2131 5365 rorum
2165 5324 2293 5365 vere
2315 5311 2600 5382 praescius,
2644 5312 2780 5368 dixit
2818 5314 2898 5368 eis
2933 5327 3053 5385 quae
3074 5310 3409 5389 temporibus
3431 5329 3533 5374 no-

1946 5401 2188 5459 vissimis
2230 5400 2415 5460 futura
2454 5412 2631 5468 erant,
2672 5419 2791 5474 quae
2816 5412 2996 5460 tamen
3026 5413 3084 5462 et
3110 5406 3407 5464 secundum
3444 5402 3531 5465 bi-

1946 5494 2174 5551 storiam
2196 5495 2265 5552 de
2293 5495 2559 5552 divisione
2584 5502 2745 5550 terra:
2774 5495 3230 5567 repromissionis,
3257 5498 3531 5570 quomOdo

1947 5584 2233 5643 dividenda
2259 5586 2424 5642 fuerit
2456 5587 2742 5658 nepotibus
2770 5586 3003 5655 illorum,
3035 5588 3351 5661 accipienda
3380 5582 3524 5658 sunt,

1948 5684 2003 5733 et
2024 5678 2321 5734 secundum
2344 5677 2658 5748 allegoriam
2694 5678 2761 5733 de
2790 5676 3008 5735 Christo
3031 5687 3086 5734 et
3114 5676 3359 5737 Ecclesia
3385 5682 3529 5751 prai-

1945 5768 2091 5825 dicta
2132 5769 2436 5825 certissime
2484 5768 2664 5826 veraci
2707 5768 2981 5827 intellectu
3026 5772 3373 5829 sentiendum
3414 5763 3539 5827 est.‘

1949 5859 2057 5919 Sed
2080 5863 2231 5935 prius
2277 5863 2516 5920 historiae
2562 5862 2911 5922 fundamenta
2948 5860 3201 5939 ponenda
3248 5867 3404 5929 sunt,
3456 5868 3525 5927 ut
