3946 6464
447 286 555 356 655

1116 290 1179 346 B.
1217 286 1474 345 RABANI
1513 285 1731 343 MAURI
1766 284 2085 342 ARCHIEP.
2127 285 2439 344 MOGUNT.
2481 283 2764 342 OPERUM
2807 283 2988 340 PARS
3024 282 3066 338 1.

3627 286 3743 340 656

447 416 630 488 aptius
687 409 960 484 allegoria:
1019 405 1228 464 culmen
1287 405 1458 477 priori
1515 412 1801 461 structurte
1841 417 2032 474 super-
2057 403 2109 465 Α
2135 401 2321 457 leama.
2355 402 2485 468 Quis
2509 401 2780 457 suscitabit
2803 401 2960 456 eum?
2983 399 3119 468 Quia
3144 398 3281 457 Iuda
3307 402 3600 462 confessio
3631 402 3755 457 sive

444 519 921 676 νοὲἷῒέτῖεααυηὶηἱ
951 608 1000 654 et
1031 599 1232 663 audite,
1274 596 1376 667 ﬁcii
1415 594 1602 659 Iacob,
1649 593 1829 649 audite
1859 589 2031 647 Israel

445 708 648 774 patrem
678 706 920 752 vestrum.
949 691 1146 765 (Θήρ.)
1177 689 1284 746 Sed
1319 689 1555 747 fortasse
1591 687 1839 758 requiras
1851 699 2033 780 quare

449 793 544 847 filii
580 788 748 846 Iacob
776 787 1029 842 dicuntur
1056 783 1148 854 qui
1176 781 1525 848 conveniunt,
1551 779 1717 836 Israel
1745 777 1876 835 vero
1904 777 2035 834 dici-

451 890 542 937 tur
569 881 662 952 qui
688 877 961 933 benedicit
987 890 1102 931 eos.
1144 872 1281 929 Vide
1327 889 1395 928 ne
1428 872 1568 929 forte
1603 873 1707 928 hoc
1742 869 2030 936 indicetur,

443 974 588 1046 quod
604 973 678 1028 illi
692 971 930 1028 nondum
943 982 1180 1038 eousque
1191 966 1556 1039 profecerant,
1572 973 1630 1020 ut
1642 964 2032 1038 lsraelmeritis

443 1073 814 1137 aequarentur,
839 1072 895 1118 et
917 1061 1040 1118 ideo
1062 1061 1141 1116 illi
1171 1060 1267 1115 filii
1293 1059 1464 1117 Iacob
1489 1061 1745 1117 dicuntur
1770 1068 2032 1131 tanquam

443 1159 769 1224 inferiores;
795 1156 886 1212 ille
909 1168 1039 1209 vero
1065 1153 1158 1223 qui
1185 1151 1300 1223 jam
1324 1153 1600 1223 perfectus
1628 1161 1763 1218 erat,
1786 1161 1843 1210 et
1867 1154 2032 1210 bene-

443 1249 713 1306 dictiones
762 1251 1067 1309 futurorum
1116 1251 1366 1308 conscius
1408 1247 1572 1304 dabat
1646 1246 1815 1304 lsrael
1849 1245 2033 1319 appel-

441 1342 607 1399 latur.
670 1387 675 1392 .

1032 1436 1276 1494 'CAPUT
1315 1435 1434 1493 XV.

444 1533 524 1588 De
557 1531 1000 1587 benedictionibus
1047 1530 1323 1601 duodecim
1359 1528 1805 1601 patriarcharum,
1841 1526 2028 1598 quibus

762 1603 1022 1656 benedixit
1059 1600 1167 1656 illis
1193 1610 1340 1672 pater
1359 1598 1494 1655 suus
1523 1598 1711 1654 Iacob.

515 1717 647 1773 CAP.
678 1714 853 1786 xux.)
877 1714 1056 1768 Ruben
1089 1700 1467 1784 primogenitus
1493 1728 1659 1778 meus,
1687 1721 1743 1766 tu
1772 1710 2028 1780 fortitudo

2135 493 2253 548 laus
2281 493 2692 563 interpretatur,
2714 498 2861 547 recte
2881 491 3136 547 scribitur
3162 509 3174 543 :
3207 490 3377 558 Iuda,
3407 493 3754 563 conﬁtebun-

2135 591 2220 638 tur
2241 583 2334 638 tibi
2369 582 2584 652 fratres,
2621 581 2699 638 vel
2723 581 3016 637 laudabunt
3049 589 3116 634 te.
3159 580 3226 635 Et
3252 581 3377 636 licet
3416 583 3487 636 de
3512 582 3753 639 Christo

2136 677 2338 748 grande
2384 675 2702 748 mysterium
2755 675 2864 739 sit,
2915 681 3096 730 tamen
3143 673 3445 730 secundum
3489 673 3748 730 litteram

2136 768 2430 840 significat,
2465 767 2610 839 quod
2627 784 2726 839 per
2746 767 2914 822 David
2934 766 3170 838 jstirpcm
3189 777 3530 839 generantur
3554 783 3744 839 reges,

2135 868 2190 916 et
2226 861 2370 932 quod
2407 862 2638 917 adorent
2675 875 2801 916 eum
2843 875 3034 916 omnes
3072 859 3266 914 tribus.
3299 858 3421 916 Non
3448 861 3614 916 enim
3645 863 3746 926 ait,

2134 951 2231 1008 ﬁlii
2277 953 2468 1009 matris
2515 960 2652 1021 tuae,
2703 953 2798 1008 sed
2845 950 2943 1008 ﬁlii
2989 952 3161 1023 patris
3207 951 3319 1018 tui;
3360 960 3420 1008 et
3456 953 3618 1024 quod
3655 969 3741 1010 se-

2135 1045 2349 1117 quhur:

2203 1138 2286 1193 Ad
2298 1139 2553 1210 prwdam,
2569 1137 2650 1209 fili
2669 1140 2762 1206 mi,
2786 1139 3088 1206 ascendisti,
3109 1139 3346 1195 ostendit
3359 1153 3491 1195 eum
3504 1139 3744 1212 populos

2133 1231 2373 1301 captivos
2415 1245 2536 1288 esse
2585 1233 2890 1298 ducturum,
2921 1240 2978 1287 et
3015 1231 3172 1304 juxta
3201 1231 3633 1304 intelligentiam
3663 1248 3742 1288 sa-

2131 1325 2425 1381 cratiorem
2447 1366 2462 1392 ,
2517 1327 2827 1382 ascendisse
2859 1325 3114 1381 inaltum
3136 1367 3153 1392 ,
3197 1327 3477 1396 captivam
3512 1327 3740 1383 duxisse

2130 1419 2540 1491 captivitatem;
2571 1420 2702 1485 sive,
2727 1420 2871 1492 quod
2893 1419 3263 1491 meliusputo,
3278 1420 3590 1491 captivitas
3619 1435 3741 1492 pas-

2129 1512 2362 1578 sionem,
2393 1526 2650 1568 ascensus
2675 1512 3130 1568 resurrectionem
3156 1512 3450 1584 significat.

2202 1606 2439 1679 Alligans
2469 1607 2540 1660 ad
2589 1607 2792 1661 vineam
2820 1604 3023 1678 pullum
3048 1621 3225 1672 suum,
3253 1614 3301 1660 et
3327 1606 3398 1660 ad
3435 1606 3602 1660 vitem
3633 1608 3738 1660 asi-

2130 1683 2256 1756 nam
2285 1717 2459 1756 suam.
2487 1699 2644 1768 Quod
2669 1699 2919 1756 videlicet
2944 1700 3150 1771 pullum
3171 1700 3337 1756 asina!
3356 1699 3450 1757 cui
3484 1715 3740 1772 superse~

441 1825 584 1874 mea,
609 1817 658 1863 et
680 1773 996 1879 principium
1017 1773 1215 1860 doloris
1240 1773 1341 1860 mei
1355 1823 1372 1870 ;
1402 1805 1548 1876 prior
1569 1804 1623 1857 in
1645 1773 1824 1869 donis,
1852 1802 2027 1873 major
2055 1773 2104 1834 Β
2131 1791 2211 1847 dit
2229 1791 2408 1859 Iesus,
2439 1798 2541 1848 hoc
2575 1800 2662 1848 est
2695 1791 2976 1864 gentilium
3002 1791 3279 1863 populum,
3309 1793 3491 1849 vineae
3521 1803 3738 1865 aposto-

438 1899 677 1971 imperto.
695 1899 743 1953 E
745 1900 914 1969 [fusus
929 1915 980 1954 es
1000 1899 1135 1954 sicut
1155 1915 1315 1970 aqua,
1339 1913 1442 1951 non
1465 1913 1687 1962 crescas,
1704 1895 1829 1967 quia
1843 1911 2028 1950 ascen-

436 1994 563 2048 disti
602 1992 772 2048 cubile
807 1993 976 2063 patris
1019 1991 1135 2056 tui,
1186 2000 1234 2044 et
1277 1987 1556 2044 maculasti
1606 1997 1834 2043 stratum
1884 1986 2020 2056 ejus.

437 2082 537 2140 Est
581 2091 761 2138 autem
801 2097 993 2138 sensus
1037 2081 1169 2137 hic:
1204 2079 1285 2134 Tu
1327 2095 1388 2135 es
1428 2079 1820 2150 primogenitus
1847 2093 2021 2144 meus,

436 2172 615 2241 major
641 2172 696 2227 in
718 2172 925 2238 liberis,
958 2181 1015 2227 et
1047 2171 1285 2226 debebas
1306 2168 1462 2238 juxta
1488 2169 1736 2225 ordinem
1769 2168 2025 2223 nativita-

439 2269 510 2324 tis
537 2277 662 2332 tuaa,
691 2275 748 2323 et
779 2266 1148 2323 haereditatem
1175 2280 1296 2334 quin
1324 2264 1702 2336 primogenitis
1717 2262 1838 2332 jure
1868 2263 2026 2319 debe-

437 2368 550 2424 tur,
583 2358 947 2415 sacerdotium
998 2357 1247 2428 accipcre
1295 2367 1350 2411 et
1395 2372 1642 2427 regnum.
1687 2353 1801 2410 Hoc
1825 2355 2024 2426 quippe

435 2451 780 2522 in'portando
805 2465 969 2505 onere
989 2459 1044 2504 et
1062 2448 1352 2520 przevalido
1379 2448 1573 2502 robore
1597 2448 2020 2502 demonstratur.

437 2546 640 2601 Verum
667 2545 792 2615 quia
821 2543 1080 2615 peccasti,
1125 2541 1280 2612 quasi
1324 2557 1464 2612 aqua
1503 2556 1622 2611 qua:
1663 2541 1884 2596 vasculo
1915 2557 2022 2596 non

433 2645 674 2702 tenetur,
720 2635 1011 2706 voluptatis
1049 2633 1252 2688 effusus
1281 2648 1340 2687 es
1377 2635 1601 2704 impetu,
1648 2633 1852 2688 ideirco
1877 2647 2018 2704 pra:-

428 2731 572 2802 cipio
612 2730 710 2786 tibi
757 2738 818 2784 ut
855 2729 997 2784 ultra
1039 2744 1148 2782 non
1199 2743 1425 2798 pecces,
1469 2726 1652 2797 sisque
1694 2726 1746 2780 in
1790 2725 2018 2781 fratrum

429 2839 659 2879 numero
696 2837 886 2892 poenas
918 2823 1123 2892 peccati
1171 2820 1345 2885 luens,
1378 2819 1521 2890 quod
1555 2818 1901 2890 primogeniti
1931 2834 2020 2874 or-

428 2915 608 2971 dinem
636 2913 940 2984 pcrdidisti.
969 2911 1196 2984 (Ambr.)
1249 2911 1581 2981 Principium
1610 2910 2018 2966 autem-doloris

426 3017 512 3062 est
540 3006 719 3061 omnis
765 3005 1180 3075 primogenitus,
1226 3004 1351 3073 quia
1388 3019 1488 3073 pro
1517 3017 1583 3058 eo
1609 3009 2020 3056 commoventur

426 3099 666 3173 primum
692 3098 901 3152 viscera
927 3106 1236 3166 parentum.

498 3192 683 3246 Simon
717 3198 763 3243 et
804 3188 926 3243 Levi
955 3188 1145 3259 fratres
1170 3228 1185 3253 ,
1227 3205 1350 3242 vasa
1396 3187 1686 3259 iniquitatis
1734 3184 2007 3240 bellantia.

423 3283 495 3340 In
523 3282 744 3337 consilia
788 3299 970 3336 eorum
1009 3299 1071 3336 ne
1103 3282 1278 3336 veniat
1313 3282 1492 3336 anima
1528 3298 1667 3347 mea,
1697 3289 1747 3336 et
1786 3280 1844 3334 in
1884 3288 2016 3334 etetu

423 3374 638 3430 illorum
681 3391 785 3429 non
811 3373 877 3428 sit
905 3372 1074 3444 gloria
1111 3390 1248 3437 mea,
1293 3373 1417 3444 quia
1453 3372 1507 3426 in
1549 3372 1728 3440 furore
1757 3388 1854 3425 suo
1887 3371 2019 3424 occi—

423 3464 614 3520 derunt
637 3465 830 3530 virum,
858 3475 905 3519 et
928 3465 982 3518 in
1007 3463 1276 3519 voluntate
1301 3481 1398 3518 sua
1427 3464 1755 3533 suﬂoderunt
1780 3478 2013 3516 murum.

420 3557 706 3627 Signiﬁcat
747 3565 931 3612 autem
977 3574 1086 3613 non
1135 3557 1218 3612 sui
1260 3556 1427 3612 fuisse
1470 3556 1708 3622 consilii,
1744 3555 1891 3626 quod
1931 3553 2018 3609 Si-

420 3653 580 3708 chem
603 3660 659 3706 et
683 3651 850 3706 Emor
875 3649 1166 3705 fcederatos
1190 3649 1337 3703 viros
1362 3647 1772 3710 interfecerunt,
1801 3653 2016 3700 contra-

419 3760 528 3816 que
566 3744 658 3814 jus
703 3743 856 3814 pacis
893 3750 948 3796 et
997 3741 1364 3796 amicitiarum
1413 3739 1732 3810 sanguinem
1777 3738 2017 3792 fuderint

419 3836 796 3902 innocentem,
829 3843 884 3890 et
913 3834 1067 3904 quasi
1094 3833 1327 3904 quodam
1354 3831 1556 3898 furore,
1588 3831 1667 3886 sic
1693 3831 2018 3886 crudelitate

419 3929 642 3998 raptati,
691 3943 876 3983 muros
925 3927 1153 3996 hospita:
1199 3924 1443 3980 civitatis
1489 3922 1805 3980 everterint.
1861 3921 2015 3978 Unde

423 4021 672 4089 sequitur
693 4029 750 4072 et
771 4019 905 4074 dicit
929 4036 941 4069 :

491 4110 807 4163 Malcdictus
829 4111 981 4178 furor
1000 4125 1204 4172 eorum,
1226 4108 1352 4176 quia
1375 4124 1605 4178 procax;
1629 4117 1677 4162 et
1700 4107 1781 4160 ira
1808 4121 2012 4170 eorum,

416 4203 542 4274 quia
587 4202 744 4256 dura.
768 4201 1017 4256 Dividam
1045 4217 1131 4254 eos
1159 4202 1215 4254 in
1241 4198 1409 4253 Iacob
1428 4240 1443 4265 ,
1490 4209 1539 4253 et
1584 4199 1884 4269 dispergam
1925 4213 2012 4251 eos

419 4296 475 4348 in
506 4293 694 4347 Israel.
721 4294 851 4348 Levi
882 4293 1030 4348 enim
1061 4292 1435 4348 haereditatem
1459 4290 1740 4362 propriam
1780 4305 1888 4344 non
1922 4305 2013 4344 ae-

418 4384 586 4454 cepit,
615 4385 710 4439 sed
736 4385 792 4439 in
817 4385 1071 4440 omnibus
1109 4384 1367 4454 sceptris,
1414 4398 1615 4454 paucas
1646 4383 1810 4437 urbes
1839 4383 1907 4437 ad
1932 4383 2012 4436 in-

2047 3131 2094 3194 C

2129 1884 2305 1941 lorum
2328 1885 2418 1956 qui
2446 1901 2514 1942 ex
2541 1884 2741 1942 Iudteis
2791 1895 2920 1940 sunt
2958 1884 3313 1956 copulaverit,
3335 1895 3394 1941 et
3427 1886 3506 1940 ad
3536 1886 3701 1941 vitem
3720 1929 3734 1953 ,

2127 1979 2259 2044 sive,
2292 1987 2352 2034 ut
2379 1979 2435 2034 in
2477 1977 2706 2035 Hebraeo
2739 1979 2925 2046 habet,
2958 1979 3027 2034 ad
3064 1993 3243 2044 sorec,
3276 1978 3330 2035 id
3356 1987 3467 2044 est,
3502 1977 3735 2035 electam

2127 2073 2315 2139 vitem,
2346 2073 2652 2145 alligaverit
2677 2073 2886 2128 asinam
2911 2071 3000 2128 cui
3028 2071 3375 2142 supersedit,
3423 2071 3736 2128 Eeclesiam

2125 2181 2194 2223 ex
2241 2167 2550 2224 nationibus
2593 2175 3001 2239 eongregatam.
3035 2165 3189 2234 Quod
3235 2175 3421 2222 autem
3470 2167 3634 2233 dicit,
3658 2170 3734 2236 ﬁli

2123 2262 2220 2329 mi,
2243 2263 2607 2334 apostrophen
2640 2262 2706 2317 ad
2744 2261 2923 2332 ipsum
2966 2257 3160 2314 Iudam
3209 2259 3364 2325 facit,
3395 2261 3550 2330 quod
3581 2261 3733 2316 Chri-

2127 2364 2243 2410 stus
2298 2355 2414 2410 haec
2464 2354 2536 2410 sit
2573 2353 2831 2411 universa
2874 2352 3138 2411 facturus.
3183 2351 3340 2421 Quod
3377 2362 3572 2410 autem
3603 2354 3733 2410 dici-

2123 2455 2214 2504 tur
2241 2465 2257 2504 ἒ

2197 2539 2323 2597 Νοη
2352 2541 2622 2612 auferetur
2656 2549 2919 2612 sceptrum
2972 2539 3038 2594 de
3075 2537 3255 2607 Iuda,
3306 2547 3356 2594 et
3385 2539 3504 2593 dua:
3541 2539 3608 2593 de
3653 2540 3727 2608 fe-

2121 2635 2354 2690 moribus
2378 2635 2514 2705 ejus,
2548 2636 2710 2690 donec
2745 2635 2917 2690 veniat
2947 2633 3037 2690 ille
3067 2633 3158 2706 qui
3202 2633 3494 2687 mittendus
3519 2644 3640 2697 est;
3686 2643 3728 2686 et

2121 2725 2230 2796 ipse
2256 2726 2355 2779 erit
2386 2727 2703 2796 exspectatio
2731 2726 2983 2797 gentium,
3011 2724 3284 2797 signiﬁcat
3321 2726 3471 2794 quod
3501 2741 3612 2780 non
3640 2726 3727 2780 de-

2122 2814 2348 2872 ficerent
2382 2818 2655 2889 principes
2683 2819 2750 2873 de
2791 2817 2934 2874 tribu
2961 2816 3099 2873 Iuda
3121 2857 3136 2885 ,
3188 2833 3363 2888 usque
3413 2818 3485 2872 ad
3519 2827 3729 2889 tempus

2120 2924 2230 2981 quo
2269 2919 2430 2967 natus
2471 2920 2557 2968 est
2577 2911 2849 2978 Christus,
2876 2910 2993 2983 qui,
3019 2911 3218 2968 missus
3242 2927 3276 2967 a
3305 2910 3499 2977 Patre,
3533 2927 3726 2984 exspe-

2122 3003 2292 3060 ctatio
2320 3013 2404 3061 est
2429 3005 2689 3074 gentium.

2195 3093 2436 3151 Zabulon
2457 3099 2512 3150 in
2549 3097 2725 3152 littore
2749 3099 2914 3153 maris
2961 3097 3214 3152 habitabit
3241 3137 3257 3164 ,
3310 3106 3360 3153 et
3413 3096 3471 3151 in
3509 3101 3727 3153 station

2124 3188 2360 3254 navium,
2381 3190 2680 3261 pertingens
2726 3207 2888 3262 usque
2914 3191 2984 3245 ad
3008 3189 3280 3246 Sidonem.
3315 3190 3582 3247 Issaehar
3626 3195 3726 3248 asi-

2122 3297 2222 3336 nus
2250 3281 2426 3352 fortis,
2448 3283 2707 3338 accubans
2734 3284 2871 3339 inter
2896 3284 3168 3351 terminos,
3186 3285 3314 3339 vidit
3333 3287 3573 3356 requiem
3593 3288 3725 3359 quod

2121 3383 2254 3428 esset
2279 3374 2434 3440 bona,
2467 3387 2514 3430 et
2539 3386 2733 3432 terram
2764 3377 2905 3448 quod
2934 3378 3163 3449 optima,
3210 3381 3493 3450 supposuit
3550 3382 3724 3434 Itum:-

2120 3483 2240 3520 rum
2278 3484 2434 3522 suum
2461 3485 2530 3522 aa
2566 3469 2916 3539 portandum,
2977 3469 3252 3541 factusque
3272 3481 3352 3524 est
3384 3471 3606 3526 tributis
3627 3489 3726 3526 ser-

2115 3559 2282 3614 viens.
2309 3559 2446 3626 Quia
2491 3574 2653 3629 supra
2705 3559 2773 3614 de
2821 3559 3060 3615 Zabulon
3104 3561 3318 3616 dixerat
3359 3562 3510 3631 quod
3568 3563 3724 3617 maris

2120 3649 2303 3720 magni
2337 3649 2516 3704 littora
2541 3658 2686 3705 esset
2710 3665 3081 3720 possessurus,
3117 3649 3379 3707 Sidonem
3423 3669 3650 3724 quoque
3670 3663 3722 3708 et

2118 3741 2359 3814 reliquas
2383 3742 2670 3798 thnices
2690 3743 2855 3799 urbes
2881 3744 3243 3812 contingeret,
3269 3759 3419 3799 nunc
3451 3746 3523 3800 ad
3559 3746 3723 3801 medi-

2118 3842 2425 3892 terraneam
2462 3835 2798 3905 provinciam
2845 3837 3006 3903 redit,
3034 3846 3090 3892 et
3133 3835 3384 3892 lssachar
3429 3837 3526 3908 qui
3568 3837 3720 3909 juxta

2118 3925 2462 3997 Nephthalim
2487 3927 2909 3999 pulcherrimam
2948 3927 3004 3981 in
3030 3925 3252 3982 Galiltea
3282 3927 3570 3999 regionem
3602 3943 3720 3998 pos-

2116 4034 2367 4075 sessurus
2403 4028 2523 4085 est,
2571 4018 2947 4076 benedictione
2993 4034 3091 4074 sua
3136 4019 3512 4074 habitatorem
3569 4019 3715 4074 facit.

2115 4114 2342 4169 Asinum
2375 4121 2557 4168 autem
2586 4127 2803 4168 osseum
2834 4112 2918 4167 vel
2947 4111 3143 4168 fortem
3172 4119 3334 4168 vocat
3359 4153 3376 4177 ,
3428 4122 3486 4168 et
3527 4113 3717 4168 hume-

2114 4223 2237 4262 rum
2262 4206 2328 4260 ad
2353 4207 2677 4276 portandum
2705 4205 2966 4268 debitum,
2991 4205 3116 4274 quia
3148 4205 3202 4258 in
3239 4203 3430 4260 labore
3460 4215 3644 4272 terrm,
3667 4217 3718 4261 et

2114 4300 2374 4355 vehendis
2396 4299 2464 4354 ad
2503 4314 2653 4353 mare
2696 4315 2816 4369 qua:
2847 4298 2899 4352 in
2937 4297 3135 4352 finibus
3165 4297 3279 4352 suis
3323 4298 3712 4360 nascebantur,

2110 4392 2403 4464 plurimum
2433 4390 2718 4457 laboravit,
2744 4391 2960 4461 regibus
2989 4404 3203 4459 quoque
3234 4390 3438 4445 tributa
3463 4405 3710 4462 compor-

419 4477 773 4534 habitandum
814 4479 1024 4534 habuit.
1063 4480 1139 4534 De
1185 4478 1406 4534 Simeon
1442 4493 1572 4532 vero
1611 4477 1665 4531 in
1706 4476 1845 4531 libro
1881 4474 2010 4532 Iesu
2035 4507 2090 4568 D
2117 4496 2258 4542 mus,
2291 4486 2458 4540 Aiunt
2486 4484 2694 4540 Hebr-mi
2717 4499 2814 4556 per
2833 4483 3208 4554 metaphoram
3238 4481 3540 4554 signiﬁcari
3572 4480 3709 4554 quod

419 4569 682 4640 scriptum
717 4579 822 4638 cst,
849 4571 993 4641 quod
1024 4580 1078 4627 et
1114 4570 1229 4641 ipse
1257 4571 1538 4641 proprium
1571 4571 1868 4627 funiculum
1901 4587 2008 4625 non

415 4663 582 4718 fuerit
616 4671 962 4729 consecutus,
1006 4663 1101 4719 sed
1129 4662 1198 4718 de
1229 4663 1375 4718 tribu
1399 4662 1536 4718 Iuda
1561 4663 1818 4734 quiddam
1855 4677 2011 4717 acce-

415 4764 593 4828 perat.
621 4755 681 4810 ln
700 4755 1134 4826 Paralipomenis
1159 4762 1342 4810 autem
1377 4754 1722 4811 manifestius
1753 4754 2011 4810 scribitur

415 4848 561 4917 quod
601 4861 723 4901 cum
758 4846 1146 4916 multiplicatus
1172 4846 1383 4912 fuisset,
1402 4847 1467 4902 'et
1489 4863 1597 4902 non
1630 4849 1859 4903 haberet
1877 4862 2005 4917 pos-

416 4937 680 4992 sessionis
723 4935 924 5002 locum,
963 4937 1160 4992 exierit
1210 4937 1264 4992 in
1309 4938 1604 4993 desertum.
1643 4938 1874 5006 Quidam
1903 4937 2007 4993 hoc

414 5030 559 5100 quod
589 5030 645 5084 in
675 5029 1032 5101 Septuaginta
1068 5030 1267 5100 legitur
1295 5048 1307 5083 :
1340 5030 1407 5084 In
1449 5031 1628 5100 furore
1653 5049 1749 5086 suo
1788 5031 2006 5100 interfe-

415 5133 600 5176 cerunt
642 5122 900 5188 homines,
952 5131 998 5176 et
1036 5122 1090 5176 in
1125 5120 1386 5174 desiderio
1422 5138 1519 5175 suo
1565 5122 2006 5177 subnervaverunt

414 5221 650 5278 taurum,
690 5212 1005 5283 prophetice
1049 5210 1365 5267 interfectos
1415 5211 1663 5268 homines
1711 5212 2003 5281 apostolos,

398 5309 472 5370 _et
501 5303 889 5358 subnervatum
919 5311 1134 5357 taurum
1157 5300 1438 5358 Christum
1467 5301 1915 5372 interpretantur.

399 5443 406 5452 ,
485 5393 718 5459 Iuda,te
738 5394 1028 5450 laudabunt
1051 5395 1240 5465 fratres
1260 5395 1360 5449 tui.
1378 5393 1572 5448 Manus
1595 5404 1699 5449 tua:
1719 5396 1774 5448 in
1794 5395 2007 5449 cervici-

415 5489 511 5542 bus
541 5488 874 5542 inimicorum
903 5500 1140 5544 tuorum.
1175 5489 1491 5544 Adorabunt
1519 5498 1567 5542 te
1590 5488 1691 5558 ﬁlii
1713 5489 1880 5557 patris
1903 5490 2000 5543 tui.

413 5576 640 5633 Catulus
673 5578 836 5634 leonis
873 5580 1040 5635 Iuda.
1070 5581 1152 5634 Ad
1177 5583 1432 5652 prtedam,
1459 5580 1540 5651 ﬁli
1562 5581 1655 5647 mi,
1695 5581 2002 5646 ascendisti,

414 5668 553 5735 sive,
586 5677 647 5724 ut
677 5669 735 5725 in
768 5668 998 5727 Hebraeo
1024 5671 1285 5741 scriptum
1325 5681 1429 5738 est,
1478 5672 1541 5726 de
1568 5671 1886 5742 captivitate,
1923 5671 2002 5740 ﬁli

394 5765 508 5843 _m'i.
539 5764 863 5830 ascendisti;
895 5780 1217 5832 requiescens
1249 5768 1542 5822 accubuisti
1564 5776 1620 5821 ut
1644 5769 1746 5833 leo,
1773 5776 1822 5822 et
1847 5770 2001 5840 quasi

2116 4576 2425 4647 Scripturas
2463 4585 2680 4630 sanctas
2709 4575 2795 4629 die
2842 4589 2908 4629 ac
2962 4583 3120 4628 nocte
3149 4573 3445 4638 meditans,
3474 4572 3709 4627 studium

2113 4685 2270 4727 suum
2301 4669 2510 4725 deder-it
2543 4668 2612 4724 ad
2664 4667 3054 4734 laborandum;
3108 4673 3165 4720 et
3191 4664 3420 4720 idcirco
3446 4663 3500 4720 ei
3524 4678 3709 4720 omnes

2112 4761 2288 4816 tribus
2314 4759 2574 4823 serviant,
2605 4758 2759 4828 quasi
2783 4757 3048 4829 magistro
3077 4755 3218 4812 dona
3243 4763 3550 4826 portantes.

2185 4851 2305 4906 Dan
2321 4849 2584 4922 judicabit
2608 4848 2858 4920 populum
2884 4865 3060 4914 suum,
3089 4849 3222 4902 sicut
3251 4857 3300 4902 et
3319 4846 3432 4901 alia
3457 4847 3627 4900 tribus
3657 4848 3703 4899 in

2113 4943 2303 4998 Israel.
2335 4941 2461 4996 Fiat
2499 4941 2622 4996 Dan
2653 4941 2862 4996 coluber
2882 4942 2939 4996 in
2967 4942 3048 4996 via
3067 4983 3082 5007 ,
3140 4948 3365 4995 cerastes
3414 4939 3476 4992 in
3500 4941 3701 5004 semita,

2109 5033 2356 5088 mordens
2378 5030 2603 5103 ungulas
2638 5032 2779 5103 equi,
2810 5041 2866 5085 ut
2911 5030 3066 5086 cadat
3113 5045 3358 5084 ascensor
3399 5028 3520 5099 ejus
3551 5039 3700 5083 retro.

2111 5125 2358 5182 Salutare
2405 5136 2554 5180 tuum
2600 5125 2925 5195 exspectabo,
2959 5123 3201 5179 Domine.
3257 5123 3494 5179 Samson
3539 5121 3700 5192 judex

2109 5218 2275 5274 Israel
2296 5260 2312 5286 ,
2345 5220 2410 5274 de
2436 5218 2577 5274 tribu
2607 5218 2722 5273 Dan
2757 5216 2876 5272 fuit.
2925 5217 3040 5273 Hoc
3065 5231 3195 5290 ergo
3222 5216 3352 5271 dicit
3378 5257 3394 5282 ,
3449 5231 3599 5271 nunc
3624 5216 3698 5269 vi-

2107 5312 2242 5368 dens
2271 5313 2325 5367 in
2353 5313 2544 5383 spiritu
2561 5327 2772 5368 comam
2794 5311 3003 5367 nutrire
3026 5309 3343 5366 Samsonem
3357 5309 3698 5372 Nazaraeum.

2108 5403 2372 5474 caesisque
2396 5403 2643 5458 hostibus
2673 5403 3028 5473 triumphare,
3045 5402 3185 5473 quod
3211 5402 3266 5456 in
3290 5401 3695 5458 similitudinem

2108 5496 2319 5552 colubri
2376 5496 2655 5565 regulique
2703 5495 3003 5551 obsidentis
3043 5494 3159 5550 vias
3201 5493 3406 5550 nullum
3452 5511 3555 5566 per
3588 5506 3694 5551 ter-

2109 5602 2223 5642 ram
2270 5586 2434 5641 Israel
2464 5586 2696 5642 transire
2731 5587 3032 5656 permittat,
3062 5585 3157 5642 sed
3183 5586 3345 5642 etiam
3396 5587 3442 5641 si
3476 5588 3600 5658 quis
3623 5596 3696 5639 te-

2106 5677 2376 5732 merarius
2426 5677 2626 5730 virtute
2676 5692 2792 5740 sua,
2819 5677 2974 5746 quasi
3003 5675 3290 5732 velocitate
3334 5677 3500 5746 equi,
3532 5675 3695 5732 conﬁ-

2107 5785 2220 5834 sus,
2249 5783 2372 5825 eam
2406 5771 2636 5824 voluerit
2660 5770 2929 5838 praedonis
2950 5781 3101 5824 more
3133 5773 3402 5838 populari,
3436 5783 3546 5823 non
3567 5775 3696 5824 ellu—
