3946 6456
212 407 316 463 661

1284 404 1638 461 COMMENT.
1681 404 1747 459 IN
1786 403 2107 461 GENESIM.
2148 436 2216 445 -—-
2253 406 2381 460 LIB.
2422 405 2509 463 lV.

3396 406 3499 460 66?.

213 517 519 593 spiritualis
544 516 760 582 dicitur,
791 514 1048 572 Ecclesia:
1096 516 1328 587 corpori,
1370 514 1802 582 subministrant,
1834 517 1883 578 A
1912 517 2086 574 Iouem
2114 525 2291 573 castra
2331 526 2567 573 metatus
2593 525 2694 582 est,
2741 516 2888 573 illuni
2915 518 3119 574 scilicet
3163 519 3382 590 signans
3408 523 3498 589 qui

214 610 435 671 candidi
465 625 587 665 esse
612 608 810 664 debent
833 615 889 661 et
914 608 1057 679 puri,
1085 617 1247 678 atque
1281 608 1348 663 ab
1400 608 1548 663 omni
1598 607 1810 663 macula

210 704 396 765 liberi.
422 700 675 773 Issacltar
713 702 893 755 asinus
945 699 1117 770 fortis.
1169 700 1434 768 lssachar,
1462 701 1605 771 quod
1643 700 1812 767 inter-

210 778 468 869 pretatur
494 810 711 859 merces,
733 791 970 851 refertur
995 792 1063 848 ad
1082 792 1335 864 populum
1372 794 1632 864 gentium,
1649 807 1809 862 quem

217 889 484 947 Dominus
508 886 788 958 sanguinis
820 884 904 939 sui
943 885 1118 955 pretio
1139 894 1223 940 est
1262 897 1557 941 mercatus.
1604 883 1701 939 Hic
1729 883 1809 940 ls-

214 984 440 1049 sacbar,
469 981 652 1055 asinus
704 978 863 1036 fortis
901 980 1188 1048 scribitur,
1228 980 1355 1052 quia
1399 980 1551 1050 prius
1598 978 1811 1051 gentilis

214 1076 451 1148 populus
492 1074 649 1151 quasi
675 1074 896 1131 brutum
940 1083 996 1130 et
1030 1074 1366 1131 luxuriosum
1421 1072 1621 1129 animal
1672 1083 1806 1131 erat.

215 1168 478 1239 nullaque
514 1167 730 1239 ratione
761 1167 1079 1223 subsistens.
1119 1154 1281 1223 'Nunc
1327 1182 1455 1222 vero
1501 1165 1659 1223 fortis
1705 1173 1807 1228 est,

218 1258 493 1317 Salvatori
520 1269 709 1315 nostro
724 1261 929 1331 mentis
957 1258 1168 1313 occulta
1202 1258 1475 1329 subigens,
1494 1272 1559 1312 ac
1582 1256 1813 1312 Redem-

214 1353 397 1427 ptoris
426 1352 665 1425 dominio
694 1351 831 1413 colla
873 1348 1229 1420 subiiciendo,
1269 1349 1460 1423 jugum
1515 1348 1811 1419 disciplinae

220 1436 550 1519 evangelica:
568 1444 868 1516 perferens.
895 1443 994 1501 Hic
1007 1443 1278 1500 accubans
1304 1443 1444 1503 inter
1461 1442 1721 1499 terminos
1738 1441 1815 1495 vi-

216 1540 301 1597 dit
327 1539 570 1611 requiem
596 1538 740 1610 quod
765 1545 910 1594 esset
929 1538 1091 1603 bona,
1117 1545 1173 1594 et
1196 1547 1397 1593 terram
1414 1536 1559 1606 quod
1584 1534 1808 1604 optima.

216 1631 370 1688 Inter
390 1631 653 1687 terminos
669 1645 901 1700 namque
914 1631 1179 1686 accubare
1201 1639 1284 1685 est
1294 1627 1604 1700 praestolato
1629 1625 1815 1683 mundi

216 1720 330 1776 ﬁne
355 1721 726 1792 requiescere,
778 1718 1023 1790 nihilque
1044 1719 1110 1777 de
1139 1719 1226 1774 his
1268 1734 1387 1788 qute
1416 1733 1564 1774 nunc
1591 1732 1816 1773 versan-

212 1822 311 1871 tur
336 1815 391 1869 in
412 1814 592 1871 medio
619 1827 887 1884 quaerere,
915 1811 1009 1869 sed
1040 1811 1230 1867 ultima
1252 1811 1582 1867 desiderare.
1614 1809 1683 1864 Et
1709 1807 1816 1864 for—

220 1907 293 1964 tis
339 1907 523 1965 asinus
550 1908 794 1977 requiem
840 1914 895 1962 et
938 1914 1142 1961 terram
1166 1904 1428 1975 optimam
1471 1903 1636 1969 vidit,
1688 1918 1811 1957 cum
1841 1889 1889 1947 Β

217 2002 450 2072 simplex
478 2001 755 2074 gentilitas
815 2000 1020 2057 idcirco
1069 2015 1129 2056 se
1162 1999 1231 2054 ad
1259 1999 1425 2055 robur
1475 1996 1604 2059 boni
1633 1995 1816 2065 operis

217 2094 406 2165 erigit,
436 2094 562 2164 quia
608 2093 677 2148 ad
729 2099 945 2149 aeternae
987 2092 1114 2149 vitae
1160 2090 1394 2162 patriam
1440 2088 1627 2149 tendit.
1663 2085 1817 2143 Unde

220 2184 391 2249 etiam
433 2183 652 2255 apponit
690 2183 975 2238 humerum
1000 2197 1157 2238 suum
1184 2181 1253 2237 ad
1273 2181 1598 2252 portandum
1623 2219 1638 2245 ,
1688 2178 1816 2249 quia

218 2273 353 2331 dum
403 2273 469 2330 ad
514 2273 841 2344 promissam
893 2273 1137 2342 requiem
1180 2272 1470 2343 pervenire
1523 2270 1814 2337 desiderat,

219 2376 419 2427 cuncta
446 2368 826 2431 mandatorum
855 2382 1018 2425 onera
1048 2367 1283 2423 libenter
1324 2373 1526 2437 portat.
1564 2365 1728 2423 Unde‘
1763 2373 1819 2421 et

210 2460 399 2523 Iactus
420 2469 507 2520 est
553 2462 771 2519 tributis
795 2462 1062 2529 serviens,
1100 2463 1206 2518 hoc
1245 2468 1332 2519 est
1358 2462 1473 2533 regi
1517 2469 1573 2518 et
1594 2460 1818 2519 Christo

216 2572 324 2613 suo
364 2555 495 2613 .ﬁdei
546 2558 690 2615 bona
735 2572 1071 2627 operumque
1111 2555 1378 2613 bonorum
1417 2571 1644 2613 munera
1693 2554 1819 2613 olfe—

222 2664 374 2705 rens.
402 2648 645 2706 Zabulon
696 2650 750 2704 in
794 2649 977 2706 littore
1016 2649 1185 2705 maris
1213 2649 1504 2715 habitabit,
1531 2657 1586 2705 et
1616 2649 1673 2704 in
1709 2654 1820 2705 sta—

221 2739 374 2796 tione
415 2740 653 2797 navium.
692 2740 957 2807 Zabulon,
987 2741 1081 2812 qui
1118 2741 1510 2810 interpretatur
1538 2741 1821 2797 habitacu-

212 2829 337 2889 lum
366 2829 719 2898 fortitudinis,
740 2832 1040 2891 Ecclesiam
1063 2831 1351 2903 signiﬁcat,
1380 2832 1729 2888 fortissimam
1752 2832 1823 2889 ad

214 2939 441 2999 omnem
464 2923 811 2981 tolerantiam
859 2923 1148 2996 passionis.
1184 2923 1314 2980 Haec
1351 2924 1407 2979 in
1441 2924 1623 2980 littore
1652 2923 1821 2978 maris

221 3015 454 3081 habitat,
485 3025 540 3071 et
569 3017 622 3071 in
645 3016 878 3072 statione
906 3017 1148 3082 navium,
1179 3025 1240 3073 ut
1266 3016 1615 3073 credentibus
1640 3016 1713 3071 sit
1738 3028 1823 3069 re-

224 3109 454 3182 fugium,
468 3118 524 3167 et
544 3110 979 3182 periclitantibus
995 3093 1395 3183 demonstraret
1418 3109 1549 3165 ﬁdei
1576 3114 1817 3179 portum.

218 3203 357 3269 Haec
382 3212 569 3260 contra
599 3218 787 3260 omnes
816 3204 1062 3260 turbines
1108 3203 1289 3261 satculi
1334 3203 1598 3260 immobili
1637 3212 1693 3257 et
1736 3204 1822 3257 in-

222 3312 491 3365 concussa
540 3297 797 3354 ﬁrmitate
848 3298 1075 3354 solidata
1098 3340 1112 3364 ,
1152 3307 1432 3369 exspectat
1480 3298 1823 3369 naufragium

218 3387 562 3457 Judaorum,
584 3397 640 3446 et
662 3390 1050 3448 hatreticornm
1078 3389 1366 3460 procellas,
1399 3390 1493 3461 qui
1519 3398 1575 3444 et
1595 3390 1826 3445 cireum-

226 3481 484 3542 fernntur
505 3488 655 3544 omni
683 3495 848 3543 vento
879 3487 1157 3543 doctrinae.
1182 3486 1424 3554 Quorum
1456 3487 1561 3542 etsi
1584 3486 1827 3542 tunditur

227 3575 503 3644 ﬂuctibus,
534 3577 736 3651 frangit
764 3586 947 3634 tamen
976 3578 1091 3649 ipsa
1120 3577 1349 3644 ﬂuctus,
1404 3587 1461 3634 et
1487 3594 1596 3635 non
1624 3576 1826 3649 frangi-

226 3676 342 3736 tur,
372 3685 471 3727 nec
508 3669 632 3725 ullis
654 3671 946 3728 hatresium
969 3672 1387 3742 tempestatibus
1413 3672 1582 3739 cadit,
1607 3687 1710 3727 nec
1728 3671 1825 3726 ulli

220 3770 396 3819 vento
450 3762 807 3821 schismatum
852 3772 1124 3821 commota
1174 3766 1498 3822 succumbit.
1548 3764 1826 3820 Per-tendit

222 3862 417 3912 autem
446 3868 620 3926 usque
663 3855 731 3912 ad
753 3854 1030 3925 Sidonem,
1058 3856 1166 3913 hoc
1189 3865 1274 3913 est
1318 3871 1493 3929 usque
1546 3856 1613 3912 ad
1639 3865 1827 3928 gentes

226 3948 505 4021 pervenit.
562 3947 977 4022 Legituretiam
1030 3950 1087 4007 in
1108 3950 1409 4021 Evangelia
1457 3951 1580 4007 inde
1620 3964 1828 4006 assum-

222 4047 357 4111 ptos
395 4053 517 4095 esse
549 4039 763 4110 aliquos
798 4041 1197 4112 apostolorum,
1224 4050 1281 4097 et
1308 4042 1363 4096 in
1395 4041 1529 4112 ipsis
1556 4042 1692 4099 locis
1726 4040 1829 4097 Do-

228 4131 443 4189 minum
480 4145 631 4202 carpe
670 4132 951 4199 docuisse,
1008 4133 1151 4190 sicut
1186 4132 1452 4206 scriptum
1506 4141 1628 4195 est:
1664 4132 1830 4188 Terra

232 4221 477 4279 Zabulon
522 4232 571 4279 et
621 4234 762 4279 terra
792 4222 1154 4296 Nephtltalim.
1184 4226 1271 4282 via
1290 4226 1464 4281 maris
1509 4236 1655 4281 trans
1698 4224 1828 4281 Jor-

234 4315 425 4371 damem
444 4312 687 4371 Galitwa:
718 4316 971 4387 gentiam,
1000 4316 1224 4389 populus
1263 4318 1356 4389 qui
1380 4317 1593 4373 sedebat
1610 4318 1667 4372 in
1689 4328 1832 4373 tene—

226 4408 369 4473 bris,
409 4407 535 4463 vidit
589 4408 758 4464 lucem
809 4426 1055 4481 magnam
1108 4410 1243 4483 (ira.
1275 4411 1378 4481 ix).
1408 4410 1526 4467 Dan
1567 4410 1832 4481 iudicabit

235 4499 495 4572 populum
543 4515 702 4559 suum
746 4501 889 4558 sicut
918 4510 973 4558 et
1002 4502 1114 4557 alia
1150 4503 1324 4559 tribus
1366 4504 1421 4571 in
1456 4504 1648 4559 .lsrael.
1705 4503 1832 4559 Fiat

232 4591 362 4649 .Dan
396 4592 608 4648 coluber
638 4593 695 4649 in
740 4594 842 4659 uia,
881 4604 1106 4650 cerastes
1142 4596 1206 4663 in
1244 4581 1454 4663 semita,
1483 4605 1588 4653 etc.
1618 4596 1725 4652 Alii
1751 4598 1833 4653 di-

236 4693 373 4741 cunt
408 4683 809 4743 Antichristum
846 4702 949 4757 per
991 4689 1108 4745 haec
1145 4688 1310 4744 verba
1355 4689 1575 4761 praedici
1610 4691 1678 4746 de
1728 4691 1832 4746 ista

240 4778 388 4835 tribu
433 4777 695 4835 futurum.
742 4779 847 4835 Alii
894 4780 961 4836 de
1004 4778 1171 4848 Juda,
1222 4796 1254 4836 a
1298 4797 1405 4852 quo
1459 4781 1689 4838 traditus
1750 4793 1836 4839 est

238 4868 511 4937 Christus,
532 4871 661 4926 haec
683 4871 886 4942 scripta
914 4873 1289 4943 pronuntiant,
1320 4881 1376 4929 et
1408 4874 1642 4944 equitem
1671 4882 1834 4945 atque

236 4975 440 5033 equum
460 4961 757 5031 Dominum
787 4979 911 5021 cum
943 4980 1109 5021 carne
1150 4973 1401 5038 suscepta
1430 4965 1717 5036 designare
1735 4982 1833 5024 vo-

234 5053 380 5111 innt.
397 5052 718 5111 Retrorsum
730 5062 913 5113 autem
924 5055 1143 5123 cadere,
1158 5064 1219 5112 ut
1233 5056 1288 5112 in
1298 5065 1509 5113 terram
1525 5066 1837 5115 revertatur

240 5150 390 5207 unde
414 5159 663 5223 sumptus
689 5159 792 5207 est.
809 5150 919 5208 Sed
939 5152 1196 5222 quoniam
1218 5152 1307 5211 die
1331 5152 1493 5209 tertia
1516 5152 1836 5222 resurrexit,

242 5243 476 5315 ideoque
503 5244 614 5300 ait:
643 5243 888 5303 Salutare
908 5252 1057 5300 tuum
1076 5246 1403 5318 exspectabo,
1427 5245 1672 5314 Domine,
1700 5247 1845 5303 sicut

242 5354 345 5411 per
375 5339 546 5396 David
572 5359 585 5394 :
621 5339 744 5395 Non
775 5339 1036 5412 relinques
1066 5341 1299 5397 animum
1326 5357 1497 5396 meam
1536 5340 1591 5395 in
1629 5340 1840 5409 inferno

242 5430 425 5505 (Psal.
450 5432 567 5506 xv),
598 5432 715 5489 haec
742 5433 963 5503 quidam
990 5433 1066 5488 ita
1098 5441 1393 5505 exponunt.
1423 5432 1528 5487 Alii
1548 5434 1679 5488 vero
1698 5433 1843 5489 hanc

240 5524 584 5598 prOphetiam
634 5524 701 5580 ad
736 5523 1129 5581 Antichristum
1169 5524 1521 5581 transferunt.
1566 5523 1644 5580 De
1695 5524 1841 5581 tribu

242 5617 391 5675 enim
424 5618 540 5673 Dan
564 5616 752 5674 venire
778 5614 1170 5672 Antichristum
1220 5616 1421 5683 ferunt,
1467 5629 1564 5686 pro
1591 5629 1658 5670 eo
1697 5616 1842 5685 quod

243 5709 351 5765 hoc
379 5709 500 5766 loco
525 5709 642 5766 Dan
663 5716 719 5766 et
746 5706 968 5767 coluber
1000 5707 1261 5763 asseritur
1288 5715 1345 5763 et
1372 5707 1647 5763 mordens.
1688 5705 1842 5763 Unde

242 5813 303 5859 et
331 5818 440 5857 non
471 5802 745 5861 immerito
771 5799 1104 5857 lsraeliticus
1129 5798 1378 5871 populus,
1410 5799 1539 5855 dum
1571 5806 1745 5855 terras
1783 5797 1839 5854 in

244 5895 543 5969 partitione
571 5903 874 5954 castrorum
907 5893 1228 5966 susciperet,
1250 5891 1401 5966 prius
1428 5892 1544 5949 Dan
1571 5892 1639 5949 ad
1667 5890 1827 5965 Aqui!

1912 612 1967 668 in
1996 611 2159 668 corde
2186 628 2283 668 suo
2318 611 2492 667 dixit:
2543 609 2743 667 Sedebo
2784 611 2838 664 in
2880 620 3054 666 monte
3080 614 3396 677 testamenti,
3448 613 3499 665 in

1911 702 2161 759 lateribus
2189 702 2500 775 Aquilonis;
2537 703 2816 758 ascendam
2840 720 2985 773 super
3033 702 3364 759 altitudinem
3407 723 3505 760 nu—

1911 796 2075 862 bium,
2116 795 2303 851 similis
2344 812 2435 852 ero
2480 794 2746 850 Altissimo
2792 792 2967 866 (Psal.
2993 793 3124 866 xw).
3176 796 3254 850 De
3297 812 3405 865 quo
3451 806 3503 849 et

1911 902 2008 959 per
2037 890 2353 959 prophetam
2380 888 2614 945 dicitur:
2660 888 2706 941 A
2746 886 2869 942 Dan
2910 888 3122 942 auditus
3148 897 3223 942 est
3266 888 3504 958 fremitus

1913 998 2162 1053 equorum
2192 983 2308 1052 ejus
2341 982 2561 1054 (Jerem.
2587 981 2706 1056 vm)
2734 1000 2748 1050 ;
2798 983 2891 1053 qui
2918 998 3025 1038 non
3058 982 3230 1040 solum
3261 981 3502 1046 coluber,

1912 1073 2010 1133 sed
2037 1074 2199 1131 etiam
2233 1082 2470 1130 cerastes
2493 1082 2740 1139 vocatur,
2774 1076 2963 1151 κέρατα
3001 1074 3145 1130 enim
3166 1073 3353 1130 Graece
3387 1089 3507 1137 cor-

1915 1181 2022 1219 nua
2046 1165 2333 1231 dicuntur;
2376 1181 2710 1236 serpensque
2740 1165 2830 1231 hic
2872 1174 3135 1221 cornutus
3173 1180 3294 1220 esse
3321 1164 3507 1233 perhi-

1912 1258 2092 1325 betur,
2114 1276 2211 1330 per
2233 1275 2393 1330 quem
2415 1260 2575 1331 digne
2602 1260 2864 1316 adventus
2882 1259 3202 1319 Antichristi
3227 1258 3506 1314 asscritur.

1913 1351 2050 1421 Quia
2099 1359 2289 1407 contra
2329 1352 2493 1406 vitam
2537 1352 2795 1417 ﬁdelium,
2840 1367 2962 1407 cum
3008 1367 3190 1407 morsu
3243 1350 3511 1421 pestiferae

1912 1445 2335 1515 praedicationis,
2364 1446 2668 1501 armabitur
2711 1445 2875 1500 etiam
2905 1444 3160 1499 cornibus
3199 1442 3508 1514 potestatis.

1916 1538 2048 1607 Quis
2074 1548 2255 1595 autem
2293 1541 2497 1596 nesciat
2523 1540 2769 1595 semitam
2799 1537 3170 1608 angustiorem
3199 1550 3318 1590 esse
3349 1548 3513 1603 quam

1915 1628 2100 1684 viam?
2123 1628 2212 1684 Fit
2232 1646 2364 1700 ergo
2392 1630 2614 1686 coluber
2642 1630 2696 1685 in
2733 1629 2842 1696 via,
2874 1628 3002 1699 quia
3033 1627 3087 1682 in
3125 1624 3410 1697 praesentis
3434 1623 3515 1679 vi-

1916 1728 1986 1776 tae
2032 1719 2372 1777 latitudinem
2400 1736 2496 1777 eos
2542 1721 2819 1777 ambulare
2858 1727 3138 1790 provocat,
3169 1718 3366 1789 quibus
3390 1732 3517 1787 par-

1917 1811 2090 1867 cendo
2118 1813 2274 1882 quasi
2302 1812 2597 1868 blanditur.
2644 1812 2752 1868 Sed
2777 1813 2850 1866 in
2877 1813 2961 1867 via
2992 1813 3225 1878 mordet,
3267 1810 3396 1882 quia
3420 1825 3516 1866 eos

1918 1903 2111 1972 quibus
2148 1903 2452 1959 libertatem
2485 1904 2671 1961 tribuit
2708 1905 2910 1960 erroris
2939 1904 3019 1959 sui
3063 1918 3271 1959 veneno
3319 1918 3515 1959 consu-

1919 1997 2038 2051 mit.
2068 1996 2157 2053 Fit
2184 1997 2381 2052 iterum
2408 2005 2647 2053 cerastes
2674 1997 2728 2051 in
2760 1996 2974 2061 semita,
3002 1996 3128 2065 quia
3156 2010 3295 2065 quos
3326 1994 3518 2050 ﬁdeles
3570 2052 3577 2053 ,

1919 2088 2143 2158 reperit,
2182 2096 2238 2142 et
2259 2103 2379 2144 sese
2409 2088 2479 2144 ad
2515 2089 2755 2144 caelestis
2781 2087 3036 2158 praecepti
3073 2097 3301 2158 angusta
3324 2086 3519 2140 itinera

1919 2179 2376 2251 constringentes,
2404 2195 2509 2235 non
2557 2180 2729 2237 solum
2775 2178 3013 2249 nequitia
3062 2177 3269 2235 callidae
3297 2191 3522 2246 persua-

1920 2273 2093 2331 sionis
2113 2273 2363 2344 impedit,
2404 2274 2501 2330 sed
2529 2274 2695 2329 etiam
2735 2281 2945 2329 terrore
2984 2271 3272 2343 potestatis
3298 2270 3519 2340 premit,

1918 2378 1976 2425 et
2004 2370 2058 2423 in
2094 2369 2487 2439 persecutionis
2516 2383 2740 2440 angore,
2765 2375 2889 2437 post
2922 2365 3188 2422 beneﬁcia
3231 2364 3369 2419 ﬁctae
3411 2362 3524 2417 dul—

1920 2460 2151 2527 cedinis,
2181 2467 2399 2516 exercet
2421 2474 2623 2516 cornua
2646 2459 2951 2531 potestatis.
2981 2459 3099 2527 Quo
3126 2459 3180 2512 in
3205 2457 3324 2513 loco
3354 2471 3525 2525 equus

1918 2552 2069 2608 hunc
2112 2553 2373 2608 mundum
2412 2552 2672 2617 insinuat,
2698 2553 2791 2622 qui
2834 2567 2932 2622 per
2960 2550 3253 2605 elationem
3281 2564 3436 2605 suam
3463 2549 3517 2602 in

1908 2661 2089 2703 cursu
2114 2645 2412 2702 labentium
2449 2653 2757 2717 temporum
2801 2652 3036 2716 spumat.
3087 2644 3154 2697 Et
3199 2643 3328 2713 quia
3372 2641 3527 2696 Anti-

1923 2736 2165 2792 christus
2208 2743 2456 2793 extrema
2506 2736 2691 2791 mundi
2714 2733 3141 2807 .apprehendere
3187 2733 3399 2799 nititur,
3437 2746 3526 2787 ce-

1923 2836 2103 2885 rastes
2132 2830 2235 2886 iste
2258 2830 2386 2900 equi
2412 2829 2642 2901 ungulas
2688 2826 2936 2884 mordere
2972 2825 3307 2897 perhibetur.
3343 2822 3527 2894 Ungu-

1916 2919 2006 2976 «las
2027 2920 2225 2990 quippe
2256 2920 2382 2990 equi
2412 2919 2664 2975 mordere
2697 2924 2780 2975 est
2807 2926 3050 2973 extrema
3078 2914 3260 2971 saeculi
3281 2911 3528 2968 feriendo

1922 3014 2263 3084 contingere.
2297 3011 2367 3067 Ut
2412 3013 2569 3068 cadat
2621 3028 2866 3066 ascensor
2912 3011 3028 3081 ejus
3064 3016 3220 3063 retro.
3258 3006 3530 3061 Ascensor

1927 3108 2052 3178 equi
2091 3116 2178 3163 est
2220 3107 2465 3178 quisquis
2510 3106 2789 3163 extollitur
2842 3105 2897 3160 in
2941 3100 3293 3176 dignitatibus
3319 3098 3523 3155 mundi.

1929 3197 2034 3266 Qui
2084 3205 2229 3254 retro
2262 3199 2458 3254 cadere
2505 3194 2723 3261 dicitur,
2772 3204 2828 3251 et
2879 3211 2985 3251 non
3045 3195 3098 3249 in
3132 3193 3347 3256 faciem,
3389 3191 3530 3245 sicut

1933 3292 2132 3349 Saulus
2158 3293 2423 3349 cecidisse
2467 3299 2819 3348 memoratur.
2866 3290 2925 3345 lu
2970 3288 3107 3343 facie
3132 3288 3280 3344 enim
3309 3284 3528 3355 cadere,

1930 3396 2018 3443 est
2039 3389 2091 3442 in
2112 3387 2216 3442 bac
2236 3387 2346 3440 vita
2368 3399 2495 3445 suas
2513 3397 2953 3454 unumquemque
2971 3381 3158 3450 culpas
3179 3391 3527 3447 cognoscere,

1930 3492 2133 3549 easque
2158 3476 2471 3547 paenitendo
2520 3475 2738 3532 deﬂere.
2772 3474 2942 3530 Retro
2970 3485 3098 3528 vero
3134 3470 3276 3541 quod
3312 3484 3419 3525 non
3457 3469 3534 3523 vi-

1932 3572 2091 3628 detur
2122 3570 2337 3635 cadere,
2366 3577 2450 3625 est
2493 3584 2558 3625 ex
2602 3568 2708 3624 hac
2748 3568 2859 3623 vita
2898 3574 3122 3637 repente
3147 3563 3429 3630 decedere,
3476 3569 3534 3617 et

1933 3662 2002 3717 ad
2026 3677 2148 3733 quae
2176 3661 2436 3731 supplicia
2482 3659 2712 3716 ducatur
2744 3660 3016 3730 ignorare.
3052 3658 3121 3713 Et
3155 3657 3280 3727 quia
3321 3653 3529 3718 Judnea,

1924 3753 2138 3810 erroris
2163 3754 2245 3809 sui
2280 3752 2490 3825 laqueis
2535 3760 2711 3823 capta,
2742 3767 2838 3823 pro
2869 3752 3089 3806 Christo
3135 3737 3531 3804 Antichristum

1926 3854 2235 3917 exspectat,
2285 3845 2423 3902 bene
2456 3843 2626 3901 Jacob
2666 3844 2858 3900 eodem
2909 3843 3027 3897 loco
3057 3846 3279 3912 repente
3318 3838 3372 3892 in
3421 3835 3532 3891 ele-

1930 3949 2144 3998 ctornm
2192 3954 2327 3997 voce
2362 3952 2659 3996 conversus
2687 3945 2771 3993 est
2809 3936 3032 3991 dicens:
3089 3930 3338 3989 Salutare
3384 3938 3534 3984 tuum

1930 4033 2264 4105 exspectabo,
2294 4032 2540 4099 Domine,
2582 4030 2636 4086 id
2665 4037 2773 4096 est,
2799 4043 2908 4083 non
2933 4026 3075 4082 sicut
3101 4023 3344 4080 inﬁdeles
3374 4021 3529 4076 Anti-

1928 4128 2217 4191 christum,
2271 4125 2367 4182 sed
2407 4138 2532 4181 eum
2577 4123 2669 4194 qui
2718 4122 2773 4176 in
2820 4119 3248 4189 redemptionem
3288 4120 3534 4170 nostram

1932 4214 2199 4278 venturus
2232 4228 2336 4286 est,
2366 4218 2556 4274 verum
2585 4217 2750 4274 credo
2792 4214 3027 4270 ﬁdeliter
3065 4209 3364 4267 Christum.
3415 4204 3533 4261 God

1933 4312 2199 4367 accinctus
2244 4309 2574 4382 prwliabitur
2620 4317 2742 4363 ante
2784 4323 2926 4361 eunt.
2965 4302 3073 4359 Iste
3098 4300 3218 4358 Gad
3257 4299 3534 4356 accinctus

1932 4419 2222 4475 personam
2269 4402 2471 4459 Christi
2513 4399 2787 4472 exprimit,
2836 4397 2925 4467 qui
2984 4396 3037 4450 in
3080 4393 3256 4465 primo
3302 4392 3535 4448 adventu

1934 4495 2257 4551 humilitatis
2286 4509 2417 4560 suae,
2465 4500 2591 4547 ante
2633 4490 2923 4547 adventum
2971 4484 3291 4541 Antichristi
3322 4481 3536 4553 praelia-

1935 4596 2094 4643 turus
2119 4587 2379 4651 occurrit,
2403 4585 2679 4639 accinctus
2702 4581 2879 4653 gladio
2903 4579 3053 4634 verbi
3080 4562 3163 4632 sui
3191 4577 3336 4631 circa
3358 4573 3537 4629 femur

1938 4677 2331 4754 potentissime,
2382 4690 2491 4745 quo
2540 4672 2744 4729 amicos
2793 4668 2996 4734 divisit,
3050 4668 3103 4722 id
3152 4674 3257 4732 est,
3312 4664 3536 4719 ﬁliuma

1941 4782 2113 4847 patre,
2163 4772 2327 4827 ﬁliam
2370 4785 2402 4825 a
2434 4776 2625 4830 matre,
2669 4780 2869 4822 nurum
2907 4778 2938 4818 a
2975 4776 3156 4826 socru,
3188 4759 3344 4830 juxta
3390 4756 3534 4827 quod

1943 4867 2140 4939 legitur
2159 4864 2213 4919 in
2240 4861 2570 4933 Evangelia:
2604 4857 2729 4914 Non
2752 4857 2865 4913 veni
2895 4868 3079 4927 pacem
3118 4852 3321 4907 mittere
3347 4851 3403 4903 in
3432 4857 3536 4902 ter-

1944 4976 2080 5027 ram,
2104 4956 2193 5013 sed
2221 4954 2455 5027 gladium
2475 4950 2693 5026 (Matth.
2729 4944 2811 5022 Χ).
2843 4947 2998 5017 Quod
3026 4954 3207 5001 autem
3238 4943 3332 5007 ait,
3358 4948 3405 4995 et
3429 4940 3536 5011 ipse

1944 5050 2247 5124 accingetur
2286 5057 2591 5111 retrorsum,
2641 5044 2864 5100 claritas
2892 5039 3110 5097 Domini
3138 5035 3312 5093 nostri
3359 5033 3412 5088 in
3444 5047 3535 5088 se-

1942 5147 2125 5205 cundo
2152 5159 2317 5217 regno
2342 5140 2665 5205 ostenditur,
2706 5138 2833 5210 quia
2861 5150 2986 5192 cum
3025 5130 3236 5188 venerit
3259 5125 3534 5182 Antichri-

1944 5246 2084 5305 stus,
2106 5238 2240 5293 item
2279 5240 2525 5291 recurret
2562 5239 2881 5292 retrorsum,
2928 5225 2982 5281 id
3023 5230 3124 5288 est,
3155 5227 3278 5291 post
3306 5218 3424 5290 ejus
3444 5230 3534 5273 ve-

1940 5328 2106 5403 stigia
2127 5328 2378 5386 Christus
2407 5326 2639 5382 adventu
2661 5319 2979 5393 procedens,
3004 5323 3066 5371 ut
3091 5311 3383 5369 interﬁciat
3408 5325 3555 5367 eum:

1944 5423 2126 5498 gladio
2146 5421 2260 5479 oris
2278 5421 2383 5478 sui.
2414 5416 2570 5476 Unde
2598 5425 2656 5471 et
2676 5416 2818 5470 bene
2857 5410 3001 5466 idem
3038 5406 3155 5463 Gad
3201 5403 3536 5498 latrunculus

1938 5494 2357 5588 interpretatur,
2384 5527 2449 5567 eo
2478 5508 2622 5581 quod
2660 5502 2950 5577 posterior,
2981 5500 3035 5556 id
3060 5506 3162 5565 est,
3190 5510 3347 5554 secus
3372 5494 3538 5567 pedes

1948 5609 2102 5680 quasi
2149 5605 2503 5668 latrunculus,
2552 5600 2739 5671 rapido
2779 5606 2941 5667 atque
2985 5593 3277 5665 improviso
3304 5591 3537 5647 adventu

1948 5702 2185 5765 exsiliat,
2216 5706 2407 5755 contra
2434 5702 2677 5765 apertam
2715 5689 3033 5746 Antichristi
3062 5683 3534 5758 oppugnationem.

1952 5795 2091 5851 Hinc
2121 5800 2206 5848 est
2230 5789 2372 5861 quod
2396 5785 2685 5857 Apostolus
2706 5783 2974 5839 exclamat
2995 5781 3216 5861 dicens:
3256 5773 3397 5841 Quia
3426 5770 3538 5825 dies

1954 5884 2169 5944 Domini
2197 5860 2330 5940 sicut
2356 5881 2442 5952 [ur
2466 5880 2522 5935 in
2544 5887 2710 5946 nocte,
2735 5879 2808 5933 ita
2825 5877 2986 5933 veniet
3014 5872 3066 5946 (Ι
3091 5860 3270 5927 Thess.
3293 5866 3369 5939 v).
3387 5864 3545 5922 Chri-
