3946 6520
435 496 542 554 665

1074 490 1133 544 Β.
1173 487 1427 544 RABANI
1467 484 1690 544 MAURI
1731 484 2051 543 ARCHIEP.
2092 484 2400 541 MOGUNT.
2443 481 2727 541 OPERUM
2763 481 2943 538 PARS
2979 482 3022 536 Ι.

3621 480 3735 537 664

430 625 548 673 stus
573 627 704 686 ergo
735 622 792 668 et
816 619 942 667 ante
967 615 1026 665 et
1067 616 1214 662 retro
1251 604 1484 677 praeliari
1515 610 1700 659 contra
1744 601 2017 657 Antichri-
2043 605 2095 664 Α
2120 600 2229 671 puli
2258 599 2647 670 cogitaverunt.
2703 597 3010 652 lnviderunt
3063 595 3136 651 illi
3190 597 3460 653 habentes
3515 597 3734 674 jacnla.

430 716 577 764 stum
605 704 878 761 scribitur.
908 701 1049 756 Ante
1077 715 1201 755 eum
1223 712 1455 768 namque
1484 698 1537 751 in
1560 695 1772 752 occulto
1793 695 2024 750 adventu

429 796 769 862 humilitatis,
787 802 910 867 post
929 808 1054 848 eum
1077 791 1394 846 manifestus
1420 789 1476 844 in
1502 788 1674 859 gloria
1697 786 2020 856 majestatis.

431 893 775 948 Demonstrat
800 895 855 941 et
883 885 1092 958 Moyses
1118 893 1302 956 aperte
1321 881 1660 954 prophetiam
1699 878 2023 951 patriarchae

431 984 591 1052 hujus
617 979 927 1051 specialiter
966 978 1240 1049 pertinere
1284 976 1353 1031 ad
1404 975 1700 1031 Christum.
1739 972 1830 1028 Sic
1877 971 2021 1026 enim

427 1074 906 1140 aitzBenedictus,
949 1072 1144 1142 inquit,
1171 1071 1226 1126 in
1253 1069 1530 1124 latitudine
1575 1064 1712 1121 Gud.
1757 1064 1920 1132 Quasi
1942 1063 2020 1119 leo

429 1167 676 1239 requievit
698 1183 718 1232 ;
741 1166 990 1236 carpitque
1012 1164 1282 1218 brachium
1305 1171 1353 1216 et
1378 1161 1638 1226 verticem,
1661 1167 1709 1215 et
1731 1157 1854 1213 vidit
1879 1157 2022 1227 prin-

429 1259 657 1328 cipatum
682 1273 858 1312 suum.
882 1255 1192 1328 Agnoscant
1223 1254 1405 1324 itaque
1426 1253 1548 1324 quis
1582 1251 1846 1322 requievit
1884 1249 2024 1304 sicut

431 1348 516 1404 leo
562 1349 666 1403 nisi
713 1347 962 1402 Christus
997 1347 1052 1400 in
1101 1345 1348 1415 sepulcro
1391 1343 1538 1398 suo?
1578 1341 1710 1408 Quis
1756 1337 2022 1408 confregit

428 1439 688 1494 verticem
733 1437 1058 1506 brachiaque
1086 1435 1406 1506 potentium,
1434 1434 1538 1488 nisi
1569 1431 1898 1500 Redemptor
1923 1443 2021 1483 no-

432 1539 563 1595 ster,
617 1528 709 1598 qui
763 1527 1067 1583 humiliavit
1114 1527 1369 1582 virtutem
1413 1535 1470 1582 et
1498 1525 1804 1596 superbiam
1834 1523 2017 1578 excel-

434 1613 662 1670 sorum?
707 1613 839 1681 Quis
880 1614 1018 1669 vidit
1061 1613 1422 1686 principatum
1464 1627 1642 1678 suum,
1675 1610 1778 1666 nisi
1811 1609 1900 1667 ille
1929 1609 2019 1665 cui

431 1707 590 1762 datus
611 1713 693 1762 est
718 1707 1051 1776 principatus
1091 1714 1147 1762 et
1182 1707 1353 1761 honor
1374 1714 1430 1761 et
1457 1705 1714 1776 regnum?
1753 1701 1885 1758 Aser
1902 1703 2020 1773 pin-

426 1799 542 1869 guis
578 1800 730 1869 panis
774 1799 906 1868 ejus,
953 1808 1003 1852 et
1049 1797 1295 1868 praebebit
1325 1797 1553 1852 delicias
1587 1795 1808 1866 regibus.
1859 1794 2017 1860 Aser,

426 1890 578 1960 cujus
607 1904 804 1945 nomen
855 1889 1120 1960 signiﬁcat
1160 1888 1393 1953 divitias,
1443 1888 1584 1943 idem
1635 1886 1882 1942 Christus
1911 1893 2016 1950 est,

2125 691 2310 761 Neque
2355 692 2500 746 enim
2547 692 2830 761 quisquam
2856 691 2911 746 in
2963 689 3162 762 Ioseph
3191 691 3431 762 conjecit
3485 690 3736 762 sagittas

2123 785 2207 841 vel
2235 783 2450 854 aliquod
2476 785 2716 840 vulneris
2744 785 2928 852 telum,
2966 786 3058 841 sed
3097 785 3411 855 specialiter
3446 786 3651 842 evenit
3675 788 3732 842 iu

2121 875 2414 934 Christum.
2463 875 2607 932 Sedit
2636 878 2692 931 in
2724 878 2846 948 forti
2894 894 3049 932 arcus
3099 878 3232 948 ejus.
3288 877 3560 933 Christus
3581 878 3729 932 enim

2122 986 2307 1025 arcum
2345 985 2502 1026 suum
2533 969 2730 1040 posuit,
2775 977 2831 1024 et
2867 984 3017 1024 arma
3047 969 3318 1040 pugnandi
3363 969 3423 1024 in
3455 970 3604 1036 Deo,
3637 969 3727 1040 qui

2122 1063 2283 1119 fortis
2303 1069 2384 1118 est
2406 1072 2789 1134 propugnator,
2818 1063 2972 1133 cujus
3001 1063 3200 1119 virtute
3240 1064 3578 1120 concidetur
3607 1078 3725 1117 om-

2121 1156 2207 1210 nis
2233 1156 2472 1225 nequitia
2512 1156 2860 1225 perﬁdorum.
2916 1153 2984 1210 Et
3033 1155 3290 1211 dissoluta
3336 1166 3464 1212 sunt
3512 1157 3726 1210 tinnis

2122 1247 2450 1302 brachiorum
2473 1247 2610 1318 ejus,
2640 1249 2835 1318 quibus
2873 1247 3070 1304 fratres
3103 1263 3226 1304 eum
3256 1248 3507 1304 vinctum
3541 1247 3616 1302 ad
3643 1245 3726 1301 Pi-

2120 1340 2287 1395 latum
2311 1341 2595 1407 duxerunt,
2627 1340 2712 1394 vel
2742 1339 2936 1410 quibus
2973 1356 3097 1396 eum
3131 1355 3467 1412 suspensum
3497 1340 3561 1394 in
3587 1338 3726 1409 ligno

2121 1432 2524 1488 cruciﬁxerunt.
2551 1430 2803 1488 Rescissa
2824 1441 2950 1487 sunt
2972 1433 3118 1490 enim
3136 1447 3233 1503 per
3262 1447 3496 1488 manum
3533 1430 3723 1495 Iacob,

2121 1525 2225 1580 hoc
2249 1534 2333 1580 est
2357 1540 2455 1596 per
2483 1540 2702 1580 manum
2725 1525 3107 1595 omnipotentis
3129 1525 3226 1580 Dei
3250 1522 3449 1590 Iacob,
3474 1541 3550 1580 ex
3574 1524 3724 1594 cujus

2122 1618 2329 1674 femore
2363 1632 2478 1689 ipse
2516 1617 2777 1674 Dominus
2802 1619 2975 1674 bonus
3005 1627 3191 1689 pastor
3217 1633 3480 1690 egressus
3505 1627 3620 1683 est,
3647 1618 3720 1671 la-

2119 1711 2204 1780 pis
2233 1719 2287 1764 et
2313 1709 2542 1765 ﬁrmitas
2567 1711 2905 1766 credentium
2942 1711 2996 1766 in
3041 1710 3226 1766 lsrael.
3259 1709 3405 1765 Deus
3439 1711 3618 1780 patris
3653 1711 3722 1764 tui

2120 1804 2215 1856 erit
2244 1803 2459 1874 adjutor
2477 1812 2617 1857 tuus.
2650 1801 2781 1870 Quis
2811 1801 3015 1871 adjuvit
3035 1801 3232 1857 Filium
3260 1801 3365 1856 nisi
3398 1801 3558 1856 solus
3587 1800 3724 1855 Deus

2119 1891 2300 1959 Pater,
2332 1893 2424 1962 qui
2476 1893 2648 1948 dixit:
2700 1891 2865 1947 Jacob
2922 1909 3053 1963 puer
3094 1909 3259 1958 meus,
3315 1891 3725 1961 suscipiatesm

426 1980 594 2052 Cujus
626 1982 848 2036 altitudo
891 1981 1193 2036 divitiarum
1247 1981 1515 2052 sapientia:
1562 1990 1608 2034 et
1654 1979 1883 2034 scientia:
1923 1976 2022 2035 Dei
2050 1979 2098 2038 B
2126 1986 2303 2038 anima
2326 1985 2482 2039 mea?
2521 1983 2592 2038 Et
2637 1985 2958 2055 omnipotens
2985 1983 3244 2038 benedicet
3285 1983 3380 2036 tibi
3401 1981 3723 2036 benedictio-

431 2075 612 2147 (Rom.
639 2075 748 2145 xi);
782 2075 875 2145 qui
928 2083 1148 2145 propter
1179 2089 1278 2129 nos
1315 2088 1519 2144 pauper
1549 2071 1722 2126 factus
1763 2079 1847 2126 est
1895 2084 2020 2125 cum

426 2167 577 2223 dives
600 2176 776 2233 esset;
805 2164 959 2236 cujus
979 2175 1064 2222 est
1091 2167 1248 2237 panis
1282 2165 1495 2236 pinguis
1522 2163 1716 2229 factus,
1759 2161 2021 2218 caro'sci-

423 2260 553 2328 licet
581 2260 696 2332 ejus
729 2276 848 2330 quae
895 2267 979 2316 est
1026 2274 1150 2315 esca
1205 2267 1550 2314 sanctorum:
1608 2271 1771 2328 quam
1800 2256 1847 2311 si
1899 2255 2020 2326 quis

423 2352 854 2418 manducaverit,
879 2368 988 2408 non
1015 2352 1278 2407 morietur
1303 2350 1359 2404 in
1386 2359 1668 2405 aeternum.
1704 2347 1812 2403 lste
1853 2349 2020 2403 etiam

423 2442 683 2512 praebebit
708 2441 930 2497 delicias
950 2440 1226 2512 sapientia:
1254 2440 1490 2510 regibus,
1523 2438 1579 2494 id
1628 2444 1731 2504 est,
1762 2437 1856 2507 qui
1897 2451 2017 2492 sen-

425 2552 519 2591 sus
544 2535 793 2606 proprios
845 2534 981 2590 bene
1023 2541 1236 2604 regunt,
1264 2533 1353 2603 qui
1392 2533 1738 2589 dominantur
1764 2531 2018 2587 vitiorum

425 2642 667 2691 suorum,
701 2627 793 2698 qui
818 2627 1087 2698 castigant
1111 2641 1338 2697 corpora
1382 2640 1480 2681 sua
1517 2635 1574 2682 et
1616 2625 1672 2680 in
1701 2625 2018 2681 servitutem

427 2717 743 2787 subjiciunt.
768 2715 1134 2788 Nephthalim,
1170 2717 1313 2787 quod
1334 2717 1723 2787 interpretatur
1747 2713 2014 2782 dilatatio,

425 2809 699 2881 apostolos
725 2817 782 2865 et
808 2809 1192 2880 praedicatores
1219 2818 1436 2866 sanctos
1467 2808 1758 2880 signiﬁcat,
1784 2823 2016 2880 quorum

426 2903 675 2958 doctrina
701 2903 755 2957 in
781 2901 1119 2958 latitudinem
1148 2901 1316 2960 totius
1354 2901 1539 2958 mundi
1570 2900 1764 2957 diffusa
1805 2908 1908 2956 est.
1934 2899 2015 2955 Ex

425 2995 528 3050 hac
553 2995 698 3050 enim
723 2993 866 3050 tribu
908 2993 1126 3050 fuerunt
1167 2993 1412 3066 apostoli,
1441 2993 1534 3064 qui
1576 3001 1703 3049 sunt
1743 2992 2016 3064 principes

423 3087 810 3152 Ecclesiarum,
841 3095 897 3142 et
915 3087 1097 3153 duces,
1127 3095 1183 3142 et
1203 3087 1475 3158 principes
1497 3086 1761 3152 Zabulon,
1791 3095 1845 3140 et
1867 3085 2017 3156 prin-

423 3179 573 3248 cipes
596 3177 936 3249 Nephthalim
965 3196 978 3245 ;
1011 3179 1105 3249 qui
1135 3179 1254 3234 sine
1294 3177 1456 3234 dubio
1481 3177 1549 3232 ad
1595 3191 1883 3247 personam
1929 3190 2014 3231 re-

423 3271 676 3325 feruntur
727 3268 1117 3340 apostolorum.
1174 3268 1282 3339 lpsi
1329 3276 1455 3324 sunt
1507 3267 1602 3322 ﬁlii
1654 3280 2011 3322 cxcussorum

2123 2074 2273 2129 nibus
2331 2074 2446 2130 caeli
2493 2074 2734 2146 desuper,
2790 2073 3230 2129 benedictionibus
3267 2071 3452 2142 abyssi
3497 2071 3724 2140 jacentis

2119 2167 2384 2224 deorsum.
2409 2167 2673 2226 Universa
2700 2169 2844 2224 enim
2875 2165 3107 2236 subjecit
3130 2166 3202 2233 ei,
3228 2165 3485 2222 coelestia
3513 2180 3616 2235 per
3636 2165 3726 2220 be-

2119 2260 2484 2316 nedictionem
2508 2259 2632 2316 coeli
2661 2260 2912 2331 desuper,
2941 2266 2998 2314 et
3025 2266 3236 2314 terrena
3261 2271 3360 2328 per
3386 2256 3726 2311 benedictio-

2121 2368 2244 2408 nem
2270 2352 2448 2424 abyssi
2483 2352 2714 2423 jacentis
2755 2353 3028 2417 deorsum,
3069 2359 3131 2405 ut
3155 2349 3410 2406 omnibus
3444 2347 3728 2417 angeliset

2119 2444 2427 2500 hominibus
2453 2444 2840 2499 dominaretur.
2890 2439 3345 2497 Beneatctionibus
3391 2439 3643 2503 uberum,
3675 2437 3723 2492 id

2118 2543 2222 2601 est,
2251 2535 2363 2590 sive
2405 2535 2633 2592 duorum
2663 2541 3133 2599 testamentorum,
3160 2546 3394 2602 quorum
3440 2530 3626 2584 altero
3649 2535 3724 2583 est

2119 2626 2416 2691 nuntiatus,
2449 2626 2618 2681 altero
2647 2625 3078 2691 demonstratus;
3104 2625 3217 2680 sive
3242 2621 3722 2678 benedictionibus

2117 2719 2347 2773 uberum
2369 2716 2571 2784 Mariae,
2596 2732 2714 2787 quas
2737 2732 2864 2772 vere
2882 2715 3163 2773 benedicta
3182 2721 3362 2778 erant,
3379 2712 3515 2784 quia
3537 2710 3723 2766 iisdem

2117 2817 2307 2866 sancta
2334 2809 2498 2880 Virgo
2547 2808 2778 2864 Domino
2807 2816 2996 2880 potum
3024 2807 3184 2864 lactis
3233 2805 3527 2861 immulsit.
3576 2802 3724 2859 Unde

2117 2907 2173 2955 et
2198 2899 2290 2954 illa
2316 2899 2511 2954 mulier
2539 2899 2594 2954 in
2637 2899 2928 2971 Evangelio
2969 2897 3083 2954 ait:
3124 2895 3321 2953 Beatus
3360 2907 3544 2951 venter
3569 2896 3721 2966 quite

2115 2990 2358 3059 portavit,
2389 3000 2436 3045 et
2461 2991 2620 3046 ubera
2641 3007 2759 3062 quae
2781 2991 2972 3045 suxisti
3001 2985 3153 3062 (Luc.
3176 2988 3277 3059 ιι).

2187 3081 2642 3139 Benedictionibus
2665 3083 2882 3139 uberum
2910 3093 2957 3138 et
2983 3082 3169 3160 vulvte.
3211 3081 3396 3137 Etiam
3431 3081 3530 3137 hic
3556 3081 3720 3137 bene-

2115 3175 2315 3231 dicitur
2343 3175 2503 3230 vulva
2532 3175 2775 3246 ejusdem
2803 3175 3012 3241 matris,
3054 3174 3143 3228 illa
3190 3174 3387 3245 utique
3413 3174 3717 3245 virginalis,

2115 3282 2238 3339 qua:
2265 3266 2421 3322 nobis
2455 3265 2729 3322 Christum
2779 3266 3066 3322 Dominum
3095 3264 3299 3332 edidit;
3353 3265 3426 3323 de
3477 3281 3588 3336 qua
3628 3281 3721 3336 per

423 3360 597 3433 (Psal.
621 3359 812 3432 vau),
842 3359 895 3416 id
925 3367 1029 3427 est,
1053 3361 1463 3432 prophetarum,
1504 3360 1595 3430 qui
1623 3360 1680 3414 in
1720 3374 1884 3416 manu
1910 3373 2010 3430 po-
2037 3352 2082 3415 C
2112 3358 2403 3418 Jeremiam
2423 3361 2747 3432 prophetam
2767 3350 2997 3416 dicitur:
3018 3358 3339 3433 Priusquam
3362 3370 3416 3415 te
3437 3359 3719 3429 [amarent

423 3453 587 3508 tentis
613 3453 708 3508 Dei
729 3452 914 3523 positi,
939 3462 994 3509 et
1018 3462 1274 3523 tanquam
1293 3453 1504 3524 sagittae
1525 3467 1792 3518 excussae,
1819 3466 2010 3522 perve-

420 3552 620 3598 nerunt
649 3559 820 3615 usque
849 3545 916 3600 ad
961 3544 1096 3601 fines
1127 3554 1305 3601 terrae.
1341 3544 1495 3602 Unde
1523 3553 1578 3600 et
1616 3545 1753 3600 bene
1777 3544 1868 3600 hic
1905 3543 2010 3599 Ne-

421 3633 685 3702 phthalim
745 3649 937 3690 cervus
985 3637 1216 3692 emissus
1263 3636 1535 3702 scribitur,
1591 3650 1697 3704 qua
1753 3635 2009 3690 nimirum

419 3723 654 3792 apostoli
697 3725 814 3780 sive
847 3726 1250 3796 praedicatores,
1303 3725 1476 3782 veloci
1525 3726 1662 3782 saltu
1690 3725 2008 3782 exsilientes

424 3828 580 3871 more
622 3830 931 3884 cervorum,
974 3819 1365 3874 transcendunt
1391 3817 1792 3888 implicamenta
1822 3818 2006 3875 saeculi

418 3906 611 3978 hujus;
649 3908 834 3980 sicque
859 3910 1075 3966 excelsa
1117 3925 1182 3966 ac
1207 3911 1455 3967 sublimia
1502 3913 1846 3980 meditantes,
1875 3913 2006 3968 dant

415 3999 632 4070 eloquia
656 4001 1092 4072 pulchritudinis,
1120 4003 1176 4058 id
1200 4010 1303 4068 est,
1331 4004 1630 4074 praedicant
1647 4007 1860 4062 cunctis
1881 4019 2006 4077 gen-

419 4091 564 4145 tibus
590 4091 893 4146 doctrinam
914 4093 1129 4148 Domini
1160 4092 1476 4149 Salvatoris.
1509 4093 1682 4150 Filius
1707 4112 2005 4152 accrescens

416 4177 632 4249 Ioseph.
661 4178 788 4235 Haec
827 4181 1109 4251 prophetia
1154 4190 1277 4252 post
1314 4184 1621 4253 passionem
1653 4186 1866 4243 Domini
1904 4204 2004 4259 pa-

421 4279 588 4325 terna:
616 4270 768 4327 vocis
805 4271 1097 4343 imaginem
1135 4273 1396 4344 praetulit,
1427 4277 1555 4346 quia
1603 4277 1921 4335 redeuntem
1948 4280 2003 4336 in

418 4361 615 4418 caelum
638 4372 762 4434 post
786 4365 1070 4421 victoriam
1096 4365 1374 4423 Christum
1421 4368 1582 4424 Pater
1609 4369 1900 4442 alloquitur
1922 4373 2003 4428 di-

417 4467 577 4510 cens:
609 4454 785 4513 Filius
810 4476 1106 4515 accrescens
1141 4462 1356 4533 Ioseph,
1383 4463 1528 4533 ﬁlius
1552 4481 1872 4535 accrescens,
1895 4469 2006 4524 uti-

417 4564 524 4620 que
563 4550 618 4605 in
659 4553 951 4621 gentibus;
999 4555 1246 4626 quicum
1288 4556 1358 4612 ob
1402 4557 1831 4616 incredulitatem
1866 4561 2006 4633 Syn-

419 4656 602 4712 agogae
634 4645 889 4716 populum
917 4646 1241 4717 reliquisset,
1287 4649 1630 4707 innumeram
1660 4653 1763 4708 sibi
1792 4653 2004 4723 plebem

2111 3455 2169 3509 in
2189 3463 2361 3521 utero,
2393 3455 2511 3510 novi
2532 3464 2602 3522 te,
2631 3463 2681 3510 et
2709 3462 2987 3525 antequam
3017 3454 3186 3508 exires
3223 3451 3290 3506 de
3319 3451 3505 3519 vulva,
3534 3453 3720 3507 sancti-

2109 3546 2264 3616 ﬁcavi
2291 3556 2340 3601 te
2367 3546 2585 3619 (Jerem.
2607 3547 2676 3619 ι).

2181 3639 2576 3696 Benedictiones
2606 3642 2772 3711 patris
2814 3641 2892 3695 tui
2915 3640 3225 3704 confortatus
3249 3647 3374 3694 sunt
3399 3637 3717 3693 benedictio-

2114 3733 2264 3788 nibus
2288 3741 2498 3802 patrum
2525 3731 2660 3803 ejus.
2701 3730 3133 3795 Benedictiones,
3164 3731 3360 3802 inquit,
3414 3731 3597 3800 patris
3638 3730 3710 3785 tui

2113 3823 2369 3889 caelestis,
2401 3839 2522 3896 quae
2548 3824 2688 3880 data:
2708 3831 2835 3880 sunt
2854 3823 2955 3880 tibi
2993 3839 3024 3880 a
3049 3838 3261 3880 summo
3283 3822 3414 3878 caeli
3437 3833 3494 3878 et
3519 3823 3714 3894 abyssi,

2113 3918 2432 3976 confortatus
2483 3927 2631 3987 sunt,
2673 3917 2726 3974 id
2767 3926 2870 3985 est,
2922 3917 3328 3990 praevaluerunt
3377 3917 3715 3973 benedictio-

2110 4012 2271 4069 nibus
2294 4021 2512 4083 patrum
2544 4020 2783 4070 tuorum.
2814 4011 2968 4070 Ultra
3013 4027 3175 4070 omne
3217 4013 3366 4067 enim
3400 4021 3714 4067 sanctorum

2109 4106 2364 4162 meritum
2388 4106 2823 4177 patriarcharum
2868 4107 2980 4164 sive
3007 4107 3400 4179 pr0phetarum
3444 4107 3716 4161 convaluit

2107 4198 2413 4254 benedictio
2438 4199 2824 4269 omnipotentis
2849 4199 3030 4255 Patris
3050 4199 3106 4253 in
3144 4197 3303 4265 Filio,
3328 4200 3406 4254 ita
3437 4206 3501 4253 ut
3525 4199 3578 4252 ei
3600 4197 3711 4251 nul-

2107 4289 2191 4345 lus
2226 4298 2538 4346 sanctorum
2583 4300 2847 4362 aequetur.
2901 4289 3081 4345 Donec
3129 4290 3325 4344 veniret
3379 4288 3705 4344 desiderium

2107 4383 2321 4440 collium
2344 4395 2680 4442 wternorum.
2726 4385 2903 4442 Colles
2928 4386 3018 4442 isti
3041 4387 3218 4442 sancti
3246 4394 3392 4450 sunt,
3428 4387 3525 4457 qui
3558 4385 3707 4441 Chrin

2107 4475 2179 4532 sti
2209 4479 2499 4533 adventum
2527 4478 2934 4549 prophetantes,
2956 4493 3153 4550 magno
3176 4493 3302 4534 cum
3331 4477 3609 4534 desiderio
3633 4477 3707 4531 in-

2108 4569 2477 4624 carnationem
2503 4568 2620 4639 ejus
2661 4577 3150 4639 exspectaverunt;
3187 4569 3254 4624 de
3296 4569 3500 4639 quibus
3537 4569 3705 4624 Domi-

2109 4675 2212 4714 nus
2241 4659 2408 4716 dicit:
2443 4658 2582 4726 Quia
2607 4659 2759 4714 multi
2792 4660 2931 4731 justi
2954 4670 3002 4715 et
3025 4661 3290 4733 prophetae
3319 4661 3602 4732 cupierunt
3631 4663 3701 4715 ri-

415 4737 672 4794 Ecclesiae
709 4756 777 4796 ex
823 4742 1072 4800 omnibus
1115 4745 1364 4816 gentibus
1414 4746 1708 4818 ampliavit.
1761 4747 1915 4815 Quod
1953 4754 2009 4803 et
2032 4738 2086 4798 ἶ)
2111 4749 2234 4804 dere
2259 4767 2377 4821 qua:
2424 4751 2609 4805 videtis
2653 4749 2804 4822 (Luc.
2828 4751 2907 4817 ι).
2958 4749 3024 4806 Hi
3057 4766 3185 4823 ergo
3213 4751 3390 4807 sancti
3416 4752 3551 4808 dicti
3583 4761 3701 4807 sunt

413 4828 583 4884 David
611 4830 811 4886 cecinit
834 4831 1057 4889 dicens:
1094 4833 1518 4891 Reminiscentur
1551 4848 1600 4893 et
1647 4847 2012 4895 convertentur

413 4922 484 4975 ad
517 4919 824 4989 Dominum,
853 4925 1080 4981 universi
1117 4927 1249 4996 ﬁnes
1277 4938 1430 4985 terra:
1451 4930 1623 5001 (Psal.
1647 4932 1786 5006 χχι).

485 5009 660 5067 Filius
698 5030 998 5070 accrescens
1028 5023 1077 5070 et
1110 5016 1331 5075 decorus
1367 5031 1599 5092 aspectu.
1633 5021 1835 5079 Omnes
1863 5025 2007 5080 enim

415 5114 637 5173 superat
656 5105 800 5162 illius
820 5108 1179 5178 pulchritudo,
1202 5112 1359 5184 juxta
1385 5113 1530 5184 quod
1556 5115 1622 5170 de
1653 5115 1770 5186 ipso
1791 5117 1845 5171 in
1865 5116 2012 5174 Psal-

415 5193 521 5248 mis
559 5195 817 5250 canitur:
874 5197 1148 5268 Speciosus
1193 5201 1367 5271 {arma
1408 5220 1517 5274 prce
1563 5203 1691 5274 ﬁliis
1737 5206 2008 5263 hominum

417 5285 592 5358 (Ps'al.
617 5290 784 5362 κων).
811 5289 966 5346 Filia:
987 5293 1350 5350 discurrerunt
1377 5313 1536 5367 super
1555 5315 1801 5367 murum;
1824 5301 1878 5357 id
1899 5310 2005 5369 est,

415 5387 606 5449 gentes
635 5381 720 5438 vel
773 5383 1026 5442 Ecclesia:
1067 5404 1189 5460 quae
1239 5392 1584 5448 crediderunt
1628 5395 1683 5450 in
1708 5395 2004 5453 Christum.

417 5470 514 5526 Hae
561 5486 725 5542 super
777 5474 1102 5535 soliditatem
1162 5479 1308 5548 ﬁdei,
1363 5485 1518 5552 quasi
1568 5500 1731 5554 super
1789 5502 2006 5543 murum

415 5560 605 5618 amore
631 5561 1048 5633 pulchritudinis
1086 5569 1289 5626 Christi
1313 5587 1555 5628 accensae
1583 5573 1917 5642 discurrunt,
1946 5587 2007 5633 ut

414 5667 608 5709 verum
647 5670 904 5727 sponsum
942 5675 1042 5731 per
1087 5662 1592 5733 contemplationem
1640 5665 1924 5734 aspiciant,
1951 5676 2009 5722 et

415 5745 602 5802 osculo
622 5748 902 5805 charitatis
925 5752 1000 5806 illi
1020 5754 1337 5824 copulentur
1358 5765 1518 5827 atque
1541 5758 1871 5814 adhaereant.
1898 5759 2005 5816 Sed

416 5836 685 5909 objurgati
711 5849 840 5894 sunt
865 5857 1012 5908 eum,
1039 5847 1256 5912 quando
1283 5847 1430 5903 falsis
1457 5850 1778 5905 testimoniis
1803 5851 2004 5907 calum-

418 5943 650 6004 niantes,
688 5946 936 5996 sanctum
979 5939 1192 5996 Domini
1229 5944 1533 6013 opprimere
1568 5944 1865 6021 Synagogae
1906 5962 2005 6026 pn-

642 6106 718 6123 —“.

2116 4839 2304 4906 colles,
2333 4849 2554 4911 propter
2589 4840 2960 4898 excellentiam
3009 4843 3355 4898 sanctitatis:
3393 4843 3495 4914 qui
3539 4845 3699 4900 etiam

2115 4940 2171 4987 et
2205 4932 2393 4987 aeterni
2433 4943 2712 5001 vocantur,
2755 4935 2883 5007 quia
2909 4935 3077 4991 vitam
3104 4947 3521 5008 consequuntur
3543 4947 3699 4992 teter-

2114 5039 2264 5090 nam,
2310 5039 2410 5080 nec
2435 5024 2705 5081 intereunt
2728 5041 2853 5082 cum
2879 5027 3101 5094 mundo,
3134 5029 3227 5084 sed
3256 5041 3379 5084 esse
3408 5029 3703 5084 creduntur
3737 5083 3742 5088 ,

2113 5115 2322 5169 aeterni.
2348 5113 2397 5166 F
2400 5115 2511 5169 iant
2550 5116 2607 5170 in
2642 5117 2809 5188 capite
2836 5117 3052 5188 Joseph,
3086 5132 3276 5175 omnes
3299 5119 3514 5176 scilicet
3541 5123 3700 5178 bene-
3731 5150 3744 5200 ε

2113 5205 2377 5261 dictiones
2402 5205 2520 5261 ista:
2542 5221 2704 5277 super
2725 5216 2885 5278 caput
2903 5207 3105 5266 Christi
3125 5219 3425 5282 ponuntur,
3459 5227 3599 5283 quas
3626 5212 3700 5266 in-
3733 5203 3741 5226 ’

2112 5305 2367 5354 carnatus
2392 5297 2617 5369 accepit.
2645 5295 2713 5352 Et
2734 5315 2890 5371 super
2921 5303 3161 5357 verticem
3193 5302 3473 5368 Nazartei,
3511 5304 3579 5359 de.
3599 5319 3698 5374 quo

2110 5396 2370 5466 scriptum
2395 5403 2512 5450 est:
2553 5392 2817 5459 Quoniam
2869 5394 3167 5453 Nazarteus
3189 5397 3461 5452 vocabitur
3485 5399 3693 5471 (Matth.
3727 5451 3730 5453 Α

2111 5487 2196 5555 n),
2220 5488 2273 5545 id
2301 5495 2402 5554 est,
2432 5496 2650 5543 sanctus
2680 5487 2792 5542 Dei.
2823 5488 2969 5543 Inter
3011 5490 3208 5547 fratres
3236 5506 3387 5556 suos,
3416 5491 3546 5560 quia
3591 5493 3696 5561 ipse

2110 5589 2193 5635 est
2223 5587 2384 5649 caput
2409 5579 2650 5633 omnium
2675 5578 2917 5636 eminens
2954 5581 3332 5638 universorum
3359 5591 3692 5646 sanctorum,

2111 5687 2246 5741 quos
2275 5671 2441 5726 etiam
2477 5679 2531 5725 et
2579 5670 2774 5728 fratres
2830 5681 2984 5728 vocat
3033 5674 3089 5729 in
3141 5673 3385 5745 psalmis.
3416 5673 3694 5746 Benjamin

2111 5762 2265 5833 lupus
2287 5778 2473 5831 rapax,
2499 5779 2653 5817 mane
2675 5763 2900 5818 comedet
2924 5765 3180 5834 prcedum,
3204 5775 3252 5820 et
3277 5783 3484 5835 vespere
3509 5765 3692 5819 dividet

2110 5856 2298 5927 spolia.
2347 5854 2553 5922 Quibus
2589 5858 2770 5925 dictis,
2817 5859 3091 5930 apostolus
3131 5861 3331 5917 Paulus
3358 5862 3690 5933 designatur,

2111 5949 2179 6007 de
2230 5946 2530 6034 Benjamiu
2557 5949 2725 6024 stirpe
2775 5953 3108 6026 progenitus.
3159 5953 3262 6024 Qui
3308 5968 3470 6014 mane
3515 5953 3692 6031 rapuit
