3946 6458
188 456 296 517 665

1248 456 1603 516 COMMENT.
1642 457 1709 515 IN
1743 457 2066 519 GENESIM.
2106 494 2177 507 —
2213 460 2341 522 LIB.
2380 462 2469 524 IV.

3355 470 3460 533 666

185 581 451 654 praedam,
482 577 536 633 id
590 584 693 645 est,
745 577 800 632 in
843 576 1151 649 primordiis
1206 576 1390 634 ﬁdeles
1418 593 1556 667 quos
1605 578 1778 650 potuit
1801 582 2088 647 Αεοηάὶια
2124 582 2289 654 jacet.
2350 582 2535 659 (Aug)
2585 584 2906 656 Videndum,
2958 588 3225 661 quomodo
3278 590 3463 647 dicant

184 670 511 737 devastavit,
540 683 765 741 vespere
796 676 976 724 autem
1015 668 1185 740 spolia
1214 668 1419 736 divisit,
1448 671 1573 741 quia
1602 669 1775 726 ﬁdelis

184 765 531 841 postmodum
555 763 751 831 factus,
776 779 929 820 saera
962 763 1175 833 eloquia
1199 763 1540 821 audientibus
1567 763 1774 820 discre-

183 860 335 916 tione
363 857 594 915 miriﬁca
628 855 978 929 dispensavit.
1006 856 1255 928 Legimus
1276 856 1560 927 quemdam
1581 871 1649 912 ex
1680 857 1775 912 do-

183 951 428 1009 ctoribus
466 950 536 1008 ad
580 948 769 1005 urbem
801 947 1100 1005 Jerusalem
1133 963 1198 1004 ea
1241 964 1361 1019 qua:
1395 948 1461 1004 de
1486 947 1774 1019 Benjamin

184 1045 392 1114 scripta
418 1050 546 1099 sunt
577 1040 922 1098 referentem.
951 1040 1253 1113 Beniamin,
1280 1041 1475 1112 inquit,
1504 1041 1650 1112 ﬁlius
1677 1041 1775 1097 do-

184 1134 312 1191 loris
341 1135 755 1206 interpretatur.
784 1132 885 1189 Hic
911 1140 1059 1190 sorte
1084 1134 1417 1191 haereditatis
1446 1149 1569 1189 eum
1593 1134 1773 1190 locum

183 1226 413 1297 accepit,
445 1227 500 1281 in
523 1241 631 1298 quo
651 1234 868 1282 terrena
894 1235 978 1282 est
997 1223 1314 1294 Jerusalem,
1340 1241 1459 1296 quae
1481 1242 1624 1282 nunc
1642 1241 1772 1298 pro-

178 1326 304 1390 pter
329 1318 764 1374 incredulitatem
799 1318 1007 1391 abjecta
1047 1327 1130 1375 est
1169 1326 1332 1389 atque
1374 1318 1606 1388 repulsa.
1648 1316 1772 1373 Haec

179 1411 325 1467 enim
347 1411 404 1467 in
429 1410 555 1468 ﬁliis
580 1411 691 1468 suis
714 1412 816 1468 sub
836 1427 1066 1483 persona
1110 1411 1389 1484 Benjamin
1438 1412 1770 1484 designatur.

179 1501 316 1558 Nam
343 1502 484 1558 sicut
523 1500 804 1571 Benjamin
852 1502 1101 1558 ultimam
1149 1503 1503 1574 consequitur
1549 1501 1774 1559 benedi-

179 1597 434 1663 ctionem,
460 1596 536 1652 ita
571 1604 629 1653 et
654 1597 793 1653 idem
830 1597 1059 1669 populus
1092 1598 1315 1654 ultimus
1348 1606 1431 1654 est
1460 1598 1771 1663 salvandus,

175 1694 364 1757 postea
414 1702 578 1758 quam
636 1686 916 1758 plenitudo
970 1689 1210 1762 gentium
1269 1690 1576 1746 intraverit.
1633 1687 1774 1743 Dicit

176 1776 668 1849 cnimtBenjamin
718 1778 870 1851 lupus
922 1797 1128 1852 rapax;
1180 1781 1338 1853 lupus
1365 1781 1591 1845 scilicet,
1644 1779 1772 1850 quia

176 1872 289 1943 ipse
316 1871 547 1943 poliulus
590 1869 779 1927 effudit
819 1874 1139 1945 sanguinem
1183 1875 1571 1946 prophetarum
1610 1882 1773 1942 atque

1877 670 2193 744 Scripturae,
2222 676 2366 746 quod
2400 676 2613 733 assidue
2641 678 2828 734 dicunt
2854 679 2921 735 de
2966 689 3230 737 mortuis:
3259 679 3330 737 Et
3356 698 3455 753 ap-

1871 768 2072 837 positus
2103 776 2178 823 est
2204 767 2273 823 ad
2314 778 2488 839 patres
2526 786 2672 837 suos,
2698 770 2823 827 vel:
2862 770 3143 843 Appositus
3182 782 3256 828 est
3279 773 3348 828 ad
3367 790 3465 845 po-

1872 859 2055 931 pulum
2074 877 2250 917 suum.
2276 861 2415 918 Ecce
2445 863 2589 918 enim
2613 862 2680 919 de
2698 862 2865 920 Jacob
2889 864 3087 921 dicitur
3110 865 3223 938 jam
3245 865 3463 936 quidem

1873 962 2110 1021 mortuo,
2155 954 2250 1010 sed
2292 955 2531 1010 nondum
2557 956 2788 1027 sepulto,
2816 964 2872 1012 et
2896 957 2965 1013 ad
3002 973 3163 1028 quem
3202 956 3462 1029 populum

1871 1054 2103 1116 ponatur
2126 1064 2235 1104 non
2285 1056 2369 1104 est
2400 1049 2453 1103 in
2505 1057 2759 1121 promptu
2806 1049 3011 1106 videre.
3068 1050 3148 1105 Ex
3187 1050 3278 1105 illo
3315 1049 3462 1105 enim

1871 1137 2103 1208 populus
2126 1139 2276 1211 prior
2303 1140 2569 1206 nascitur,
2594 1141 2687 1211 qui
2715 1141 2894 1197 dictus
2918 1149 3003 1197 est
3024 1141 3254 1212 populus
3273 1136 3460 1195 Israel.

1873 1228 1975 1296 Qui
2000 1244 2131 1286 vero
2173 1246 2297 1286 eum
2344 1240 2743 1302 praecesserunt
2786 1242 2898 1287 tam
2945 1232 3105 1304 pauci
3127 1230 3261 1302 justi
3289 1230 3464 1287 nomi-

1872 1329 2088 1389 nantur,
2119 1330 2179 1376 ut
2202 1338 2297 1379 eos
2338 1324 2595 1394 populum
2637 1323 2911 1396 appellare
2951 1332 3284 1380 cunctemur.
3328 1322 3466 1380 Nam

1872 1411 1920 1468 si
1947 1413 2149 1468 dictum
2179 1422 2324 1470 esset
2348 1433 2359 1470 :
2386 1414 2676 1486 Appositus
2700 1423 2784 1471 est
2826 1414 2895 1470 ad
2935 1424 3119 1485 patres
3147 1430 3292 1480 suos,
3321 1413 3467 1470 nulla

1872 1504 2098 1574 quaestio
2139 1505 2313 1561 ﬁeret.
2341 1506 2426 1562 Au
2473 1507 2614 1564 forte
2646 1507 2874 1580 populus
2903 1515 2989 1564 est
3026 1522 3135 1562 non
3165 1506 3339 1563 solum
3365 1505 3465 1561 ho-

1873 1597 2076 1653 minum
2104 1608 2437 1667 sanctorum,
2466 1617 2656 1658 verum
2682 1614 2738 1658 et
2772 1602 3085 1676 angelorum
3121 1602 3350 1674 populus
3385 1600 3465 1657 ci-

1872 1688 2056 1743 vitatis
2090 1689 2273 1746 illius?
2313 1691 2467 1747 Unde
2496 1693 2695 1749 dicitur
2714 1694 2784 1750 ad
2809 1693 3068 1751 Hebraeos
3092 1711 3109 1749 :
3152 1692 3260 1749 Sed
3288 1709 3464 1749 acces—

1874 1784 2013 1839 sistis
2034 1784 2103 1839 ad
2133 1796 2356 1841 montem
2392 1786 2524 1844 Sion
2565 1798 2615 1842 et
2641 1788 2711 1842 ad
2733 1789 2993 1844 civitatem
3016 1788 3115 1843 Dei
3142 1786 3462 1856 Jerusalem,

1874 1886 1923 1929 et
1945 1876 2014 1929 ad
2044 1876 2209 1932 millia
2234 1878 2542 1950 angelorum
2562 1880 2938 1936 exsultantium
2966 1880 3154 1954 (Hebr.
3176 1880 3295 1953 xu).
3324 1878 3464 1937 Huic

167 1967 460 2038 justorum.
501 1964 690 2036 Rapax
719 1972 919 2032 autem,
957 1974 1178 2038 propter
1207 1966 1519 2022 aviditatem
1547 1965 1767 2021 dicitur.
1798 1962 1846 2022 B
1871 1968 2068 2038 populo
2095 1978 2458 2040 opponuntur,
2505 1971 2599 2043 qui
2639 1979 2763 2043 post
2802 1972 2945 2027 hanc
2990 1971 3157 2026 vitam
3187 1970 3463 2042 placentes

172 2056 254 2111 Ex
292 2056 465 2111 multa
492 2055 634 2111 enim
652 2054 793 2111 fame
816 2055 967 2112 verbi
998 2057 1092 2112 Dei
1120 2065 1174 2112 et
1201 2056 1382 2113 inedia
1408 2057 1559 2112 venit
1578 2071 1763 2127 rapax,

173 2147 305 2219 quia
331 2156 388 2203 et
412 2148 528 2218 ipse
554 2148 819 2204 violenter
839 2148 1026 2219 diripit
1054 2162 1282 2218 regnum
1311 2149 1429 2203 Dei.
1458 2148 1559 2204 Hic
1586 2155 1769 2203 autem

172 2254 336 2294 mane
356 2240 590 2295 comedit
616 2240 872 2310 praedam.
898 2239 1055 2297 Mane
1095 2240 1226 2296 illud
1265 2248 1478 2312 tempus
1507 2240 1766 2306 creditur,

172 2346 279 2403 quo
305 2331 478 2403 legem
501 2332 729 2403 accepit.
762 2332 913 2389 Tunc
950 2333 1096 2389 enim
1119 2333 1307 2389 mundi
1344 2333 1520 2405 prima
1551 2332 1769 2405 quidem

170 2421 496 2479 illuminatio
525 2424 765 2480 scientiae
792 2424 890 2480 Dei
918 2424 1044 2481 data
1068 2434 1171 2480 est.
1206 2423 1452 2481 Comedit
1477 2424 1623 2481 enim
1660 2438 1773 2480 ma-

171 2533 260 2584 ne,
282 2519 411 2589 quia
434 2518 607 2590 legem
643 2533 809 2589 quam
853 2534 1013 2575 mane
1057 2520 1285 2591 accepit,
1328 2520 1462 2586 edit,
1509 2518 1685 2576 adhuc
1714 2526 1771 2577 et

171 2609 503 2676 meditatur,
552 2610 681 2666 licet
718 2626 951 2682 sequens
997 2611 1171 2682 legem
1213 2611 1441 2681 justitia:
1485 2613 1542 2667 in
1594 2612 1769 2685 legem

172 2696 293 2753 ﬁdei
318 2714 433 2754 non
459 2702 792 2771 pervenerit.
824 2700 906 2754 Ad
936 2717 1203 2773 vesperam
1224 2712 1402 2758 autem
1439 2703 1625 2758 dividit
1649 2720 1770 2775 spo-

170 2790 259 2846 lia.
316 2790 561 2864 Vespera
612 2803 794 2850 autem
828 2803 913 2851 est
960 2794 1091 2851 illud
1138 2802 1353 2867 tempus
1391 2797 1766 2864 noviSsimum,

170 2899 276 2956 quo
300 2896 674 2945 convertatur.
707 2887 861 2944 Tunc
887 2903 1018 2960 ergo
1062 2888 1265 2946 dividet
1305 2903 1508 2957 escam,
1534 2898 1663 2945 tunc
1686 2890 1772 2944 in-

171 2978 377 3051 telliget
398 2978 743 3037 dividendam
787 2994 909 3038 esse
934 2980 1175 3037 litteram
1212 2996 1245 3036 a
1283 2981 1501 3054 spiritu,
1546 2990 1604 3037 et
1641 2988 1770 3036 tunc

168 3081 464 3145 cognoscet
510 3074 636 3145 quia
683 3074 865 3131 littera
891 3074 1108 3143 occidit,
1139 3075 1364 3147 spiritus
1413 3084 1593 3132 autem
1637 3074 1770 3130 vivi-

170 3168 311 3225 ﬁcat.
342 3168 486 3237 Quia
505 3183 635 3242 ergo
661 3170 775 3241 jam
800 3184 898 3240 per
920 3170 1152 3242 gratiam
1188 3166 1286 3226 Dei
1316 3170 1651 3226 illuminatus
1681 3168 1766 3225 iu-

170 3260 297 3331 cipit
318 3277 380 3316 m
428 3259 547 3332 lege
595 3261 897 3333 spiritualia
937 3276 969 3316 a
998 3262 1308 3319 carnalibus
1333 3262 1576 3319 dividere
1602 3271 1657 3319 et
1681 3277 1768 3318 se-

1871 2058 1983 2115 Deo
2008 2058 2164 2114 ﬁunt.
2195 2059 2346 2115 Tunc
2371 2061 2516 2116 enim
2544 2061 2798 2117 dicuntur
2823 2060 3040 2133 apponi,
3071 2059 3288 2130 quando
3311 2057 3459 2113 nulla

1865 2152 1979 2223 jam
2007 2162 2252 2210 remanet
2287 2155 2594 2212 sollicitudo
2638 2158 3018 2223 tentationum,
3065 2164 3122 2211 et
3162 2153 3462 2228 periculum

1869 2256 2217 2317 peccatorum
2249 2248 2474 2304 nullum.
2535 2250 2689 2317 Quod
2742 2251 2960 2306 intuens
3010 2248 3086 2304 ait
3137 2246 3460 2318 Scriptura:

1869 2338 2003 2394 Ante
2023 2351 2240 2395 mortem
2261 2357 2324 2396 ne
2342 2341 2525 2396 laudes
2540 2341 2802 2398 hominem
2820 2356 3132 2414 quemquam
3150 2335 3339 2411 (Eccli.
3356 2333 3463 2408 xl).

2460 2454 2688 2511 CAPUT
2724 2454 2865 2512 XVI.

1869 2545 1949 2603 De
1968 2546 2111 2603 obitu
2138 2545 2307 2603 Iacob
2333 2555 2381 2603 et
2402 2546 2467 2603 de
2484 2546 2701 2632 planctu
2726 2546 3104 2621 Egyptiorum
3123 2546 3181 2601 in
3206 2543 3465 2616 obsequiis

2596 2636 2734 2691 ejus.

1942 2708 2241 2784 Finitisque
2268 2711 2533 2766 mandatis
2555 2710 2742 2782 quibus
2766 2708 2905 2780 ﬁlios
2923 2707 3232 2774 instruebat,
3258 2702 3465 2776 collegit

1870 2800 2025 2871 pedes
2046 2817 2171 2855 suos
2208 2817 2366 2870 super
2404 2800 2595 2856 lectum
2630 2810 2680 2857 et
2709 2798 2875 2865 obiit;
2905 2797 3274 2869 appositusque
3295 2800 3370 2847 est
3394 2788 3465 2845 ad

1870 2891 2121 2963 populum
2157 2908 2312 2947 suum
2342 2891 2494 2964 (Car.
2521 2891 2596 2964 ι.).
2647 2890 2802 2959 Quod
2851 2905 3064 2945 cernens
3111 2884 3328 2956 Joseph,
3356 2882 3466 2936 ruit

1872 2999 2027 3055 super
2046 2983 2233 3053 faciem
2259 2984 2425 3054 patris
2448 2985 2602 3052 ﬂens,
2640 2990 2690 3038 et
2726 2979 3036 3036 deosculans
3072 2991 3234 3042 eum;
3273 2986 3469 3045 prlece-

1870 3075 2045 3147 pitque
2070 3076 2231 3131 servis
2251 3076 2361 3132 suis
2384 3076 2619 3143 medicis,
2642 3083 2699 3130 ut
2728 3071 3051 3130 aromatibus
3077 3068 3345 3125 condirent
3365 3080 3468 3136 pa-

1872 3175 2024 3222 trem.
2050 3167 2251 3234 Quibus
2271 3168 2430 3239 jussa
2467 3167 2813 3239 cupientibus,
2860 3165 3185 3220 transierunt
3228 3158 3469 3233 quadra-

1871 3260 2018 3330 θίηεα
2046 3259 2178 3315 dies.
2205 3257 2317 3314 Iste
2348 3259 2534 3330 quippe
2556 3274 2669 3313 mos
2688 3266 2801 3313 erat
2823 3255 3140 3310 cadaverum
3163 3246 3469 3333 condendo-

168 3364 386 3420 parare,
435 3331 556 3408 ideo
603 3331 804 3408 dicitur
851 3352 922 3408 ad
964 3367 1252 3424 vesperam
1296 3354 1539 3410 dividere
1561 3368 1765 3421 escam,
1795 3331 1843 3397 (ἶ
1874 3368 2012 3408 rum.
2034 3350 2306 3424 Flevitque
2319 3368 2436 3407 eum
2459 3350 2724 3423 ngyptus
2742 3347 3071 3420 septuaginta
3093 3341 3295 3398 diebus.
3323 3331 3469 3407 Qua-

169 3444 312 3515 quod
335 3452 452 3500 tota
481 3444 568 3500 die
606 3445 662 3499 in
689 3444 808 3519 lege
835 3445 1127 3513 meditans,
1151 3455 1280 3502 ante
1307 3463 1417 3503 non
1437 3446 1586 3503 fecit.
1619 3447 1772 3516 Qua:-

170 3540 305 3595 ritur
328 3549 514 3599 autem
549 3542 615 3597 de
647 3539 836 3607 Jacob,
878 3556 977 3597 cur
1000 3556 1191 3597 omnes
1232 3556 1369 3613 quos
1398 3541 1464 3597 de
1492 3540 1681 3598 liberis
1716 3548 1773 3597 et

170 3633 385 3691 ancillis
404 3635 610 3707 genuit,
639 3633 833 3706 aequali
854 3635 1061 3690 honore
1106 3634 1246 3691 ﬁlios
1273 3644 1328 3691 et
1350 3635 1593 3691 heredes
1642 3651 1770 3692 cou-

168 3727 438 3793 stituerit,
470 3726 577 3782 nisi
607 3736 666 3782 ut
710 3727 1025 3783 ostenderet
1050 3728 1196 3798 quod
1221 3725 1473 3784 Christus
1505 3727 1769 3783 Dominus

167 3820 429 3876 omnibus
452 3817 702 3890 gentibus
722 3834 843 3889 qua:
865 3834 965 3891 per
986 3820 1149 3876 ﬁdem
1188 3821 1403 3892 corpori
1442 3820 1560 3892 ejus
1590 3820 1771 3876 conci-

168 3910 396 3977 liantur,
430 3907 642 3964 cunctis
662 3910 784 3980 pari
826 3910 1033 3966 honore
1058 3920 1114 3966 et
1142 3911 1315 3983 gloria
1358 3911 1581 3977 habitis,
1609 3910 1771 3969 coele-

170 4002 271 4057 stia
306 4001 535 4074 praemia
559 3999 857 4073 largiatur?
887 4000 998 4058 Nec
1028 4012 1111 4060 est
1141 4003 1416 4072 discretio,
1459 4001 1680 4060 Judmus
1699 4019 1771 4060 an

170 4091 411 4160 Graecus,
428 4091 694 4149 barbarus
714 4109 783 4148 an
800 4092 1022 4167 Scytha,
1040 4110 1231 4153 servus
1251 4110 1319 4151 an
1341 4096 1480 4152 liber
1501 4097 1574 4153 sit
1587 4094 1767 4168 (Rom.

172 4199 225 4251 ι,
253 4182 458 4240 Coloss.
485 4183 592 4256 ιιι),
637 4183 765 4256 quia
805 4200 903 4256 per
944 4186 1126 4243 omnia
1151 4195 1205 4244 et
1245 4189 1301 4243 in
1339 4188 1591 4244 omnibus
1614 4186 1772 4244 Chri-

174 4284 287 4332 stus
306 4283 415 4333 est.
440 4275 737 4347 Propterea
765 4277 911 4332 enim
952 4278 1180 4350 ﬁguram
1220 4279 1363 4336 servi
1402 4277 1651 4336 Salvator
1673 4293 1773 4335 no-

175 4378 284 4427 ster
312 4380 370 4427 et
414 4371 676 4427 Dominus
719 4371 913 4439 induit,
942 4381 997 4428 et
1040 4389 1141 4444 pro
1174 4373 1346 4430 libero
1375 4383 1430 4431 et
1472 4390 1573 4446 pro
1612 4389 1772 4431 servo

176 4462 420 4529 servivit,
446 4470 506 4518 ut
530 4462 783 4527 omnibus
808 4463 1157 4521 credentibus
1176 4465 1234 4521 in
1257 4479 1316 4521 se
1336 4466 1543 4536 aequale
1570 4467 1770 4522 donum

177 4554 441 4612 bonorum
482 4556 788 4613 caelestium
829 4556 1112 4628 largiatur,
1162 4573 1262 4615 nec
1307 4559 1600 4629 prtel'ertur
1628 4559 1773 4631 apud

178 4650 320 4709 illum
349 4652 483 4723 quid
512 4652 808 4708 secundum
829 4667 1047 4707 carnem
1070 4652 1306 4709 nobilior
1332 4653 1419 4709 sit.
1453 4652 1772 4723 Quicunque

1872 3447 2121 3518 draginta
2142 3447 2259 3503 dies
2285 3445 2574 3517 sepultura:
2590 3459 2728 3516 quos
2748 3444 3139 3499 commemorat
3160 3434 3465 3505 Scriptura,

1870 3540 2012 3596 forte
2039 3539 2348 3612 signiﬁcant
2372 3538 2575 3610 aliquid
2605 3534 2961 3608 pmnitentize,
2987 3546 3093 3604 qua
3136 3533 3359 3603 peccata
3382 3536 3469 3581 se-

1868 3634 2161 3705 peliuntur.
2197 3634 2317 3689 Non
2349 3634 2497 3690 enim
2522 3631 2725 3688 frustra
2766 3630 2933 3687 etiam
2960 3623 3319 3699 quadraginta
3350 3618 3471 3675 dies

1865 3728 2194 3800 jejuniorum
2224 3736 2351 3783 sunt
2402 3724 2704 3792 constituti,
2744 3721 2942 3795 quibus
2991 3717 3205 3790 Moyses
3237 3722 3295 3771 et
3322 3711 3470 3769 Elias

1871 3827 1926 3875 et
1969 3819 2231 3874 Dominus
2276 3817 2393 3889 ipse
2429 3816 2721 3889 jejuuavit,
2755 3821 2814 3871 et
2859 3809 3103 3868 Ecclesia
3137 3805 3466 3879 praecipuam

1871 3914 2307 3971 observationem
2358 3910 2692 3983 ieiuniorum
2742 3903 3229 3977 Quadragesimam
3284 3904 3465 3954 vocat.

1872 4006 2027 4065 Unde
2053 4016 2108 4063 et
2135 4007 2192 4062 in
2226 4005 2454 4063 Hebraeo
2475 4005 2542 4060 de
2569 4002 2820 4059 Ninivitis
2841 3999 2982 4072 apud
3018 3996 3209 4055 Ionam
3236 3991 3470 4065 prophe—

1873 4109 1984 4156 tam
2007 4099 2270 4169 scriptum
2294 4097 2586 4169 perhibent
2611 4113 2624 4150 :
2664 4091 3032 4163 Quadraginta
3065 4087 3177 4143 dies
3203 4094 3252 4142 et
3276 4082 3469 4139 Ninive

1872 4201 2124 4249 evertetur
2152 4191 2330 4263 (Iona:
2374 4189 2478 4263 ιιι),
2525 4196 2585 4245 ιιι
2627 4201 2725 4260 per
2751 4193 2832 4243 tot
2868 4184 2986 4241 dies
3029 4176 3469 4238 accommodatus
3516 4211 3520 4214 ρ

1871 4282 2126 4339 videlicet
2177 4280 2541 4338 humiliationi
2591 4277 2974 4350 pmnitentium
3024 4271 3359 4345 intelligatur
3410 4267 3467 4325 in

1866 4375 2088 4449 jejuniis
2115 4392 2213 4433 sua
2243 4375 2525 4433 deﬂevisse
2552 4381 2776 4445 peccata
2798 4380 2858 4427 et
2893 4370 3215 4441 impetrasse
3254 4361 3471 4421 miseri-

1873 4471 2117 4528 cordiam
2137 4469 2262 4544 Dei.
2290 4468 2404 4524 Nec
2431 4477 2615 4523 tamen
2636 4463 2937 4536 putandum
2958 4468 3045 4516 est
3082 4459 3246 4516 istum
3274 4468 3473 4512 nume-

1875 4580 1996 4620 rum
2049 4563 2218 4619 luctui
2274 4560 2656 4633 poenitentium
2716 4554 3087 4612 tantummodo
3136 4550 3467 4617 convenire,

1874 4654 2112 4726 alioquin
2138 4668 2248 4708 non
2278 4650 2633 4722 quadraginta
2668 4646 2789 4703 dies
2813 4645 3032 4702 fecisset
3058 4642 3318 4699 Dominus
3340 4654 3468 4697 eum

180 4744 319 4800 enim
348 4744 515 4800 ﬁdem
544 4743 758 4801 Domini
805 4751 1166 4814 promeretur,
1211 4744 1372 4800 nullis
1396 4745 1623 4800 maculis
1644 4760 1769 4801 car-
1795 4718 1849 4778 Β
1875 4746 2153 4818 discipulis
2197 4744 2311 4801 suis
2336 4752 2459 4815 post
2505 4739 2961 4799 resurrectionem
2992 4737 3200 4792 intrans
3239 4747 3364 4790 cum
3387 4731 3469 4788 eis

180 4835 311 4893 nalis
337 4836 641 4892 nativitatis
687 4834 1002 4892 oll'uscatur.
1042 4834 1200 4905 .Nam
1230 4836 1336 4893 hoc
1381 4836 1457 4891 ita
1504 4835 1770 4906 futurum,

183 4928 337 4985 etiam
358 4945 460 5002 per
486 4930 805 5001 prophetam
849 4929 1209 5002 signiﬁcatur,
1255 4930 1471 4988 dicente
1497 4931 1768 4988 Domino:

185 5018 318 5093 Erit,
341 5026 402 5080 in
429 5024 722 5080 novissimis
744 5024 927 5079 diebus
953 5025 1224 5096 effundam
1252 5026 1316 5081 de
1334 5026 1525 5098 spiritu
1547 5043 1659 5083 meo
1685 5043 1776 5082 su-

184 5130 270 5183 per
292 5134 498 5174 omnem
530 5134 741 5173 carnem
762 5115 922 5191 (Joel.
942 5118 1025 5189 ιι).

252 5206 444 5265 Omnes
463 5208 518 5264 hi
546 5208 602 5263 in
623 5208 860 5263 tribubus
885 5207 1058 5264 Israel
1079 5209 1379 5267 duodecim.
1407 5210 1539 5267 Haec
1564 5212 1770 5271 locutus

189 5307 257 5354 est
276 5302 348 5357 eis
366 5310 520 5375 pater
543 5318 692 5369 suus,
714 5300 1075 5373 benedixitque
1090 5302 1311 5375 singulis
1330 5304 1771 5364 benedictionibus

190 5395 426 5464 Propriis,
474 5403 523 5450 et
562 5395 808 5466 prwcepit
854 5394 930 5450 eis
976 5395 1191 5451 dicens:
1239 5392 1354 5467 Ego
1385 5413 1671 5469 congregor
1699 5399 1770 5456 ad

192 5485 433 5554 populum
483 5501 697 5551 meum;
745 5484 955 5556 sepelite
1002 5502 1085 5541 me
1112 5502 1233 5541 cum
1282 5486 1518 5557 patribus
1563 5489 1691 5543 meis
1715 5490 1772 5545 in

194 5574 427 5642 spelunca
446 5576 666 5649 duplici,
689 5592 806 5648 qua!
827 5586 903 5631 est
929 5577 985 5631 in
1004 5594 1130 5648 agro
1156 5575 1375 5649 Ephron
1400 5576 1630 5647 Hethwi,
1654 5595 1774 5635 con-

197 5668 273 5716 tra
304 5665 536 5724 Mambre
560 5669 615 5723 in
661 5677 803 5724 terra
848 5665 1122 5735 Chanaan,
1149 5685 1306 5740 quam
1333 5671 1457 5725 emit
1506 5669 1775 5726 Abraham

197 5768 309 5811 cum
327 5776 450 5831 agro
474 5760 538 5822 ab
568 5758 787 5832 Ephron
808 5759 1030 5815 Hethwo
1053 5761 1107 5814 in
1128 5763 1504 5831 possessionem
1526 5762 1773 5835 sepulcri.

199 5840 277 5898 lbi
298 5850 607 5919 sepelierunt
636 5870 775 5920 eum,
826 5863 874 5908 et
906 5851 1102 5909 Saram
1132 5870 1348 5909 uxorem
1393 5856 1554 5927 ejus;
1600 5857 1776 5929 ibique

196 5939 419 6008 sepultus
458 5955 534 6003 est
562 5945 722 6005 Isaac
758 5964 876 6005 cum
910 5946 1145 6042 Rebecca
1187 5949 1428 6023 conjuge.
1472 5950 1558 6009 Ibi
1598 5959 1647 6009 et
1673 5949 1777 6009 Lia

1877 4847 1932 4897 et
1950 4840 2159 4904 exiens,
2188 4836 2525 4893 manducans
2553 4841 2609 4890 et
2638 4833 2850 4889 bibens.
2875 4829 2981 4899 Qui
3002 4829 3119 4884 dies
3138 4827 3329 4898 utique
3355 4838 3471 4887 ma:-

1878 4949 1997 5006 gna:
2038 4932 2240 4987 laetitia:
2265 4930 2506 4985 fuerunt.
2539 4926 2650 4984 Nec
2677 4924 2823 4983 LXX
2849 4924 3195 4996 interpretes,
3225 4932 3363 4990 quos
3386 4916 3468 4973 le-

1880 5041 2006 5099 gere
2028 5025 2310 5082 consuevit
2337 5023 2598 5089 Ecclesia,
2647 5034 2865 5078 errasse
2910 5015 3164 5076 credendi
3209 5019 3356 5078 sunt,
3406 5016 3470 5067 ut

1881 5135 1992 5176 non
2039 5117 2300 5172 dicerent.
2345 5113 2713 5184 Quadraginta
2761 5112 2891 5179 dies,
2938 5110 3072 5166 sed:
3126 5105 3382 5161 Triduum
3418 5109 3468 5157 et

1881 5209 2071 5266 Ninive
2116 5217 2388 5264 evertetur.
2430 5205 2634 5276 Majore
2661 5203 2858 5275 quippe
2886 5197 3209 5256 auctoritate
3253 5194 3469 5267 praediti

1877 5318 2044 5376 quam
2089 5302 2445 5371 interpretum
2496 5295 2733 5353 olIicium
2783 5300 2889 5359 est,
2919 5290 3238 5364 prophetico
3266 5288 3463 5361 spiritu

1877 5408 1986 5465 quo
2014 5392 2178 5446 etiam
2203 5405 2299 5445 ore
2336 5405 2448 5445 uno
2492 5389 2547 5443 in
2585 5386 2698 5442 suis
2743 5381 3295 5455 interpretationibus,
3325 5378 3469 5450 quod

1879 5500 2135 5558 magnum
2189 5481 2515 5537 miraculum
2572 5478 2694 5544 fuit,
2749 5475 3101 5532 consonuisse
3157 5474 3463 5540 ﬁrmantur,

1883 5577 2140 5633 Triduum
2188 5582 2508 5646 posuerunt,
2553 5568 2802 5640 quamvis
2839 5584 2946 5623 non
2983 5567 3297 5639 ignorarent
3323 5560 3468 5635 quod

1881 5671 1998 5728 dies
2022 5668 2378 5740 quadraginta
2408 5667 2463 5721 in
2492 5663 2735 5720 Hebraeis
2759 5662 3034 5719 codicibus
3053 5660 3381 5733 legerentur,
3407 5665 3471 5715 ut

1882 5764 1937 5818 in
1962 5761 2178 5817 Domini
2204 5759 2332 5816 Jesu
2359 5757 2564 5815 Christi
2589 5755 2995 5823 clariﬁcatione,
3039 5753 3469 5825 intelligerentur

1881 5855 2101 5911 dissolvi
2123 5852 2436 5922 abolerique
2464 5858 2712 5921 peccata,
2740 5851 2809 5907 de
2837 5866 2945 5922 quo
2968 5850 3171 5906 dictum
3204 5855 3288 5904 est
3312 5864 3326 5902 :
3360 5842 3468 5912 Qui

1884 5949 2112 6008 traditus
2151 5957 2225 6006 est
2249 5956 2461 6024 propter
2482 5944 2672 6004 delicta
2702 5955 2905 6019 nostra,
2929 5955 2978 6004 et
3018 5943 3301 6005 resurrexit
3338 5959 3477 6023 prof
