3946 6460
469 419 572 479 667

1136 416 1198 471 Β.
1238 413 1494 471 BABANI
1531 411 1751 469 MAURI
1788 409 2105 468 ARCHIEP.
2149 408 2464 468 MOGUNT.
2505 410 2793 469 OPERUM
2835 365 3098 469 PARSI.

3678 405 3783 460 668

462 544 585 609 pter
617 533 1048 606 justiﬁcationem
1091 540 1323 585 nostram
1370 528 1547 602 (Rom.
1575 526 1671 600 tv).
1722 526 2049 585 Clariﬁcatio
2077 528 2130 590 Α
2154 534 2274 582 ctus
2308 534 2390 582 est
2414 542 2514 598 per
2541 527 2760 602 Moysen
2792 530 2861 585 ab
2906 526 3142 600 Egypto
3168 524 3461 583 liberatus.
3495 522 3606 579 [llo
3627 522 3782 594 quip.

472 635 653 683 autem
680 622 889 681 Domini
921 623 973 678 in
1012 622 1410 678 resurrectione
1455 629 1510 676 et
1559 621 1615 676 in
1649 619 1845 676 caelum
1873 635 2060 675 ascen-

470 719 623 776 sione
649 717 1013 790 cognoscitur.
1047 715 1203 773 Unde
1228 715 1312 771 bis
1344 729 1592 782 numero,
1618 712 1865 786 quamvis
1893 729 2059 769 unum

469 820 525 866 et
549 811 799 866 eumdem
827 808 1088 882 Spiritum
1140 817 1389 864 sanctum
1433 808 1599 875 dedit,
1644 809 1820 880 primo
1848 817 2060 879 postea-

469 919 630 975 quam
687 903 1007 969 resurrexit,
1037 903 1233 958 iterum
1290 911 1648 973 posteaquam
1705 903 1949 959 ascendit
2003 903 2059 957 in

467 995 687 1051 caelum.
727 994 796 1050 Et
819 995 1074 1065 quoniam
1121 1002 1245 1066 post
1300 994 1538 1049 triduum
1590 994 1909 1061 resurrexit,
1940 1000 2062 1065 post

466 1084 824 1158 quadraginta
855 1094 1037 1141 autem
1060 1085 1175 1141 dies
1207 1086 1473 1152 ascendit,
1507 1102 1673 1140 unum
1702 1085 1894 1140 horum
1917 1084 2061 1155 quod

465 1166 736 1248 posterius
758 1176 969 1232 factum
997 1186 1099 1242 est,
1128 1192 1228 1247 per
1272 1192 1560 1232 numerum
1610 1176 1821 1231 dierum
1848 1175 2061 1233 codices

464 1266 681 1327 Hebraei
710 1269 1055 1341 signiﬁcant;
1087 1266 1321 1325 alterum
1360 1278 1543 1325 autem
1581 1269 1647 1324 de
1661 1269 1874 1348 .triduo,
1917 1269 2060 1340 quod

464 1363 533 1421 ad
559 1363 804 1420 eamdem
828 1365 991 1419 etiam
1026 1380 1144 1420 rem
1184 1364 1504 1436 pertineret,
1549 1363 1692 1419 LXX
1733 1380 2061 1420 commemo-

458 1474 612 1533 rare,
641 1475 749 1515 non
782 1460 1246 1531 interpretationis
1294 1461 1578 1527 servitute,
1631 1462 1725 1517 sed
1753 1461 2059 1532 prophetiae

464 1553 790 1621 auctoritate
810 1552 1117 1612 voluerunt.
1145 1552 1264 1610 Non
1312 1571 1442 1627 ergo
1490 1556 1732 1612 dicamus
1758 1572 1923 1610 unum
1963 1556 2060 1611 ho-

462 1660 586 1717 rum
614 1645 806 1703 falsum
836 1662 977 1713 esse,
1011 1655 1066 1702 et
1096 1662 1196 1718 pro
1227 1647 1347 1703 aliis
1376 1648 1763 1720 interpretibus
1798 1650 2061 1706 adversus

462 1732 597 1790 alios
618 1734 912 1808 litigemus,
941 1753 1064 1793 cum
1101 1746 1155 1793 et
1185 1737 1259 1792 illi
1305 1739 1396 1808 qui
1425 1755 1492 1794 ex
1535 1739 1763 1796 llebrzeo
1789 1740 2059 1810 interpre-

460 1832 663 1893 tantur,
692 1830 926 1900 probent
946 1829 1103 1885 nobis
1136 1829 1242 1885 hoc
1275 1831 1539 1902 scriptum
1566 1846 1687 1888 esse
1716 1834 1861 1903 quod
1895 1834 2061 1888 inter-

2160 634 2230 692 pe
2254 619 2445 675 itinere
2490 627 2549 675 ut
2583 619 2879 692 plurimum
2925 619 3206 684 circuitur,
3242 626 3297 674 et
3330 632 3435 691 per
3473 614 3779 672 Iordanem

2163 713 2379 769 venitur
2405 714 2472 768 ad
2519 714 2933 780 Abrahamium,
2962 713 3050 769 ubi
3090 719 3215 768 sunt
3244 726 3485 782 corpora
3542 707 3784 780 patriar.

2162 806 2409 873 charum,
2452 806 2505 862 id
2544 815 2649 874 est,
2681 806 2748 861 ad
2793 816 2995 863 terram
3042 805 3321 861 Chanaan.
3355 804 3473 860 Sed
3499 803 3782 875 quomodo

2162 895 2368 951 factum
2391 896 2461 951 sit
2490 905 2550 951 ut
2577 906 2726 952 trans
2751 896 2867 952 loca
2893 896 2981 951 illa
3016 895 3084 953 ad
3122 895 3400 952 Orientem
3425 910 3644 950 versus
3670 903 3783 947 tan—

2163 996 2277 1042 tum
2306 988 2493 1055 iretur,
2527 997 2582 1044 et
2637 988 2761 1044 inde
2790 989 2857 1045 ad
2885 1004 2949 1044 ea
2998 1004 3096 1060 per
3122 987 3419 1045 Iordanem
3469 986 3779 1051 veniretur,

2161 1081 2571 1154 signiﬁcationis
2596 1098 2760 1139 causa
2783 1081 2983 1139 factum
3004 1098 3125 1139 esse
3145 1083 3489 1139 credendum
3511 1090 3626 1145 est,
3644 1079 3777 1151 quod

2160 1189 2257 1245 per
2308 1171 2597 1230 Iordanem
2642 1183 2907 1231 venturus
2963 1184 3081 1232 erat
3111 1172 3180 1230 ad
3233 1191 3327 1231 eas
3359 1183 3553 1229 terras
3594 1184 3776 1244 posca

2160 1265 2326 1323 Israel
2354 1268 2406 1324 in
2446 1267 2571 1323 ﬁliis
2600 1270 2733 1325 suis.
2776 1266 2846 1323 Et
2888 1267 3007 1338 fecit
3035 1267 3232 1322 luctum
3276 1268 3421 1338 patri
3449 1284 3555 1322 suo
3589 1276 3778 1336 septeni

2161 1357 2290 1412 dies.
2344 1357 2538 1416 Nescio
2564 1368 2746 1415 utrum
2792 1359 3101 1416 inveniatur
3148 1358 3307 1413 alicui
3363 1357 3777 1414 sanctorumin

2163 1449 2461 1524 Scripturis
2486 1454 2816 1510 celebratum
2839 1470 2959 1511 esse
2991 1454 3199 1509 luctum
3225 1468 3425 1508 novem
3460 1450 3614 1513 dies,
3639 1450 3777 1521 quod

2162 1545 2302 1616 apud
2324 1545 2546 1602 Latinos
2567 1547 2852 1603 novendial
2900 1547 3191 1619 appellant.
3221 1545 3376 1602 Unde
3404 1544 3554 1600 mihi
3582 1542 3773 1598 viden-

2160 1643 2252 1691 tur
2278 1636 2345 1691 ab
2378 1637 2479 1693 hac
2511 1639 2902 1695 consuetudine
2926 1638 3269 1711 prohibendi,
3303 1637 3350 1692 si
3380 1638 3483 1709 qui
3508 1634 3775 1692 Christia-

2160 1745 2355 1785 norum
2397 1731 2557 1787 istum
2592 1733 2645 1787 in
2673 1734 2903 1790 mortuis
2940 1733 3054 1789 suis
3084 1747 3371 1789 numerum
3403 1738 3659 1795 servant,
3690 1731 3775 1801 qui

2162 1822 2336 1894 magis
2364 1832 2449 1879 est
2489 1824 2542 1879 in
2581 1826 2860 1897 gentilium
2892 1826 3298 1882 consuetudine.
3334 1824 3628 1896 Septimus
3652 1840 3777 1879 vero

440 1922 775 1995 pretantur;
833 1930 887 1977 ει
932 1918 1075 1978 LXX
1130 1921 1487 1993 ίηιειιριιειυω
1542 1926 1878 1992 auctoritas,
1930 1942 2052 1998 qua;
2082 1905 2276 1970 Bdies
2320 1916 2702 1973 auctoritatem
2756 1918 2809 1973 in
2861 1917 3157 1989 Scripturis
3210 1918 3394 1973 habet.
3458 1916 3624 1972 Unde
3676 1916 3774 1971 alio

456 2000 613 2068 tanto
638 2011 803 2068 etiam
830 2012 1087 2069 divinitus
1115 2012 1259 2070 facto
1310 2016 1574 2073 miraculo
1621 2018 2049 2087 commendatur,

459 2112 610 2158 tanta
643 2103 697 2160 in
723 2105 980 2163 Ecclesiis
1003 2115 1275 2165 vetustate
1303 2110 1572 2167 ﬁrmetur.

530 2192 752 2268 Expleta
780 2195 1020 2269 planctus
1047 2209 1294 2271 tempore,
1320 2202 1527 2259 locutus
1551 2213 1626 2259 est
1646 2203 1841 2276 Ioseph
1866 2205 1935 2259 ad
1970 2205 2054 2277 fa-

456 2284 658 2342 miliam
703 2278 1048 2345 Pharaonis:
1095 2291 1154 2347 Si
1194 2295 1365 2350 inveni
1405 2297 1631 2367 gratiam
1675 2298 1731 2351 in
1778 2306 2054 2368 conspectu

455 2390 646 2447 vestro,
678 2379 951 2452 loquimini
974 2384 1029 2438 in
1056 2388 1274 2441 auribus
1299 2386 1622 2454 Pharaonis,
1657 2405 1716 2443 eo
1740 2389 1881 2460 quod
1906 2399 2056 2460 pater

453 2487 599 2526 meus
625 2473 949 2543 adjuraverit
980 2494 1061 2532 me
1102 2478 1279 2533 dicens
1305 2496 1322 2533 :
1364 2478 1450 2533 En
1488 2480 1706 2547 morior,
1735 2481 1790 2535 in
1817 2480 2054 2551 sepulcro

453 2574 570 2616 meo
581 2564 719 2634 quod
740 2563 852 2635 fodi
868 2566 997 2621 mihi
1017 2568 1073 2623 in
1086 2579 1227 2624 terra
1245 2569 1501 2626 Chanaan
1516 2570 1727 2642 sepelies
1748 2589 1846 2627 me.
1869 2572 2058 2627 Ascen-

454 2657 581 2715 dam
602 2660 782 2730 igitur,
804 2674 853 2717 et
871 2664 1118 2743 sepeliant
1144 2678 1347 2745 patrem
1376 2685 1571 2735 meum,
1596 2686 1658 2724 ac
1686 2678 1932 2724 revertar.
1956 2669 2057 2723 Di-

451 2748 632 2821 a‘itque
654 2752 702 2806 ei
721 2750 936 2811 Pharao
960 2772 979 2812 .'
999 2755 1237 2813 Ascende
1262 2769 1311 2815 et
1333 2760 1495 2832 sepeli
1517 2771 1719 2831 patrem
1743 2772 1894 2816 tuum
1918 2762 2055 2817 sicut

450 2843 738 2919 gdjuratus
778 2863 859 2902 es.
894 2847 1010 2914 Quo
1058 2851 1388 2918 ascendente,
1418 2854 1588 2908 ierunt
1627 2869 1746 2931 cum
1781 2870 1840 2909 eo
1877 2870 2055 2909 ontnes

448 2953 599 2999 senes
652 2938 843 3015 domus
886 2939 1245 3019 Pharaonis:
1304 2946 1579 3017 cunctique
1632 2945 1861 3017 majores
1926 2954 2055 3001 natu

453 3028 695 3100 .Egypti,
727 3030 915 3087 domus
961 3032 1155 3111 Ioseph
1210 3052 1330 3091 cum
1374 3037 1629 3108 fratribus
1680 3039 1812 3104 suis,
1863 3038 2057 3110 absque

448 3119 688 3193 parvulis
714 3129 763 3175 et
802 3122 1043 3205 gregibus
1073 3135 1225 3197 atque
1263 3128 1532 3195 armentis,
1574 3146 1690 3201 qua:
1738 3129 2054 3201 reliquerant

448 3210 508 3281 iu
520 3221 674 3285 terra
699 3212 913 3272 Gessen.
945 3215 1146 3293 Habuit
1179 3238 1382 3298 quoque
1410 3222 1465 3276 in
1490 3223 1743 3278 comitatu
1784 3241 1976 3279 currus
2004 3235 2054 3280 et

448 3306 669 3379 eguites,
698 3317 747 3364 et
779 3308 922 3379 facta
944 3312 1207 3387 _est_turba
1224 3332 1332 3369 non
1366 3316 1595 3371 modica.
1629 3315 1785 3386 Quod
1812 3318 2044 3391 manda-

451 3397 531 3469 vit
572 3396 771 3473 Ioseph
810 3410 1061 3475 potentes
1108 3403 1353 3483 Egypti,
1387 3416 1446 3464 ut
1490 3408 1735 3465 dicerent
1778 3408 2051 3467 Pharaoni

707 3493 861 3564 eius:
902 3496 1073 3554 Pater
1119 3516 1265 3573 gneus
1309 3500 1576 3571 adjuravit
1623 3516 1705 3557 me
1733 3501 1910 3557 dicens
1934 3517 1953 3555 :
1980 3502 2052 3559 In

450 3596 790 3659 monumento
815 3590 956 3663 quod
985 3607 1077 3664 ego
1100 3592 1213 3663 fodi
1253 3594 1381 3649 mihi
1419 3594 1476 3649 in
1499 3603 1640 3650 terra
1669 3594 1948 3663 Chanaan,
1978 3597 2050 3651 ibi

452 3691 538 3753 pte
566 3677 806 3750 sepelies,
854 3683 1022 3752 quaeri
1068 3692 1249 3755 potest
1279 3686 1550 3757 quomodo
1576 3702 1766 3765 verum
1803 3688 1897 3755 sit,
1927 3705 2051 3744 cum

452 3765 569 3823 haec
619 3770 787 3827 verba
816 3772 994 3849 patris
1040 3774 1178 3847 ejus,
1237 3777 1455 3857 quando
1505 3777 1572 3833 de
1623 3795 1721 3835 sua
1772 3782 2049 3849 sepultura

454 3858 751 3939 mandavit,
805 3878 913 3943 non
944 3863 1232 3937 legantur;
1283 3868 1377 3925 sed
1407 3867 1475 3924 ad
1510 3871 1839 3926 sententiam
1882 3872 2050 3928 verba

452 3952 657 4015 referre
700 3953 983 4023 debemus,
1020 3958 1165 4015 sicut
1209 3960 1267 4015 in
1309 3961 1430 4017 aliis
1471 3977 1634 4033 supra
1667 3963 1917 4019 similiter
1944 3964 2047 4020 ite-

451 4046 588 4121 ratis
615 4045 797 4125 verbis
822 4047 909 4103 vel
941 4038 1353 4129 narrationibus
1392 4040 1795 4111 admonuimus.
1843 4053 2048 4111 Volun-

451 4136 551 4191 tati
575 4136 720 4193 enim
766 4138 1131 4221 enuntiandte,
1177 4150 1234 4198 et
1278 4142 1332 4198 in
1382 4144 1630 4201 notitiam
1674 4145 2044 4218 perferenda,

452 4237 666 4309 oportet
717 4231 882 4311 verba
933 4233 1156 4316 servire.
1206 4232 1431 4293 Fodisse
1488 4245 1668 4293 autem
1718 4238 1885 4296 Iacob
1944 4241 2045 4297 sibi

451 4318 781 4401 sepulcrum,
800 4338 1080 4407 nusquam
1104 4326 1366 4407 superius
1408 4328 1462 4383 in
1490 4320 1786 4401 Scripturis
1825 4331 2045 4404 legitur,

448 4412 548 4485 sed
574 4411 679 4468 nisi
725 4404 1057 4500 ﬁeret,icum
1086 4404 1141 4473 in
1184 4417 1387 4475 eisdem
1434 4421 1594 4477 terris
1638 4432 1843 4489 essent,
1884 4424 2045 4482 modo

450 4519 559 4585 non
586 4504 896 4565 diceretur:
956 4506 1321 4582 Veneruntque
1370 4512 1441 4567 ad
1488 4530 1668 4569 aream
1711 4515 1872 4583 Atad,
1924 4534 2043 4587 qua:

447 4596 551 4651 sita
591 4607 663 4653 est
704 4607 851 4656 trans
892 4599 1205 4679 Iordanem.
1255 4598 1354 4659 Ubi
1403 4603 1720 4663 celebrantes
1769 4609 2041 4680 exsequias

446 4685 662 4760 planctu
713 4706 903 4761 magno
942 4702 1095 4764 atque
1136 4694 1442 4761 velamenti,
1472 4696 1813 4768 impleverunt
1847 4709 2042 4770 septem

447 4778 579 4859 dies,
604 4789 709 4836 etc.
742 4777 881 4847 Quid
906 4776 1007 4838 sibi
1051 4778 1165 4836 vult
1184 4784 1337 4854 quod
1365 4800 1489 4840 cum
1526 4794 1815 4859 pergerent
1842 4788 1910 4844 ad
1956 4803 2041 4844 se-

447 4858 757 4945 peliendum
791 4868 977 4939 Iacob,
1011 4870 1292 4945 Scriptura
1340 4876 1506 4933 dicit:
1557 4858 1923 4935 Etivene‘runt
1971 4881 2042 4936 ad

448 4979 625 5017 aream
652 4961 815 5030 Atad,
844 4980 961 5034 qua:
1002 4975 1076 5020 est
1095 4964 1254 5044 trans
1279 4965 1571 5024 Iordanem
1595 4970 1621 5023 ?
1661 4969 2043 5044 Prmtergressi

445 5060 573 5110 sunt
595 5053 739 5110 enim
764 5052 944 5110 locum
975 5055 1030 5111 in
1055 5042 1163 5129 quo
1213 5066 1332 5113 erat
1384 5067 1628 5116 mortuus
1677 5042 2041 5132 sepeliendus,

446 5143 613 5200 millia
645 5145 809 5219 (sicut
824 5147 1118 5218 perhibent
1144 5148 1237 5222 qui
1263 5149 1552 5222 noverunt)
1578 5150 1865 5223 plusquam
1886 5153 2037 5224 quin-

446 5238 725 5309 quaginta.
760 5238 991 5299 Tantum
1029 5242 1227 5313 quippe
1264 5243 1426 5315 spatii
1470 5252 1553 5300 est
1602 5243 1724 5317 plus
1758 5246 1940 5303 minus
1969 5246 2038 5303 ab

445 5340 512 5383 eo
541 5320 660 5385 loco
689 5329 780 5387 ubi
810 5324 1005 5403 sepulti
1031 5341 1158 5390 sunt
1180 5333 1530 5405 patriarchae,
1575 5336 1631 5391 in
1657 5336 1854 5408 quibus
1876 5347 1930 5395 et
1949 5337 2039 5395 Ja-

444 5422 571 5489 cob,
598 5438 770 5493 usque
816 5424 883 5481 ad
922 5425 1066 5483 hunc
1093 5424 1273 5483 locum
1302 5420 1410 5500 quo
1436 5442 1531 5484 eos
1578 5426 1863 5486 advenisse
1907 5447 2037 5487 nar-

443 5521 619 5571 ratur.
650 5512 786 5570 Nam
813 5524 939 5586 post
964 5515 1166 5574 factum
1187 5516 1263 5575 ibi
1285 5517 1489 5574 luctum
1514 5527 1568 5575 et
1608 5518 1885 5591 planctum
1919 5537 2035 5578 ma—

443 5619 634 5677 gnum,
664 5605 941 5664 redierunt
975 5606 1045 5665 ad
1079 5610 1257 5667 locum
1294 5627 1455 5684 quem
1479 5614 1877 5684 praeterieram,
1917 5631 2036 5670 rur-

442 5711 538 5755 sus
558 5692 792 5756 Iordane
822 5701 1136 5773 transiecto.
1175 5702 1293 5759 Nisi
1314 5704 1435 5775 quis
1465 5703 1607 5761 forte
1635 5705 1799 5771 dicat,
1829 5706 2035 5780 aliquo-

442 5801 568 5847 rum
601 5789 839 5848 hostium
867 5792 1207 5850 vitandorum
1235 5810 1398 5852 causa
1424 5813 1522 5869 per
1547 5813 1791 5855 ercmum
1821 5800 2032 5859 venisse

2156 2002 2278 2063 loco
2308 2008 2571 2080 scriptum
2601 2019 2724 2067 est;
2784 2009 2982 2065 Luctus
3014 2012 3211 2065 mortui
3261 2021 3463 2082 septem
3514 2010 3767 2071 dierum;

2153 2100 2294 2173 fatui
2319 2112 2518 2169 autem,
2567 2116 2743 2159 oMnes
2774 2104 2884 2160 dies
2926 2106 3045 2160 vitae
3090 2104 3203 2176 ejus
3238 2103 3437 2177 (Eccli.
3474 2106 3646 2176 nu).
3686 2102 3773 2159 Se-

2154 2196 2438 2266 ptenarius
2486 2205 2664 2252 autem
2712 2212 2996 2263 numerus,
3041 2206 3267 2269 propter
3319 2197 3543 2253 sabbati
3594 2212 3771 2252 sacra-

2155 2298 2420 2355 mentum,
2462 2291 2734 2361 praecipue
2760 2291 2960 2361 quietis
3008 2290 3267 2347 indicium
3307 2300 3413 2346 est.
3464 2288 3629 2345 Unde
3668 2305 3770 2345 mc-

2156 2379 2265 2435 rito
2312 2381 2539 2436 mortuis
2594 2389 2853 2453 tanquam
2903 2382 3377 2454 requiescentibus
3429 2381 3768 2444 exhibetur,

2157 2488 2319 2544 quem
2351 2484 2528 2530 tamen
2558 2491 2842 2530 numerum
2873 2475 2927 2529 in
2971 2475 3118 2531 luctu
3146 2475 3311 2532 Iacob
3343 2475 3771 2546 decuplavenmt

2156 2562 2418 2637 Egyptii,
2450 2566 2546 2637 qui
2574 2582 2698 2622 eum
2723 2568 3069 2639 septuaginta
3098 2568 3287 2625 diebus
3310 2568 3600 2624 luxerunt.

2729 2701 2961 2759 CAPUT
3000 2702 3159 2759 XVII.

2154 2788 2378 2847 Fratres
2407 2791 2602 2863 Ioseph
2630 2801 2745 2865 post
2773 2795 2971 2867 exitum
2998 2796 3169 2867 patris
3199 2797 3283 2850 sui
3309 2812 3376 2851 ac
3414 2796 3758 2867 sepulturam,

2184 2878 2191 2885 '
2227 2872 2414 2945 rogant
2469 2882 2532 2919 ne
2579 2881 2780 2920 memor
2842 2866 2911 2920 sit
2958 2866 3296 2938 iniquitatunt
3340 2866 3481 2939 quas
3536 2868 3762 2937 fecerunt

2226 2951 2281 2988 ιη
2300 2951 2437 2989 eum.

2226 3027 2578 3100 Reversusque
2616 3037 2690 3084 est
2722 3027 2919 3101 Ioseph
2951 3030 3007 3085 in
3030 3028 3323 3102 zEgyptum
3341 3048 3467 3086 cum
3509 3032 3759 3101 fratribus

2156 3121 2266 3175 suis
2292 3130 2339 3174 et
2369 3121 2508 3175 omni
2538 3121 2809 3187 comitatu,
2848 3121 3049 3193 sepulto
3078 3132 3247 3194 patre.
3297 3121 3421 3188 Quo
3448 3135 3685 3187 mortuo,
3705 3125 3762 3177 tio

2158 3221 2352 3265 mentes
2389 3211 2582 3282 fratres
2614 3213 2749 3284 ejus,
2803 3223 2851 3268 et
2890 3224 3071 3268 mutuo
3102 3212 3493 3286 colloquentes:
3528 3215 3613 3270 Ne
3638 3215 3762 3283 forte

2078 3279 2127 3344 ε
2158 3321 2356 3359 memor
2404 3305 2467 3360 sit
2499 3293 2711 3377 injurite
2751 3323 2910 3378 quam
2956 3324 3141 3377 passus
3174 3319 3270 3375 est,
3320 3319 3369 3363 et
3402 3310 3597 3364 reddat
3627 3312 3761 3364 nobis

2155 3398 2354 3451 malum
2392 3415 2540 3452 omne
2579 3397 2721 3470 quod
2763 3398 3001 3469 fecimus,
3040 3400 3428 3457 mandaverunt
3459 3402 3515 3455 ei
3540 3416 3560 3452 :
3614 3399 3764 3455 Pater

2153 3498 2274 3545 tuus
2303 3491 2542 3563 pra’cepit
2564 3491 2731 3557 nobis,
2764 3500 3045 3562 antequam
3080 3502 3412 3558 moreretur,
3451 3504 3509 3547 ut
3544 3495 3657 3549 lucc
3680 3494 3762 3547 tibi

2153 3584 2319 3639 verbis
2349 3584 2492 3640 illius
2530 3584 2819 3640 diceremus
2841 3599 2860 3636 :
2896 3583 3122 3640 Obsecro
3160 3594 3216 3640 ut
3248 3584 3590 3641 obliviscaris
3619 3588 3760 3641 sale.

2155 3676 2231 3730 ris
2262 3676 2487 3747 fratrum
2519 3685 2763 3744 tuorum,
2801 3686 2850 3731 et
2888 3679 3083 3747 peccati
3122 3688 3278 3751 atque
3332 3678 3566 3734 malitia.-
3616 3696 3759 3750 quat

2153 3778 2497 3823 exercuerunt
2526 3769 2579 3824 in
2602 3778 2667 3823 te.
2691 3768 2805 3824 Nos
2827 3786 3030 3842 quoque
3053 3786 3266 3826 oramus
3289 3780 3345 3824 ut
3372 3788 3527 3825 serra
3552 3771 3648 3825 Dei
3680 3790 3762 3842 pa-

2154 3862 2224 3915 tri
2252 3872 2340 3915 tuo
2364 3861 2595 3917 dimittas
2622 3862 2949 3934 iniquitatem
2987 3861 3141 3916 hanc.
3178 3861 3383 3931 Quibus
3415 3864 3643 3929 auditis,
3670 3864 3761 3933 ﬂe-

2150 3954 2221 4009 vit
2248 3953 2463 4026 .loseph;
2515 3965 2861 4027 veneruntque
2903 3955 3095 4026 fratres
3125 3958 3208 4012 sui
3250 3956 3321 4011 ad
3350 3974 3495 4023 eum,
3533 3969 3582 4012 et
3610 3959 3757 4029 proni

2154 4045 2439 4100 adorantes
2469 4046 2523 4099 in
2551 4055 2749 4100 terram
2778 4045 3027 4101 dixerunt
3054 4060 3072 4098 :
3102 4044 3256 4103 Servi
3289 4048 3369 4102 tui
3400 4064 3611 4102 sumus.
3648 4045 3761 4113 Qui.

2152 4132 2245 4189 bus
2275 4134 2363 4190 ille
2394 4135 2659 4207 respondit
2684 4151 2702 4191 :
2730 4130 2909 4190 Nolite
2938 4135 3153 4191 timere.’
3185 4134 3333 4191 Num
3357 4135 3465 4192 Dei
3488 4155 3759 4209 possumus

2151 4227 2390 4281 resistere
2432 4222 2732 4282 voluntati?
2783 4226 2888 4284 Vos
2930 4229 3195 4302 cogitastis
3227 4229 3293 4285 de
3334 4247 3419 4284 me
3477 4231 3681 4286 malum
3714 4242 3757 4286 et

2148 4318 2293 4376 Deus
2325 4321 2471 4376 vertit
2506 4320 2640 4375 illud
2667 4322 2721 4376 in
2757 4322 2971 4389 bonum;
3002 4333 3059 4377 ut
3088 4322 3343 4378 exultaret
3376 4340 3487 4390 me,
3529 4326 3668 4378 sicut
3710 4326 3756 4378 is

2146 4414 2550 4484 praesentiarum
2579 4414 2810 4481 cernitis,
2864 4425 2911 4469 et
2941 4415 3111 4470 salvos
3148 4414 3343 4486 faceret
3377 4416 3581 4471 multos
3604 4435 3757 4489 popa-

2147 4501 2245 4557 los.
2285 4501 2461 4558 Nolite
2496 4515 2723 4561 metuere
2754 4519 2770 4557 :
2800 4522 2893 4577 ego
2920 4523 3134 4577 pascam
3164 4524 3252 4562 vos
3312 4518 3362 4562 et
3392 4508 3653 4580 parvulos
3682 4526 3757 4562 re-

2146 4605 2304 4651 stros.
2351 4594 2766 4670 Consolatusque
2796 4608 2869 4652 est
2908 4615 3017 4666 eos,
3047 4609 3094 4653 et
3136 4598 3324 4654 blande
3348 4596 3414 4654 ac
3448 4599 3643 4655 leniter
3686 4611 3754 4655 est

2151 4683 2373 4741 locutus.
2423 4682 2491 4741 Et
2532 4687 2781 4743 habitavit
2811 4689 2863 4742 in
2892 4688 3125 4762 zEgypto
3159 4708 3275 4745 cum
3316 4693 3467 4747 omni
3498 4692 3755 4764 domoptr

2152 4779 2248 4833 tris
2270 4780 2373 4834 sui.
2390 4778 2633 4853 Vixitque
2656 4793 2859 4839 centum
2875 4785 3049 4840 decem
3064 4804 3246 4853 annos,
3264 4798 3310 4843 et
3336 4788 3473 4843 vidit
3498 4786 3748 4862 Ephraim

2150 4869 2290 4941 ﬁlios
2344 4889 2504 4945 usque
2569 4875 2638 4929 ad
2667 4878 2873 4931 tertiam
2906 4881 3309 4950 generationem.
3380 4879 3517 4936 Filii
3559 4898 3749 4954 quoque

2152 4959 2361 5016 Machir
2398 4961 2499 5031 filii
2541 4961 2826 5033 Manasse,
2874 4968 2986 5023 nati
3028 4979 3146 5024 sunt
3190 4970 3242 5024 in
3262 4970 3491 5045 genibus
3535 4970 3744 5045 Ioseph.

2152 5050 2287 5108 Cum
2330 5053 2429 5109 bos
2466 5053 2605 5111 ﬁlios
2632 5056 2884 5124 ﬁliorum,
2931 5060 3014 5116 vel
3048 5072 3271 5133 nepotes
3311 5063 3577 5132 ﬁliorum,
3611 5065 3743 5121 dicat

2144 5141 2424 5215 Scriptura
2455 5143 2650 5216 Ioseph
2674 5148 2906 5205 videndo
2932 5149 3153 5218 vidisse,
3194 5153 3472 5223 quomodo
3502 5170 3600 5210 eos
3630 5153 3747 5226 jun-

2142 5234 2219 5307 git
2248 5232 2352 5290 illis
2382 5237 2721 5308 septuaginta
2755 5240 2993 5312 quinque
3030 5240 3365 5311 hominibus,
3396 5261 3525 5301 cum
3551 5248 3742 5318 quibus

2141 5320 2308 5382 Iacob
2330 5325 2624 5401 Egyptum
2647 5330 2779 5386 dicit
2804 5331 3057 5401 intrasse,
3075 5334 3292 5406 quando
3306 5336 3530 5407 quidem
3552 5335 3742 5410 Ioseph

2144 5423 2474 5478 senescendo
2500 5424 2750 5494 pervenit
2781 5433 2839 5479 ut
2859 5442 2953 5481 eos
2984 5435 3140 5483 natos
3176 5428 3406 5484 videret.
3445 5428 3621 5486 Iacob
3649 5446 3741 5485 au-

2143 5522 2255 5571 tem
2286 5532 2408 5572 cum
2436 5516 2713 5588 ingressus
2743 5528 2888 5574 esset
2910 5517 3228 5591 Egyptum,
3258 5519 3480 5592 juvenis
3514 5532 3633 5577 erat
3658 5520 3741 5576 Io-

2140 5610 2291 5681 seph,
2330 5617 2385 5665 et
2409 5623 2531 5665 eum
2559 5619 2712 5680 pater
2741 5611 2977 5666 moriens
3006 5610 3515 5683 quinquagesimum
3549 5622 3606 5670 et
3630 5628 3737 5668 sex-

2142 5714 2257 5761 tum
2310 5705 2424 5761 fere
2462 5706 2638 5761 aetatis
2666 5722 2865 5760 annum
2895 5716 3144 5779 agentem
3172 5706 3423 5776 reliquit:
3452 5707 3598 5764 unde
3622 5722 3736 5762 con-

2089 5801 2100 5817 '
2141 5810 2268 5867 stat,
2317 5799 2447 5855 certi
2492 5799 2735 5871 mysterii
2769 5814 2955 5866 causa,
3001 5800 3148 5856 illum
3179 5817 3495 5870 numerum,
3543 5803 3595 5858 id
3633 5810 3732 5865 est,

444 5891 687 5971 eoscum
711 5897 963 5954 corpore,
988 5897 1095 5957 qua
1121 5883 1212 5972 via
1251 5885 1417 5945 etiam
1452 5889 1683 5963 populus
1726 5890 1893 5950 Israel
1935 5895 2033 5949 dc.—

2141 5891 2611 5967 septuagenarium
2626 5900 2680 5948 et
2708 5892 2975 5965 quintum,
3019 5892 3354 5966 Scripturam
3389 5894 3737 5955 commenda-
