3946 6500
232 371 364 429 669

1538 370 1740 430 LIBER
1778 373 1868 432 DE
1901 375 2261 438 COHPUTO.

3439 396 3542 453 6Ὶο

235 505 314 545 re
370 487 626 549 voluisse.
683 488 741 547 Si
773 496 955 546 autem
996 487 1284 561 quisquam
1335 488 1524 560 exigit,
1576 494 1845 560 quomodo
1872 495 1923 556 A
1949 512 2011 552 ra
2037 497 2160 565 ista,
2191 500 2262 554 ad
2296 508 2489 556 terram
2513 518 2671 573 quam
2685 504 2887 576 juravit
2914 505 3177 562 Abraham
3204 488 3356 563 Isaac
3376 517 3425 564 et
3447 508 3544 565 Ja-

233 582 421 638 etiam
452 581 750 639 secundum
766 580 1005 639 historia
1033 581 1192 639 ﬁdem
1221 596 1408 639 verum
1422 582 1520 649 sit,
1536 580 1704 640 Iacob
1718 600 1843 641 cum

230 673 593 745 septuaginta
616 673 856 745 quinque
878 673 1164 731 animabus
1184 674 1240 731 in
1272 673 1555 745 Egyptum
1582 676 1841 743 intrasse,

231 782 365 824 non
395 766 487 824 illo
519 782 628 824 uno
656 766 761 832 die,
812 782 921 837 quo
938 765 1235 836 venit,ejus
1278 768 1595 840 ingressum
1626 779 1842 842 oportet

232 858 504 932 intelligi,
554 858 653 915 sed
693 858 822 929 quia
851 857 909 914 in
942 857 1070 917 ﬁliis
1100 858 1212 916 suis
1246 858 1568 932 plerumque
1603 863 1845 934 appella-

233 956 344 1018 tur
375 949 566 1018 Iacob,
616 951 721 1007 hoc
757 959 843 1007 est
868 950 925 1006 in
962 951 1198 1021 posteris
1232 952 1369 1018 suis,
1407 961 1463 1008 et
1500 968 1601 1023 per
1643 953 1843 1027 Ioseph

233 1060 378 1100 eum
403 1052 619 1101 constat
642 1046 698 1101 in
721 1044 1018 1117 Egyptum
1046 1046 1298 1113 intrasse,
1329 1047 1587 1105 introitus
1610 1050 1732 1120 ejus
1756 1065 1845 1109 ac-

231 1139 535 1210 cipiendus
556 1147 641 1195 est
664 1140 903 1211 quandiu
930 1139 1062 1193 vixit
1084 1137 1304 1211 Joseph,
1333 1155 1433 1211 per
1453 1156 1611 1211 quem
1640 1140 1843 1197 factum

230 1239 335 1288 est
370 1239 431 1286 ut
462 1231 709 1287 intraret.
763 1231 899 1289 Toto
946 1231 1143 1302 quippe
1192 1231 1284 1288 illo
1326 1239 1575 1302 tempore
1604 1234 1755 1289 nasci
1789 1242 1845 1290 et

228 1323 434 1380 vivere
461 1331 757 1394 potuerunt
775 1338 965 1379 omnes
990 1324 1085 1394 qui
1108 1333 1623 1391 commemorantur,
1647 1333 1708 1381 ut
1726 1338 1844 1396 sep-

229 1417 492 1489 tuaginta
526 1418 768 1489 quinque
798 1418 992 1474 animae
1018 1419 1416 1489 compleantur,
1447 1432 1620 1489 usque
1646 1420 1713 1476 ad
1748 1433 1845 1476 ne-

226 1523 402 1585 potes
426 1514 732 1587 Benjamin.
764 1515 855 1571 Sic
883 1516 1027 1571 enim
1054 1516 1217 1571 dicit:
1252 1516 1326 1570 Hi
1347 1516 1446 1585 ﬁlii
1469 1515 1580 1571 Lia:
1603 1532 1734 1587 quos
1759 1531 1846 1587 po-

226 1608 379 1677 perit
408 1607 508 1678 ipsi
541 1606 709 1663 Iacob
736 1608 791 1664 in
822 1607 1199 1679 Mesopotamia
1229 1604 1403 1679 Syrias
1445 1606 1780 1680 (θείωσιν
1800 1612 1841 1680 ).

224 1699 499 1770 Loquens
529 1699 694 1757 etiam
722 1699 789 1755 de
842 1699 930 1755 his
966 1699 1057 1769 qui
1086 1715 1193 1755 non
1221 1708 1377 1755 erant
1400 1700 1533 1765 nati,
1578 1700 1705 1771 quia
1736 1698 1845 1756 illic

222 1799 495 1863 parentes
526 1806 718 1847 eorum
744 1806 813 1846 ex
851 1792 1048 1861 quibus
1082 1792 1196 1847 nati
1237 1801 1365 1847 sunt
1416 1800 1721 1864 pepererat,
1768 1792 1844 1855 ibi

1944 591 2058 643 colt.
2090 588 2323 663 Cumque
2365 594 2662 660 adiurasset
2687 613 2773 651 eos
2796 605 2949 668 atque
2979 596 3219 663 dixisset,
3248 596 3394 654 Deus
3418 600 3545 655 visi-

1944 683 2074 737 tabit
2110 698 2223 749 vos,
2268 696 2529 757 asportate
2566 688 2832 745 vobiscum
2872 706 2991 746 ossa
3022 707 3140 746 mea
3173 691 3238 746 de
3268 690 3383 747 loco
3419 693 3539 761 isto,

1936 785 2179 832 mortuus
2204 787 2299 843 est,
2326 779 2542 851 capietis
2568 790 2772 837 centum
2795 783 2970 838 decem
2993 784 3112 839 vita
3133 798 3246 840 sure
3273 785 3467 853 annis;
3493 793 3543 841 et

1942 867 2186 923 conditus
2238 872 2583 939 aromatibus,
2613 874 2869 945 repositus
2890 874 3047 930 estin
3074 872 3250 931 ioculo
3275 875 3331 931 in
3370 873 3546 948 Egy-

1941 968 2050 1029 pto.
2075 956 2274 1032 Ioseph
2290 961 2457 1033 igitur
2483 964 2599 1034 qui,
2623 964 2765 1021 sicut
2792 972 2949 1036 pater
2972 965 3091 1038 ejus
3111 963 3301 1034 Jacob,
3331 974 3540 1023 terram

1943 1054 2381 1123 repromissionis
2418 1063 2530 1112 tota
2572 1067 2752 1115 mente
2796 1056 3161 1128 desiderabat,
3221 1061 3544 1117 incolatum-

1943 1156 2048 1213 que
2077 1142 2295 1216 Egypti
2324 1144 2716 1217 detestabatur,
2748 1150 3031 1208 moraliter
3058 1166 3159 1207 nos
3190 1150 3439 1219 instruit,
3478 1159 3543 1207 ut

1942 1236 2201 1304 quamdiu
2241 1238 2437 1294 simus‘
2468 1239 2524 1294 in
2563 1240 2668 1297 hoc
2730 1242 2953 1308 mundo,
3011 1252 3227 1313 seraper
3263 1242 3542 1299 desidere-

1943 1342 2065 1383 mus
2112 1330 2322 1400 ingredi
2360 1338 2563 1387 terram
2596 1332 2892 1389 viventium
2920 1376 2937 1403 ,
2978 1335 3164 1407 ibique
3200 1337 3545 1406 requiescere

1943 1427 2220 1492 Optemus:
2259 1423 2402 1493 quod
2445 1430 2575 1480 tunc
2616 1422 2775 1497 digne
2817 1427 2898 1493 ﬁt,
2947 1427 2993 1482 si
3032 1441 3321 1483 numerum
3367 1441 3544 1482 anno-

1942 1528 2066 1568 rum
2105 1514 2280 1570 aetatis
2322 1516 2490 1586 ipsius
2524 1516 2767 1574 moribus
2798 1516 3091 1574 imitemur.
3142 1519 3372 1575 Centum
3407 1534 3538 1587 ergo

1943 1616 2000 1663 et
2028 1609 2211 1664 decem
2238 1609 2362 1665 vita:
2391 1624 2503 1666 suae
2544 1611 2704 1683 annis
2733 1610 2983 1682 expietis,
3026 1619 3277 1673 mortuus
3311 1620 3415 1668 est.
3474 1610 3545 1667 Et

1944 1716 2044 1756 nos
2076 1700 2387 1757 studeamus
2408 1718 2515 1773 quo
2543 1717 2641 1773 per
2668 1702 2909 1774 decalogi
2940 1702 3345 1758 observantiam
3386 1701 3454 1757 ad
3478 1715 3546 1756 a3-

1945 1801 2155 1848 ternam
2179 1792 2590 1860 beatitudinem,
2615 1808 2780 1865 quam
2802 1794 3149 1850 centenarias
3169 1807 3430 1850 numerus
3453 1792 3546 1847 de-

228 1898 341 1941 eos
366 1883 663 1954 perbibens
700 1894 877 1950 natos,
917 1884 1174 1955 quoniam
1214 1899 1377 1941 causa
1406 1899 1512 1954 qua
1552 1898 1847 1941 nasceren-
1872 1872 1922 1936 B
1950 1884 2146 1958 signat,
2176 1886 2576 1956 perveniamus.
2629 1884 2893 1941 Conditus
2922 1899 3141 1957 quoque
3171 1891 3258 1941 est
3286 1884 3404 1955 ipse
3441 1880 3541 1938 Io-

229 1984 335 2031 tur
362 1976 438 2035 ibi
466 1984 594 2032 nata
620 1984 723 2041 est,
749 1975 805 2031 id
837 1984 941 2041 est,
974 1984 1227 2047 parentes
1255 1991 1445 2034 eorum
1473 1992 1610 2047 quos
1638 1977 1735 2032 Lia
1764 1977 1841 2034 ibi

228 2068 536 2138 pepererit.
576 2068 654 2123 [ta
683 2069 939 2138 quoniam
972 2083 1141 2125 causa
1180 2068 1419 2123 intrandi
1452 2068 1511 2123 in
1544 2067 1842 2141 iEgypmm

226 2154 415 2215 Iacob
443 2158 501 2215 in
539 2157 736 2230 Ioseph
765 2159 973 2224 habuit,
1014 2168 1184 2217 totum
1210 2168 1421 2231 tempus
1450 2175 1558 2231 quo
1585 2161 1642 2216 in
1678 2160 1845 2234 Egy-

226 2257 340 2319 pto
371 2251 507 2307 vixit
547 2250 766 2322 Ioseph,
792 2252 1060 2324 ingressio
1100 2260 1219 2308 erat
1251 2251 1418 2309 Jacob
1447 2252 1509 2309 in
1544 2252 1840 2326 [Egyptum

220 2356 340 2412 per
371 2358 528 2399 suam
571 2344 905 2416 progeniem,
952 2360 1077 2416 qua
1119 2340 1212 2401 illo
1250 2345 1376 2404 vivo
1414 2348 1836 2418 propagabatur,

223 2449 339 2505 per
372 2450 536 2506 quem
576 2435 777 2495 factum
814 2446 900 2494 est
922 2445 983 2495 ut
1018 2438 1414 2510 ingrederetur.

816 2552 1043 2611 CAPUT
1075 2550 1257 2611 XVIII.

228 2640 319 2697 Bs
342 2657 409 2697 eo
434 2644 574 2720 quod
614 2645 818 2720 Joseplt
853 2647 1043 2717 fratres
1083 2662 1205 2703 suos
1242 2648 1529 2719 adjuraalt,
1575 2658 1834 2720 quatenus

307 2716 632 2792 egredipptes
654 2734 721 2792 ea
740 2716 1002 2792 ’{Eg’yptm
1052 2736 1175 2779 om
1214 2716 1320 2777 sua
1343 2736 1519 2777 secum
1563 2716 1834 2792 portarent

303 2785 427 2855 post
449 2785 644 2843 obitum
672 2785 856 2859 ipsius.

306 2898 546 2956 Locutus
566 2911 641 2957 ω
664 2911 839 2959 autem
861 2902 1057 2975 Ioseph
1072 2903 1330 2974 fratribus
1358 2903 1477 2960 suis
1492 2920 1511 2959 :
1538 2902 1668 2960 Post
1695 2920 1837 2961 mor-

225 2998 349 3047 tem
364 3008 536 3049 meam
552 2992 697 3051 Deus
718 2995 948 3053 visitabit
972 3012 1078 3064 vos,
1105 3005 1154 3057 et
1175 2998 1453 3058 ascendere
1470 2998 1631 3069 faciet
1646 2997 1711 3054 de
1731 3013 1837 3054 ter-

1947 1978 2080 2048 seph
2109 1977 2462 2054 aromatibus,
2502 1987 2559 2035 et
2583 1978 2851 2050 repositus
2882 1978 2937 2033 in
2983 1977 3159 2043 loculo
3197 1977 3254 2034 in
3288 1975 3543 2048 Egyptu.

1947 2067 2178 2125 Loculus
2220 2076 2305 2125 est
2350 2084 2447 2127 vas
2488 2071 2890 2140 repositorium,
2931 2070 3024 2126 ubi
3063 2069 3268 2141 aliquid
3300 2069 3378 2137 ad
3417 2083 3546 2125 con-

1947 2161 2277 2218 servandum
2318 2162 2748 2219 commendatur.
2794 2161 2994 2219 Ofelix
3029 2161 3235 2228 anima,
3281 2175 3402 2232 quae
3428 2173 3548 2227 aro:

1947 2253 2183 2309 matibus
2222 2253 2484 2310 virtutum
2528 2254 2767 2321 condita,
2812 2255 2869 2310 in
2920 2255 3025 2311 hoc
3072 2251 3395 2325 corpusculo
3448 2251 3545 2307 de-

1949 2360 2099 2415 gens,
2131 2343 2373 2414 quotidie
2399 2343 2733 2414 proﬁciendo
2769 2345 2997 2417 perenni
3038 2345 3164 2417 vitae
3192 2341 3544 2399 reservatur!

1944 2435 2079 2492 Sine
2113 2436 2295 2505 dubio,
2337 2436 2384 2492 si
2412 2437 2504 2492 tali
2554 2438 2904 2494 condimento
2934 2438 3178 2500 condita,
3209 2437 3264 2491 in
3297 2435 3421 2500 fide,
3452 2447 3548 2504 spe

1944 2537 2002 2585 et
2028 2529 2293 2585 cbaritate
2332 2529 2600 2587 custodita
2646 2530 2829 2598 fuerit,
2893 2545 2991 2601 per
3046 2528 3278 2602 gratiam
3321 2524 3546 2592 Christi,

1944 2622 2011 2678 ad
2041 2621 2234 2678 divina:
2277 2621 2750 2694 contemplationis
2785 2622 3024 2695 speciem
3054 2619 3344 2692 pervenire
3371 2632 3546 2672 mere-

1938 2714 2108 2771 bitur.
2143 2714 2307 2787 Cujus
2342 2716 2558 2788 adeptio
2593 2715 2835 2788 perfecta
2857 2723 2940 2772 est
2964 2714 3174 2781 laetitia,
3203 2726 3369 2783 quam
3390 2707 3542 2765 Psal-

1948 2808 2108 2863 mista
2138 2809 2310 2864 oculis
2352 2807 2477 2865 ﬁdei
2506 2808 2776 2881 aspiciens
2822 2808 2899 2866 ait
2926 2826 2939 2863 :
2969 2805 3288 2878 Adimplebis
3310 2819 3416 2869 me,
3436 2800 3546 2857 Da-

1945 2898 2105 2964 mine,
2146 2898 2333 2954 laetitia
2364 2916 2485 2954 cum
2512 2899 2657 2954 vultu
2695 2909 2807 2967 tuo,
2849 2899 3221 2955 delectationes
3240 2897 3304 2951 in
3331 2895 3547 2952 dextera

1944 3001 2037 3047 tua
2067 3007 2229 3065 usque
2258 2993 2313 3047 in
2339 2993 2498 3062 ﬁnem
2525 2990 2712 3066 (Psal.
2747 2992 2856 3066 cv).
2886 2992 3083 3049 Amen.

839 3316 1418 3449 ΒΕΔΤῙ
1495 3314 2252 3445 ιιΔΒᾼΠι
2328 3312 2952 3441 ΜΔΠΒῙ

979 3530 1271 3590 ABBATIS
1312 3529 1702 3589 FULDENSIS
1738 3531 1831 3588 ET
1871 3526 2260 3591 MOGUNTIN!
2298 3526 2826 3586 ARCHIEPISCOPI

687 3722 1364 3883 LIBER
1514 3731 1803 3869 DE

1938 3720 3117 3869 COMPUTO.

1664 3990 1908 4075 (ANNO
1950 3991 2118 4074 820.)

1383 4158 1593 4225 (Batuz.,
1616 4154 1936 4214 liscellanea
1955 4170 2112 4225 sam,
2134 4167 2256 4214 tom.
2278 4156 2380 4225 Ῑῐ.)

1657 4292 2129 4311 -ψ

836 4368 1229 4433 PROLOGUS.

305 4466 516 4525 Dilecto
542 4465 701 4524 fratri
721 4460 1044 4526 MARCHARIO
1070 4471 1339 4528 monacho
1363 4471 1616 4530 RAMNUS
1637 4489 1834 4546 pecca-

234 4570 321 4617 tor
356 4559 416 4615 in
439 4556 657 4616 Christo
683 4554 934 4616 salutem.

303 4649 565 4724 Legimus
592 4651 853 4722 scriptum
899 4651 956 4706 in
1000 4648 1347 4709 Proverbiis:
1392 4654 1583 4711 Melior
1622 4667 1696 4712 est
1742 4676 1835 4714 sa-

232 4744 434 4814 pientia
462 4743 663 4799 cunctis
692 4743 1106 4814 pretiosissimis,
1135 4755 1183 4799 et
1222 4763 1372 4801 omne
1407 4746 1752 4804 desiderabile
1780 4752 1837 4805 ei

237 4849 342 4889 non
367 4842 536 4905 potest
564 4834 883 4906 comparari.
908 4830 1053 4901 Ideo,
1087 4833 1259 4891 frater
1293 4835 1673 4905 dilectissime,
1712 4855 1838 4912 gra-

235 4926 340 4981 tias
364 4940 468 4998 ago
495 4925 628 4993 Deo,
657 4926 750 4996 qui
780 4925 878 4982 tibi
901 4925 1018 4996 ejus
1055 4943 1295 4984 amorem
1340 4928 1655 5001 inspiravit,
1682 4932 1836 5003 cujus

237 5018 512 5087 possessio
558 5020 748 5075 mundi
796 5019 1015 5076 divrtias
1057 5022 1356 5077 contemnit
1402 5029 1561 5093 teque
1602 5023 1838 5079 reddidit

237 5124 335 5167 suo
376 5109 589 5185 fulgore
627 5113 944 5172 decoratum
986 5125 1041 5173 et
1068 5118 1334 5189 proximis
1380 5119 1487 5176 tuis
1521 5119 1833 5192 profectuo-

238 5214 378 5257 sum.
408 5196 639 5263 Petebas
662 5220 793 5277 ergo
816 5214 879 5261 ut
904 5207 1227 5281 quibusdam
1257 5208 1323 5264 de
1357 5219 1611 5284 computo
1638 5227 1838 5284 propo-

240 5293 529 5355 sitionibus
555 5313 855 5370 earumque
881 5301 1061 5359 minus
1086 5300 1345 5374 perfectis
1368 5306 1833 5377 responsionibus,

241 5401 377 5471 quas
405 5388 541 5445 mihi
562 5391 891 5462 protuleras,
915 5394 1101 5449 nescio
1127 5409 1157 5448 a
1185 5394 1383 5465 quibus
1404 5394 1704 5465 confectas,
1725 5407 1838 5471 sty—

240 5470 351 5529 ium
375 5475 930 5548 adhiberem,easque
951 5478 1047 5534 tibi
1069 5479 1361 5537 lucidiores
1382 5481 1685 5539 redderem.
1708 5470 1835 5542 Feci

243 5575 504 5634 quantum
536 5568 731 5639 potui,
780 5569 877 5625 sed
916 5586 1024 5635 non
1055 5587 1119 5627 eo
1151 5573 1339 5629 ordine
1379 5590 1487 5647 quo
1525 5574 1596 5631 ibi
1626 5578 1836 5649 positas

245 5660 452 5728 reperi;
482 5662 610 5734 quia
639 5663 863 5721 confusa
893 5665 1062 5721 series
1082 5666 1190 5721 vim
1221 5671 1581 5739 cognoscendi
1615 5672 1837 5729 abstulit

245 5755 299 5801 et
327 5751 545 5810 mdium
573 5754 823 5813 lectionis
847 5754 1073 5812 invexit.
1114 5757 1380 5832 Pleraque
1403 5775 1533 5835 ergo
1556 5778 1677 5834 quae
1702 5766 1835 5821 mihi

247 5842 416 5917 magis
442 5849 753 5907 necessaria
790 5847 1114 5908 videbantur
1137 5851 1352 5920 addidi,
1394 5861 1451 5911 et
1491 5856 1737 5913 ordinem
1780 5859 1833 5915 in

1939 4378 2073 4449 ipsis
2098 4378 2263 4435 rebus
2287 4376 2575 4448 disponere
2598 4376 2874 4434 contendi.
2900 4373 3029 4433 Inde
3063 4389 3283 4449 quoque
3304 4378 3500 4447 evenit
3516 4412 3536 4446 ,

1941 4471 2069 4526 dum
2114 4470 2365 4525 brevitati
2412 4469 2722 4538 studerem,
2770 4477 2826 4527 et
2867 4478 3051 4524 tamen
3083 4469 3324 4540 ipsarum
3354 4486 3539 4529 rerum

1862 4538 1909 4603 (ἶ
1940 4560 2223 4616 veritatem
2250 4558 2558 4630 patefacere
2584 4559 2779 4615 vellem
2799 4600 2813 4625 ,
2850 4559 2993 4629 quod
3023 4538 3181 4614 unius
3219 4560 3342 4615 libri
3369 4576 3541 4630 quan—

1938 4654 2149 4708 titatem
2178 4652 2418 4707 devitarc
2465 4665 2574 4706 non
2618 4665 2861 4721 possum.
2892 4647 3183 4719 Composui
3212 4649 3430 4718 quidem
3466 4667 3536 4707 ex

1937 4758 2166 4801 numero
2195 4751 2249 4798 et
2287 4750 2590 4812 temporum
2631 4740 2877 4799 articulis
2905 4739 3195 4812 quemdam
3242 4739 3535 4812 dialogum,

1937 4844 1994 4892 et
2014 4835 2221 4891 nomini
2251 4842 2345 4889 tuo
2366 4833 2546 4905 ipsum
2575 4833 2789 4899 dicavi;
2833 4834 2891 4889 in
2928 4847 3035 4904 quo
3063 4847 3184 4904 quae
3220 4834 3536 4915 necessaria

1937 4928 2072 4984 mihi
2098 4927 2451 4993 videbantur,
2495 4926 2898 4999 interrogandi,
2941 4926 3189 4998 discipuli
3216 4927 3454 4992 nomine,
3480 4934 3536 4983 et

1938 5034 2059 5091 quae
2100 5016 2491 5089 respondendi,
2543 5018 2788 5091 magistri
2821 5018 3081 5076 vocabulo
3120 5018 3436 5090 praenotavi.
3468 5018 3536 5074 Et

1937 5126 2045 5167 non
2070 5111 2184 5167 ilch
2213 5110 2588 5168 tantummodo
2615 5110 2853 5182 propriis
2879 5109 3404 5176 ratiocinationibus,
3438 5109 3534 5166 sed

1937 5206 2101 5261 etiam
2142 5220 2212 5262 ex
2256 5205 2605 5276 antiquorum
2645 5205 2811 5261 dictis
2853 5212 2909 5262 et
2951 5212 3264 5261 sanctorum
3306 5202 3533 5258 Patrum

1937 5295 2221 5353 sententiis
2259 5296 2495 5353 enodare
2522 5298 2728 5353 curavi.
2769 5296 2925 5363 Ideo,
2974 5295 3143 5353 frater
3176 5295 3528 5364 charissime,

1936 5389 2053 5445 haec
2079 5386 2290 5461 legens,
2318 5389 2459 5446 scias
2487 5405 2575 5445 me
2618 5405 2725 5446 non
2766 5388 3068 5447 diﬂicultati
3113 5390 3403 5449 verborum
3437 5396 3536 5445 aut

1936 5481 2254 5538 obscuritati
2286 5481 2681 5538 sententiarum
2714 5482 3003 5549 studuisse,
3034 5482 3147 5539 imo
3172 5482 3344 5557 magis
3370 5481 3533 5553 plana

1935 5589 2163 5646 quaeque
2200 5572 2490 5645 faciliaque
2516 5573 2815 5646 collegisse,
2847 5583 2901 5630 et
2928 5590 3049 5646 qua:
3088 5591 3155 5632 ex
3188 5574 3416 5648 proprio
3450 5573 3534 5628 in-

1936 5668 2103 5736 serui,
2150 5668 2219 5724 ad
2263 5667 2661 5727 dilucidandam
2708 5668 2881 5738 ipsam
2923 5668 3210 5725 veritatem
3253 5668 3533 5724 laborasse

1934 5764 2109 5834 magis
2134 5778 2299 5834 quam
2320 5761 2549 5818 aliorum
2574 5760 2861 5833 imperitiae
2887 5761 3194 5819 insultasse.
3210 5760 3363 5817 Nulli
3385 5758 3533 5817 enim

1937 5875 2023 5916 me
2049 5858 2321 5935 praefero;
2359 5857 2456 5915 sed
2482 5857 2628 5937 bene
2650 5856 3020 5931 quaerentibus
3053 5866 3109 5915 et
3134 5856 3303 5915 ﬁdem
3344 5853 3536 5912 catho-
