3946 6510
423 383 524 442 871

1087 379 1148 435 Β.
1186 376 1444 435 RABANI
1483 376 1703 435 MAURI
1736 376 2054 437 ARCHIEP.
2096 375 2405 437 MOGUNT.
2443 377 2730 439 OPERUM
2765 378 2950 436 PARS
2985 378 3028 437 I.

3612 376 3740 437 672

424 498 587 555 licam
628 495 733 553 rite
780 494 1123 552 servantibus
1162 508 1263 565 pro
1313 493 1530 551 modulo
1579 510 1703 551 meo
1753 494 2005 551 comitem
2032 498 2086 559 Α
2109 499 2317 549 mutata
2343 501 2445 550 est.
2475 493 2613 551 Hinc
2640 501 2945 566 temporum
2965 495 3130 552 vices.
3159 492 3297 552 Hinc
3324 505 3525 553 motus
3543 504 3741 552 astro-

424 590 688 664 spondeo,
713 604 779 646 ac
792 586 1064 658 juniorem
1085 587 1276 645 subdo.
1302 588 1457 657 Quod
1477 588 1609 644 mihi
1631 589 1813 646 divina
1837 589 2011 661 gratia

424 681 724 749 concedat;
760 688 821 737 ut
845 680 1086 751 quandiu
1116 681 1315 747 vivam,
1355 696 1638 738 servorum
1670 679 1873 738 Christi
1897 697 2012 739 ser-

428 776 590 843 vitor,
620 783 677 831 et
702 774 842 831 bene
882 773 1191 830 docentium
1236 774 1473 841 auditor,
1502 782 1558 830 et
1583 774 1722 830 bene
1763 774 2013 831 laboran-

427 868 563 924 tium
583 864 948 937 aliquantulus
981 862 1196 934 adjutor
1224 865 1475 921 existam.
1492 865 1844 922 Dilectionem
1863 873 2013 921 tuam

424 955 682 1028 majestas
722 954 927 1012 Christi
962 971 1105 1011 nunc
1140 963 1196 1011 et
1234 955 1291 1010 in
1332 963 1649 1027 perpetuum
1689 972 2012 1013 conservare

423 1050 696 1124 dignetur,
721 1059 909 1107 sancte
942 1048 1130 1117 frater,
1155 1064 1451 1106 memorem
1474 1050 1670 1106 nostri.
1696 1048 2014 1107 Obsecro'ut

423 1152 629 1214 quanto
653 1142 814 1199 citius
836 1129 1014 1213 possis
1047 1140 1328 1213 exemplar
1351 1141 1508 1198 istius
1535 1141 1695 1209 libri,
1739 1143 1883 1213 quod
1915 1141 2014 1198 tibi

422 1237 493 1292 ad
522 1235 930 1295 rescribendum
957 1236 1152 1302 direxi,
1181 1235 1460 1302 absolvas,
1493 1244 1550 1293 et
1582 1237 1715 1292 mihi
1744 1235 2009 1293 remittas.

423 1326 576 1385 Vale.

951 1399 1185 1474 Explicit
1207 1402 1476 1474 prologus.

741 1603 1204 1749 INCIPIT
1291 1605 1690 1696 LIBER.

494 1819 630 1889 Quia
656 1830 741 1890 te,
775 1824 1083 1879 venerande
1119 1832 1451 1895 praeceptor,
1499 1824 1695 1894 smpius
1725 1822 1907 1879 audivi
1945 1823 2012 1879 de

424 1914 663 1970 numeris
708 1914 1073 1986 disputantem
1104 1917 1491 1988 discipulisque
1527 1917 1632 1973 tuis
1672 1917 1832 1988 hujus
1877 1916 2014 1973 artis

421 2005 759 2078 disciplinam
791 2009 1287 2078 demonstrantem,
1316 2026 1509 2081 precor
1536 2018 1597 2065 ut
1631 2010 1789 2066 nobis
1812 2009 1976 2066 etiam
1994 2050 2010 2077 ,

422 2098 514 2169 qui
538 2100 850 2156 maturioris
870 2101 985 2173 jam
1012 2118 1200 2158 sumus
1237 2103 1412 2158 aetatis
1431 2144 1446 2170 ,
1475 2117 1585 2157 non
1608 2101 1887 2173 pigriteris
1915 2101 2013 2156 ali-

421 2192 565 2261 quod
609 2193 877 2250 conﬁcere
915 2196 1267 2266 opusculum,
1310 2212 1417 2266 quo
1460 2204 1701 2251 nostram
1741 2193 2015 2264 possimus

421 2284 664 2341 excitare
705 2285 962 2344 inertiam
1004 2299 1062 2345 et
1106 2287 1501 2361 aliquantulum
1546 2288 1612 2345 de
1658 2302 2012 2343 numerorum

423 2389 618 2447 capere
641 2378 855 2449 peritia.

937 2473 1165 2530 CAPUT
1202 2472 1494 2529 PRIMUM.

866 2561 946 2617 De
973 2580 1309 2618 numerorum
1342 2564 1593 2636 potentia.

498 2649 796 2708 Msersrsn.
825 2652 972 2710 Bene
1001 2657 1189 2721 etiam,
1222 2657 1417 2713 dilecte
1440 2656 1633 2724 frater,
1662 2673 1855 2730 rogas,
1885 2658 2014 2728 quia

422 2742 587 2815 hujus
609 2746 904 2818 disciplinae
929 2749 1082 2820 cupis
1112 2750 1314 2806 habere
1335 2751 1584 2808 notitiam
1611 2767 1775 2821 quam
1804 2761 2018 2807 constat

422 2834 665 2890 omnium
710 2837 1114 2908 disciplinarum
1159 2852 1280 2896 esse
1326 2839 1661 2912 magistram.
1714 2839 1834 2897 Non
1870 2840 2016 2896 enim

420 2924 564 2980 ratio
598 2942 949 2985 numerorum
988 2931 1385 2987 contemnenda
1421 2939 1536 2998 est,
1570 2932 1696 3002 quia
1733 2933 1788 2988 in
1831 2931 2018 2989 multis

419 3025 733 3075 sanctarum
768 3020 1172 3093 Scripturarum
1213 3022 1349 3080 locis
1387 3032 1650 3095 quantum
1695 3025 2017 3097 mysterium

420 3111 587 3169 habet
617 3113 809 3171 elucet.
840 3110 959 3171 Non
994 3116 1158 3171 etiam
1200 3115 1403 3174 frustra
1446 3117 1503 3173 in
1539 3115 1786 3175 laudibus
1808 3117 1906 3174 Dei
1930 3116 2017 3172 di—

421 3213 569 3260 ctum
605 3214 691 3261 est
718 3225 730 3260 :
775 3205 968 3263 Omnia
989 3208 1044 3262 in
1066 3225 1314 3263 mensura
1342 3217 1390 3263 et
1413 3209 1469 3264 in
1498 3226 1714 3264 numero
1743 3208 1867 3264 etin
1886 3225 2018 3281 pon-

2112 598 2237 639 rum
2263 584 2495 656 ctelique
2520 586 2805 643 conversio
2832 585 3170 659 intelligitur.
3210 585 3447 660 Proprie
3472 588 3606 660 ipsa
3629 603 3738 643 na-

2067 736 2075 745 ,
2113 684 2232 731 tura
2261 691 2646 747 numerorum,
2687 678 2865 736 omnis
2892 688 3164 736 astrorum
3194 696 3394 738 cursus
3421 681 3738 753 omnisque

2111 771 2478 826 astronomica
2506 771 2645 829 ratio
2672 773 2966 828 constituta
2990 779 3094 828 est.
3134 770 3226 829 Sic
3247 774 3400 830 enim
3435 782 3611 831 ortus
3635 788 3737 830 oe-

2111 876 2376 932 casusque
2400 862 2720 936 colligimus,
2751 864 2832 920 sic
2857 865 3139 921 tarditates
3168 865 3621 936 velocitatesque
3642 880 3737 922 er-

2112 954 2350 1009 rantium
2374 954 2611 1012 siderum
2642 956 2997 1013 custodimus.
3032 955 3123 1013 Sic
3158 956 3411 1015 defectus
3436 965 3501 1014 et
3536 957 3732 1015 multi-

2111 1044 2281 1116 plices
2309 1045 2450 1103 luna:
2475 1049 2808 1106 variatioues
2837 1048 3200 1122 agnoscimus.
3244 1070 3265 1103 ι

2741 1163 2972 1222 CAPUT
3007 1165 3072 1221 ll.

2541 1233 2691 1292 Unas
2716 1236 2887 1292 dictus
2916 1237 2982 1291 sit
3012 1254 3279 1293 numerus.

2184 1326 2329 1384 Dtsc.
2352 1326 2577 1385 Numeri
2595 1343 2833 1401 namque
2856 1344 3051 1385 nomen
3074 1328 3301 1400 ejusque
3324 1328 3731 1403 etymologiam

2114 1422 2246 1477 mihi
2289 1422 2540 1493 explana.
2589 1422 2729 1480 Mss.
2784 1422 3009 1479 Numeri
3052 1422 3261 1479 scilicet
3308 1439 3523 1480 nomen
3587 1423 3731 1495 apud

2113 1528 2384 1584 quamque
2406 1521 2620 1584 gentem
2650 1514 2946 1570 secundum
2966 1514 3357 1585 proprietatem
3379 1514 3599 1587 lingua:
3618 1528 3729 1569 sua

2115 1615 2348 1687 constat.
2389 1605 2547 1679 Apud
2585 1607 2804 1664 Latinos
2831 1622 2965 1663 vero
3004 1622 3265 1664 numerus
3290 1622 3363 1663 ex
3393 1607 3642 1663 nummo
3672 1615 3727 1662 et

2115 1699 2233 1756 rivo
2253 1698 2471 1756 videtur
2499 1714 2698 1756 nomen
2726 1698 3129 1756 traxisse.'Sive
3149 1700 3298 1756 enim
3318 1715 3391 1756 ex
3420 1700 3552 1755 rivo
3572 1715 3727 1755 num-

2116 1805 2352 1858 morum,
2376 1789 2431 1846 id
2458 1799 2543 1851 eSt
2567 1804 2634 1847 ex
2663 1789 3013 1846 multitudine
3037 1805 3236 1846 census
3258 1791 3355 1861 qui
3383 1788 3726 1845 reddebatur

2040 1875 2089 1935 Β
2116 1886 2336 1958 regibus
2364 1886 2447 1940 vel
2478 1886 2914 1956 imperatoribus,
2950 1900 3210 1941 numerus
3239 1900 3444 1941 nomen
3486 1884 3721 1956 accepit.

2116 1980 2269 2037 Unde
2296 1980 2534 2037 Isidorus
2559 1981 2727 2038 dicit:
2770 2001 2790 2034 ι
2825 1981 3091 2037 Nummus
3121 1996 3351 2036 numero
3388 1995 3601 2036 nomen
3637 1980 3722 2036 de-

2114 2075 2213 2141 dit,
2244 2082 2299 2130 et
2319 2091 2349 2129 a
2372 2074 2455 2129 sui
2478 2072 2917 2146 frequentatione
2937 2073 3261 2130 vocabulum
3286 2073 3490 2128 indidit
3520 2071 3719 2143 (Ov-59.,

2113 2166 2205 2222 lib.
2231 2183 2318 2233 ιιι,
2341 2184 2390 2221 c.
2414 2165 2489 2238 5).
2522 2186 2540 2219 ι
2574 2164 2701 2222 Sive
2720 2165 3013 2222 Numeria:
3050 2186 3069 2219 ι
3088 2165 3220 2222 hinc
3239 2164 3591 2236 Augustinus
3613 2166 3717 2220 ait:

2120 2277 2139 2310 ι
2170 2257 2438 2315 Numerus
2465 2274 2498 2314 a
2525 2257 2780 2315 Numeria
2798 2259 3032 2330 quadam
3055 2258 3155 2315 dea
3174 2259 3531 2323 nominatur;
3567 2259 3722 2329 cujus

2113 2353 2425 2410 sacerdotes
2464 2360 2612 2410 retro
2645 2353 2822 2410 versis
2860 2351 3119 2417 vultibus,
3160 2352 3301 2408 dona
3338 2350 3628 2417 ferebant,
3668 2358 3721 2407 et

2114 2452 2235 2517 post
2254 2444 2435 2502 oblata
2454 2459 2701 2511 munera,
2724 2453 2872 2500 retro
2891 2442 3208 2516 pergebant.
3233 2461 3253 2494 ι
3272 2442 3424 2498 Dlse.
3452 2440 3717 2497 Numerus

2116 2541 2385 2613 quomodo
2422 2540 2712 2598 deﬁnitur?
2750 2540 2893 2596 MAG.
2930 2538 3171 2595 Isidorus
3205 2552 3338 2608 ergo
3369 2537 3447 2593 ita
3476 2535 3719 2594 dillinivit

2117 2635 2343 2691 dicens:
2375 2653 2394 2686 ι
2430 2632 2701 2690 Numerus
2729 2644 2816 2689 est
2841 2631 3132 2688 multitudo
3157 2647 3225 2687 ex
3262 2629 3578 2686 unitatibus
3603 2644 3720 2685 eou-

2116 2726 2324 2784 stituta.
2356 2726 2493 2781 Nam
2522 2741 2692 2781 unum
2714 2739 2903 2781 semen
2933 2724 3145 2780 numeri
3188 2737 3343 2789 esse,
3382 2736 3500 2777 non
3535 2737 3717 2778 nume-

2117 2836 2271 2887 rum,
2316 2819 2546 2877 dicimus
2589 2817 2801 2892 (Ibid.).
2854 2837 2874 2870 ι
2920 2818 3056 2875 Item
3103 2815 3232 2872 alibi
3278 2814 3553 2886 scriptum
3594 2824 3714 2871 est:

2121 2932 2143 2967 ι
2177 2913 2330 2970 Unus
2366 2928 2475 2969 non
2514 2920 2599 2970 est
2642 2926 2936 2978 numerus,
2982 2909 3077 2967 sed
3112 2910 3181 2965 ah
3209 2924 3278 2965 eo
3316 2918 3584 2964 crescunt
3622 2923 3715 2963 nuo

2117 3007 2274 3064 meri.
2313 3026 2333 3059 ι
2364 3006 2569 3063 Tamen
2594 3007 2837 3063 Donatus
2864 3004 3028 3060 etiam
3056 3018 3224 3058 unum
3244 3015 3348 3074 pro
3366 3015 3601 3057 numero
3621 3014 3715 3071 po-

2119 3102 2227 3156 suit
2255 3100 2474 3157 dicens:
2515 3119 2534 3152 ι
2563 3098 2833 3157 Numerus
2857 3109 2942 3156 est
2978 3097 3300 3171 singularis,
3327 3104 3392 3153 ut
3425 3096 3516 3151 hic
3545 3096 3712 3167 magi-

2119 3203 2244 3248 ster.
2285 3212 2303 3244 ι
2336 3192 2469 3248 Item
2501 3192 2835 3263 Augustinus
2861 3191 3028 3248 dicit:
3068 3207 3087 3243 ι
3119 3188 3393 3246 Numerus
3423 3195 3511 3244 est
3534 3188 3715 3255 singu-

427 3255 569 3260 --_--_
610 3255 690 3261 -_-
719 3255 730 3260 -
781 3255 966 3263 -..ηπ
1068 3255 1312 3263 .--νηηη
1343 3255 1387 3263 ,,
1499 3255 1709 3264 ηψπ-.-
1744 3255 1790 3264 η
1813 3255 1990 3281 ..-τη

418 3298 542 3353 dere
569 3298 760 3369 fecisti.
787 3300 895 3356 Per
915 3317 1200 3357 numerum
1230 3302 1497 3374 siquidem
1526 3318 1596 3359 ne
1614 3302 2012 3360 confundamur

2121 3283 2252 3342 laris
2282 3284 2525 3357 corporis
2548 3298 2613 3341 ac
2638 3283 2790 3342 vocis
2809 3292 2865 3340 et
2890 3281 3306 3356 signiﬁcationis
3337 3280 3617 3339 collectio.
3648 3299 3668 3331 ι

419 3390 758 3447 instruimur.
790 3391 943 3449 Tolle
964 3408 1252 3450 numerum
1275 3411 1307 3450 ιι
1337 3396 1498 3453 rebus
1522 3396 1794 3463 omnibus,
1819 3404 1877 3452 et
1897 3411 2016 3452 om-

419 3484 507 3538 nia
529 3494 778 3554 pereunt.
804 3485 997 3542 Adime
1017 3487 1215 3543 saeculo
1236 3496 1567 3559 computum,
1593 3498 1650 3545 et
1667 3489 1849 3545 omnia
1869 3504 2011 3546 eatea

419 3578 722 3648 ignorantia
747 3579 1197 3650 complectuntur.
1232 3580 1341 3637 Nec
1365 3581 1584 3637 differre
1606 3591 1835 3654 possunt
1857 3599 1888 3638 a
1909 3599 2016 3639 cae-

420 3665 553 3721 teris
574 3667 897 3724 animalibus
932 3670 1023 3740 qui
1051 3671 1243 3727 calculi
1285 3673 1536 3728 nesciunt
1579 3674 1866 3730 rationem.
1906 3673 2014 3731 Sed

422 3764 502 3822 tu,
537 3757 661 3827 quia
703 3759 772 3814 ad
799 3762 1178 3832 exponendum
1207 3762 1370 3834 hujus
1392 3764 1504 3820 vim
1540 3773 1596 3821 et
1628 3767 1896 3823 rationem
1927 3782 2014 3824 me

419 3851 750 3919 provocasti,
790 3853 856 3909 de
882 3854 969 3911 his
995 3856 1191 3926 quibus
1216 3865 1273 3914 te
1297 3858 1570 3915 instruere
1603 3858 1741 3916 velis
1768 3863 2014 3931 praecede

420 3939 833 4015 interrogando;
856 3954 912 4000 et
934 3947 1015 4003 sic
1035 3956 1089 4002 te
1119 3950 1440 4020 subsequar,
1465 3958 1727 4021 quantum
1753 3951 2015 4008 Dominus

419 4036 775 4104 concesserit,
789 4038 1183 4107 respondendo.
1205 4039 1542 4097 DISCIPULUS.
1570 4040 1697 4098 Haec
1721 4058 1852 4115 ergo
1871 4043 2016 4098 ratio

418 4140 770 4182 numerorum
817 4129 961 4183 unde
1004 4130 1241 4201 primum
1280 4134 1588 4201 processit?
1626 4132 1768 4190 MAG.
1808 4133 1855 4188 A
1901 4135 2014 4191 Deo

420 4214 646 4271 scilicet.
678 4216 815 4285 Quia
841 4220 1019 4275 omnis
1044 4221 1307 4291 sapientia
1339 4239 1370 4278 a
1401 4223 1632 4282 Domino
1654 4225 1767 4281 Deo
1800 4234 1885 4283 est
1903 4267 1918 4294 ,
1946 4243 2015 4283 ex

418 4322 527 4378 quo
555 4317 681 4364 sunt
706 4311 909 4366 omnia.
939 4311 1088 4369 Dtsc.
1118 4314 1216 4369 Dic
1250 4330 1380 4386 ergo
1415 4318 1631 4387 quando
1668 4319 1903 4388 primum
1927 4320 2013 4376 in-

417 4411 581 4460 venta
606 4412 690 4461 est
717 4405 822 4461 ista
846 4406 1027 4462 ratio?
1053 4407 1194 4465 Mxe.
1218 4409 1299 4464 Ex
1323 4409 1415 4466 illo
1455 4420 1697 4482 tempore
1720 4428 1829 4483 quo
1857 4413 2015 4469 facta:

420 4508 549 4556 sunt
573 4509 858 4570 creatum,
883 4502 988 4557 hoc
1015 4511 1120 4571 est,
1142 4504 1211 4559 ab
1237 4504 1447 4577 origine
1468 4506 1670 4561 saeculi.
1697 4505 1848 4562 Tunc
1867 4505 2015 4561 enim

415 4591 654 4662 primum
683 4609 943 4650 numerus
968 4595 1131 4651 rebus
1170 4595 1427 4664 innotuit,
1468 4598 1609 4654 sicut
1634 4598 1689 4653 in
1714 4596 1911 4655 Genesi
1936 4597 2013 4654 Ie—

417 4685 565 4757 gitur
590 4704 602 4739 :
635 4686 705 4741 Et
735 4686 934 4757 factum
962 4698 1039 4743 est
1063 4706 1267 4759 vespere
1288 4699 1335 4745 et
1360 4707 1514 4746 mane
1540 4690 1650 4747 dies
1676 4709 1832 4747 unus.
1860 4691 2013 4747 Tunc

416 4796 547 4853 ergo
574 4780 712 4836 dixit
735 4782 803 4838 de
830 4794 987 4840 nocte
1021 4791 1077 4840 et
1101 4784 1167 4840 de
1190 4784 1279 4841 die
1300 4786 1515 4856 quando
1536 4785 1673 4842 dixit
1693 4787 1760 4843 de
1787 4801 2010 4858 vespere

416 4885 471 4930 et
499 4891 679 4931 mane.
717 4875 938 4933 Numeri
987 4888 1170 4935 autem
1206 4882 1474 4938 rationem
1514 4882 1751 4939 ostendit
1792 4884 2010 4954 quando

419 4966 593 5022 dixit:
634 4966 759 5024 Dies
790 4985 952 5037 unus,
994 4978 1050 5026 et
1088 4971 1203 5027 dies
1238 4972 1530 5043 secundus,
1570 4980 1626 5029 et
1650 4973 1766 5030 dies
1793 4974 2008 5042 tertius,

417 5060 605 5131 sicque
645 5076 817 5132 usque
843 5061 911 5118 ad
938 5064 1247 5135 septimum.
1290 5063 1421 5119 Item
1466 5080 1754 5120 numerum
1798 5065 2009 5136 signiﬁ-

420 5152 565 5206 cavit
586 5151 730 5209 Deus
759 5152 974 5224 quando
1002 5154 1140 5210 dixit
1172 5153 1239 5210 de
1272 5154 1396 5210 sole
1411 5162 1470 5210 et
1506 5154 1672 5209 luna:
1712 5154 1783 5209 Et
1821 5156 1925 5209 sint
1954 5157 2010 5210 in

420 5242 570 5312 signa
593 5252 641 5298 et
668 5254 900 5316 tempora
939 5258 988 5301 et
1031 5247 1141 5301 dies
1167 5257 1214 5302 et
1246 5263 1433 5301 annos.
1467 5245 1694 5314 Quando
1731 5246 1869 5301 dixit
1896 5247 2011 5302 dies

419 5343 476 5392 et
496 5342 737 5408 tempora
755 5348 811 5394 et
832 5355 1022 5406 annos,
1040 5349 1168 5396 tunc
1189 5340 1257 5396 de
1279 5355 1508 5397 numero
1528 5340 1684 5395 dixit.
1712 5340 1843 5407 Quis
1863 5341 2008 5396 enim

419 5435 599 5499 potest
628 5428 927 5501 intelligere
953 5431 1068 5487 dies
1112 5440 1165 5488 et
1209 5440 1452 5503 tempora
1491 5438 1547 5487 et
1574 5445 1746 5487 annos
1774 5429 1878 5485 nisi
1910 5446 2010 5501 per

421 5519 747 5576 numerum?
764 5519 892 5577 Inde
922 5522 1058 5579 dixit
1081 5522 1302 5579 Boetius
1324 5523 1579 5595 (Arithm.
1601 5520 1697 5578 lib.
1715 5537 1757 5589 ι,
1771 5536 1891 5592 cap.
1912 5520 1968 5592 2)
1990 5538 2004 5576 :

424 5635 444 5667 ι
477 5613 672 5671 Omnia
708 5630 1042 5689 quaecunque
1083 5634 1113 5673 a
1148 5618 1406 5689 primzeva
1442 5632 1623 5672 rerum
1655 5623 1848 5671 natura
1874 5629 2007 5671 eon-

419 5713 627 5763 structa
652 5716 799 5774 sunt,
826 5724 1176 5765 numerorum
1221 5710 1474 5766 videntur
1517 5708 1727 5763 ratione
1769 5705 2005 5763 ﬁrmata.

418 5795 535 5855 Hoc
561 5797 833 5855 enim'fuit
860 5800 1157 5871 principale
1180 5802 1459 5872 exemplar
1490 5801 1548 5856 in
1592 5799 1773 5854 animo
1813 5798 2009 5856 Condi-

418 5890 572 5956 toris.
616 5891 756 5951 Ilinc
800 5894 948 5952 enim
990 5899 1224 5964 quatuor
1277 5894 1670 5953 elementorum
1722 5891 2009 5950 multitudo

2037 4651 2091 4712 D

2740 3396 2977 3454 CAPUT
3013 3396 3101 3452 III.

2411 3489 2492 3546 De
2517 3490 2784 3562 speciebus
2807 3506 3145 3545 numerorum
3165 3489 3407 3546 diversis.

2188 3579 2334 3637 Drsc.
2373 3579 2518 3648 Quot
2538 3581 2750 3651 species
2778 3588 2905 3636 sunt
2928 3595 3281 3637 numerorum
3300 3581 3326 3635 ?
3350 3578 3498 3637 Mm.
3528 3578 3715 3635 Plures

2115 3671 2334 3744 quidem
2381 3673 2592 3743 species
2632 3688 2891 3728 numerus
2920 3673 3103 3730 habet.
3145 3672 3255 3729 Sed
3295 3680 3485 3729 tamen
3527 3689 3715 3730 omnes

2116 3763 2185 3819 ab
2207 3780 2316 3820 una
2341 3764 2552 3837 origine
2580 3772 2899 3821 nascuntur.
2943 3764 3081 3833 Quia
3110 3773 3205 3821 aut
3238 3764 3558 3821 cardinales
3592 3774 3716 3819 sunt

2115 3855 2349 3924 numeri,
2406 3863 2468 3911 ut
2498 3871 2666 3923 unus,
2699 3855 2826 3922 duo,
2857 3863 2990 3922 tres,
3019 3863 3285 3927 quatuor,
3313 3855 3586 3927 quinque,
3617 3870 3708 3911 sex

2115 3955 2172 4004 et
2197 3949 2381 4005 caeteri
2403 3949 2559 4021 juxta
2582 3949 2727 4005 hunc
2750 3948 3019 4005 ordinem.
3046 3947 3156 4004 Aut
3190 3948 3492 4013 ordinales,
3521 3957 3587 4003 ut
3609 3948 3716 4020 pri-

2116 4055 2259 4109 mus,
2293 4041 2582 4107 secundus,
2614 4041 2825 4109 tertius,
2854 4049 3103 4111 quartus,
3130 4041 3377 4112 quintus,
3409 4049 3469 4098 et
3492 4049 3712 4097 caetera.

2113 4131 2223 4188 Aut
2246 4133 2604 4201 adverbiales,
2622 4142 2682 4190 ut
2701 4133 2892 4201 semel,
2905 4134 3014 4201 bis,
3032 4143 3135 4200 ter,
3154 4143 3373 4205 quater,
3397 4135 3711 4205 quinquies,

2115 4226 2327 4295 sexies,
2369 4236 2425 4283 et
2466 4227 2692 4298 reliqua.
2725 4229 2835 4285 Aut
2863 4228 3143 4300 dispertivi
3162 4270 3179 4296 ,
3215 4236 3277 4284 ut
3305 4228 3542 4300 singuli,
3562 4229 3715 4295 bini,

2116 4319 2281 4386 terni,
2317 4321 2589 4390 quaterni,
2612 4320 2785 4392 quini,
2817 4320 2959 4389 seni,
2983 4328 3039 4376 et
3066 4328 3283 4376 cetera.
3316 4316 3430 4375 Aut
3450 4320 3717 4391 pondera—

2114 4413 2224 4479 les,
2264 4421 2326 4469 ut
2366 4412 2640 4485 simplum,
2670 4413 2922 4486 duplum,
2970 4413 3211 4485 triplum,
3243 4411 3635 4484 quadruplum,
3664 4421 3717 4467 et

2115 4505 2345 4576 reliqua.
2378 4504 2489 4561 Aut
2526 4506 2909 4575 denuntiativi,
2934 4514 2998 4562 ut
3022 4506 3169 4562 solus
3193 4547 3208 4573 ,
3239 4505 3413 4574 alter,
3440 4506 3530 4562 vel
3557 4506 3712 4560 alius.

2115 4597 2342 4669 Insuper
2366 4612 2495 4654 vero
2530 4597 2600 4653 ad
2628 4596 2764 4675 alios
2790 4611 3050 4654 numeros
3078 4603 3378 4653 revertere.
3424 4595 3552 4651 Sint
3588 4595 3715 4652 item

2116 4694 2328 4751 numeri
2356 4693 2774 4765 multiplicativi,
2804 4700 2866 4747 ut
2892 4691 3121 4764 simplex
3140 4732 3156 4759 ,
3203 4690 3408 4762 duplex
3429 4733 3445 4757 ,
3493 4689 3709 4762 triplex,

2115 4785 2451 4858 quadruplex
2486 4791 2543 4839 et
2580 4790 2796 4838 extera.
2831 4779 2972 4843 Sunt
3007 4781 3138 4837 item
3176 4779 3570 4836 adverbialiter
3594 4794 3714 4851 pro-

2113 4878 2234 4946 lati,
2274 4884 2335 4932 ut
2373 4873 2712 4945 simpliciter,
2742 4871 3049 4945 dupliciter,
3077 4871 3370 4943 tripliciter
3394 4878 3452 4925 et
3481 4870 3709 4941 reliqua.

2116 4968 2256 5026 Sunt
2277 4975 2331 5023 et
2353 4966 2472 5022 aliae
2497 4966 2708 5036 species
2738 4963 3108 5020 derivatorum
3144 4978 3505 5019 numerorum
3545 4978 3577 5017 a
3618 4978 3710 5018 su-

2111 5060 2415 5134 perioribus
2441 5058 2719 5125 derivatae,
2750 5065 2809 5112 ut
2837 5065 2926 5113 est
2952 5055 3266 5129 singularis,
3299 5055 3503 5123 dualis,
3535 5063 3714 5112 tema-

2112 5154 2258 5219 rius,
2289 5150 2700 5223 quaternarius,
2747 5157 2911 5220 atque
2957 5149 3013 5205 in
3052 5149 3199 5204 hunc
3242 5146 3468 5203 modum
3504 5146 3707 5204 caeteri.

2110 5246 2243 5302 Item
2269 5244 2429 5311 assis,
2462 5242 2661 5310 dussis,
2697 5240 2784 5297 vel
2814 5240 3118 5312 dipondius,
3152 5239 3337 5307 tresis,
3383 5240 3709 5311 quadrasis,

2109 5337 2390 5410 quinquis,
2412 5336 2580 5403 sexis,
2608 5333 2862 5406 septusis,
2890 5333 3118 5401 octusis,
3154 5333 3400 5400 nonusis,
3431 5332 3599 5390 decus
3625 5333 3709 5389 vel

2111 5431 2344 5495 decusis,
2366 5429 2584 5495 vicesis,
2616 5427 2854 5493 tricesis,
2884 5426 3258 5498 quadragesis,
3293 5426 3706 5499 quinquagesis,

2113 5525 2411 5598 sexagesis,
2438 5521 2790 5593 septuagesis,
2803 5521 3091 5593 octagesis,
3105 5521 3417 5593 nonagesis,
3443 5520 3703 5578 eentusis.

2111 5618 2242 5675 Post
2266 5631 2426 5687 quem
2452 5628 2763 5678 numerum,
2790 5621 2927 5668 teste
2949 5611 3215 5681 Varrone,
3243 5629 3350 5668 non
3372 5627 3705 5683 componun-

2114 5718 2203 5765 tur
2233 5723 2353 5764 cum
2401 5720 2522 5762 asse
2563 5704 2798 5760 numeri.
2844 5703 2980 5760 Item
3020 5705 3241 5760 nomina
3289 5704 3610 5771 unciarum,
3644 5710 3703 5758 ut

2112 5801 2311 5865 deunx,
2343 5799 2592 5863 dextans,
2624 5796 2880 5864 dodrans,
2904 5795 3101 5863 bessis,
3124 5804 3379 5867 septunx,
3401 5796 3695 5868 quincunx.

2111 5892 2304 5963 triens,
2336 5888 2633 5963 quadrans,
2676 5896 2918 5966 sextans,
2951 5903 3191 5948 sexcunx
3209 5929 3226 5960 ,
3271 5889 3514 5962 sextula,
3541 5888 3692 5947 libra.
