3946 6472
151 355 248 414 675

1417 346 1620 405 LIBER
1660 347 1748 405 DE
1785 343 2134 406 COMPUTO.

3314 346 3416 402 674

149 476 213 531 Et
253 472 378 528 inde
415 469 679 536 dirivata,
708 467 942 535 bilibris,
976 468 1222 533 trilibris,
1263 466 1632 538 quadrilibris,
1677 475 1732 522 et
1758 467 1807 529 Α
1837 463 2117 520 continent
2139 474 2446 517 numerum.
2478 459 2546 515 Et
2575 468 2686 516 tres
2710 459 2863 531 digiti
2889 459 2943 514 in
2967 460 3155 515 eadem
3190 477 3354 518 manu
3386 481 3416 519 a

149 561 359 625 similia.
391 564 526 619 Item
555 563 626 617 ab
655 577 798 618 anno
824 562 1074 627 dirivata,
1116 570 1176 616 ut
1200 561 1483 616 anniculus
1511 559 1597 615 vel
1637 575 1730 614 an-

150 674 267 723 nus,
313 655 548 722 biennis,
597 655 857 719 triennis,
892 655 1242 725 quadriennis
1280 663 1335 709 et
1381 653 1464 710 bis
1508 653 1727 708 similia.

148 749 452 815 Biennium,
484 747 800 814 triennium,
844 747 1278 817 quadriennium,
1310 756 1366 803 et
1396 747 1481 802 his
1513 745 1729 802 similia.

149 842 279 900 Item
306 842 508 905 bimus,
544 840 758 903 trimus,
803 839 1150 909 quadrimus,
1194 848 1249 896 et
1288 839 1506 894 similia.
1550 838 1731 909 Bipes,

151 936 314 1006 tripes
331 975 346 1000 ,
396 936 705 1005 quadrupes
723 975 737 998 ,
771 933 1076 1004 decempes,
1104 944 1158 990 et
1185 934 1506 1006 decempeda
1527 974 1542 1000 ,
1567 942 1622 989 et
1651 933 1737 989 his

154 1027 367 1087 similia.
400 1026 615 1098 Biceps,
638 1027 858 1097 triceps,
883 1026 1230 1098 quadrieeps,
1257 1026 1555 1096 centiceps,
1577 1034 1632 1080 et
1651 1025 1738 1081 his

158 1120 372 1176 similia.
407 1117 690 1183 Bifariam,
714 1116 998 1182 trifariam,
1019 1117 1422 1189 'quatrifariam,
1445 1126 1498 1172 et
1519 1116 1734 1172 similia.

155 1211 398 1275 Biduum,
429 1209 692 1274 triduum,
720 1209 1090 1278 quatriduum,
1115 1217 1171 1265 et
1191 1209 1278 1265 his
1304 1209 1521 1266 Similia.
1548 1207 1738 1264 Bicor-

155 1318 268 1376 por,
308 1301 600 1372 tricorpor,
638 1308 695 1356 et
724 1299 942 1356 similia.
977 1300 1254 1372 Bipatens,
1293 1298 1557 1372 tripatens
1584 1309 1640 1356 et
1667 1298 1741 1354 si-

157 1393 318 1449 milia.
351 1390 632 1463 Bilinguis,
675 1390 966 1463 trilinguis,
1012 1399 1068 1447 et
1101 1391 1316 1447 similia.
1366 1392 1608 1459 Bivium,
1639 1391 1738 1446 tri-

156 1485 319 1551 vium,
351 1490 409 1540 et
449 1482 669 1539 similia.
721 1483 958 1550 Biﬁdus,
989 1485 1232 1550 triﬁdus,
1277 1486 1643 1556 quadriﬁdus,
1687 1493 1744 1541 et

160 1579 374 1635 similia.
403 1577 671 1642 Bisulcus,
705 1577 961 1635 trisulcus
988 1589 1046 1636 et
1074 1581 1293 1636 similia.
1331 1581 1610 1648 Geminus,
1635 1590 1744 1637 ter-

159 1667 417 1738 geminus,
466 1668 970 1739 centumgeminus,
1025 1677 1082 1725 et
1135 1671 1352 1727 similia.
1403 1671 1742 1740 Unimanus,

161 1758 522 1824 centimanus,
551 1766 606 1814 et
631 1758 851 1813 similia.
886 1759 1200 1829 Uniformis,
1240 1763 1517 1831 biformis,
1565 1765 1745 1820 trifor-

1830 555 1979 611 mille
2005 568 2176 625 usque
2202 553 2271 608 ad
2295 567 2492 608 novem
2514 552 2680 606 millia
2715 553 2997 608 continent
3025 568 3332 622 numerum,
3365 557 3417 612 id

1833 657 1936 712 est,
1983 643 2326 708 auricularis,
2360 643 2694 714 impudicus,
2736 651 2793 698 et
2835 643 3096 700 medicus.
3129 645 3263 701 Item
3291 647 3420 703 siui-

1833 747 1947 796 stra
1973 753 2166 792 manus
2194 751 2292 806 per
2321 744 2472 790 artus
2498 735 2743 790 diversos
2769 736 3014 806 corporis
3050 738 3293 793 continet
3318 756 3420 795 nu-

1836 846 2048 887 merum
2078 846 2109 885 a
2140 846 2174 884 x
2200 829 2440 884 millibus
2486 844 2656 898 usque
2690 827 2758 882 ad
2799 844 2866 884 xc
2907 827 3096 883 millia.
3136 829 3206 885 Et
3235 846 3267 886 e
3297 846 3425 888 con-

1835 925 2007 980 trario
2027 925 2216 979 dextra
2237 937 2432 978 manus
2451 923 2694 978 continet
2715 936 3000 978 numerum
3027 937 3126 993 per
3138 923 3425 995 juncturas

1835 1022 1897 1087 et.
1924 1014 2307 1085 dispositiones
2335 1015 2705 1070 membrorum
2741 1028 2772 1068 a
2805 1029 2836 1070 c
2864 1013 3126 1083 millibus,
3157 1032 3328 1088 usque
3358 1019 3424 1074 ad

1837 1124 1996 1164 ncccc
2022 1109 2214 1164 millia.

1909 1200 2057 1255 DISC.
2102 1197 2228 1254 Haec
2255 1214 2385 1271 ergo
2423 1198 2604 1254 omnia
2632 1213 2838 1270 precor
2873 1208 2936 1256 ut
2981 1202 3263 1273 speciatim
3294 1203 3426 1258 mihi

1838 1287 2156 1358 patefacias.
2188 1287 2328 1343 MAG.
2359 1287 2495 1344 Cum
2521 1303 2652 1361 ergo
2677 1289 2811 1345 dicis
2838 1306 3029 1357 unum,
3062 1293 3346 1349 minimum
3371 1294 3427 1349 in

1839 1377 1975 1433 laeva
1994 1378 2221 1448 digitum
2247 1377 2546 1445 inﬂectens,
2574 1379 2628 1434 in
2658 1380 2897 1435 medium
2918 1381 3109 1452 palma:
3139 1391 3318 1438 artum
3344 1384 3427 1438 in-

1842 1469 1996 1541 ﬁges.
2013 1470 2161 1526 Cum
2183 1471 2318 1526 dicis
2340 1471 2468 1536 duo,
2494 1471 2792 1526 secundum
2812 1487 2842 1526 a
2865 1473 3092 1528 minimo
3113 1471 3312 1528 ﬂexum
3337 1474 3430 1528 ibi-

1841 1559 1962 1615 dem
1991 1559 2296 1630 imponens.
2337 1559 2471 1615 Cum
2499 1559 2634 1615 dicis
2661 1561 2787 1627 tria,
2814 1561 3035 1616 tertium
3067 1562 3318 1618 similiter
3341 1563 3432 1617 ad-

1841 1651 2046 1711 ﬂectes.
2077 1654 2212 1710 Cum
2235 1654 2371 1710 dicis
2397 1663 2653 1725 quatuor,
2683 1655 2870 1712 itidem
2891 1657 3176 1714 minimum
3203 1659 3426 1716 levabis.

1842 1746 1979 1804 Cum
2021 1749 2156 1804 dicis
2192 1749 2458 1820 quinque,
2506 1753 2804 1806 secundum
2853 1766 2887 1806 a
2915 1752 3142 1808 minimo
3179 1753 3433 1808 similiter

159 1851 278 1918 mis,
307 1859 361 1907 et
386 1850 614 1922 reliqua.
655 1851 938 1918 Duumvir,
981 1825 1246 1921 triumvir,
1288 1825 1630 1928 quinquevir,
1661 1873 1745 1914 se.
1769 1838 1819 1899 B
1845 1839 2040 1910 eriges.
2077 1838 2210 1895 Cum
2235 1840 2371 1896 dicis
2401 1856 2518 1907 sex,
2544 1842 2763 1897 tertium
2789 1833 3141 1900 nihilominus
3170 1825 3428 1911 elevabi‘s,

157 1943 418 2015 ptemvir,
469 1943 771 2011 decemvir,
813 1947 1144 2012 centumvir,
1190 1955 1247 2003 et
1297 1949 1514 2004 similia.
1568 1950 1740 2021 Bigm,

157 2035 336 2107 trigte,
363 2034 660 2107 quadriga},
699 2042 754 2092 et
783 2035 1000 2092 similia.
1031 2035 1270 2111 Bijugus.
1305 2039 1460 2096 Unde
1488 2040 1744 2114 Virgilius

159 2143 215 2181 Ill
247 2141 317 2182 ντ

603 2217 774 2282 Bijugo
799 2219 1069 2272 certamine
1088 2233 1310 2286 campum

347 2278 658 2344 Corripuere.

157 2360 226 2416 Et
248 2361 415 2434 bigati
441 2365 669 2420 nummi.
715 2366 991 2438 Trijugus,
1019 2368 1393 2441 quadrijugus,
1436 2380 1494 2426 et
1525 2370 1740 2427 similia.

160 2451 534 2525 Triangulum,
566 2458 1531 2534 quadrangulum,{quinquangulum,
1556 2479 1746 2522 sexan-

159 2543 366 2614 gulum,
390 2553 446 2601 et
473 2547 691 2604 similia.

778 2642 1004 2700 CAPUT
1041 2644 1132 2701 IV.

552 2730 631 2785 De
657 2735 864 2788 numeri
890 2735 1351 2794 demonstratione.

220 2817 365 2874 DISC.
389 2819 792 2879 Demonstratio
810 2840 940 2898 ergo
966 2843 1314 2885 numerorum
1336 2831 1606 2901 quomodo
1625 2849 1749 2891 con-

163 2915 318 2969 stat?
361 2914 501 2972 ch.
549 2917 767 2975 Duobus
809 2922 1000 2978 modis.
1053 2923 1201 2980 Dtsc.
1247 2924 1567 2990 Quomodo?
1605 2928 1744 2986 ch.

159 3003 265 3060 Aut
293 3007 440 3062 enim
467 3008 665 3067 litteris
689 3014 902 3070 numeri
932 3023 1209 3084 notantur,
1236 3026 1330 3074 aut
1361 3019 1649 3090 digitorum
1670 3021 1748 3077 in-

159 3095 484 3159 ﬂexionibus
505 3103 902 3174 exprimuntur.

792 3217 1019 3277 CAPUT
1057 3222 1123 3276 V.

462 3310 737 3377 Quomodo
759 3314 962 3367 numeri
991 3312 1178 3370 litteris
1201 3331 1461 3370 noremur.

233 3401 386 3456 Dtsc.
417 3401 662 3458 Primum
704 3403 771 3459 de
814 3404 1118 3460 litterarum
1156 3408 1433 3463 notatione
1473 3407 1578 3464 dic.
1610 3408 1750 3465 MAG.

165 3478 394 3564 septem
421 3507 554 3564 ergo
590 3493 786 3550 litteris
805 3495 1018 3549 numeri
1046 3502 1322 3563 notantur,
1344 3496 1399 3551 id
1425 3505 1526 3564 est,
1556 3515 1597 3564 I,
1619 3515 1674 3564 v,
1695 3515 1750 3565 x,

162 3599 216 3650 ι,
245 3599 298 3649 c,
339 3599 395 3649 n,
430 3599 486 3638 ιι.
518 3583 648 3652 Quae
679 3591 772 3638 aut
794 3583 921 3640 solae
944 3585 1134 3654 posita:
1154 3601 1408 3642 numeros
1427 3588 1753 3659 significant,

160 3682 222 3728 ut
249 3690 268 3729 ι
305 3689 496 3739 unum,
526 3691 559 3727 v
584 3674 846 3745 quinque,
878 3691 913 3730 χ
949 3676 1157 3744 decem,
1197 3695 1228 3732 ι,
1259 3679 1678 3751 quinquaginta,
1725 3695 1754 3736 c

158 3773 411 3819 centum.
442 3780 473 3817 ι)
499 3764 857 3836 quingentos,
884 3782 920 3820 Il
946 3766 1112 3821 mille.
1154 3767 1264 3822 Aut
1298 3771 1607 3840 compositae
1629 3786 1754 3826 cum

157 3854 304 3909 aliis.
359 3855 426 3910 Ut
454 3869 487 3907 v
515 3863 571 3910 et
601 3871 618 3910 ι
647 3870 743 3910 sex
775 3857 1102 3929 signiﬁcant,
1143 3876 1176 3913 x
1203 3867 1258 3913 et
1287 3876 1303 3914 ι
1332 3860 1608 3929 undecim,
1634 3879 1667 3917 x
1703 3871 1757 3918 et

159 3961 190 4002 ι
214 3944 604 4016 quadraginta,
633 3963 664 4001 L
693 3954 750 4002 et
777 3964 810 4002 x
837 3949 1136 4020 sexaginta.
1182 3949 1251 4004 Et
1278 3966 1313 4004 x
1343 3953 1690 4022 anteponitur
1725 3969 1756 4008 c

159 4038 387 4108 quando
409 4039 704 4110 nonaginta
733 4038 1062 4110 signiﬁcant.
1106 4057 1138 4096 ι)
1163 4049 1219 4096 et
1245 4057 1274 4096 c
1300 4051 1604 4100 sexcentos.
1649 4045 1759 4101 Aut

160 4131 540 4202 multiplicata:
583 4147 682 4204 per
711 4149 789 4190 se.
822 4134 1000 4190 Veluti
1032 4151 1049 4190 ι
1082 4135 1408 4206 duplicatum
1449 4137 1555 4196 duo
1591 4141 1758 4213 signi-

162 4223 316 4289 ﬁcat,
333 4223 662 4294 triplicatum
690 4234 819 4290 tres,
837 4226 1308 4297 quadruplicatum
1331 4238 1583 4300 quatuor.
1608 4249 1642 4287 x
1666 4233 1759 4288 du-

165 4315 432 4384 plicatum
461 4315 685 4386 viginti,
714 4317 1046 4388 triplicatum
1092 4319 1334 4390 triginta.
1366 4336 1396 4376 c
1425 4321 1756 4394 duplicatum

165 4417 457 4481 ducentos,
475 4415 805 4485 triplicatum
829 4427 1118 4484 trecentos,
1141 4419 1608 4490 quadruplicatum
1629 4434 1759 4490 qua-

165 4502 508 4577 dringentos.
541 4506 698 4562 Nulla
730 4517 910 4564 autem
937 4518 1065 4564 nota
1087 4511 1228 4581 apud
1258 4510 1478 4566 Latinos
1503 4511 1758 4581 multipli-

1843 1931 2020 1986 medio
2048 1931 2314 1986 duntaxat
2341 1931 2476 1999 solo,
2511 1933 2603 2004 qui
2627 1933 2870 1990 medicus
2899 1934 3219 2006 appellatur,
3244 1936 3299 1990 in
3319 1949 3432 1990 me-

1843 2024 1990 2080 dium
2019 2022 2213 2092 palma:
2253 2022 2380 2078 ﬁxo.
2409 2022 2546 2079 Cum
2576 2024 2711 2080 dicis
2749 2032 2988 2096 septem,
3035 2025 3317 2080 minimum
3346 2041 3435 2082 so-

1843 2115 1977 2182 lum,
2006 2117 2218 2172 crcteris
2256 2117 2472 2172 interim
2513 2117 2736 2186 levatis,
2777 2134 2939 2190 super
2963 2120 3156 2190 palma:
3193 2121 3433 2177 radicem

1845 2207 2131 2277 impones:
2161 2206 2319 2276 juxta
2350 2222 2533 2277 quem,
2580 2209 2885 2266 cumdicis
2929 2218 3072 2277 octo,
3119 2212 3431 2278 medicum;

1847 2313 1972 2353 cum
2003 2297 2138 2353 dicis
2163 2313 2379 2363 novem,
2410 2298 2742 2370 impudicum
2783 2317 2814 2357 e
2853 2302 3076 2374 regione
3119 2317 3432 2374 compones.

1843 2387 1980 2444 Cum
2006 2389 2144 2445 dicis
2167 2390 2378 2458 decem,
2405 2406 2640 2462 unguem
2668 2391 2863 2448 indicis
2881 2393 2936 2448 in
2962 2393 3140 2449 medio
3161 2394 3294 2466 ﬁges
3313 2403 3436 2450 artu

1843 2477 2069 2548 pollicis.
2108 2477 2242 2534 Cum
2265 2479 2402 2535 dicis
2430 2480 2635 2552 viginti,
2663 2483 3033 2538 summitatem
3055 2483 3267 2554 pollicis
3295 2486 3437 2541 inter

1845 2568 2052 2625 medios
2079 2569 2273 2626 indicis
2297 2579 2352 2626 et
2373 2571 2626 2642 impudici
2655 2581 2808 2629 artus
2837 2573 3120 2631 immittes.
3143 2574 3280 2630 Cum
3301 2576 3439 2632 dicis

1847 2658 2091 2731 triginta,
2118 2675 2323 2732 ungues
2351 2661 2546 2717 indicis
2579 2670 2636 2717 et
2663 2662 2875 2734 pollicis
2914 2663 3112 2720 blando
3140 2664 3439 2738 conjunges

1846 2751 2280 2822 amplexu.~Cum
2310 2754 2445 2809 dicis
2489 2755 2880 2826 quadraginta,
2926 2757 3189 2813 interiora
3229 2758 3439 2828 pollicis

1847 2840 2007 2896 lateri
2035 2842 2118 2898 vel
2145 2843 2308 2899 dorso
2334 2844 2528 2898 indicis
2556 2846 2883 2916 superduces
2901 2886 2917 2912 ,
2947 2847 3211 2903 ambobus
3248 2848 3440 2902 dunta-

1849 2941 1942 2986 xat
1964 2934 2182 2990 erectis.
2206 2933 2340 2989 Cum
2369 2935 2504 2990 dicis
2545 2937 2933 3008 quinquaginta
2951 2977 2966 3004 ,
2993 2937 3242 3007 pollicem
3283 2947 3439 2995 exte-

1850 3024 1994 3080 riore
2019 3033 2140 3080 artu
2171 3027 2342 3082 instar
2361 3026 2564 3083 Grzecze
2590 3027 2784 3084 litterae
2812 3045 3040 3100 gammae
3063 3039 3344 3086 curvatum
3373 3031 3441 3087 ad

1847 3119 2085 3190 palmam
2111 3121 2416 3177 inclinabis.
2451 3121 2585 3177 Cum
2616 3123 2752 3179 dicis
2778 3124 3080 3197 sexaginta,
3107 3124 3356 3196 pollicem
3383 3135 3444 3183 ut

1775 3207 1821 3271 C
1852 3228 2013 3283 supra
2040 3222 2322 3270 curvatum
2345 3214 2522 3271 indice
2544 3215 2886 3272 circumflexo
2908 3217 3193 3290 diligenter
3212 3235 3245 3274 a
3265 3219 3444 3275 fronte

1852 3307 2167 3378 praecinges.
2199 3305 2333 3362 Cum
2361 3308 2497 3363 dicis
2528 3310 2884 3378 septuaginta,
2928 3311 3163 3366 indicem
3192 3319 3251 3366 ut
3277 3327 3441 3383 supra

1854 3395 2260 3452 circumﬂexum
2290 3396 2482 3466 pollice
2512 3399 2755 3454 immisso
2780 3415 2944 3471 super
2973 3399 3242 3472 implebis,
3266 3417 3444 3473 ungue

1855 3489 2119 3545 duntaxat
2156 3489 2300 3546 illius
2330 3500 2513 3547 erecto
2542 3500 2692 3548 trans
2733 3493 2970 3549 medium
3009 3494 3204 3550 indicis
3241 3503 3442 3551 artum.

1855 3579 1990 3636 Cum
2016 3580 2150 3637 dicis
2177 3584 2470 3654 octoginta,
2502 3584 2733 3641 indicem
2759 3595 2817 3640 ut
2849 3602 3009 3657 supra
3037 3586 3444 3644 circumﬂexum

1855 3672 2048 3743 pollice
2077 3673 2146 3742 ,in
2184 3673 2402 3746 longum
2451 3685 2606 3734 tenso
2655 3678 2934 3749 implebis,
2979 3697 3157 3752 ungue
3197 3682 3445 3738 videlicet

1858 3763 2002 3819 illius
2025 3764 2081 3819 in
2110 3766 2348 3821 medium
2384 3767 2576 3822 indicis
2608 3777 2786 3824 artum
2812 3770 2999 3825 inﬁxo.
3033 3771 3168 3826 Cum
3197 3771 3334 3829 dicis
3357 3788 3448 3829 no-

1858 3856 2099 3927 naginta,
2129 3857 2322 3913 indicis
2344 3857 2543 3914 inﬂexu
2571 3875 2804 3931 unguem
2844 3863 3014 3918 radici
3041 3862 3252 3934 pollicis
3279 3864 3447 3920 erecti

1859 3946 2071 4018 inﬁges.
2100 3947 2374 4004 Hactenus
2409 3950 2462 4004 in
2496 3949 2648 4006 laeva.
2679 3949 2907 4007 Centum
2951 3966 3080 4008 vero
3123 3953 3181 4008 in
3225 3954 3448 4010 dextera

1859 4039 2130 4108 quomodo
2155 4056 2190 4094 x
2231 4040 2285 4094 in
2307 4040 2439 4096 lzeva
2466 4041 2653 4108 facies,
2679 4058 2740 4098 cc
2764 4044 2818 4098 in
2839 4043 3062 4100 dextera
3090 4049 3358 4116 quomodo
3379 4063 3450 4101 xx

1860 4129 1913 4185 in
1945 4131 2096 4197 laeva,
2126 4147 2220 4188 ccc
2245 4131 2299 4186 in
2321 4133 2543 4188 dextera
2567 4135 2837 4205 quomodo
2864 4152 2972 4190 xxx
2994 4137 3048 4191 in
3067 4137 3221 4193 laeva.
3248 4137 3450 4198 Eodem

1860 4223 2022 4278 modo
2046 4230 2102 4277 et
2121 4232 2318 4278 caetera
2343 4239 2515 4294 usque
2542 4225 2610 4280 ad
2629 4241 2777 4280 cccc.
2803 4225 2936 4282 Item
2963 4227 3109 4282 mille
3143 4228 3196 4283 in
3227 4228 3450 4284 dextera

1859 4315 2132 4384 quomodo
2153 4331 2317 4369 unum
2351 4316 2405 4370 in
2433 4315 2584 4381 lznva,
2626 4317 2663 4370 ﬁ
2703 4317 2759 4372 in
2788 4319 3010 4375 dextera
3049 4321 3319 4392 quomodo
3345 4320 3451 4375 duo

1862 4410 1917 4465 in
1942 4410 2094 4475 laeva,
2122 4411 2181 4466 ﬁ
2213 4411 2266 4465 in
2295 4411 2516 4466 dextera
2543 4411 2812 4481 quomodo
2843 4413 2945 4467 tria
2986 4413 3038 4466 in
3069 4412 3199 4467 laeva
3217 4454 3232 4478 ,
3261 4423 3316 4468 et
3340 4429 3446 4469 cae-

1863 4507 1979 4554 tera
2004 4497 2176 4570 usque
2203 4500 2272 4554 ad
2285 4497 2410 4553 m7.
2441 4500 2611 4554 Porro
2635 4500 2669 4554 Ξ
2697 4516 2822 4555 cum
2845 4502 3000 4567 dicis,
3036 4501 3224 4555 laevam
3257 4502 3311 4556 in
3341 4518 3452 4557 me

163 4570 327 4652 eam;
347 4612 447 4668 per
471 4613 530 4655 se
556 4600 731 4672 magis
753 4616 918 4672 quam
950 4617 1049 4672 per
1071 4570 1304 4674 φλειιιιοι-
1326 4602 1492 4668 vices,
1516 4611 1609 4656 aut
1631 4570 1755 4657 cum
1781 4570 1835 4630 D
1863 4593 1953 4648 dio
1985 4593 2194 4664 pectori
2224 4593 2472 4663 supinam
2503 4593 2760 4662 adpones,
2790 4577 2978 4663 digitis.
3006 4600 3216 4647 tantum
3239 4575 3312 4647 ad
3339 4593 3452 4648 col-

165 4688 285 4745 aliis
308 4689 784 4762 multiplicantur;
824 4703 886 4750 ut
910 4709 928 4749 ι
956 4709 1080 4750 cum
1108 4694 1170 4768 vi,
1200 4694 1416 4766 quando
1450 4703 1656 4766 septem
1684 4695 1758 4752 si-

153 4781 394 4850 gniﬁcat
423 4782 504 4838 vel
551 4791 675 4840 octo
718 4784 803 4839 vel
850 4799 1063 4841 novem.
1108 4785 1178 4840 Et
1221 4802 1256 4840 x
1293 4801 1417 4842 cum
1455 4803 1508 4852 ι,
1540 4787 1757 4856 quando

167 4873 514 4945 septuaginta
540 4875 627 4930 vel
650 4876 924 4948 octoginta
969 4876 1253 4950 signiﬁcat.
1303 4876 1436 4932 Item
1473 4893 1502 4932 c
1549 4893 1671 4932 cum
1700 4894 1753 4943 ι),
1789 4936 1792 4939 _

161 4966 389 5034 quando
419 4967 781 5039 septingenta,
798 4968 1228 5040 octingenta,vel
1248 4976 1517 5040 nongenta
1540 4967 1752 5038 ﬁgurat.

791 5079 1020 5137 CAPUT
1059 5080 1146 5136 VI.

529 5149 798 5218 Quomodo
821 5151 998 5223 digitis
1025 5151 1406 5223 signiﬁcentur.

244 5238 393 5297 Disc.
432 5240 714 5309 Quomodo
757 5257 890 5315 ergo
922 5243 1135 5299 numeri
1185 5245 1471 5316 digitorum
1517 5244 1764 5301 inﬂexio-

174 5329 337 5388 nibus
359 5333 772 5405 exprimuntur?
796 5333 934 5390 MAG.
957 5334 1126 5408 Igitur
1146 5343 1258 5390 tres
1286 5335 1439 5408 digiti
1463 5335 1515 5390 in
1539 5335 1761 5391 sinistra

177 5438 366 5490 manu,
393 5423 448 5479 id
468 5433 553 5482 est
577 5425 922 5492 auricularis,
960 5425 1220 5492 medicus,
1253 5434 1309 5481 et
1334 5426 1658 5496 impudicus,
1690 5427 1760 5482 ab

177 5529 288 5571 uno
323 5531 495 5587 usque
536 5517 604 5572 ad
645 5531 840 5571 novem
877 5516 1158 5573 continent
1203 5532 1507 5573 numerum.
1542 5517 1610 5572 Et
1653 5517 1760 5572 duo

179 5607 339 5678 digiti
370 5609 424 5662 in
452 5607 643 5664 eadem
672 5623 855 5674 manu,
888 5608 942 5662 id
983 5620 1086 5674 est,
1129 5609 1290 5664 index
1319 5617 1375 5664 et
1413 5608 1614 5680 pollex,
1662 5623 1692 5661 a
1726 5623 1759 5662 x

181 5714 358 5769 usque
392 5716 456 5754 xc
501 5702 779 5757 continent
821 5713 1124 5755 numerum.
1174 5701 1306 5755 Item
1355 5703 1460 5756 duo
1507 5701 1658 5771 digiti
1708 5704 1760 5754 in

186 5792 411 5848 dextera
435 5808 618 5861 manu,
651 5793 825 5866 pollex
848 5800 902 5850 et
924 5793 1104 5859 index,
1137 5809 1168 5848 a
1198 5809 1228 5848 c
1255 5809 1425 5864 usque
1464 5801 1762 5866 nongentos

1863 4684 1973 4738 lum
1995 4685 2209 4739 erectis.
2243 4684 2317 4737 ﬁ
2336 4699 2460 4738 cum
2483 4683 2640 4747 dicis,
2659 4683 2901 4738 eamdem
2927 4683 3133 4753 pectori
3155 4699 3449 4755 expansam

1863 4776 1970 4831 late
1999 4790 2351 4846 superpones.
2399 4775 2509 4829 κῆρ’
2543 4791 2665 4830 cum
2703 4775 2864 4840 dicis,
2912 4775 3102 4830 eadem
3145 4792 3315 4848 prona
3357 4777 3452 4833 sed

1863 4879 2046 4925 erecta
2089 4869 2336 4940 pollicem
2368 4869 2668 4940 cartilagini
2709 4867 2869 4924 medii
2897 4871 3138 4940 pectoris
3167 4871 3449 4927 immittes.

1857 4961 1933 5019 ’ἦ
1956 4979 2080 5019 cum
2101 4963 2255 5028 dicis,
2272 4963 2514 5020 eamdem
2540 4965 2592 5018 in
2618 4963 2871 5018 umbilico
2888 4973 3123 5019 erectam
3151 4964 3450 5035 supinabis.

1855 5059 1897 5116 ἴ
1925 5075 2050 5115 cum
2078 5059 2214 5114 dicis
2233 5100 2246 5124 ,
2279 5058 2518 5128 ejusdem
2546 5075 2729 5129 pronae
2755 5058 2850 5114 sed
2887 5067 3083 5114 erecta:
3118 5057 3367 5129 pollicem
3399 5058 3452 5111 iu

1864 5151 2122 5206 umbilico
2145 5165 2332 5220 pones.
2373 5150 2440 5202 ἦ
2481 5165 2602 5203 cum
2634 5149 2801 5214 dicis,
2833 5147 3022 5204 eadem
3063 5163 3234 5218 prona
3277 5146 3454 5202 femur

1863 5241 2058 5298 lmvum
2091 5242 2322 5312 desuper
2345 5240 2775 5312 comprehendis.
2806 5238 2912 5292 Γᾶ
2939 5253 3060 5294 cum
3107 5238 3272 5303 dicis,
3306 5252 3453 5292 eam-

1865 5336 1988 5390 dem
2031 5334 2276 5404 supinam
2309 5333 2498 5388 femori
2536 5346 2888 5402 superpones.
2929 5329 3073 5385 rm
3109 5345 3234 5384 cum
3281 5327 3448 5394 dicis,

1864 5424 2109 5480 eamdem
2141 5439 2368 5493 pronam
2415 5423 2605 5479 femori
2652 5435 3000 5492 superpones.
3046 5421 3112 5476 fc
3139 5435 3263 5476 cum
3291 5420 3450 5486 dicis,

1863 5516 2110 5572 eamdem
2164 5515 2376 5569 lumbos
2429 5511 2835 5582 apprehendes,
2887 5510 3080 5580 pollice
3133 5511 3201 5565 ad
3253 5511 3451 5581 inguen

1866 5623 2042 5663 verso.
2070 5606 2140 5660 At
2159 5621 2288 5660 vero
2320 5600 2356 5660 Ε
2375 5614 2428 5658 et
2455 5605 2515 5657 c—c
2549 5619 2717 5672 usque
2745 5604 2812 5656 ad
2843 5620 3000 5659 ncccc
3025 5603 3212 5658 eodem
3241 5617 3347 5672 quo
3375 5601 3454 5657 di-

1866 5701 2046 5756 ximus
2074 5699 2260 5754 ordine
2307 5698 2359 5751 in
2405 5698 2625 5751 dextera
2665 5695 2908 5763 corporis
2954 5703 3106 5764 parte
3136 5691 3449 5763 complebis.

1868 5791 2058 5848 Decies
2088 5798 2267 5848 autem
2295 5795 2522 5845 centena
2562 5785 2728 5843 millia
2766 5800 2891 5842 cum
2917 5787 3086 5853 dicis,
3131 5785 3319 5843 ambas
3347 5780 3450 5838 sibi

2853 5587 2997 5596 __——-
