3946 6442
497 337 604 394 575
1124 335 1201 389 ’B.
1243 331 1497 390 RABANI
1537 329 1755 387 MAURI
1793 327 2111 384 ARCHIEP.
2156 325 2463 384 MOGUNT.
2503 324 2788 382 OPERUM
2827 324 3006 380 PARS
3042 323 3083 378 Ι.
3696 320 3797 376 676

498 471 694 512 manus
721 461 940 514 insertis
970 455 1201 509 invicem
1227 451 1409 524 digitis
1441 449 1758 521 implicabis.
1802 448 1895 504 Est
1917 455 1972 501 et
1996 445 2078 499 al-
2106 448 2160 509 Α
2254 443 2381 500 Haec
2422 445 2640 514 inquam
2684 443 2982 514 ponderum
3021 441 3277 498 voeabula
3305 440 3392 496 vel
3425 441 3798 496 characteres

497 549 667 602 terius
708 547 850 603 modi
896 554 1180 615 computus
1226 543 1554 598 articulatim
1605 541 1938 596 decurrens:
1985 535 2078 608 qui
2182 557 2286 597 non
2328 541 2490 597 modo
2533 540 2599 595 ad
2650 540 2936 611 pecuniam
2987 538 3412 593 mensurandam
3438 577 3454 601 ,
3485 551 3697 591 verum
3729 538 3797 591 ad

497 637 767 710 quomodo
807 636 1110 708 specialiter
1151 637 1217 691 ad
1258 635 1478 690 Pascha:
1507 633 1773 688 rationem
1811 631 2078 702 pertinet,
2181 631 2383 702 quaevis
2403 646 2630 702 corpora
2656 631 2770 686 sive
2794 638 3035 700 tempora
3061 627 3388 683 dimetienda
3419 626 3792 682 conveniunt.

497 745 620 785 cum
651 729 718 784 ad
748 729 887 784 hanc
917 741 984 783 ex
1008 723 1198 783 ordine
1227 731 1448 782 ventum
1486 724 1678 792 fuerit,
1724 721 2079 796 opportunius
2183 723 2311 780 Sive
2346 723 2512 795 igitur
2540 721 2728 777 horam
2759 735 2940 784 unam,
2987 719 3103 774 sive
3129 718 3272 776 diem
3302 719 3592 790 integrum
3621 758 3638 782 ,
3679 717 3794 773 sive

495 817 867 891 explicabitur.
1092 887 1096 894 γ

1101 886 1328 944 CAPUT
1367 886 1476 942 VII.

708 978 786 1038 De
806 978 1110 1038 Graecorum
1133 979 1270 1034 uotis
1293 977 1362 1033 ad
1387 993 1628 1034 numeros
1649 977 1858 1049 aptatis.

569 1073 711 1129 DISC.
743 1072 884 1141 Quid
909 1073 975 1128 de
998 1073 1307 1128 Graecorum
1347 1082 1597 1142 computo
1625 1073 1726 1138 ais,
1759 1073 1874 1142 qui,
1905 1081 1964 1127 ut
1987 1086 2084 1126 au-

494 1165 626 1231 divi,
655 1180 911 1226 numeros
931 1165 1165 1236 propriis
1191 1166 1383 1221 litteris
1403 1165 1695 1221 denotant?
1714 1164 1854 1221 Man.
1882 1166 2083 1221 Verum

494 1264 552 1309 ut
585 1255 780 1314 asseris
807 1257 883 1316 ita
908 1265 1014 1322 est,
1042 1272 1165 1311 eum
1205 1265 1317 1311 toto
1354 1257 1622 1327 alphabcti
1660 1258 1741 1312 sui
1770 1258 2085 1312 charactere

496 1343 550 1398 in
582 1359 930 1402 numerorum
961 1344 1162 1416 ﬁguras
1198 1361 1468 1418 expenso,
1515 1356 1626 1402 tres
1665 1347 1757 1417 qui
1800 1348 1919 1417 plus
1959 1355 2086 1401 sunt

498 1449 756 1490 numeros
785 1434 927 1494 notis
955 1435 1182 1506 singulis
1206 1438 1518 1508 depingunt,
1547 1438 1792 1492 eumdem
1821 1451 1957 1507 pene
1981 1453 2082 1492 nu-

499 1522 637 1577 meri
683 1521 949 1592 ﬁgurandi
997 1539 1154 1593 quem
1203 1527 1474 1581 scribendi
1525 1527 1795 1598 alphabeti
1840 1527 2085 1583 ordinem

499 1622 788 1684 sequentes
811 1617 915 1672 hoc
944 1617 1189 1674 modom
1216 1619 1267 1685 1,
1295 1619 1404 1690 βῆ,
1433 1619 1538 1693 νδ,
1571 1618 1600 1675 δ
1625 1620 1678 1685 4,
1706 1640 1729 1675 ι
1754 1620 1806 1686 5,
1837 1618 2082 1686 ς-6,ζ¹1,

495 1707 608 1772 η8,
641 1707 2082 1782 θ9,ι10,κ9όο,λ50,μ40,ν50,ξ60,ο70,π80,

498 1811 520 1868 4
542 1798 631 1864 90,
656 1820 687 1876 ρ
712 1797 834 1864 100,
860 1821 898 1862 σ
923 1799 1049 1867 200,
1073 1824 1104 1862 τ
1125 1801 1250 1870 500,
1277 1825 1307 1860 υ
1334 1804 1461 1869 400,
1483 1828 1516 1881 φ
1536 1805 1660 1872 500,
1686 1828 1727 1878 χ
1749 1805 1873 1872 600,
1897 1807 1936 1877 ψ
1960 1805 2082 1872 700,
2114 1819 2162 1879 Β

493 1912 534 1948 ω
563 1889 692 1957 800,
733 1889 784 1960 δ
819 1891 941 1948 900.
979 1893 1081 1960 Qui
1121 1901 1175 1950 et
1204 1895 1323 1951 ideo
1355 1910 1479 1950 mox
1521 1912 1776 1952 numeros
1801 1897 1981 1969 digitis
2017 1896 2092 1976 si-_

498 1981 758 2051 gniﬁcare
800 1984 1114 2052 didicerint,
1163 1987 1308 2044 nulla
1349 1989 1668 2044 interstante
1706 2005 1857 2046 mora
1883 1990 2090 2046 litteras

499 2085 715 2143 quoque
736 2073 942 2143 pariter
972 2076 1180 2132 hisdem
1208 2077 1487 2150 praeﬁgere
1515 2081 1711 2134 sciunt.

1085 2190 1314 2246 CAPUT
1357 2191 1490 2247 Vill.

764 2257 843 2314 De
866 2260 1146 2318 uariarum
1170 2263 1357 2334 figuris
1388 2275 1436 2318 et
1463 2264 1824 2319 divisionibus.

568 2350 714 2408 Disc.
742 2350 820 2407 De
842 2353 926 2413 bis
943 2369 1067 2422 qua:
1086 2355 1276 2427 uncias
1303 2357 1641 2427 computistae
1671 2356 1939 2428 appellant
1959 2371 2091 2430 rogo

498 2451 559 2498 ut
589 2444 880 2506 edisseras.
927 2444 1068 2504 Mss.
1118 2447 1192 2502 De
1233 2449 1518 2503 unciarum
1554 2463 1768 2520 quoque
1795 2450 2088 2520 divisione,

502 2550 624 2606 qua:
655 2549 765 2596 non
792 2536 976 2599 minus
1003 2539 1336 2609 temporibus
1365 2541 1593 2596 rebusve
1615 2539 1734 2595 aliis
1753 2556 1914 2610 quam
1938 2557 2092 2597 num-

497 2626 604 2682 mis
633 2636 718 2682 est
745 2635 868 2698 apta
917 2632 1325 2701 computandis,
1374 2648 1483 2688 non
1530 2633 1778 2703 ignobilis
1819 2635 2092 2691 contentio

495 2726 599 2776 est.
630 2717 838 2786 Quibus
865 2721 992 2790 quia
1017 2722 1258 2792 dispersa
1287 2725 1490 2794 passim
1520 2725 1759 2781 historiae
1787 2734 1843 2780 et
1870 2727 1984 2797 ipsa
2011 2710 2108 2781 sa—i

495 2824 591 2870 cra
616 2808 898 2881 Scriptura
921 2814 1114 2881 utitur,
1139 2817 1360 2878 nomina
1377 2817 1583 2888 pariter
1603 2825 1659 2874 et
1684 2817 1883 2890 ﬁguras
1904 2832 2094 2876 earum

492 2899 690 2972 paucis
718 2899 937 2974 afﬁgere
961 2906 1291 2964 curavimus.

779 3017 944 3075 Libra
974 3019 1060 3076 vel
1087 3037 1148 3078 as
1180 3022 1296 3078 sive
1334 3025 1498 3092 assis,
1529 3040 1609 3080 xu
1641 3024 1836 3081 unciae.

603 3015 684 3100 Ι,

781 3216 972 3275 Deunx
1001 3234 1116 3275 srve
1143 3218 1318 3285 iabus,
1361 3235 1414 3274 ιιι
1451 3219 1648 3276 unciae.

782 3356 1006 3416 Decumi
1037 3357 1121 3413 vel
1151 3357 1404 3422 dextans,
1440 3373 1474 3414 ι
1501 3358 1693 3414 unciae.

537 3449 720 3582 Μ
782 3472 1031 3530 Dodrans
1059 3474 1174 3528 sive
1200 3473 1385 3540 doras,
1413 3489 1470 3529 ix
1499 3475 1691 3530 uncias.

535 3591 677 3772 ﬂ
784 3652 887 3709 Des
909 3652 1024 3707 sive
1051 3651 1216 3718 bisse,
1246 3666 1342 3706 vut
1365 3652 1557 3708 unciae.

519 3776 660 3931 ﬂ
785 3810 1030 3888 Septunx
1052 3829 1168 3871 srve
1193 3822 1400 3888 septas,
1430 3829 1506 3876 vn
1528 3815 1720 3874 unciai.

544 4239 706 4375 ἦ)
785 4264 982 4326 Triens
1009 4267 1124 4324 sive
1150 4275 1294 4324 treas
1313 4309 1328 4334 ,
1352 4283 1405 4324 tv
1430 4269 1624 4326 unciae.

524 4377 688 4544 y
787 4400 1075 4471 Quadrans
1106 4403 1220 4460 sive
1251 4419 1508 4475 quaeras,
1542 4421 1602 4462 ιιι
1634 4421 1827 4462 unone.

785 4584 1021 4642 sextans
1043 4593 1158 4642 sive
1185 4587 1389 4653 sertas,
1422 4603 1460 4642 ιι
1491 4588 1686 4644 uncia}.

785 4721 1000 4780 Secunx
1029 4738 1145 4780 sive
1174 4738 1478 4790 sescuncia,
1511 4739 1528 4778 ι
1560 4725 1719 4784 uncia
1749 4731 1806 4780 et
1839 4723 2022 4781 semis.

789 4861 984 4946 Uncia,
1021 4896 1150 4936 xxxv
1177 4880 1416 4953 scripuli.

526 5028 724 5244 ᾧ
788 5059 1123 5126 Semiuncia,
1154 5074 1230 5114 xu
1254 5059 1495 5130 scripuli.

581 5195 702 5244 41
790 5201 921 5244 hum
951 5197 1174 5244 sevmim.
1224 5197 1338 5244 sive
1383 5211 1495 5244 seei

581 5195 702 5269 ῖιί
790 5201 922 5260 Duae
951 5197 1174 5254 sextuize
1224 5197 1338 5253 sive
1383 5195 1624 5262 scesclas,
1677 5211 1776 5253 vin
1820 5197 2044 5269 scripuli

526 5195 633 5354 ιι
790 5201 922 5260 Duae
951 5197 1174 5254 sextuize
1224 5197 1338 5253 sive
1383 5195 1618 5262 scesclaa,

607 5362 627 5371 η
679 5353 701 5371 1
861 5295 914 5351 id
941 5301 1043 5357 est,
1073 5290 1230 5346 tertia
1260 5304 1386 5359 pars
1426 5288 1618 5343 unciae.

569 5422 699 5506 λυ
793 5429 1065 5494 Sicilicus,
1097 5443 1148 5482 v1
1184 5422 1424 5495 scripuli.

793 5589 1013 5647 Sextula
1042 5588 1154 5643 sive
1179 5584 1381 5640 scescle
1401 5625 1415 5649 ,
1444 5587 1497 5638 iv
1527 5580 1760 5653 scripuli.

787 5762 1019 5819 Dimidio
1045 5758 1254 5815 sextula
1285 5760 1400 5815 sive
1431 5758 1655 5822 scesclc,
1687 5772 1726 5812 ιι
1757 5756 1996 5826 scripuli.

789 5876 1088 5948 Scriputus,
1125 5891 1220 5934 sex
1249 5873 1474 5948 siliquae.

2182 829 2428 870 mensem
2452 855 2468 881 ,
2514 813 2628 869 sive
2663 827 2865 867 annum
2887 853 2902 878 ,
2932 826 3026 867 seu
3064 817 3210 867 certe
3237 810 3384 866 aliud
3411 808 3652 882 aliquod
3679 825 3793 864 ma-

2178 906 2267 977 jus
2314 908 2562 963 minusve
2595 906 2853 977 temporis
2880 905 3114 977 spatium
3150 906 3206 960 in
3241 903 3537 961 duodecim
3595 904 3791 974 partiri

2182 1003 2288 1068 vis,
2315 1003 2430 1074 ipsa
2461 1002 2772 1057 duodecima
2799 1017 2926 1072 pars
2950 1000 3107 1056 uncia
3135 1010 3237 1067 est,
3252 999 3496 1072 reliquas
3525 1001 3790 1056 undecim

2189 1095 2451 1150 deuncem
2482 1093 2773 1165 appellant.
2821 1092 2878 1148 Si
2931 1093 2986 1148 in
3040 1109 3130 1148 sex
3182 1094 3428 1164 partiris,
3470 1102 3642 1149 sexta
3666 1109 3790 1164 pars

2187 1198 2426 1254 sextans,
2452 1188 2671 1258 reliquae
2697 1188 2924 1243 dextans
2950 1229 2964 1254 ,
2993 1188 3076 1242 vel
3106 1229 3120 1254 ,
3150 1197 3210 1242 ut
3235 1187 3355 1254 alii,
3381 1188 3611 1244 distans
3641 1190 3786 1243 voci-

2187 1290 2392 1337 tantur.
2430 1280 2484 1336 Si
2519 1281 2574 1335 in
2613 1291 2843 1351 quatuor
2869 1322 2881 1345 ,
2917 1288 3107 1350 quarta
3157 1297 3285 1352 pars
3315 1281 3661 1352 quadrantis
3695 1297 3787 1334 no-

2187 1391 2343 1439 men,
2417 1375 2643 1431 residure
2691 1385 2800 1430 tres
2850 1375 3127 1431 dodrantis
3177 1375 3473 1446 accipiunt.
3518 1367 3702 1429 Porro
3749 1374 3792 1428 si

2187 1483 2284 1539 per
2313 1469 2416 1523 tria
2445 1469 2574 1538 quid
2599 1468 2841 1524 dividere
2867 1469 3020 1540 cupis
3039 1510 3054 1534 ,
3100 1470 3316 1524 tertiam
3352 1477 3575 1541 partem
3609 1469 3748 1522 trien
3773 1509 3788 1531 ,

2189 1560 2322 1615 duas
2348 1560 2592 1615 residuas
2623 1559 2824 1615 bissem
2864 1559 3221 1630 nuncupabis.
3253 1557 3312 1613 Si
3338 1574 3442 1630 per
3465 1558 3605 1624 duo,
3633 1558 3789 1615 dimi-

2188 1653 2337 1709 dium
2368 1653 2530 1710 semis
2561 1652 2879 1722 appellatur.
2916 1651 3008 1707 Sic
3037 1654 3092 1706 et
3124 1659 3342 1707 czetera.

2814 1768 3041 1825 CAPUT
3079 1767 3171 1823 IX.

2811 1860 2890 1916 De
2951 1875 3194 1932 tempore.

2263 1961 2406 2015 DlSC.
2439 1957 2566 2014 Haec
2599 1957 2818 2028 quidem
2861 1961 3138 2027 gratanter
3177 1952 3405 2023 accnpio.
3443 1949 3519 2005 Et
3566 1949 3702 2021 quia
3733 1947 3794 2003 de

2191 2059 2495 2121 temporum
2521 2048 2876 2104 divisionibus
2902 2061 2966 2101 ac
2990 2045 3200 2100 ratione
3221 2042 3380 2098 nobis
3400 2041 3793 2112 disputandum

2191 2151 2294 2208 est,
2325 2143 2558 2213 primum
2593 2140 2725 2196 mihi
2756 2139 2846 2194 dic
2889 2137 3020 2212 quid
3061 2137 3131 2192 sit
3170 2145 3405 2206 tempus.
3442 2132 3599 2188 Msa.
3638 2131 3792 2186 Tem-

2098 2225 2108 2231 ’⁷
2191 2249 2292 2304 pus
2318 2244 2402 2289 est
2430 2233 2616 2288 mundi
2641 2232 2907 2287 instabilis
2936 2239 3134 2296 motus,
3152 2241 3451 2297 rerumque
3501 2225 3794 2280 labentium

2193 2339 2404 2383 cursus.
2436 2326 2582 2382 DlSC.
2616 2324 2770 2382 Unde
2803 2323 3000 2380 dicitur
3029 2318 3288 2392 tempus?
3323 2318 3472 2374 Hac.
3517 2315 3743 2372 Scilicet
3765 2330 3794 2369 a

2193 2427 2620 2492 temperamento
2643 2458 2659 2484 ,
2722 2420 2836 2474 sive
2899 2418 3044 2488 quod
3095 2414 3533 2485 unumquodque
3586 2413 3792 2469 illorum

2194 2516 2425 2586 spatium
2449 2513 2739 2586 separatim
2765 2519 3120 2582 temperatum
3151 2509 3243 2573 sit,
3259 2523 3357 2562 seu
3380 2506 3537 2576 quod
3561 2519 3795 2560 momen-

2196 2606 2288 2672 tis,
2337 2606 2486 2661 horis
2512 2647 2526 2671 ,
2577 2604 2789 2668 diebus,
2830 2601 3130 2663 mensibus,
3164 2599 3352 2662 annis,
3383 2595 3718 2664 sabculisque
3745 2600 3792 2647 et

2193 2699 2443 2753 aetatibus
2469 2696 2650 2751 omnia
2675 2693 2922 2750 mortalis
2951 2691 3076 2748 vitte
3101 2688 3375 2747 curricula
3400 2696 3789 2760 temperentur.

2809 2803 3038 2862 CAPUT
3094 2803 3162 2859 Χ.

2497 2881 2574 2936 De
2595 2880 2822 2937 trimoda
2861 2879 3174 2933 discretione
3203 2875 3480 2946 temporis.

2268 2975 2413 3031 Diae.
2467 2975 2794 3044 Temporum
2850 2973 2992 3027 ratio
3045 2967 3318 3041 quomodo
3358 2965 3639 3022 constat?
3661 2963 3787 3018 In.

2199 3068 2456 3124 Trimoda
2508 3067 2722 3121 ratione
2775 3072 3062 3134 computus
3088 3060 3351 3131 temporis
3381 3065 3470 3114 est
3506 3057 3789 3113 discretus.

2117 3181 2164 3248 ρ
2195 3159 2303 3213 Aut
2331 3158 2475 3213 enim
2503 3164 2723 3220 natura,
2751 3162 2845 3212 aut
2867 3152 3278 3217 consuetudine,
3306 3158 3404 3204 aut
3433 3158 3594 3204 certe
3620 3157 3791 3202 aucto-

2197 3250 2359 3304 ritate
2409 3246 2670 3303 decurrit.
2723 3245 2868 3300 Dtsc.
2910 3242 3192 3310 Quomodo
3232 3255 3363 3311 ergo
3405 3247 3617 3295 natura
3669 3249 3792 3293 tem-

2195 3355 2387 3414 porum
2435 3353 2630 3394 cursus
2677 3345 2731 3394 et
2777 3335 2917 3392 ratio
2951 3334 3246 3390 consistit?
3279 3332 3425 3388 Man.
3459 3332 3608 3400 Quia
3640 3343 3788 3390 natu-

2197 3451 2260 3490 ra
2286 3435 2425 3490 duce
2450 3440 2725 3504 repertum
2751 3439 2835 3486 est
2861 3429 2992 3486 solis
3017 3444 3221 3491 annum
3257 3443 3470 3484 cccnxv
3519 3427 3717 3489 diebus
3743 3432 3791 3479 et

2197 3527 2501 3600 quadrante
2534 3524 2767 3591 conﬁci,
2815 3523 2958 3578 lunae
2998 3537 3129 3577 vero
3155 3535 3376 3587 annum,
3414 3521 3464 3576 si
3491 3518 3789 3581 communis

2197 3623 2289 3689 sit,
2316 3637 2523 3688 CCCLIV,
2576 3622 2623 3676 si
2668 3618 3049 3683 cmbolismus,
3090 3631 3351 3674 CCCLX!“
3388 3615 3597 3671 diebus
3623 3614 3788 3670 temi-

2198 3714 2342 3780 nari,
2373 3720 2650 3781 totumque
2678 3709 2823 3766 lunae
2850 3723 3073 3765 cursum
3097 3707 3578 3763 decennovennali
3599 3705 3788 3762 circulo

2197 3805 2601 3878 comprehendi,
2618 3803 2713 3862 sed
2739 3811 2794 3859 et
2817 3810 3014 3859 caetera
3037 3800 3277 3857 errantia
3299 3799 3487 3854 sidera
3514 3801 3635 3855 suis
3658 3813 3789 3869 qua-

2195 3915 2304 3971 que
2358 3897 2547 3969 Spatiis
2615 3895 2837 3957 mdiaco
2883 3892 3244 3952 circumferri.
3307 3891 3460 3947 Disc.
3515 3890 3788 3958 Quonam

2198 3989 2625 4048 consuetudine?
2648 3987 2788 4046 MAG.
2821 3985 3224 4043 Consuetudine
3257 3999 3390 4054 ergo
3427 3984 3678 4039 humana
3705 3983 3787 4038 tir-

2197 4091 2407 4139 matum
2441 4087 2610 4136 estut
2637 4079 2840 4136 mensis
2867 4077 3090 4150 triginta
3115 4076 3306 4134 diebus
3329 4083 3653 4149 putaretur,
3680 4087 3788 4130 cun

2198 4179 2303 4234 hoc
2347 4191 2448 4232 nec
2483 4175 2612 4232 solis
2641 4189 2743 4230 nec
2770 4173 2911 4229 lunae
2949 4173 3132 4229 cursui
3161 4172 3474 4228 conveniat.
3512 4169 3785 4246 Siquam

2198 4270 2384 4325 lunam
2413 4267 2698 4330 duodecim
2742 4265 2894 4322 horis
2933 4265 3139 4334 minus,
3177 4265 3327 4320 salva
3351 4264 3574 4318 ratione
3603 4262 3784 4326 saltus,

2199 4361 2370 4417 solem
2411 4375 2542 4415 vero
2571 4358 2761 4414 decem
2791 4358 2943 4414 horis
2970 4365 3028 4418 et
3055 4355 3275 4412 dimidia
3308 4355 3433 4428 plus
3471 4356 3684 4412 habere
3709 4368 3786 4410 so-

2197 4454 2320 4510 lerti
2368 4452 2734 4524 exquisitione
2775 4458 3109 4522 compertum
3157 4457 3260 4506 est.
3306 4448 3458 4510 Drsc.
3508 4447 3785 4516 Quomodo

2114 4551 2170 4614 1)
2194 4561 2412 4618 quoque
2449 4544 2818 4608 auctoritate?
2848 4541 2990 4600 Mite.
3040 4542 3352 4603 Auctoritas
3385 4540 3620 4611 quidem
3656 4540 3781 4596 bib

2193 4639 2274 4694 rie
2298 4646 2382 4693 est
2408 4637 2580 4698 divisa
2601 4671 2619 4704 ,
2650 4635 2779 4706 quia
2810 4642 2907 4694 aut
2935 4635 3171 4699 humana
3201 4641 3288 4695 est
3327 4631 3674 4696 auctoritas,
3701 4637 3782 4686 aut

2192 4730 2358 4786 etiam
2371 4726 2728 4786 divina.Dtsc.
2755 4725 3036 4794 Quomodo
3057 4725 3294 4782 humana
3306 4723 3647 4780 auctoritate
3661 4730 3781 4778 ten-

2189 4838 2324 4895 pora
2370 4822 2729 4879 ordinantur?
2767 4821 2907 4878 me.
2938 4819 3078 4888 Quia
3107 4818 3360 4875 videlicet
3379 4817 3451 4873 ab
3477 4815 3782 4872 hominibus

2193 4915 2548 4972 constitutum
2604 4922 2689 4970 est
2742 4912 3078 4984 olympiadas
3158 4922 3393 4982 quatuor
3478 4922 3778 4973 annona,

2196 5004 2466 5060 nundinas
2516 5013 2640 5061 octo
2688 5005 2897 5060 dierum
2921 5039 2938 5070 ,
2980 5012 3037 5064 et
3097 5000 3420 5056 indictiones
3476 4999 3780 5069 quindecim

2165 5110 2462 5150 .annorum
2511 5096 2716 5152 ambitu
2745 5094 3030 5154 celebrari.
3072 5094 3223 5150 Diem
3269 5107 3531 5163 quoque,
3581 5093 3679 5166 qui
3720 5106 3779 5147 ex

2197 5187 2591 5258 quadrantibus
2635 5187 2952 5252 conﬁcitur,
2986 5201 3174 5246 mense
3199 5183 3505 5240 Februario
3548 5183 3643 5240 vel
3673 5183 3777 5239 Au—

2197 5291 2358 5354 gusto
2382 5281 2690 5344 intercalari
2718 5280 2893 5336 Grani
2920 5321 2935 5346 ,
2981 5279 3221 5350 [Egyptii
3244 5317 3262 5344 ,
3292 5276 3531 5336 Romani
3556 5291 3664 5346 pro
3689 5288 3778 5331 su

2197 5372 2425 5445 quisque
2453 5381 2612 5444 captu
2640 5379 2956 5430 sanxerunt.
2988 5373 3133 5430 Disc.
3164 5371 3354 5426 Divina
3379 5376 3566 5425 autem
3595 5377 3780 5424 aucta-

2198 5465 2361 5522 ritate
2382 5464 2686 5535 quomodo?
2716 5463 2856 5522 Mss.
2890 5463 3030 5532 Quia
3053 5463 3355 5533 septimana
3381 5460 3473 5518 die
3497 5459 3782 5518 Mn

2193 5559 2302 5631 agi,
2333 5568 2388 5614 et
2415 5561 2646 5631 septimo
2695 5573 2838 5615 anno
2885 5573 2918 5613 a
2965 5559 3133 5614 rurali
3175 5572 3342 5629 opere
3367 5556 3554 5612 vacari
3576 5596 3594 5621 ,

2195 5655 2676 5725 quagesimumque
2731 5670 2929 5709 annum
2969 5654 3248 5724 juhilaium
3284 5652 3468 5709 vocari
3523 5650 3783 5704 Dominus

2197 5749 2252 5803 in
2281 5747 2399 5820 lege
2435 5747 2714 5818 praecepit.
2742 5746 2876 5800 Nam
2902 5747 3006 5801 etsi
3047 5746 3292 5801 barbarae
3331 5752 3528 5815 gentes
3571 5740 3782 5796 heilb

2200 5843 2390 5902 madas
2431 5841 2632 5899 habere
2680 5843 2996 5913 probentur,
3025 5856 3055 5895 a
3083 5838 3278 5914 populo
3309 5849 3489 5893 tamen
3517 5835 3617 5891 Dei
3669 5848 3786 5904 mu-
