3946 6510
241 335 340 386 377

1513 328 1707 381 Llillih
1749 328 1832 380 UE
1872 327 2099 384 COMPU
2111 329 2217 384 ΤΟ.

3387 337 3489 396 678

223 463 419 505 tuasse
473 463 579 502 non
632 447 780 501 latet.
825 446 970 501 DISC.
1026 444 1326 500 Divisiones
1370 445 1626 515 temporis
1682 453 1811 513 quot
1839 445 2102 510 Al’artes
2131 460 2162 499 a
2203 442 2491 515 partitione
2525 446 2710 502 circuli
2743 448 2952 505 zodiaci
2989 459 3286 518 vocantur,
3330 469 3489 525 quem

225 542 411 597 sunt?
442 537 583 596 MAG.
614 537 1054 607 Quatuordecim.
1109 537 1251 592 Dtsc.
1299 537 1460 603 Quae?
1507 536 1646 590 MAG.
1686 536 1814 590 Ato-

226 651 401 701 mus,
456 641 762 700 ostentum,
814 639 1176 697 momentum,
1230 640 1444 700 partes,
1505 631 1812 695 minutum,

223 737 494 798 punctus,
528 727 693 792 hora,
725 725 1025 795 quadrans,
1058 724 1193 789 dies,
1227 723 1446 788 mensis,
1477 723 1812 788 vicissitudo,

225 834 434 885 anuus,
461 816 738 883 saeculum,
768 824 919 872 tetas.

846 907 1069 963 CAPUT
1107 907 1197 963 XI.

702 999 775 1055 De
805 1009 977 1054 atomo
1008 999 1340 1054 indivisibile.

311 1097 458 1152 DISC.
498 1093 704 1149 Horum
734 1092 968 1162 primum
1013 1092 1100 1145 dic
1147 1092 1307 1157 mihi,
1350 1091 1402 1147 id
1441 1102 1551 1160 est,
1591 1092 1717 1163 quid
1746 1092 1818 1147 sit

225 1196 473 1244 atomus.
509 1183 648 1240 MAG.
673 1182 898 1238 Atomos
921 1183 1225 1253 philosophi
1252 1191 1446 1238 vacant
1472 1184 1733 1254 quasdam
1761 1186 1815 1239 in

223 1279 440 1334 mundo
478 1275 869 1332 minutissimas
915 1283 1097 1344 partes
1138 1290 1421 1345 corporum
1454 1317 1469 1342 ,
1502 1276 1575 1330 ita
1611 1284 1672 1330 ut
1712 1291 1814 1330 nec

223 1370 377 1425 visui
411 1368 567 1423 facile
604 1376 844 1438 pateant,
889 1381 988 1421 nec
1019 1367 1314 1421 sectionem
1349 1367 1630 1438 recipiant.
1662 1367 1816 1422 Unde

222 1473 291 1518 et
319 1464 485 1517 atomi
517 1462 647 1518 dicti
672 1470 813 1517 sunt.
861 1461 994 1515 Nam
1046 1468 1220 1515 tomus
1247 1459 1433 1515 Graece
1459 1460 1650 1516 divisio
1679 1461 1812 1516 dici-

223 1564 358 1620 tur,
403 1564 612 1610 atomus
643 1569 774 1609 vero
827 1553 1098 1608 indivisio.
1155 1552 1394 1624 Denique
1434 1553 1539 1607 huc
1583 1553 1815 1622 illucque

222 1647 464 1702 volitant
493 1654 656 1717 atque
678 1645 924 1700 feruntur
956 1645 1094 1700 sicut
1122 1646 1419 1701 tenuissimi
1448 1646 1697 1718 pulveres
1723 1647 1812 1715 qui

222 1736 402 1793 infusi
436 1753 533 1807 per
560 1737 825 1792 fenestras
854 1737 1018 1793 radiis
1044 1738 1172 1794 solis
1203 1738 1470 1810 fugantur.
1509 1741 1652 1795 DISC.
1678 1739 1814 1808 Quia

1918 537 2139 591 tricenis
2184 537 2370 592 diebus
2408 554 2506 608 per
2541 553 2754 594 menses
2799 540 3037 611 singulos
3083 542 3310 599 ﬁndunt.
3341 545 3491 604 Reci-

1915 627 2066 697 piunt
2116 638 2295 681 autem
2358 629 2580 699 singulae
2625 637 2807 698 partes
2845 639 3116 686 momenta
3145 633 3250 689 duo
3273 644 3329 690 et
3353 637 3489 694 duas

1913 730 2097 790 partes
2147 721 2306 776 unius
2361 729 2648 778 momentis
2711 731 2923 780 051811ιὸ
2973 734 3228 795 quatuor,
3281 737 3490 787 atomos

1916 829 2065 868 ιιυιγ.

2503 902 2730 962 CAPUT
2769 904 2884 960 XV.

2539 995 2616 1050 De
2640 999 2860 1052 minuto.

1977 1087 2129 1143 'Dtsc.
2161 1085 2299 1154 Quid
2331 1094 2414 1144 est
2442 1087 2753 1144 minutum?
2796 1088 2935 1146 MAG.
2970 1091 3188 1148 Decima
3227 1107 3352 1164 pars
3391 1093 3489 1149 ho—

1917 1194 2009 1234 ιω.
2065 1179 2211 1232 DISC.
2261 1178 2412 1234 Unde
2457 1180 2656 1234 dicitur
2703 1182 3012 1238 minutum?
3041 1180 3179 1240 MAG.
3206 1182 3250 1238 Α
3280 1185 3489 1242 minore

1917 1270 2235 1335 intervallo,
2281 1271 2434 1341 quasi
2490 1271 2668 1326 minus
2712 1281 3082 1340 momentum;
3137 1276 3262 1346 quia
3309 1276 3489 1333 minus

1915 1371 2164 1419 numerat
2203 1364 2345 1432 quod
2394 1363 2568 1434 majus
2613 1364 2819 1434 implet.
2850 1363 3024 1422 Habet
3057 1381 3188 1439 ergo
3221 1367 3490 1424 minutum

1916 1463 2123 1526 partem
2175 1469 2338 1510 unam
2391 1465 2446 1510 et.
2495 1455 2771 1512 dimidiam
2803 1497 2817 1522 ,
2883 1465 3153 1514 momenta
3210 1465 3484 1528 quatuor,

1915 1553 2127 1602 ostenta
2158 1561 2276 1611 sex,
2305 1555 2514 1602 atomos
2533 1545 2745 1602 Vccu't.

2493 1658 2720 1715 CAPUT
2766 1658 2904 1715 XVI.

2542 1731 2619 1785 De
2654 1740 2867 1802 puncto.

228 1830 420 1884 audivi
445 1831 774 1885 tedicentem
807 1845 912 1884 non
950 1830 1120 1885 solum
1152 1831 1208 1885 in
1240 1839 1501 1902 tempore,
1528 1835 1620 1888 sed
1644 1834 1806 1888 etiam
1834 1816 1882 1880 Β
1981 1823 2124 1881 υιεοι
2151 1822 2390 1883 Punctus
2434 1823 2562 1896 (inid
2607 1824 2734 1882 est?
2776 1822 2915 1881 MAG.
2951 1822 3151 1894 Quarta
3177 1842 3304 1897 pars
3329 1826 3489 1882 unius

223 1921 291 1976 in
322 1923 639 1991 corporibus
665 1936 782 1978 esse
806 1931 1015 1977 atomos
1034 1963 1048 1985 ,
1073 1931 1203 1994 quot
1234 1925 1342 1978 sint
1370 1941 1566 1996 genera
1607 1935 1811 1984 atomo-

224 2028 359 2067 rum
404 2029 607 2082 expone
655 2014 806 2068 mihi.
856 2013 994 2069 MAG.
1035 2014 1278 2085 Quinque
1307 2032 1434 2087 ergo
1459 2018 1663 2088 species
1689 2027 1814 2074 sunt

224 2115 566 2170 atomorum,
607 2107 657 2161 id
695 2115 775 2161 est
805 2148 819 2170 ,
861 2115 1071 2162 atomus
1119 2108 1172 2161 in
1217 2123 1440 2179 corpore
1468 2151 1481 2174 ,
1514 2118 1724 2165 atomus
1760 2111 1812 2166 in

227 2196 355 2250 sole
390 2237 405 2263 ,
462 2205 672 2252 atomus
699 2197 754 2250 in
780 2198 1024 2254 oratione
1055 2239 1070 2263 ,
1104 2207 1314 2254 atomus
1342 2200 1395 2254 in
1424 2216 1669 2268 numero,
1701 2210 1815 2257 ato-

224 2302 358 2341 mus
396 2287 450 2340 in
482 2295 742 2357 tempore.
781 2288 925 2344 Disc.
964 2288 1166 2344 Horum
1199 2290 1406 2362 singula
1437 2306 1566 2363 rogo
1597 2300 1653 2348 ut
1681 2294 1813 2349 mihi

222 2377 526 2432 edisseras.
559 2377 698 2433 MAG.
730 2379 956 2434 Atomus
991 2395 1205 2451 quoque
1243 2382 1296 2436 in
1335 2397 1560 2451 corpore
1585 2392 1667 2440 est
1691 2401 1812 2439 cum

224 2483 434 2539 corpus
476 2469 690 2538 aliquod
721 2470 774 2525 in
805 2478 990 2540 partes
1020 2471 1237 2538 dividis,
1288 2482 1580 2543 partesque
1612 2475 1731 2532 illas
1761 2477 1814 2531 in

223 2561 368 2616 alias
414 2571 598 2631 partes
622 2604 636 2629 ,
664 2571 717 2618 et
744 2565 847 2619 hoc
878 2564 1078 2620 totiens
1107 2566 1278 2621 donec
1308 2568 1374 2622 ad
1404 2567 1536 2623 tales
1562 2569 1815 2624 minutias

221 2654 519 2724 pervenias
567 2671 685 2725 qua:
728 2656 798 2711 ob
847 2656 928 2712 sui
973 2657 1298 2726 parvitatem
1329 2657 1436 2714 ullo
1461 2660 1622 2717 modo
1651 2661 1815 2717 dividi

221 2763 341 2801 non
366 2748 591 2817 possint.
618 2749 845 2804 Atomus
872 2750 924 2803 in
951 2750 1062 2804 sole
1081 2759 1164 2806 est
1198 2751 1287 2806 ille
1327 2752 1676 2808 tenuissimus
1699 2753 1816 2823 pul-

222 2841 316 2896 vis
365 2856 524 2910 quem
581 2842 814 2897 diximus
862 2843 1028 2898 radiis
1078 2844 1205 2899 solis
1250 2844 1442 2916 fugari.
1493 2846 1718 2901 Atomus
1762 2847 1814 2900 in

221 2932 484 2986 oratione
530 2941 614 2988 est
649 2934 871 2988 minima
925 2935 1104 3003 portio
1137 2977 1149 3001 ,
1203 2943 1263 2990 ut
1313 2945 1396 2990 est
1441 2936 1639 2991 littera.
1684 2937 1815 2992 Cum

223 3025 380 3077 enim
408 3032 617 3093 partem
643 3025 939 3093 quamlibet
978 3027 1240 3081 orationis
1266 3027 1461 3083 dividis
1484 3029 1534 3082 in
1562 3027 1813 3098 syllabas,

224 3117 502 3189 syllabam
533 3119 708 3173 denuo
739 3119 792 3173 in
824 3120 1049 3187 litteras,
1106 3121 1218 3176 sola
1265 3120 1441 3176 littera
1494 3137 1598 3176 non
1655 3119 1817 3176 habet

222 3221 345 3276 quo
379 3207 634 3262 solvatur.
667 3210 892 3264 Atomus
940 3211 994 3265 in
1036 3226 1261 3266 numero
1315 3221 1397 3268 est
1454 3228 1640 3267 unum.
1682 3213 1816 3269 Cum

221 3313 366 3369 ergo
411 3315 695 3355 numerum
731 3302 962 3370 aliquem
1013 3301 1298 3371 disperties
1325 3345 1338 3369 ,
1395 3305 1545 3360 verbi
1598 3305 1768 3375 gratia
1799 3347 1812 3371 ,

223 3395 364 3443 octo
391 3389 434 3444 si
465 3389 674 3445 dividas
701 3389 754 3444 in
785 3391 868 3446 bis
894 3400 1126 3460 quatuor
1144 3435 1157 3458 ,
1188 3401 1420 3463 quatuor
1444 3395 1497 3449 in
1525 3395 1608 3450 bis
1635 3397 1815 3463 binos,

223 3479 369 3533 item
399 3479 555 3535 binos
581 3481 634 3534 in
660 3481 922 3552 singulos,
972 3483 1086 3539 sola
1111 3485 1294 3539 unitas
1321 3486 1664 3543 indivisibilis
1687 3502 1814 3556 per—

225 3579 444 3626 manet.
477 3572 720 3643 Deniquc
765 3583 976 3631 atomus
1027 3577 1081 3630 in
1132 3586 1373 3647 tempore
1397 3620 1410 3643 ,
1451 3578 1516 3633 de
1544 3595 1650 3649 quo
1680 3582 1815 3636 inci-

225 3664 522 3732 piebamus
557 3666 833 3735 disputare
863 3709 876 3732 ,
924 3669 1104 3724 taliter
1147 3677 1380 3724 constat.
1436 3672 1570 3727 Cum
1615 3671 1819 3741 majora

224 3755 416 3823 spatia
441 3756 721 3825 temporis,
759 3757 917 3812 sicuti
942 3767 1023 3812 est
1051 3759 1166 3814 dies
1189 3759 1272 3814 vel
1299 3761 1454 3827 hora,
1476 3777 1574 3832 per
1594 3771 1819 3833 punctos

226 3844 325 3897 vel
369 3845 534 3899 etiam
583 3854 809 3902 czeteras
855 3849 1091 3903 minores
1155 3858 1339 3918 partes
1399 3852 1680 3918 dividens,
1753 3855 1821 3910 ad

235 3931 410 3986 talem
455 3935 779 4003 particulam
815 3938 1094 4006 pervenias
1119 3954 1238 4009 quae
1267 3941 1336 3996 ob
1362 3942 1445 3996 sui
1473 3943 1820 4012 pusillitatem

228 4021 442 4076 nullam
473 4023 670 4080 habeat
701 4041 908 4081 moram
955 4029 1115 4083 talem
1157 4045 1276 4098 qua:
1311 4032 1421 4087 ullo
1461 4034 1617 4088 modo
1656 4035 1821 4090 dividi

226 4113 430 4181 possit,
472 4115 632 4168 sicuti
660 4115 1033 4172 velocissimus
1055 4118 1193 4173 ictus
1214 4127 1297 4175 est
1316 4121 1476 4186 oculi,
1507 4123 1652 4192 ipsas
1678 4124 1822 4180 scias

1914 1917 2078 1974 hom.
2116 1918 2260 1973 DlSC.
2294 1917 2446 1974 Unde
2471 1917 2646 1974 dictus
2674 1925 2758 1972 est
2785 1927 3016 1988 punctus
3037 1919 3060 1974 ?
3081 1918 3218 1974 MAG.
3244 1918 3285 1974 A
3323 1933 3490 1990 parvo

1913 2009 2098 2078 puncti
2157 2015 2476 2063 transcensu
2529 2007 2621 2077 qui
2670 2007 2730 2062 iit
2782 2007 2836 2062 in
2901 2007 3197 2078 horologio.
3253 1995 3490 2062 Punctus

1915 2099 2111 2170 quippe
2163 2113 2193 2152 a
2232 2097 2519 2169 pungendo
2562 2097 2738 2154 dictus
2765 2105 2878 2162 est,
2910 2112 2974 2154 eo
3005 2096 3147 2169 quod
3169 2096 3491 2168 quibusdam

1914 2191 2296 2261 punctionibus
2341 2197 2504 2246 certae
2551 2189 2936 2260 designationis
2980 2189 3035 2244 in
3079 2187 3372 2260 horologiis
3393 2187 3489 2243 de-

1916 2282 2178 2353 signatur.
2208 2279 2448 2338 Punctus
2478 2286 2656 2334 autem
2704 2280 2865 2334 habet
2891 2278 3097 2334 minuta
3121 2278 3223 2333 duo
3247 2285 3300 2333 et
3337 2277 3493 2332 dimi-

1916 2373 2098 2438 dium,
2150 2381 2331 2442 partes
2388 2379 2496 2427 tres
2549 2378 2602 2425 et
2658 2370 2940 2427 semissem
2967 2410 2982 2436 ,
3031 2378 3086 2424 et
3139 2369 3491 2443 quadrantem

1915 2464 2074 2519 unius
2110 2463 2314 2532 partis,
2352 2470 2626 2518 momenta
2656 2464 2841 2518 decem
2865 2503 2880 2529 ,
2927 2469 3137 2518 ostenta
3162 2461 3490 2534 quindecim,

1917 2567 2128 2614 atomos
2163 2556 2354 2612 'v'nch.
2411 2555 2648 2623 Quatuor
2694 2572 2824 2628 ergo
2864 2557 3048 2627 puncti
3083 2570 3247 2611 unam
3303 2556 3492 2611 horam

1917 2647 2142 2706 faciunt.

2484 2739 2710 2795 CAPUT
2749 2738 2909 2794 XVII.

2560 2829 2637 2884 De
2676 2830 2825 2882 hora.

1988 2925 2138 2981 Dtsc.
2169 2925 2297 2994 quid
2321 2932 2405 2981 est
2431 2925 2607 2980 hora?
2651 2925 2791 2982 MAG.
2823 2925 3016 2982 Certus
3050 2924 3312 2981 terminus
3354 2931 3493 2979 tem-

1917 3015 2084 3086 poris.
2118 3014 2397 3085 Siquidem
2427 3016 2558 3070 hora
2587 3015 2902 3071 duodecima
2940 3030 3068 3088 pars
3109 3022 3192 3071 est
3236 3015 3362 3081 diei,
3391 3015 3496 3072 Do—

1919 3108 2067 3164 mino
2091 3114 2400 3174 attestante,
2425 3108 2516 3178 qui
2539 3108 2614 3162 ait
2643 3123 2656 3162 :
2686 3107 2875 3163 Nonne
2901 3109 3174 3166 duodecim
3210 3109 3353 3164 hora?
3374 3118 3494 3163 sunt

1919 3203 2060 3258 diei?
2088 3203 2148 3259 Si
2175 3205 2290 3275 quis
2327 3205 2668 3260 ambulaverit
2696 3205 2752 3260 in
2779 3205 2886 3271 die,
2932 3223 3035 3264 non
3076 3207 3314 3276 offendit.
3352 3207 3492 3272 Ubi,

1922 3296 2168 3364 quamvis
2198 3297 2506 3369 allegorice,
2555 3312 2613 3352 se
2658 3297 2818 3364 diem,
2851 3297 3142 3368 discipulos
3167 3313 3314 3364 vero,
3345 3299 3438 3368 qui
3464 3315 3496 3353 a

1922 3407 1979 3446 se
2003 3393 2308 3448 illustrandi
2334 3403 2509 3456 erant,
2545 3393 2707 3449 horas
2729 3393 3097 3466 appellaverit,
3130 3393 3286 3448 solito
3313 3401 3495 3449 tamen

1923 3499 2072 3540 more
2115 3487 2349 3540 humano
2399 3487 2816 3556 computationis
2889 3486 3165 3559 vulgarem
3227 3485 3497 3557 expressit

1921 3575 2081 3630 diem.
2142 3576 2285 3631 Disc.
2325 3574 2467 3630 liora
2509 3577 2650 3631 unde
2689 3591 2886 3636 nomen
2937 3577 3182 3648 accepit?
3223 3573 3379 3632 MAG.‘
3419 3575 3496 3632 De

1923 3667 2220 3736 horologio.
2246 3667 2399 3723 Sicut
2425 3668 2762 3737 horologium
2785 3668 2851 3723 de
2878 3669 3010 3726 hora
3030 3684 3228 3726 nomen
3243 3669 3492 3739 sumpsit,

1924 3759 2070 3813 horae
2099 3775 2313 3829 quoque
2363 3775 2558 3816 nomen
2588 3776 2656 3815 ex
2685 3759 2872 3816 Graeca
2902 3761 3110 3832 origine
3138 3760 3493 3825 descendens,

1923 3850 2311 3920 interpretatur
2340 3851 2510 3906 series
2537 3849 2621 3904 vel
2645 3850 2833 3906 umbra
2864 3851 2977 3906 sive
3005 3852 3169 3906 etiam
3197 3850 3342 3906 ﬁnis.
3369 3850 3495 3905 Inde

1921 3956 2048 3996 oras
2077 3941 2242 3996 maris
2275 3948 2332 3995 et
2375 3939 2657 3996 ﬂuviorum
2699 3949 2753 3996 et
2784 3941 3226 3996 vestimentorum
3266 3939 3496 3996 dicimus

1921 4033 2291 4090 extremitates
2327 4033 2440 4090 sive
2495 4035 2776 4092 terminos.
2811 4036 2958 4092 Dlsu.
3009 4035 3260 4106 Nunquid
3305 4035 3496 4092 eodem

1922 4127 2081 4183 modo
2129 4127 2386 4184 scribitur
2433 4129 2566 4184 hora
2610 4129 2871 4199 temporis
2907 4136 2962 4186 et
3007 4129 3142 4185 hora
3174 4137 3494 4186 easterarum

227 4225 359 4265 esse
416 4219 675 4267 atomum.
741 4213 837 4268 Est
885 4229 1015 4285 ergo
1061 4224 1271 4270 atomus
1342 4220 1718 4275 trecentesima
1767 4227 1824 4274 et
1923 4233 2058 4290 quas
2093 4222 2386 4292 prmdixisti
2425 4224 2649 4279 rerum?
2697 4223 2836 4280 MAG.
2892 4222 3236 4294 Aspiratione
3283 4237 3500 4308 quoque

229 4304 635 4372 septuagesima
673 4312 826 4360 sexta
865 4321 992 4374 pars
1030 4308 1192 4364 unius
1220 4311 1434 4364 ostenti.

837 4397 1064 4454 CAPUT
1103 4399 1210 4454 XII.

854 4486 933 4540 De
962 4496 1176 4543 ostento.

1924 4313 2038 4370 sola
2065 4313 2465 4370 discernuntur.
2518 4315 2654 4382 Quia
2701 4330 2797 4372 ora
2842 4315 3099 4385 temporis
3139 4329 3262 4370 cum
3293 4315 3499 4386 aspira-

1925 4402 2107 4470 tione,
2141 4413 2459 4461 caeterorum
2498 4413 2678 4461 autem
2711 4406 2832 4462 sine
2876 4401 3205 4477 aspiratione
3247 4405 3499 4462 scribun-

1845 4528 1900 4590 Β
1929 4503 2035 4550 tur.
2084 4495 2228 4552 DISC.
2280 4496 2424 4552 Hora
2479 4512 2616 4566 quas
2655 4496 3048 4553 subdivisiones
3074 4495 3297 4590 habet?
3353 4494 3495 4551 MAG.

313 4575 456 4632 DISC.
499 4575 782 4632 Ostentum
817 4578 945 4647 quid
971 4581 1099 4634 est?
1138 4581 1276 4638 MAG.
1315 4582 1662 4654 Sexagesima
1696 4601 1822 4656 pars
1845 4575 1897 4590 ’⁷
1924 4588 2098 4644 Habet
2135 4604 2349 4659 quoque
2389 4598 2622 4658 punctos
2646 4596 2878 4659 quatuor
2909 4587 2964 4642 in
3012 4585 3178 4641 solari
3218 4592 3499 4654 computa-

234 4665 400 4720 unius
424 4667 589 4733 horae,
619 4675 828 4724 atomos
857 4669 913 4722 in
944 4685 1003 4724 se
1029 4672 1310 4730 continens
1339 4689 1618 4731 cccuxvr.

833 4763 1062 4822 CAPUT
1113 4767 1249 4822 XIII.

853 4854 927 4910 De
947 4867 1227 4913 momento.

312 4940 458 4997 DISC.
503 4941 640 5009 Quid
692 4954 775 5000 est
823 4951 1195 5004 momentum?
1233 4950 1373 5006 MAG.
1411 4952 1603 5010 Certus
1649 4956 1818 5014 lectus

237 5036 368 5092 solis
399 5036 453 5090 in
482 5037 637 5093 coelo.
669 5038 783 5095 Hoc
805 5055 904 5113 per
927 5043 1280 5115 quadraginta
1318 5047 1465 5104 vices
1515 5048 1590 5103 ita
1635 5063 1820 5106 emen-

239 5141 358 5183 sum
392 5128 582 5184 horam
603 5131 715 5202 jam
741 5133 915 5188 reddit
937 5135 1224 5207 integram.
1261 5139 1404 5194 DISC.
1441 5139 1592 5198 Unde
1619 5143 1822 5200 dicitur

243 5226 616 5280 momentum?
642 5225 781 5284 MAG.
805 5228 850 5281 A
875 5239 1020 5285 motu
1050 5231 1288 5286 siderum
1325 5233 1607 5290 celerrimo
1635 5276 1648 5300 ,
1695 5250 1818 5291 cum

242 5315 445 5387 aliquid
490 5318 592 5374 sibi
623 5320 958 5377 brevissimis
986 5324 1041 5378 in
1069 5327 1257 5395 spatiis
1290 5325 1484 5383 cedere
1510 5337 1673 5399 atque
1699 5346 1819 5386 suc-

244 5409 435 5465 cedere
473 5414 722 5468 sentitur.
754 5413 910 5484 Capit
937 5431 1064 5487 ergo
1091 5434 1257 5473 unum
1284 5430 1618 5476 momentum
1641 5430 1822 5478 osten—

245 5504 358 5552 tum
383 5509 438 5556 et
467 5500 768 5566 dimidium,
800 5511 1010 5560 atomos
1038 5521 1253 5576 quoque
1281 5525 1441 5562 eum

831 5595 1057 5652 CAPUT
1100 5598 1235 5654 XlV.

867 5688 942 5744 De
969 5691 1224 5759 partibus.

319 5773 463 5832 Disc.
492 5777 629 5846 Quid
652 5781 1001 5836 nominantur
1035 5783 1089 5836 iu
1118 5793 1367 5854 computo
1412 5787 1633 5856 partes?
1681 5787 1822 5845 MAG.

1923 4682 2070 4738 tione
2099 4722 2114 4748 ,
2152 4683 2207 4737 in
2248 4683 2388 4738 luna:
2423 4691 2602 4738 autem
2637 4680 2958 4751 quibusdam
3008 4679 3500 4750 computationibus

1923 4782 2154 4842 punctos
2185 4774 2422 4844 quinque
2447 4815 2460 4840 ,
2493 4775 2634 4830 sicut
2675 4780 2795 4844 post
2828 4774 2946 4830 bene
2985 4771 3351 4830 ostendemus.
3386 4770 3497 4826 Ha-

1923 4865 2015 4921 bet
2053 4875 2108 4921 et
2138 4867 2347 4922 minuta
2378 4867 2562 4922 decem
2589 4907 2604 4932 ,
2657 4875 2838 4937 partes
2865 4865 3197 4938 quindecim,
3225 4871 3498 4921 momenta

1925 4958 2302 5030 quadraginta,
2327 4968 2540 5016 ostenta
2567 4960 2869 5032 sexaginta,
2889 4969 3106 5017 atomos
3125 4957 3369 5016 i'fﬁotx.

2487 5075 2714 5134 CAPUT
2751 5076 2936 5135 XVIII.

2515 5149 2594 5204 De
2622 5150 2934 5220 quadrante.

1997 5241 2143 5296 Disc.
2174 5239 2454 5308 Quadrans
2499 5252 2682 5297 autem
2712 5242 2841 5311 quid
2867 5242 2995 5298 est?
3031 5239 3172 5295 MAG.
3215 5237 3499 5306 Quadrans

1927 5335 2043 5390 sive
2067 5336 2305 5406 quadras
2336 5346 2422 5392 est
2450 5345 2645 5406 quarta
2682 5351 2810 5405 pars
2847 5337 2999 5392 librae
3030 5377 3045 5402 ,
3073 5335 3278 5390 habens
3308 5334 3500 5391 uncias

1929 5435 2062 5490 tres,
2085 5425 2225 5480 sicut
2247 5441 2410 5496 supra
2432 5426 2784 5481 ostendimus.
2814 5423 3085 5495 Quidquid
3108 5423 3163 5479 in
3181 5423 3500 5494 corporibus

1925 5531 2019 5571 seu
2059 5517 2394 5585 temporibus
2434 5515 2836 5572 mensuraveris
2857 5558 2873 5583 ,
2917 5515 3035 5585 ejus
3075 5524 3326 5586 quartam
3369 5529 3499 5586 par-

1931 5613 2036 5660 tem
2090 5608 2483 5677 quadrantem,
2537 5615 2649 5660 tres
2693 5621 2823 5660 vero
2881 5605 3118 5676 reliquas
3184 5607 3499 5662 dodrantem

1930 5699 2199 5768 appellare
2245 5698 2485 5753 debebis.
2530 5699 2595 5752 Et
2627 5700 2698 5752 ob
2731 5700 2832 5754 hoc
2854 5708 3045 5768 quarta
3073 5714 3200 5770 pars
3233 5699 3338 5756 diei
3365 5713 3500 5768 qua-

1931 5789 2093 5846 drans
2139 5791 2355 5845 dicitur.
2401 5790 2641 5856 Quatuor
2681 5793 3010 5861 quadrantes
3041 5791 3185 5848 diem
3235 5793 3502 5860 integrum
