3946 6476
505 309 610 366 679

1144 306 1205 359 Β.
1246 303 1496 360 RABANI
1533 302 1751 359 MAURI
1786 297 2106 357 ARCHIEP.
2147 297 2453 355 MOGUNT.
2496 295 2780 355 OPERUM
2819 296 2998 353 PARS
3031 297 3074 352 Ι.

3691 295 3800 353 680

501 428 750 484 reddunt.
773 424 901 478 Dies
929 422 1072 478 enim
1103 437 1224 476 cum
1247 430 1412 475 nocte
1441 419 1627 489 viginti
1658 425 1888 487 quatuor
1914 417 2076 470 horas
2104 414 2152 474 Α
2181 413 2466 469 altitudine
2495 421 2763 477 currente,
2803 428 3113 484 supremum
3138 425 3270 470 vero
3306 414 3536 484 quando
3587 413 3684 468 sol
3734 417 3795 471 de

498 524 684 579 habet.

1089 605 1318 665 CAPUT
1339 606 1496 661 .XIX.

1197 701 1274 756 De
1305 701 1408 754 die.

572 801 717 854 DISC.
747 795 872 853 Dies
902 794 1030 865 quid
1079 793 1204 849 est?
1250 791 1390 848 MAG.
1430 790 1538 847 Aer
1578 789 1688 845 sole
1738 789 2035 846 illustratus
2063 828 2080 855 ,

498 907 693 946 nomen
721 890 845 945 inde
870 903 1089 944 sumens
1109 929 1123 953 ,
1156 886 1284 957 quia
1318 884 1568 940 tenebras
1615 882 1886 954 disjungat
1913 897 1976 936 ac
2002 880 2083 935 di-

497 980 666 1034 vidat.
702 978 841 1033 Nam
889 977 1032 1032 Deus
1081 975 1218 1030 dixit
1244 974 1298 1028 in
1329 973 1599 1045 principio
1630 991 1641 1025 :
1677 969 1798 1025 Fiat
1848 971 1941 1025 lum
1974 1012 1988 1038 ,
2033 980 2083 1025 et

498 1071 640 1141 facta
667 1079 743 1126 est
778 1070 890 1124 luat.
936 1067 1009 1123 Et
1039 1068 1215 1122 divisit
1257 1065 1425 1121 lucem
1476 1082 1509 1118 α
1544 1062 1806 1128 tenebris;
1845 1060 2081 1132 appella-

470 1165 668 1235 uitque
736 1161 905 1216 lucem
956 1160 1093 1215 diem
1125 1201 1140 1226 ,
1203 1169 1252 1214 et
1305 1157 1543 1212 tenebras
1593 1155 1791 1209 vocavit
1856 1163 2078 1207 noctem.

496 1254 643 1310 Dtsc.
689 1253 897 1321 Quibus
925 1253 1103 1309 modis
1147 1251 1346 1307 dicitur
1392 1249 1552 1304 dies?
1582 1247 1723 1302 MAG.
1752 1245 2085 1300 Naturaliter

495 1356 551 1402 et
578 1345 896 1418 vulgariter.
926 1347 1073 1400 DISC.
1101 1342 1385 1412 Quomodo
1413 1339 1776 1396 naturaliter?
1805 1337 1945 1394 MAG.
1976 1337 2083 1392 Na-

496 1438 687 1494 turalis
711 1437 924 1508 :quippe
971 1449 1038 1492 ac
1072 1436 1188 1492 dies
1237 1434 1511 1504 legitimus
1547 1441 1631 1488 est
1673 1432 1741 1486 ab
1786 1438 1910 1486 ortu
1953 1429 2082 1486 solis

499 1529 672 1584 donec
711 1544 900 1584 rursus
952 1527 1178 1588 oriatur.
1225 1527 1296 1582 Et
1334 1527 1424 1582 hic
1466 1527 1582 1582 dies
1609 1525 1802 1597 viginti
1851 1532 2084 1596 quatuor

497 1622 658 1676 horas
701 1621 885 1676 habet.
927 1620 1076 1677 DISC.
1109 1618 1253 1688 Quot
1284 1627 1412 1676 sunt
1455 1618 1748 1674 divisiones
1795 1618 1900 1675 diei
1925 1627 2084 1674 natu-

495 1711 644 1768 ralis.
673 1712 815 1768 MAG.
853 1709 1176 1784 Principalis
1219 1710 1414 1768 divisio
1446 1711 1600 1767 istius
1638 1711 1745 1766 diei
1774 1711 1880 1766 duo
1918 1709 2083 1765 habet

2186 506 2466 562 altitudine
2509 507 2630 562 caeli
2667 500 2843 576 vergit
2871 508 2937 561 ad
2975 523 3246 563 occasum.
3285 508 3431 565 Disc.
3465 507 3626 580 Ergo
3665 511 3790 580 quia

2186 603 2251 656 de
2278 617 2386 655 uno
2419 601 2592 671 spatio
2629 599 2889 656 naturalis
2933 601 3038 655 diei
3088 602 3221 657 satis
3263 603 3398 658 mihi
3445 601 3667 668 fecisti,
3728 606 3789 660 de

2184 693 2355 751 altero
2384 709 2598 765 quoque
2632 695 2807 765 spatio
2835 692 2951 763 ejus
2974 734 2990 760 ,
3025 697 3168 765 quod
3199 710 3307 750 nox
3327 704 3452 762 est,
3483 706 3553 752 ut
3573 696 3784 753 edisse-

2184 802 2275 843 ras
2310 786 2514 858 ﬂagito.
2547 787 2686 844 MAG.
2740 787 2957 844 Faciam
3009 789 3152 860 quod
3195 790 3356 861 petis.
3413 791 3506 847 Tn
3562 792 3783 863 quidm

2182 895 2335 937 more
2362 887 2456 936 tuo
2484 881 2726 952 prtecede
2749 881 3150 954 interrogando.

2774 994 3002 1052 CAPUT
3036 995 3173 1052 XXI.

2835 1066 2914 1121 De
2936 1078 3104 1122 nocte.

2255 1158 2400 1214 DISC.
2431 1155 2547 1212 Nox
2573 1157 2702 1228 quid
2727 1156 3015 1214 est?MAG.
3048 1156 3189 1214 Solis
3221 1157 3473 1215 absentia
3506 1167 3775 1216 terrarum

2183 1250 2373 1304 umbra
2423 1250 2626 1305 conditi
2668 1248 2841 1306 donec
2871 1248 2940 1304 ab
2964 1264 3157 1305 occasu
3185 1251 3371 1306 redeat
3398 1252 3467 1306 ad
3499 1261 3774 1306 exortum.

2183 1337 2326 1395 DISC.
2361 1338 2514 1396 Unde
2536 1340 2680 1395 dicta
2703 1348 2789 1394 est
2813 1340 2955 1394 nox?
2999 1339 3139 1396 MAG.
3185 1338 3339 1407 Quod
3381 1351 3598 1398 noceat
3628 1356 3775 1412 aspe-

2183 1432 2357 1488 ctibus
2380 1432 2467 1488 vel
2495 1433 2726 1504 negotiis
2768 1433 3038 1499 humanis,
3087 1434 3201 1489 sive
3228 1433 3376 1504 quod
3423 1433 3480 1489 iu
3517 1448 3593 1490 ea
3644 1434 3778 1489 fures

2182 1525 2265 1580 vel
2295 1525 2532 1580 latrones
2558 1525 2788 1581 nocendi
2832 1525 2954 1581 aliis
2989 1526 3330 1582 occasionem
3356 1526 3774 1583 nanciscantur.

2182 1617 2326 1672 Disc.
2369 1617 2449 1674 0b
2493 1632 2652 1687 quam
2705 1633 2925 1673 causam
2971 1616 3113 1672 facta
3170 1625 3254 1672 est
3298 1618 3454 1672 nox?
3492 1616 3655 1673 MAG.
3687 1615 3776 1671 Pro

2185 1711 2541 1782 temperantia
2581 1710 2782 1768 laboris
2827 1711 3091 1780 humani,
3132 1719 3193 1766 ut
3245 1725 3480 1782 corpora
3537 1711 3776 1781 requiem

493 1804 684 1876 spatia,
712 1804 768 1860 id
798 1811 902 1872 est,
927 1805 1293 1861 interdianum
1322 1812 1378 1861 et
1413 1810 1762 1859 nocturnum.
1811 1800 2080 1857 Cancrum
2108 1799 2157 1859 B
2184 1802 2468 1868 haberent,
2507 1811 2563 1858 et
2598 1810 2657 1858 ut
2699 1803 3023 1859 animalibus
3069 1803 3392 1874 quibusdam
3446 1802 3639 1858 solem
3685 1818 3777 1858 non

491 1912 591 1967 per
618 1897 782 1952 horas
808 1905 864 1952 et
889 1904 1121 1967 punctos
1163 1904 1220 1952 et
1260 1904 1486 1951 caateras
1509 1895 1752 1950 minores
1782 1891 2080 1964 particulas

491 1987 667 2042 omnis
693 1986 810 2042 dies
833 1986 1214 2042 subdividitur.
1243 1985 1458 2056 Recipit
1496 1992 1679 2040 autem
1720 1984 1837 2040 dies
1868 1991 2084 2038 natura-

492 2078 558 2134 lis
591 2079 784 2150 viginti
814 2086 1049 2150 quatuor
1094 2079 1259 2133 horas
1288 2119 1302 2144 ,
1333 2085 1563 2148 punctos
1602 2075 1898 2148 nonaginta
1939 2089 2036 2131 sex
2063 2116 2078 2144 ,

492 2171 702 2226 minuta
745 2187 921 2238 CCXL,
973 2179 1158 2242 partes
1218 2185 1424 2235 CCCLX,
1477 2177 1754 2224 momenta
1806 2184 2078 2235 DCCCCLX,

490 2270 703 2318 ostenta
746 2265 1004 2329 TGGGGXL,
1046 2271 1255 2319 atomos
1285 2257 1413 2317 fiﬁi
1443 2270 1498 2317 et
1526 2277 1744 2318 CCCCXL.
1773 2261 1919 2317 Disc.
1950 2260 2083 2329 Quis

492 2354 829 2409 demonstrat
869 2355 1014 2424 quod
1056 2353 1376 2409 vocabulum
1427 2353 1535 2408 diei
1583 2361 1800 2407 noctem
1841 2351 2083 2406 cumdie

492 2444 652 2499 simul
696 2444 1170 2515 comprehendat?
1212 2443 1352 2499 MAG.
1386 2441 1671 2513 Scriptura
1725 2459 1854 2514 ergo
1899 2441 2081 2497 divina

495 2536 595 2591 hoc
620 2536 897 2602 ostendit,
926 2536 1020 2592 ubi
1059 2535 1255 2606 legitur
1285 2554 1297 2589 :
1332 2535 1401 2589 Et
1430 2535 1627 2603 factum
1664 2545 1740 2590 est
1790 2553 1994 2606 vespere
2033 2545 2083 2591 et

494 2643 647 2681 mane
692 2627 803 2681 dies
837 2643 1014 2694 unus,
1067 2626 1123 2680 in
1166 2642 1392 2697 vespere
1437 2636 1656 2682 noctem
1710 2635 1764 2682 et
1812 2628 1866 2682 in
1923 2643 2082 2684 mane

497 2717 631 2774 lucis
679 2727 889 2790 tempus
915 2722 1199 2776 denotans.
1241 2721 1388 2776 DlSC.
1417 2720 1556 2788 Quia
1601 2721 1902 2776 naturalem
1937 2721 2082 2777 diem

493 2815 812 2881 ostendisti,
872 2815 1148 2888 vulgarem
1203 2831 1417 2886 quoque
1475 2831 1610 2886 rogo
1666 2825 1726 2870 ut
1783 2818 2078 2886 exprimas.

492 2904 631 2960 MAG.
675 2905 926 2978 Vulgaris
970 2907 1083 2964 sive
1128 2908 1432 2964 artilicialis
1487 2908 1602 2964 dies
1651 2908 1720 2963 ab
1769 2917 1892 2964 ortu
1954 2909 2084 2964 solis

490 3013 661 3066 usque
690 2999 758 3053 ad
788 3013 1042 3054 occasum
1075 3015 1235 3055 omne
1264 3008 1477 3071 tempus
1514 3000 1648 3056 lueis
1684 3015 1848 3071 super
1878 3009 2081 3055 terram

491 3075 876 3156 complectens.
903 3087 1056 3143 Sicut
1086 3104 1116 3144 e
1141 3091 1414 3145 contrario
1443 3105 1550 3144 nox
1572 3098 1656 3146 est
1675 3090 1915 3146 absentia
1945 3089 2080 3146 lucis

2182 1892 2479 1948 ferentibus
2505 1893 2705 1948 victum
2731 1894 3050 1964 quaeritandi
3077 1895 3300 1949 daretur
3337 1895 3582 1950 iccasio.

2759 2004 2986 2062 CAPUT
3024 2006 3188 2062 XXII.

2688 2077 2783 2131 'De
2805 2077 3041 2148 partibus
3070 2079 3253 2133 noctis.

2253 2170 2398 2226 DISC.
2431 2169 2617 2226 Noctis
2642 2179 2830 2242 partes
2850 2179 2984 2241 quot
3005 2172 3164 2226 sunt?
3183 2169 3326 2228 MAG.
3355 2170 3611 2241 Septem.
3637 2171 3774 2228 Drsc.

2182 2262 2347 2332 Quae?
2399 2263 2538 2320 MAG.
2587 2261 2998 2334 Crepusculum,
3050 2279 3357 2336 vesperum,
3399 2265 3777 2330 conticinium,

2182 2356 2583 2426 intempestum,
2633 2356 2983 2428 gallicinium,
3043 2357 3390 2423 matutinum,
3458 2357 3774 2414 diluculum.

2183 2448 2328 2504 DISC.
2359 2449 2561 2504 Horum
2592 2450 2952 2520 preprietates
2978 2464 3075 2519 per
3123 2449 3366 2519 singulas
3395 2450 3620 2520 species
3643 2452 3772 2506 edit.

2183 2540 2324 2597 MAG.
2379 2541 2766 2610 Crepusculum
2797 2549 2882 2596 est
2930 2541 3090 2596 dubia
3141 2542 3252 2596 lux.
3297 2541 3438 2597 Nam
3493 2559 3772 2614 creperum

2184 2632 2685 2699 dubiumdicimus,
2733 2633 2836 2689 hoc
2878 2641 2979 2697 est,
3029 2634 3169 2688 inter
3194 2633 3370 2689 lucem
3399 2642 3462 2689 et
3501 2637 3770 2690 tenebras.

2183 2727 2480 2797 Vesperum
2512 2727 2580 2780 ab
2607 2733 2902 2798 apparente
2925 2725 3076 2781 stella
3106 2725 3346 2796 ejusdem
3386 2727 3637 2783 nominis
3657 2728 3774 2784 dici-

2184 2825 2292 2883 tur,
2325 2817 2390 2873 de
2412 2833 2518 2887 qua
2544 2825 2704 2888 poeta
2731 2817 2807 2872 ait
2839 2831 2854 2871 :

2367 2908 2497 2958 Ante
2517 2908 2650 2958 diem
2673 2908 2837 2960 clauso
2859 2917 3118 2973 componet
3133 2909 3325 2974 Vesper
3357 2909 3593 2976 Olympo.

2183 2989 2544 3048 Conticinium
2570 3034 2584 3060 ,
2646 2993 2862 3062 quando
2911 2994 3093 3049 omnia
3141 2996 3537 3061 conticescunt,
3577 2996 3636 3051 id
3681 3009 3770 3061 est,

2185 3083 2364 3139 silent.
2397 3083 2810 3155 lntempestum,
2855 3085 3033 3140 media
3062 3101 3190 3150 nox,
3226 3087 3282 3141 id
3335 3097 3438 3154 est,
3488 3089 3651 3159 quasi
3698 3089 3772 3142 in-

488 3193 654 3248 super
687 3186 913 3235 terram.
946 3179 1117 3238 Omne
1157 3182 1355 3254 quippe
1380 3191 1593 3253 tempus
1619 3198 1726 3254 quo
1755 3181 1835 3239 sol
1870 3182 1938 3238 ab
1979 3198 2075 3240 oc—
2105 3173 2150 3237 C
2182 3185 2484 3243 actuosum,
2513 3179 2731 3248 quando
2754 3178 3006 3235 omnibus
3034 3193 3226 3250 sopore
3249 3179 3473 3248 quietis,
3501 3180 3640 3235 nihil
3659 3195 3773 3251 ope-

489 3284 620 3325 easu
648 3269 716 3326 ad
741 3280 925 3328 ortum
954 3273 1095 3329 redit
1115 3290 1222 3330 nox
1245 3275 1461 3330 dicitur.

1093 3385 1322 3442 CAPUT
1359 3385 1479 3440 XX.

1037 3455 1117 3510 De
1150 3457 1386 3528 partibus
1415 3457 1537 3512 diei.

560 3551 704 3608 Disc.
746 3552 890 3620 Quas
931 3555 1326 3611 subdivisiones
1367 3555 1482 3610 dies
1525 3554 1763 3626 vulgaris
1804 3556 1918 3610 sive
1948 3556 2080 3609 arti-

490 3641 679 3697 ﬁcialis
707 3643 901 3700 habet?
927 3645 1068 3703 MAG.
1117 3645 1272 3703 Tres.
1315 3647 1463 3702 DISC.
1506 3646 1695 3715 Quas?
1723 3647 1863 3703 MAG.
1897 3647 2074 3714 Mane,

489 3736 791 3802 meridiem,
817 3746 873 3793 et
905 3754 1237 3809 supremum.
1265 3738 1411 3795 DISC.
1443 3739 1597 3794 Mane
1627 3739 1758 3809 quid
1780 3741 1908 3796 est?
1931 3739 2074 3797 MAG.

486 3826 643 3881 Mane
671 3835 755 3882 est
783 3843 910 3898 pars
957 3828 1063 3886 diei
1113 3830 1322 3901 prima,
1378 3832 1446 3887 ab
1496 3839 1620 3887 ortu
1665 3831 1915 3888 videlicet
1947 3833 2079 3889 solis

486 3933 657 3988 usque
687 3920 754 3974 ad
783 3920 973 3975 horam
1000 3930 1276 3991 quartam.
1306 3921 1452 3978 Disc.
1476 3921 1630 3979 Unde
1659 3922 1859 3979 dicitur
1885 3926 2078 3979 mane?

487 4006 626 4063 MAG.
668 4007 844 4077 Mane,
888 4020 948 4064 ut
986 4011 1151 4082 aliqui
1202 4011 1421 4080 volunt,
1456 4029 1486 4068 a
1520 4028 1681 4068 mano
1705 4013 1925 4069 dicitur.
1959 4015 2077 4070 Ma-

487 4113 615 4150 num
650 4099 795 4152 enim
825 4099 1033 4168 antiqui
1083 4101 1286 4156 bonum
1314 4102 1566 4158 dicebant
1591 4121 1603 4156 :
1632 4103 1761 4173 quid
1793 4104 1939 4158 enim
1969 4121 2078 4161 me-

489 4185 593 4241 lius
621 4196 706 4242 est
731 4187 892 4243 luce?
917 4189 1042 4244 Sive
1074 4207 1202 4262 ergo
1228 4208 1387 4248 mane
1418 4193 1617 4249 dicitur
1643 4211 1673 4248 a
1702 4196 1951 4252 manibus
1975 4238 1991 4265 ,
2024 4198 2078 4254 id

424 4278 427 4280 ’
489 4280 595 4338 est,
646 4274 748 4329 diis
781 4275 1154 4345 infernorum;
1209 4281 1436 4351 gentiles
1491 4283 1637 4337 enim
1687 4285 2075 4356 aestimabant,

489 4365 707 4433 quando
756 4365 836 4421 sol
882 4369 1125 4436 recedit,
1156 4373 1303 4441 quod
1335 4372 1409 4426 dii
1447 4372 1785 4429 infernorum
1817 4375 1968 4432 illum
2008 4381 2077 4434 ad

489 4471 548 4512 se
581 4457 892 4515 traxissent.
928 4461 1074 4517 Dtsc.
1123 4463 1373 4521 Meridies
1413 4467 1543 4536 quid
1581 4469 1706 4522 est?
1751 4468 1890 4524 MAG.
1944 4471 2076 4528 Pars

2181 3267 2336 3323 randi
2373 3279 2588 3339 tempus
2615 3279 2718 3325 est.
2743 3269 3107 3335 Gallicinium,
3153 3271 3372 3341 quando
3401 3271 3532 3344 galli
3563 3283 3772 3328 cantum

2179 3359 2378 3416 levant.
2409 3361 2752 3428 Matutinum,
2783 3363 2928 3418 inter
2971 3362 3285 3420 abscessum
3339 3367 3698 3423 tenebrarum
3725 3379 3769 3422 et

2179 3466 2389 3507 aurorae
2437 3454 2746 3508 adventum.
2784 3453 3106 3519 Diluculum,
3152 3456 3308 3524 quasi
3353 3454 3470 3525 jam
3515 3457 3770 3528 incipiens

2177 3559 2346 3614 parva
2389 3545 2495 3602 diei
2530 3546 2641 3601 lux.
2672 3546 2798 3602 Haec
2826 3555 2883 3602 et
2910 3562 3107 3603 aurora
3137 3549 3447 3619 pertingent
3487 3567 3668 3622 usque
3712 3554 3768 3607 ad

2180 3638 2311 3694 solis
2334 3648 2603 3696 exortum.
2653 3640 2798 3696 DISC.
2831 3640 3033 3696 Harum
3070 3656 3200 3712 ergo
3225 3643 3465 3713 partium
3519 3646 3768 3700 naturalis

2180 3730 2286 3785 diei
2315 3747 2436 3801 quae
2465 3732 2722 3801 praecedit
2744 3733 2797 3786 in
2830 3740 3090 3802 tempore,
3134 3741 3317 3788 utrum
3354 3749 3464 3789 nox
3497 3749 3598 3790 seu
3624 3736 3770 3791 dies?

2180 3822 2320 3881 MAG.
2348 3825 2472 3879 Dies
2515 3825 2633 3881 sine
2659 3825 2822 3880 dubio
2848 3825 2916 3879 ab
2957 3825 3113 3882 initio
3143 3826 3330 3881 mundi
3371 3841 3554 3897 usque
3587 3829 3656 3884 ad
3696 3845 3769 3884 re-

2180 3917 2572 3973 surrectionem
2597 3917 2823 3984 Christi,
2854 3934 2886 3973 a
2923 3920 3324 3975 resurrectione
3365 3930 3555 3977 autem
3581 3922 3769 3978 Christi

2180 4024 2350 4080 usque
2398 4010 2466 4064 ad
2496 4009 2639 4064 diem
2680 4007 2870 4079 judicii
2923 4027 3032 4066 non
3077 4012 3358 4083 praecedit.
3405 4013 3550 4082 Quia
3599 4015 3768 4071 divina

2179 4103 2492 4170 auctoritas,
2522 4119 2641 4173 qua:
2666 4104 2873 4159 homini
2915 4119 3109 4162 casuro
3147 4121 3178 4160 a
3202 4107 3446 4176 paradisi
3487 4108 3697 4164 lumine
3721 4111 3768 4164 in

2178 4195 2318 4251 hanc
2368 4197 2668 4252 convallem
2721 4197 3082 4270 lacrymarum
3113 4199 3166 4254 in
3189 4200 3388 4256 Genesi
3417 4203 3536 4258 dies
3557 4219 3588 4258 a
3621 4219 3769 4258 mane

2179 4303 2301 4344 cum
2338 4288 2582 4359 sequenti
2602 4304 2826 4359 vespere
2850 4304 3023 4360 usque
3052 4291 3118 4346 ad
3147 4306 3308 4347 mane
3358 4291 3594 4347 altemm
3621 4309 3766 4349 com-

2177 4379 2444 4450 putandos
2487 4394 2607 4434 esse
2635 4378 2900 4446 decrevit,
2947 4383 3136 4438 eadem
3177 4383 3234 4437 in
3263 4383 3564 4454 Evangelia
3591 4402 3622 4440 a

2179 4477 2424 4524 catorum
2465 4469 2699 4524 tenebris
2735 4470 2803 4525 ad
2831 4486 3015 4527 veram
3063 4474 3239 4530 lucem
3283 4479 3667 4534 recedentibus
3695 4492 3765 4534 to-

488 4549 664 4604 media
703 4549 810 4605 diei
859 4552 926 4607 ab
962 4552 1097 4608 hora
1136 4555 1325 4624 quinta
1362 4571 1534 4626 usque
1580 4558 1648 4612 ad
1683 4559 1873 4614 horam
1920 4569 2073 4616 octa-
2101 4536 2153 4596 D
2180 4561 2289 4616 tius
2319 4561 2423 4616 diei
2456 4571 2666 4633 tempus
2693 4579 2724 4617 a
2767 4579 2994 4636 vespera
3023 4567 3269 4624 inchoari
3309 4580 3365 4625 et
3405 4573 3486 4628 sic
3532 4589 3655 4629 cum
3683 4590 3761 4630 se-

487 4659 629 4699 vam.
668 4645 814 4702 Disc.
844 4646 1000 4704 Unde
1022 4651 1275 4706 meridies
1304 4668 1499 4709 nomen
1530 4655 1736 4710 traxit?
1772 4657 1910 4714 MAG.
1967 4657 2078 4714 Me-

489 4736 654 4792 ridies
685 4737 880 4793 dicitur
905 4740 1060 4810 quasi
1101 4742 1308 4798 medius
1341 4743 1474 4800 dies.
1537 4743 1663 4801 Sive
1703 4748 1958 4804 meridies
1993 4747 2074 4803 di-

488 4829 628 4883 citur
669 4830 822 4898 quasi
850 4847 1020 4900 purus
1048 4833 1182 4889 dies.
1214 4835 1272 4890 ln
1301 4843 1417 4892 toto
1444 4838 1588 4892 enim
1610 4838 1697 4894 die
1720 4840 1851 4895 nihil
1880 4841 2070 4912 purius

487 4930 574 4976 est
605 4923 848 4978 meridie.
889 4924 1110 4995 Antiqui
1137 4927 1282 4982 enim
1328 4944 1535 4984 merum
1575 4946 1771 5000 purum
1795 4932 2065 4989 dicebant.

488 5013 634 5068 Disc.
682 5012 821 5080 Quid
850 5024 935 5071 est
963 5019 1312 5088 supremum?
1339 5019 1478 5075 MAG.
1507 5019 1644 5076 Pars
1669 5021 1776 5076 diei
1801 5032 2065 5091 extrema,

491 5101 558 5156 ab
594 5102 727 5158 hora
755 5103 962 5161 scilicet
1007 5123 1148 5162 nona
1178 5124 1350 5180 usque
1388 5111 1457 5166 ad
1501 5126 1755 5168 occasum
1790 5115 1915 5170 solis
1948 5132 2071 5186 per-

490 5193 720 5266 tingens.
773 5197 920 5254 Dtsc.
984 5200 1306 5272 Supremum
1359 5220 1527 5274 quare
1572 5206 1805 5261 dicitur?
1841 5208 1979 5265 MAG.
2027 5212 2072 5267 A

492 5287 891 5354 supprimendo.
927 5291 1076 5346 Tunc
1105 5294 1248 5348 enim
1285 5293 1388 5360 sol,
1429 5296 1585 5364 quasi
1614 5313 1831 5353 cursum
1856 5303 2069 5372 suppri-

493 5390 646 5430 mens
673 5417 688 5442 ,
732 5378 1022 5437 inclinatur
1050 5385 1116 5439 ad
1145 5400 1419 5441 occasum.
1449 5385 1593 5441 DISC.
1628 5386 1753 5443 Hmc
1791 5406 1919 5461 ergo
1971 5394 2069 5448 tria

492 5467 666 5535 spatia
719 5471 1016 5528 artiﬁcialis
1064 5476 1169 5531 diei
1215 5477 1509 5532 secundum
1548 5479 1676 5548 quid
1705 5481 2072 5542 ordinantur?

496 5557 634 5615 MAG.
669 5559 976 5619 Secundum
1006 5583 1221 5622 cursum
1247 5570 1432 5639 utique
1460 5568 1607 5624 solis.
1641 5571 1777 5638 Quia
1801 5589 1961 5630 mane
1987 5587 2070 5631 est

492 5651 563 5706 ab
595 5660 717 5706 ortu
746 5653 874 5710 solis
903 5674 1071 5730 usque
1103 5661 1229 5715 dum
1262 5661 1342 5717 sol
1371 5662 1627 5717 ascendat
1655 5664 1707 5716 in
1731 5665 2067 5724 altitudinem

492 5743 616 5801 οωιί
649 5786 664 5812 ,
710 5747 965 5806 meridies
1015 5762 1191 5808 autem
1220 5755 1332 5809 sole
1365 5770 1462 5826 per
1494 5756 1728 5813 medium
1774 5758 1966 5814 coelum
2013 5762 2067 5818 in

2177 4653 2360 4724 quenti
2390 4653 2476 4709 die
2495 4659 2858 4712 consummari
2887 4661 3067 4715 sanxit
3089 4661 3144 4717 in
3174 4679 3478 4735 vesperam.

2743 4767 2972 4827 CAPUT
3002 4774 3189 4830 XXlll.

2173 4861 2277 4917 Ubi
2301 4862 2410 4918 dies
2453 4864 2670 4920 incioiat
2697 4885 2789 4923 seu
2826 4871 3074 5013 ﬁi’ii7tur.
3096 4875 3166 4930 Et
3197 4879 3282 4932 ubi
3309 4881 3515 4938 erimus
3541 4884 3652 4941 dies
3670 4904 3762 4941 str-

2804 4957 2908 4996 cut
2963 4957 3113 5004 nent.

2804 4957 2908 4996 cuti
2937 4957 3113 5004 luerit.

2246 5028 2390 5085 Drsc.
2420 5029 2523 5086 Ubi
2552 5031 2666 5088 dies
2687 5036 2946 5093 naturalis
2967 5040 3071 5096 rite
3111 5042 3324 5100 initium
3358 5047 3634 5122 ﬁnemque
3660 5068 3761 5108 sor-

2176 5119 2344 5175 titur?
2371 5120 2511 5178 MAG.
2540 5123 2763 5182 Diverse
2791 5131 3084 5187 secundum
3111 5137 3385 5193 variarum
3406 5119 3656 5210 gentium
3700 5144 3758 5198 li-

2177 5213 2350 5268 bitum
2401 5214 2517 5269 dies
2565 5217 2828 5273 naturalis
2871 5220 3107 5292 incipere
3151 5219 3369 5282 dicitur:
3417 5229 3568 5287 Dtsc.
3625 5234 3758 5301 Quo-

2179 5303 2372 5358 modo?
2418 5304 2557 5361 MAG.
2592 5306 2728 5363 Nam
2758 5309 2991 5378 Hebraei,
3040 5314 3273 5372 Chaldaei
3318 5329 3375 5375 et
3420 5320 3628 5391 Persae,
3678 5341 3756 5381 se-

2177 5403 2406 5462 quentes
2435 5395 2590 5465 juxta
2621 5399 2811 5468 prima:
2843 5404 3167 5462 conditionis
3216 5409 3464 5467 ordinem
3499 5415 3611 5470 diei
3639 5432 3754 5470 cur-

2177 5502 2317 5553 sum,
2346 5503 2376 5542 a
2404 5504 2565 5546 mane
2597 5491 2936 5562 inchoantes,
2990 5498 3057 5552 ad
3093 5516 3253 5557 mane
3304 5503 3603 5573 deducunt,
3639 5525 3753 5563 nm-

2173 5579 2396 5634 brarum
2415 5581 2663 5638 videlicet
2692 5592 2900 5655 tempus
2929 5587 3031 5644 luci
3063 5605 3444 5663 supponentes.
3477 5599 3550 5653 At
3568 5610 3750 5656 contra

2175 5668 2412 5742 Egyptii
2441 5673 2509 5728 ab
2531 5688 2724 5729 occasu
2752 5679 2818 5731 ad
2839 5693 3112 5736 occasum.
3139 5682 3307 5741 Porro
3334 5687 3561 5745 Romani
3587 5705 3619 5744 a
3641 5705 3746 5746 me-

2175 5763 2262 5821 dio
2287 5767 2461 5821 noctis
2485 5767 2536 5822 in
2563 5769 2798 5826 medium
2826 5770 3047 5826 umbrzc.
3073 5773 3137 5830 Et
3156 5774 3516 5839 Athenienses
3537 5799 3566 5837 a
3592 5782 3750 5838 meri;
