3946 6458
285 364 383 422 681

1553 371 1752 428 LIBER
1793 369 1877 427 DE
1914 374 2259 435 COMPUTO.

3425 397 3534 455 682

276 485 366 540 die
414 482 466 538 in
497 481 778 539 meridiem
829 483 946 540 dies
998 499 1124 540 suos
1173 495 1484 556 computare
1528 488 1850 543 maluerunt.
1883 494 1931 552 Α
1959 475 2130 547 dicas.
2179 493 2318 551 MAG.
2362 496 2524 569 Ergo,
2570 501 2623 554 ni
2653 501 2824 567 fallor,
2855 513 3061 561 eunet'e
3107 507 3190 562 hac
3235 510 3443 580 species
3469 515 3539 570 ad

276 577 425 632 Dtsc.
459 575 576 642 Quo
605 592 734 631 sane
763 577 818 632 in
845 576 961 632 loco
993 579 1198 648 primus
1226 579 1338 634 dies
1386 579 1564 634 smruli
1610 581 1856 634 exstitit?

276 669 417 724 MAG.
451 668 647 736 Quinta
693 669 900 724 decima
941 669 1297 726 Kalendarum
1323 671 1606 750 aprilium,
1635 688 1742 742 quo
1786 671 1862 726 vi-

276 761 472 814 delicet
519 761 604 815 die
652 760 826 816 lucem
871 759 1152 816 formatam
1197 763 1446 834 primitus
1481 763 1772 828 credimus,
1803 772 1860 818 et

273 853 354 908 sic
400 861 510 909 tres
553 853 673 908 illos
702 853 819 908 dies
845 854 1049 923 primos
1102 855 1304 926 absque
1348 856 1468 912 ullis
1492 856 1748 912 horarum
1778 857 1859 911 di-

274 943 664 1008 mensionibus,
712 952 771 998 ut
798 953 921 1014 pote
967 946 1201 1000 nondum
1238 946 1394 1002 factis
1449 947 1734 1013 sideribus,
1766 963 1860 1002 cu-

273 1037 532 1092 currisse.
557 1035 764 1104 Quarto
807 1037 1020 1092 demum
1066 1055 1246 1104 mane,
1280 1041 1381 1094 hoc
1409 1050 1512 1105 est,
1542 1041 1856 1096 duodecima

274 1126 394 1181 Kal.
426 1127 650 1198 Aprilis,
677 1127 756 1184 sol
793 1138 848 1183 et
877 1129 1051 1184 sidera
1080 1133 1296 1186 condita
1324 1139 1468 1198 sunt,
1496 1140 1555 1187 ut
1595 1140 1778 1188 essent
1801 1131 1856 1188 in

273 1218 427 1290 signa
460 1226 513 1274 et
537 1227 780 1290 tempora
815 1228 869 1276 et
899 1221 1014 1276 dies
1034 1230 1090 1277 et
1111 1239 1300 1278 annos.

845 1333 1070 1389 CAPUT
1102 1334 1292 1390 XXIV.

841 1403 920 1458 De
945 1405 1292 1461 hebdomada.

341 1490 488 1547 Dtsc.
518 1492 862 1550 Hebdomada
902 1496 1032 1566 quid
1058 1497 1171 1551 est?
1213 1497 1354 1552 MAG.
1387 1496 1606 1568 Septem
1647 1499 1854 1554 dierum

267 1598 480 1639 cursus.
533 1583 678 1641 Dtsc.
735 1585 888 1642 Unde
940 1589 1138 1643 dicitur
1193 1590 1564 1646 hebdomada?
1616 1593 1755 1649 MAG.
1808 1593 1854 1648 Δ

269 1677 579 1746 septenario
601 1679 784 1749 utique
805 1695 1032 1737 numero
1049 1683 1382 1740 hebdomada
1408 1697 1602 1740 nomen
1624 1685 1850 1757 accepit.

266 1763 404 1820 Nam
436 1767 769 1825 hebdomada
799 1769 1008 1836 Graece,
1058 1772 1356 1842 septimana
1404 1772 1601 1829 dicitur
1642 1774 1852 1841 Latine,

1962 597 2126 636 unum
2159 585 2316 640 finem
2348 598 2609 658 Spectant,
2643 608 2741 647 nos
2761 595 2976 665 quidem
3018 601 3388 668 admonentes,
3416 611 3542 674 post
3565 625 3581 640 ·

1959 689 2182 744 operum
2229 678 2488 734 bonorum
2532 683 2939 753 perfectionem,
2989 688 3045 744 in
3098 689 3332 762 Spiritus
3364 695 3540 753 sancti

1959 767 2129 835 gratia
2149 781 2460 839 perpetuam
2483 790 2703 844 sperare
2725 778 2979 845 quietem.

2531 862 2758 921 CAPUT
2793 866 2982 924 XXVI.

2351 951 2426 1006 De
2458 955 2880 1013 denominatione
2914 960 3139 1017 dierum.

2029 1040 2174 1098 Dtsc.
2205 1041 2334 1109 Qua:
2365 1051 2544 1098 autem
2593 1045 2664 1100 sit
2707 1056 2855 1102 recta
2881 1058 2935 1105 et
2985 1051 3292 1110 authentiea
3326 1055 3534 1112 dierum

1958 1131 2309 1186 hebdomada:
2356 1136 2684 1204 nuncupatio
2731 1138 2932 1207 profer.
2995 1140 3135 1198 MAG.
3191 1144 3538 1203 I'lebdomada

1958 1237 2086 1294 ergo
2109 1224 2408 1297 antiquitus
2433 1227 2512 1281 sic
2536 1231 2948 1296 computabatur
2975 1232 3027 1286 in
3057 1235 3252 1304 populo
3281 1237 3397 1291 Dei.
3421 1237 3539 1292 Pri-

1957 1328 2044 1367 ma
2089 1314 2317 1380 sabbati,
2349 1315 2434 1370 vel
2461 1332 2566 1370 una
2612 1318 2841 1385 sabbati,
2893 1321 3005 1377 sive
3048 1325 3418 1392 sabbatorum,
3449 1345 3538 1383 se-

1957 1405 2132 1460 cunda
2159 1407 2390 1470 sabbati,
2420 1409 2576 1463 tertia
2613 1411 2846 1476 sabbati,
2875 1427 3066 1482 quarta
3097 1416 3328 1483 sabbati,
3351 1421 3539 1488 quinta

1958 1496 2188 1562 sabbati,
2206 1507 2358 1552 sexta
2379 1500 2610 1566 sabbati,
2631 1503 2853 1572 septima
2871 1505 3104 1571 sabbati,
3128 1507 3210 1562 vel
3231 1509 3536 1565 sabbatum.

1957 1589 2075 1645 Non
2125 1593 2268 1660 quod
2292 1607 2497 1648 romnes
2548 1595 2915 1663 sabbatorum,
2949 1598 3053 1653 hoc
3103 1608 3206 1665 est,
3250 1601 3540 1670 requietio-

1956 1699 2086 1738 num
2114 1684 2230 1739 dies
2274 1700 2393 1740 esse
2415 1688 2720 1756 potuerint;
2761 1695 2854 1744 sed
2899 1690 3043 1760 quod
3081 1707 3112 1745 a
3143 1692 3538 1761 requietionum

1959 1775 2066 1841 die,
2089 1791 2208 1846 qua:
2235 1793 2333 1832 suo
2365 1779 2508 1833 cultu
2555 1788 2610 1834 et
2645 1781 2861 1837 nomine
2889 1782 3178 1854 singularis
3218 1784 3537 1850 excellebat,

266 1874 335 1915 eo
364 1859 504 1929 quod
545 1869 748 1931 septem
792 1877 1003 1930 manes,
1048 1863 1102 1919 id
1147 1875 1251 1931 est,
1279 1865 1394 1921 dies
1441 1877 1665 1938 septem,
1689 1869 1745 1923 in
1791 1884 1850 1924 se
1877 1855 1924 1916 Β
1952 1866 2125 1936 prima
2152 1867 2238 1922 vel
2271 1870 2505 1924 secunda
2533 1869 2617 1926 vel
2645 1873 2804 1926 tertia
2833 1873 2920 1928 vel
2949 1885 3158 1929 caeteras
3192 1890 3289 1930 suo
3313 1890 3538 1946 qumque

267 1949 665 2021 complectitur.

840 2042 1069 2102 CAPUT
1107 2044 1275 2102 XXV.

629 2135 708 2190 De
736 2135 1003 2207 speciebus
1031 2136 1497 2194 hebdomadarum.

338 2222 485 2279 Dtsc.
523 2224 866 2282 Hebdomada
893 2228 1176 2298 speciebus
1202 2227 1485 2285 uniformis
1512 2245 1582 2286 an
1613 2229 1854 2302 polyfor-

262 2313 370 2370 mis
415 2317 533 2370 est?
577 2316 716 2374 MAG.
766 2317 1089 2390 Polyformis
1139 2321 1344 2391 utique,
1383 2322 1507 2391 quia
1560 2321 1854 2394 Scriptum

263 2415 469 2462 saneta:
487 2408 809 2465 auctoritate
833 2410 1019 2465 multis
1039 2410 1320 2482 speciebus
1340 2420 1424 2467 est
1440 2413 1684 2484 insignis.
1703 2413 1848 2470 DISC.

263 2495 578 2564 Quomodo?
603 2499 744 2556 MAG.
775 2499 959 2555 Prima
1017 2516 1144 2573 ergo
1173 2518 1237 2558 ac
1287 2502 1575 2574 singularis
1603 2504 1691 2559 illa
1723 2505 1854 2560 heb-

263 2591 517 2658 domada,
540 2599 596 2647 et
625 2608 658 2647 a
687 2608 791 2662 qua
818 2602 1028 2649 caetera:
1071 2593 1300 2670 formam
1331 2603 1641 2664 capessunt,
1673 2596 1852 2651 divina

263 2693 350 2741 est
376 2686 700 2756 operatione
745 2687 992 2743 sublimis
1026 2706 1038 2740 :
1067 2689 1192 2757 quia
1238 2689 1498 2744 Dominus
1525 2703 1619 2743 sex
1668 2689 1853 2744 diebus

261 2779 451 2834 mundi
476 2790 727 2835 ornatum
747 2781 1043 2851 complens,
1068 2781 1293 2851 septima
1333 2781 1597 2852 requievit
1639 2781 1706 2835 ab
1726 2795 1854 2852 ope-

260 2868 415 2924 ribus
442 2870 575 2926 suis.
605 2869 688 2926 Ad
713 2871 874 2941 hujus
896 2872 1204 2943 exemplum
1251 2871 1446 2927 divinae
1478 2872 1851 2938 hebdomadis,

262 2961 500 3016 secunda
551 2962 862 3018 hominibus
908 2964 1244 3020 observanda
1287 2965 1594 3030 mandatur,
1643 2965 1854 3021 dicente

260 3051 494 3107 Domino
527 3071 541 3106 :
572 3051 678 3108 Sea:
697 3053 879 3109 diebus
906 3054 1204 3125 operaberis
1231 3063 1279 3110 et
1309 3054 1470 3124 facies
1497 3055 1671 3109 omnia
1697 3070 1854 3124 opera

260 3153 372 3198 tua.
403 3143 634 3216 Septima
667 3155 840 3201 autem
887 3146 970 3201 die
997 3147 1198 3202 sabbati
1227 3147 1444 3202 Domini
1476 3147 1574 3202 Dei
1622 3149 1700 3201 tui
1746 3163 1852 3202 non

1953 1969 2305 2014 censerentur
2333 1960 2545 2015 ordine.
2578 1961 2723 2017 DISC.
2751 1963 2816 2018 Et
2844 1965 2985 2020 unde
3030 1967 3146 2020 ista:
3185 1968 3538 2038 nuncupatio-

1954 2064 2071 2114 nes,
2103 2065 2327 2118 quarum
2366 2052 2609 2107 moderni
2657 2061 2900 2121 utuntur,
2943 2058 3236 2113 venerunt?
3284 2057 3426 2114 MAG.
3453 2057 3536 2112 Ex

1955 2139 2174 2210 antiqua
2231 2141 2437 2197 scilicet
2492 2145 2830 2200 ethnicorum
2889 2133 3302 2217 superstitione.
3337 2149 3536 2204 Verum

1955 2247 2078 2286 cum
2109 2234 2336 2303 gentiles
2365 2236 2796 2294 observationem
2823 2254 2855 2293 a
2891 2240 3088 2311 populo
3136 2240 3300 2296 lsrael
3329 2242 3536 2297 hebdo-

1955 2323 2128 2377 madis
2155 2325 2477 2393 ediscerent,
2519 2343 2644 2382 mox
2674 2330 2812 2385 hanc
2849 2330 2903 2384 in
2934 2330 3145 2386 laudem
3184 2346 3406 2388 suorum
3446 2331 3538 2387 de-

1955 2410 2153 2468 ﬂexere
2175 2413 2419 2481 deorum,
2451 2417 2680 2485 primam
2708 2418 2958 2474 videlicet
2999 2419 3137 2474 diem
3178 2417 3312 2486 Soli,
3344 2434 3538 2476 secun-

1953 2505 2077 2559 dam
2105 2504 2288 2570 Lunae,
2325 2507 2538 2561 tertiam
2570 2507 2749 2572 Marti,
2783 2518 3031 2578 quartam
3066 2508 3353 2574 Mercurio,
3381 2509 3540 2580 quin-

1957 2602 2066 2648 tam
2085 2594 2220 2659 Jovi,
2249 2604 2453 2651 sextam
2477 2597 2694 2662 Veneri,
2713 2599 2994 2667 septimam
3017 2596 3251 2654 Saturno
3272 2599 3537 2662 dicantes,

1954 2685 2158 2740 eisdem
2187 2687 2372 2756 utique
2399 2688 2655 2743 monstris
2703 2703 2828 2742 suos
2855 2689 2970 2745 dies
2999 2689 3196 2758 quibus
3218 2697 3273 2743 et
3297 2689 3537 2743 errantia

1957 2777 2134 2832 sidera
2155 2787 2558 2834 consecrantes.
2585 2779 2980 2834 Existimabam
3009 2779 3154 2833 enim
3187 2794 3244 2832 se
3272 2778 3472 2833 habere
3506 2793 3536 2833 a

1959 2866 2083 2921 Sole
2111 2867 2378 2938 spiritum,
2411 2885 2440 2922 a
2468 2869 2620 2923 Luna
2665 2884 2880 2938 corpus,
2909 2883 2938 2922 a
2965 2867 3135 2922 Marte
3182 2867 3470 2931 fervorem,
3507 2883 3538 2921 a

1958 2957 2222 3014 Mercurio
2248 2960 2565 3030 sapientiam
2611 2968 2667 3015 et
2694 2961 2936 3025 verbum,
2983 2975 3014 3014 a
3053 2959 3184 3016 Jove
3237 2968 3540 3030 temperau-

1959 3049 2113 3115 tiam,
2155 3066 2185 3105 a
2218 3049 2430 3106 Venere
2478 3050 2827 3121 voluptatem,
2877 3067 2907 3105 a
2937 3050 3170 3106 Saturno
3207 3050 3536 3106 tarditatem.

1959 3140 2028 3195 Et
2050 3141 2118 3196 ob
2141 3141 2242 3196 hoe
2273 3150 2422 3196 tanto
2451 3143 2624 3198 errori
2655 3159 2712 3198 se
2763 3143 3049 3208 dederunt,
3076 3143 3335 3213 eligentes
3363 3143 3540 3214 potius

259 3235 428 3306 facias
456 3254 606 3292 omne
632 3255 784 3310 opus,
809 3248 865 3294 et
894 3239 1120 3310 reliqua.
1157 3239 1340 3295 Tertia
1388 3241 1596 3310 species
1643 3241 1847 3296 hebdo-
1878 3219 1923 3283 δ
1955 3232 2161 3288 Βετνίΐϐ
2188 3242 2453 3290 (παιωνιῐὲ
2484 3248 2646 3303 quam
2673 3233 2938 3289 creatori-

259 3327 435 3383 madis
463 3328 518 3383 in
541 3329 906 3386 celebratione
933 3330 1282 3386 Pentecostes
1313 3332 1512 3403 agitur,
1541 3340 1749 3403 septem
1770 3332 1854 3386 vi-

259 3417 456 3475 delicet
478 3420 793 3490 septimanis
820 3421 1029 3477 dierum
1057 3431 1112 3476 et
1150 3423 1402 3487 monade,
1434 3423 1537 3477 hoc
1565 3431 1667 3486 est,
1691 3421 1852 3492 quin-

259 3511 520 3583 quaginta
543 3512 730 3568 diebus
757 3513 996 3583 impleta.
1028 3513 1144 3581 Qua
1169 3513 1256 3569 die
1282 3522 1336 3568 et
1356 3513 1567 3584 Moyses
1594 3514 1648 3568 in
1671 3520 1852 3569 monte

261 3602 435 3672 legem
459 3619 490 3657 a
518 3604 745 3659 Domino
768 3605 994 3674 accepit,
1021 3613 1076 3658 et
1097 3603 1347 3658 Christus
1372 3605 1425 3658 in
1452 3603 1648 3675 linguis
1683 3604 1853 3673 igneis

261 3693 498 3765 Spiritus
536 3693 710 3748 sancti
762 3695 994 3766 gratiam
1040 3694 1107 3748 de
1131 3693 1268 3750 etelo
1299 3694 1468 3749 misit.
1500 3693 1702 3762 Quarta
1731 3709 1853 3764 sep-

263 3784 385 3837 timi
451 3784 654 3839 mensis
707 3794 826 3841 erat
874 3785 1228 3852 hebdomada,
1269 3786 1362 3855 qui
1420 3785 1852 3842 solemnitatibus

257 3875 541 3948 praeclaris
590 3891 728 3945 pene
773 3885 920 3931 totus
949 3877 1367 3947 expendebatur,
1394 3877 1610 3947 quando
1643 3885 1700 3931 et
1738 3876 1853 3932 dies

258 3967 662 4038 propitiationis
709 3977 766 4024 et
808 3968 1072 4023 festivitas
1122 3968 1618 4024 Tabernaculorum
1664 3983 1852 4024 secun-

260 4058 388 4112 dum
421 4057 596 4128 legem
645 4059 1077 4115 celebrabantur.
1130 4058 1326 4127 Quinta
1384 4060 1720 4115 hebdomada
1768 4066 1851 4115 est

259 4151 480 4220 septimi
509 4151 656 4216 anni,
681 4166 787 4222 quo
815 4159 928 4207 toto
953 4150 1182 4222 populus
1217 4153 1286 4207 ab
1308 4151 1642 4223 agriculandi
1687 4166 1852 4222 opere

259 4241 396 4313 legis
445 4243 672 4314 imperio
698 4242 945 4309 vacabat,
1003 4243 1216 4300 dicente
1243 4244 1514 4300 Domino:
1549 4242 1656 4300 Sea:
1695 4244 1849 4298 annis

258 4351 398 4390 seres
426 4351 613 4406 agrum
641 4345 808 4401 tuum,
836 4337 1052 4406 septimo
1082 4336 1326 4392 cessabis.
1379 4337 1544 4393 Sexta
1587 4338 1714 4393 anni
1756 4337 1850 4394 Ju-

257 4427 420 4491 bilaai,
486 4428 590 4482 hoc
644 4434 728 4482 est
771 4427 1143 4498 remissionis,
1193 4429 1532 4485 hebdomada
1579 4437 1682 4495 est,
1730 4429 1850 4500 qua;

259 4529 472 4591 septem
493 4521 918 4576 hebdomadibus
941 4536 1224 4586 annorum,
1246 4521 1350 4576 hoc
1369 4529 1471 4588 est,
1494 4522 1852 4591 quadraginta

259 4627 462 4668 novem
510 4613 688 4678 annis,
739 4613 958 4667 texitur.
1011 4611 1129 4680 Qua
1159 4611 1390 4683 expleta,
1421 4612 1525 4668 hoc
1560 4621 1666 4680 est,
1696 4612 1853 4682 quin-

256 4703 576 4774 quagesimo
604 4703 820 4758 demum
851 4718 993 4758 anno
1028 4703 1342 4774 incipiente,
1368 4703 1508 4758 tubae
1539 4703 1737 4760 clarius
1759 4719 1849 4759 re-

257 4797 552 4862 sonabant,
576 4805 631 4851 et
673 4798 739 4852 ad
759 4811 951 4852 omnes
973 4795 1129 4866 juxta
1161 4795 1332 4868 legem
1372 4797 1643 4867 possessio
1670 4812 1852 4853 rever-

258 4888 480 4942 tebatur
534 4889 774 4958 antiqua.
826 4887 1068 4959 Septima
1116 4888 1326 4959 species
1371 4887 1719 4944 hebdomadis
1767 4897 1854 4944 est

259 4996 368 5050 qua
409 4982 671 5052 propheta
703 4981 890 5037 Daniel
918 4982 1111 5047 utitur,
1141 4996 1293 5037 more
1336 4981 1552 5051 quidem
1581 4979 1715 5052 legis
1765 4994 1852 5036 se-

257 5072 440 5142 ptenis
475 5073 630 5127 annis
673 5073 910 5143 singulas
952 5071 1313 5142 complectens
1342 5071 1726 5138 hebdomadas,
1756 5072 1851 5127 sed

259 5177 404 5217 nova
436 5162 648 5217 ratione
679 5163 826 5234 ipsos
845 5178 1016 5218 annos
1045 5161 1388 5227 abhrevians,
1419 5160 1679 5216 duodenis
1697 5161 1849 5215 vide-

257 5253 389 5308 licet
416 5254 691 5308 mensibus
737 5253 874 5308 luna:
911 5252 1151 5324 singulos
1194 5253 1578 5308 determinans.
1613 5250 1850 5308 Emboli-

258 5360 410 5400 smos
430 5360 559 5400 vero
583 5360 812 5410 menses,
845 5345 938 5416 qui
963 5344 1032 5401 de
1057 5345 1216 5400 annis
1251 5345 1502 5401 undecim
1536 5353 1849 5416 epactarum

259 5436 455 5491 diebus
484 5449 798 5491 accrescere
840 5435 1034 5502 solent,
1076 5452 1184 5492 non
1229 5436 1347 5508 lege
1375 5436 1550 5506 patria
1578 5436 1740 5490 tertio
1765 5433 1852 5490 vel

260 5527 437 5584 altero
465 5542 608 5582 anno
637 5525 880 5597 singulos
920 5525 1198 5594 adjiciens,
1227 5528 1323 5583 sed
1365 5529 1456 5583 ubi
1502 5528 1570 5582 ad
1597 5527 1850 5584 duodeci-

261 5634 411 5675 mum
441 5633 727 5674 numerum
755 5618 1091 5689 augescendo
1111 5619 1476 5688 pervenirent,
1507 5635 1605 5690 pro
1641 5619 1849 5689 integro

262 5726 410 5767 anno
437 5711 644 5782 pariter
676 5710 1028 5766 interserens.
1052 5710 1196 5765 Dtsc.
1222 5710 1280 5766 Si
1301 5713 1384 5766 hae
1409 5720 1616 5782 septem
1645 5711 1852 5782 species

264 5803 725 5860 hebdomadarum
752 5803 955 5873 aliquid
980 5804 1269 5875 mysticum
1293 5806 1618 5877 signiﬁcent,
1640 5813 1853 5880 rogo‘ut

659 5899 938 5963 Panos.
972 5896 1162 5959 CVII.

2509 3346 2734 3402 CAPUT
2775 3345 2982 3400 XXVII.

2609 3417 2684 3470 De
2706 3417 2874 3486 feriis.

2025 3510 2171 3564 Dtsc.
2209 3507 2313 3563 Sed
2350 3509 2392 3563 si
2436 3508 2610 3563 errori
2655 3508 2780 3563 huic
2827 3506 3041 3576 aliquod
3084 3505 3540 3561 medicamentum

1952 3599 2045 3667 sit,
2093 3600 2198 3654 die.
2235 3598 2374 3654 MAG.
2406 3598 2689 3654 Inventum
2737 3605 2821 3653 est
2864 3599 3068 3666 utique.
3115 3595 3251 3650 Nam
3281 3595 3541 3651 Silvester

1950 3708 2087 3764 papa
2125 3691 2291 3746 ferias
2313 3691 2516 3746 habere
2551 3691 2760 3746 clerum
2800 3677 3034 3746 edocuit.
3065 3690 3133 3745 Et
3157 3682 3536 3760 primam'qui-

1952 3783 2074 3839 dem
2121 3783 2284 3848 diem,
2330 3798 2435 3853 qua
2467 3791 2523 3838 et
2571 3783 2663 3837 lux
2694 3784 2747 3838 in
2778 3782 3044 3854 principio
3083 3781 3224 3838 facta
3251 3791 3308 3838 et
3336 3782 3539 3839 Christi

1951 3885 2035 3931 est
2063 3876 2461 3932 resurrectione
2508 3875 2808 3941 celebrata,
2837 3891 2987 3930 more
3039 3875 3262 3944 antiquo
3293 3875 3537 3929 Domini-

1952 3982 2070 4022 eam
2107 3968 2452 4038 nuncupavit.
2479 3966 2612 4022 Dein
2639 3955 2931 4022 secundam
2972 3965 3189 4030 feriam,
3216 3965 3432 4020 tertiam
3460 3965 3540 4022 fe-

1951 4060 2106 4124 riam,
2140 4069 2390 4130 quartam
2413 4060 2626 4124 feriatn,
2649 4061 2892 4130 quintam
2918 4059 3106 4116 feriam
3129 4069 3184 4114 et
3206 4067 3440 4122 sextam,
3471 4060 3540 4117 de

1951 4166 2049 4206 suo
2075 4159 2372 4206 annectens
2393 4151 2674 4206 sabbatum
2695 4167 2761 4206 ex
2799 4153 2970 4206 veteri
2993 4152 3257 4222 scriptura
3290 4152 3535 4207 retinuit.

1950 4243 2094 4298 Dtsc.
2128 4243 2280 4300 Unde
2315 4244 2514 4300 dicitur
2541 4243 2714 4298 feria?
2764 4244 2903 4300 MAG.
2929 4245 2972 4299 A
3019 4245 3181 4300 fando
3218 4246 3442 4302 scilicet.
3472 4247 3540 4302 Et

1950 4333 2070 4389 ideo
2118 4333 2430 4389 Dominieus
2473 4334 2611 4400 dies,
2639 4335 2694 4389 in
2741 4349 2848 4405 quo
2895 4335 3028 4390 dixit
3081 4335 3223 4389 Deus
3252 4334 3374 4390 Fiat
3421 4336 3538 4402 lux,

1950 4425 2125 4496 prima
2153 4424 2286 4480 feria
2316 4417 2646 4496 diei'potest.
2676 4425 2879 4480 Deinde
2906 4433 3114 4480 caetera;
3136 4427 3282 4481 feriae
3311 4443 3342 4481 a
3364 4428 3538 4497 prima

1954 4526 2328 4572 numerantur.
2381 4518 2528 4572 Dtsc.
2597 4515 2942 4572 llebdomada
2999 4531 3129 4586 ergo
3192 4524 3324 4585 quot
3373 4517 3538 4572 horas

1875 4581 1930 4642 Β
1957 4611 2237 4667 continet?
2288 4610 2427 4665 MAG.
2475 4625 2674 4663 CLXVII.
2732 4610 2877 4664 Dtsc.
2909 4581 3362 4679 Quot'pun-ctos?
3393 4608 3532 4666 MAG.

1955 4720 2156 4760 DCLXlI.
2211 4704 2356 4758 Dtsc.
2413 4701 2550 4769 Quot
2608 4702 2846 4756 minuta?
2891 4701 3030 4758 MAG.
3081 4702 3330 4759 Themin.
3387 4703 3534 4759 Dtsc.

1956 4795 2096 4863 Quot
2145 4793 2361 4864 partes?
2404 4791 2542 4847 MAG.
2595 4791 2769 4846 i'mxx.
2828 4792 2972 4848 Dtsc.
3032 4794 3173 4863 Quot
3229 4795 3540 4850 momenta?

1953 4884 2094 4942 MAG.
2143 4886 2401 4942 i'ﬁnccxx.
2450 4886 2594 4940 Dtsc.
2646 4884 2788 4952 Quot
2833 4885 3088 4942 ostenta?
3136 4885 3276 4942 MAG.
3329 4884 3534 4940 YLxxx.

1953 4976 2100 5033 Dtsc.
2122 4976 2266 5045 Quot
2293 4976 2537 5032 atomos?
2556 4975 2697 5032 MAG.
2721 4977 2802 5034 1T1.
2830 4976 2999 5034 millia
3023 4974 3250 5032 millium
3273 4980 3328 5030 et
3344 4973 3535 5030 ῦεεῑῗι.

1953 5079 2136 5125 DCCCC.

2497 5155 2724 5216 CAPUT
2761 5157 2994 5212 XXVIII.

2560 5249 2632 5302 De
2660 5248 2943 5302 mensibus.

2026 5339 2170 5395 Dtsc.
2201 5338 2401 5396 Mensis
2429 5341 2557 5412 quid
2607 5342 2725 5395 est?
2758 5339 2898 5396 MAG.
2927 5339 3157 5395 Lunaris
3201 5353 3297 5409 per
3347 5338 3534 5393 zodia-

1957 5445 2078 5487 cum
2127 5432 2404 5488 circuitus.
2440 5433 2583 5488 DlSC.
2621 5432 2772 5488 Unde
2811 5431 3008 5488 dicitur
3045 5431 3275 5486 mensis?
3306 5429 3445 5485 MAG.
3489 5427 3536 5483 Α

1955 5523 2102 5590 luna,
2129 5539 2249 5594 quae
2269 5525 2456 5581 Graeco
2479 5541 2726 5582 sermone
2747 5543 2893 5582 mene
2913 5527 3128 5582 dicitur.
3155 5523 3289 5579 Nam
3320 5535 3374 5580 et
3395 5523 3536 5594 apud

1955 5629 2048 5672 eos
2074 5633 2288 5674 menses
2306 5628 2569 5674 vocantur
2593 5635 2794 5673 menes.
2824 5619 2977 5674 Sicut
3002 5629 3057 5673 et
3091 5617 3232 5689 apud
3260 5616 3534 5678 Hebraeos,

1955 5708 2285 5782 Hieronymo
2314 5717 2470 5777 teste,
2502 5726 2626 5776 una,
2659 5726 2820 5780 quam
2858 5709 2984 5765 Jare
3009 5710 3308 5771 nominant,
3340 5704 3534 5760 mensi-

1957 5805 2057 5860 bus
2077 5817 2273 5858 nomen
2297 5802 2460 5858 dedit.
2486 5802 2638 5858 Unde
2665 5812 2720 5857 et
2749 5802 2905 5858 Jesus
2930 5803 3072 5858 ﬁlius
3099 5800 3288 5856 Siraeh
3317 5799 3383 5854 de
3409 5796 3532 5856 luna

2939 5898 3024 5959 22
