3946 6456
1100 362 1160 418 Β.
1202 361 1455 418 RABANI
1492 360 1713 418 MAURI
1748 359 2065 418 ARCHIEP.
2105 359 2414 421 MOGUNT.
2449 359 2735 421 OPERUM
2772 362 2952 421 PARS
2988 362 3032 419 I.

3603 366 3724 427 σει

444 483 677 556 loquens
703 484 781 540 ait
812 499 828 537 :
855 478 1052 538 Mensis
1094 478 1377 533 secundum
1402 491 1590 531 nomen
1616 483 1692 530 est
1716 474 1851 544 ejus.
1878 475 2025 531 Dtsc.
2054 476 2107 537 Α
2131 488 2369 531 mensem
2397 474 2485 531 cui
2512 474 2779 531 mensium
2814 474 3177 533 Romanum
3200 476 3514 535 rectissime
3538 480 3728 550 dep-

395 598 413 613 -
453 575 644 632 Utrum
665 573 732 628 ad
763 571 929 628 solem
950 586 1018 624 an
1040 569 1222 624 lunam
1243 567 1445 623 mensis
1481 566 1750 637 pertinet?
1775 565 1917 621 MAG.
1941 564 2026 619 Ad

462 666 731 740 :trosque,
757 665 853 721 sed
896 663 1067 735 magis
1094 663 1161 717 ad
1204 662 1405 717 lunam.
1447 659 1675 729 Ideoque
1706 658 1907 715 rectius
1948 658 2025 713 ita

466 758 813 820 Iiﬂiniendum
838 763 988 827 puto,
1018 754 1163 824 quod
1195 751 1397 807 mensis
1444 750 1517 805 sit
1552 749 1770 804 luminis
1820 748 2025 806 lunaris

460 849 726 913 ~ircuitus,
754 862 818 902 ac
838 843 1221 915 redintegratio
1239 843 1307 898 de
1330 855 1468 897 nova
1489 840 1558 895 ad
1580 854 1793 894 novam.
1819 837 2028 895 Solaris

449 947 627 993 autem
676 937 877 993 mensis
902 934 1164 1007 digressio
1201 932 1330 989 solis
1377 938 1461 988 est
1504 946 1600 1001 per
1652 930 2023 987 duodecimam

444 1036 652 1100 partem
692 1026 919 1092 zodiaci,
945 1024 999 1080 id
1022 1032 1129 1090 est,
1158 1022 1403 1094 signiferi
1425 1021 1630 1088 circuli,
1655 1036 1777 1091 quae
1803 1021 2023 1093 triginta

441 1123 632 1178 diebus
657 1129 713 1177 et
732 1122 917 1176 decem
941 1119 1104 1175 semis
1131 1118 1282 1173 boris
1306 1117 1580 1186 impletur,
1604 1116 1796 1187 viginti
1815 1116 2024 1172 duabus

442 1213 692 1269 videlicet
715 1211 865 1266 horis
907 1225 974 1264 ac
996 1208 1217 1264 dimidia
1259 1206 1437 1262 lunari
1466 1221 1651 1262 mense
1684 1205 2016 1278 productior.

441 1301 720 1374 Siquidem
750 1300 942 1356 solaris
989 1298 1193 1355 mensis
1232 1313 1383 1368 aequa
1427 1297 1690 1352 divisione
1729 1304 1843 1353 toto
1879 1312 2021 1353 anno

438 1408 537 1464 per
564 1392 847 1448 duodecim
890 1391 1093 1461 partito
1138 1390 1379 1444 continet
1420 1388 1535 1444 dies
1560 1389 1804 1459 triginta,
1834 1388 2021 1444 decem

438 1487 603 1542 horas
629 1500 695 1540 ac
715 1484 1014 1539 semissem.
1036 1482 1266 1538 Lunaris
1285 1495 1414 1536 vero
1434 1480 1676 1537 continet
1700 1479 2022 1536 naturaliter

437 1578 556 1633 dies
584 1576 775 1647 viginti
797 1590 991 1631 novem
1013 1582 1069 1630 et
1091 1571 1372 1628 duodecim
1402 1572 1586 1626 horas.
1619 1568 1726 1625 Sed
1745 1570 1874 1639 quia
1900 1570 2018 1627 haec

438 1667 772 1739 computatio
817 1663 1046 1721 diﬁicilis
1076 1663 1199 1729 fuit,
1250 1664 1458 1732 antiqui
1509 1662 1878 1719 Romanorum
1918 1661 2016 1717 de-

436 1760 728 1816 cernebant
753 1757 961 1827 aliquos
988 1756 1248 1813 solarium
1268 1755 1537 1811 mensium
1564 1755 1679 1811 dies
1702 1755 1906 1811 habere
1924 1754 2018 1810 tri-

2128 564 2343 620 tamus?
2370 562 2511 621 MAG.
2537 563 2740 635 Aprilis
2764 564 3016 621 videlicet
3043 584 3057 621 :
3085 567 3213 638 quia
3251 567 3307 624 in
3345 581 3415 624 eo
3442 577 3539 624 aut
3584 569 3724 628 luna

2125 654 2395 726 paschalis
2442 655 2655 723 ﬁnitur;
2697 663 2794 714 aut
2820 656 2879 713 in
2918 671 2988 714 eo
3027 658 3312 730 incipiens,
3343 675 3417 718 ex
3466 661 3724 721 maxima

2124 756 2280 819 parte
2305 747 2565 805 decurrit.

2694 838 2921 897 CAPUT
2965 837 3129 894 XXX.

2509 932 2591 988 De
2613 931 2687 988 1'}
2692 934 2986 1004 gyptiornm
3016 930 3293 987 mensibus.

2196 1021 2342 1078 Disc.
2370 1020 2609 1095 Αωρίίί
2651 1038 2801 1089 vero,
2822 1037 2961 1093 quos
2996 1021 3066 1077 ab
3086 1022 3364 1080 Abraham
3384 1033 3619 1080 eoth
3644 1026 3721 1081 di-

2124 1111 2321 1169 dicisse
2344 1112 2712 1185 astrologiam,
2761 1113 3029 1184 quomodo
3054 1128 3270 1170 menses
3313 1128 3450 1171 suos
3490 1129 3721 1186 conqu-

2126 1205 2275 1258 tant?
2299 1204 2438 1260 MAG.
2465 1203 2771 1262 Secundum
2802 1205 2936 1261 solis
2960 1206 3144 1275 utique
3173 1222 3415 1273 cursum,
3440 1216 3502 1263 et
3532 1208 3720 1280 singu-

2123 1297 2204 1353 los
2223 1312 2438 1356 menses
2458 1314 2586 1355 suos
2609 1299 2830 1354 tricenis
2850 1299 3135 1354 includunt
3153 1299 3362 1355 diebus.
3391 1301 3547 1356 DISC.
3568 1301 3718 1369 Quo-

2122 1392 2285 1447 modo
2308 1405 2402 1447 eos
2421 1391 2651 1446 vocant?
2669 1389 2809 1447 MAG.
2838 1390 3080 1446 Primum
3097 1405 3225 1462 ergo
3253 1406 3527 1460 mensem,
3551 1409 3719 1465 quem

2123 1492 2385 1541 autumno
2410 1492 2671 1555 tempore,
2718 1484 2774 1539 id
2816 1490 2919 1560 est,
2946 1492 3140 1554 quarto
3178 1483 3298 1540 Kal.
3342 1483 3717 1556 Sqtenhris,

2121 1576 2405 1649 incipiunt,
2439 1576 2619 1634 Thotb
2645 1584 2867 1645 vocant,
2910 1578 3208 1634 semiudum
3248 1578 3441 1646 Faovi,
3494 1580 3720 1636 tertiu-

2080 1665 2310 1744 'Atbyr,
2359 1677 2613 1742 quartum
2656 1668 2891 1737 Choeac,
2938 1670 3188 1742 quintum
3238 1671 3441 1738 Thubi,
3496 1682 3718 1730 sextu-

2118 1760 2338 1831 Metliir,
2378 1764 2669 1834 septimum
2713 1762 3036 1829 Famenoth,
3084 1771 3340 1819 octavum
3391 1764 3716 1831 Far-mutili,

433 1852 583 1924 ginta
606 1865 793 1916 unum,
840 1850 1050 1919 aliquos
1074 1864 1204 1903 vero
1228 1848 1467 1919 triginta,
1496 1850 1786 1918 quemdam
1832 1856 2014 1905 autem
2040 1843 2090 1905 Β
2120 1869 2324 1910 nonum
2349 1854 2609 1920 Pacbom,
2639 1854 2911 1911 decimum
2946 1854 3138 1920 Pauni,
3162 1855 3523 1912 undecimum
3554 1856 3716 1926 Epii,

432 1943 623 2014 viginti
649 1950 790 1997 octo.
818 1941 1062 1996 Lunares
1106 1948 1284 1996 autem
1343 1954 1557 1995 menses
1587 1955 1683 1995 sex
1731 1938 2017 1996 voluerunt

432 2035 635 2089 habere
653 2034 770 2088 dies
802 2033 1043 2103 triginta,
1068 2032 1203 2087 alios
1220 2045 1436 2102 quoque
1463 2046 1559 2087 sex
1586 2031 1777 2101 viginti
1797 2045 2012 2086 novem.

352 2130 353 2133 “
432 2130 577 2185 Dtsc.
610 2128 713 2196 Qui
740 2136 867 2183 sunt
898 2127 1157 2183 solarium
1191 2126 1459 2183 mensium
1488 2124 1582 2194 qui
1607 2122 1830 2194 triginta
1846 2137 2015 2177 unum

429 2221 545 2275 dies
585 2219 818 2274 habent?
842 2218 982 2274 MAG.
1013 2218 1254 2289 Septem,
1281 2217 1337 2272 id
1383 2224 1490 2281 est,
1534 2214 1845 2281 Januarius,
1875 2212 2016 2268 Mar—

428 2314 558 2380 tius,
602 2312 789 2376 Maius,
835 2311 1028 2377 Julius,
1069 2312 1365 2382 Augustus,
1400 2307 1657 2373 October,
1695 2312 1750 2361 et
1793 2306 2015 2361 Decem-

428 2410 544 2463 ber.
596 2407 742 2462 DISC.
784 2405 887 2473 Qui
937 2413 1065 2460 sunt
1116 2405 1210 2475 qui
1260 2403 1517 2474 triginta?
1555 2401 1694 2458 MAG.
1746 2399 2008 2468 Quatuor.

429 2498 648 2569 Aprilis,
671 2497 885 2562 Junius,
902 2495 1238 2565 September,
1259 2502 1316 2548 et
1338 2492 1660 2549 November.
1683 2491 2012 2548 Februarius

429 2604 558 2643 vero
583 2587 732 2643 solus
770 2586 964 2656 viginti
1012 2594 1136 2642 octo
1158 2584 1273 2640 dies
1313 2584 1491 2639 habet.
1534 2584 1677 2639 DISC.
1714 2582 2011 2637 Lunarium

428 2677 696 2732 mensium
722 2691 859 2747 quos
884 2676 1022 2732 dicis
1068 2675 1269 2731 habere
1306 2675 1423 2731 dies
1459 2674 1714 2745 triginta?
1743 2672 1884 2730 MAG.
1906 2672 2013 2728 Lu-

426 2787 552 2826 nam
582 2769 821 2826 Januarii
846 2771 1049 2826 mensis
1075 2778 1131 2824 et
1153 2768 1351 2835 Martii,
1369 2768 1495 2824 Maii
1520 2777 1575 2823 et
1598 2767 2013 2837 Julii,Septem-

424 2864 536 2920 bris
566 2872 621 2921 et
642 2864 979 2921 Novembris.
1013 2863 1158 2918 DISC.
1193 2862 1295 2930 Qui
1325 2870 1452 2918 sunt
1478 2863 1571 2933 qui
1602 2861 1787 2934 viginti
1814 2870 2012 2915 novem

427 2957 647 3011 tenent?
690 2955 830 3012 MAG.
864 2955 1060 3011 Caneri
1081 2970 1294 3010 omnes.
1325 2954 1472 3008 DISC.
1505 2952 1606 3021 Qui
1641 2952 1803 3025 primi
1850 2951 2012 3007 ratio-
2036 2970 2049 2976 ·

424 3063 547 3102 nem
591 3048 856 3103 mensium
901 3046 1257 3102 invenerunt?
1307 3045 1450 3101 MAG.
1498 3044 1565 3099 Ni
1616 3043 1794 3111 fallor,
1848 3042 2009 3098 Chal—

424 3137 547 3205 daei,
576 3154 606 3192 a
637 3137 832 3209 quibus
874 3144 987 3193 tota
1026 3137 1329 3209 astrologiae
1372 3135 1659 3208 disciplina
1701 3135 1885 3205 coepit.
1932 3133 2010 3190 De

422 3231 620 3302 quibus
653 3206 942 3285 ﬂAbrabam
990 3206 1326 3300 patriarcba,
1356 3236 1418 3282 ut
1442 3206 1710 3299 Iosephus
1755 3232 2006 3292 testatur,
2036 3206 2082 3271 Ε

423 3323 644 3377 edoctus
671 3321 842 3376 Deum
887 3320 1013 3377 coeli
1066 3320 1304 3376 siderum
1349 3318 1702 3375 conversione
1738 3316 2011 3388 cognovit,

423 3413 701 3482 ipsamque
771 3426 897 3465 mox
961 3409 1304 3479 disciplinam
1366 3408 1616 3463 veracius
1682 3406 2012 3461 intellectam

423 3502 815 3572 Egyptiorum,
842 3514 963 3555 cum
992 3500 1133 3569 apud
1155 3512 1250 3554 eos
1273 3498 1573 3564 exsularet,
1605 3482 1752 3567 genti
1772 3498 2007 3553 advexit.

424 3592 529 3647 Sed
561 3593 687 3647 licet
708 3591 991 3661 Scriptura
1023 3591 1202 3661 palam
1229 3604 1339 3645 non
1365 3590 1535 3656 dicat,
1566 3598 1748 3644 tamen
1786 3604 1897 3645 non
1928 3596 2014 3645 est

423 3684 751 3739 credendum
777 3683 1052 3753 antiquos,
1090 3684 1182 3752 qui
1221 3689 1347 3737 ante
1391 3680 1652 3736 diluvium
1699 3692 1875 3747 erant,
1913 3682 2011 3736 hu-

416 3778 503 3850 jus
534 3778 743 3848 peritiar
765 3779 981 3849 penitus
1016 3786 1266 3848 expertes
1296 3776 1483 3843 fuisse,
1520 3791 1642 3832 cum
1684 3774 1927 3847 plerique
1951 3773 2012 3829 ii-

420 3870 595 3926 Iorum
649 3870 761 3925 Deo
809 3871 1075 3943 placuisse
1126 3871 1396 3941 leguntur,
1450 3868 1590 3925 sicut
1630 3867 1764 3923 Abel
1804 3868 2006 3939 justus,

420 3972 475 4020 et
516 3964 725 4031 Enocb,
755 3965 846 4034 qui
887 3980 1009 4019 cum
1042 3963 1151 4019 Deo
1179 3962 1473 4018 ambulavit
1498 3970 1554 4016 et
1581 3960 1874 4017 translatus
1900 3969 2005 4027 est,

420 4062 478 4110 et
498 4054 630 4123 Noe,
659 4055 750 4126 qui
778 4054 879 4109 fuit
917 4056 1004 4109 vir
1027 4053 1301 4125 perfectus
1324 4055 1379 4110 in
1406 4053 1848 4127 generationibus
1868 4052 2004 4107 suis.

986 4148 1213 4206 CAPUT
1257 4148 1453 4204 XXIX.

830 4242 909 4297 De
938 4240 1283 4298 Hebraeorum
1309 4240 1594 4296 mensibus.

495 4338 639 4393 DISC.
671 4335 772 4405 Qui
802 4335 963 4407 primi
986 4350 1203 4392 menses
1228 4334 1520 4407 observare
1548 4330 1835 4404 leguntur?
1861 4331 2000 4389 Πλθ.

418 4430 635 4488 Hebraei
679 4430 952 4498 videlicet,
984 4431 1178 4500 quibus
1214 4426 1491 4499 legislator
1538 4426 1615 4480 ait
1657 4427 1725 4482 de
1761 4425 2005 4497 paschali

2122 1946 2501 2001 duodecimum
2551 1945 2792 2012 Mesori;
2862 1961 3024 2016 quem
3079 1946 3289 2003 decimo
3338 1947 3720 2003 Kalendaru-

2120 2035 2520 2107 Septembrium
2568 2036 2657 2093 die
2712 2036 3069 2093 terminantcs
3090 2078 3113 2104 ,
3168 2037 3418 2093 residuos
3471 2038 3719 2110 quinque

2119 2128 2235 2184 dies
2263 2142 2620 2201 epagomenos
2664 2127 2752 2185 vel
2775 2126 3132 2185 intercalares
3174 2129 3297 2186 sive
3337 2128 3565 2185 additos
3616 2144 3714 2185 vo-

2116 2230 2265 2290 cant,
2284 2223 2488 2294 quibus
2513 2223 2677 2279 etiam
2726 2230 2923 2293 quarto
2966 2239 3118 2281 anno
3153 2224 3299 2281 diem
3348 2233 3595 2291 sextum,
3622 2227 3714 2297 qui

2114 2326 2187 2369 ex
2207 2313 2599 2383 quadrantibus
2626 2313 2821 2370 conﬁci
2849 2314 3002 2381 solet,
3031 2315 3344 2371 adnectunt.
3374 2314 3542 2372 Unde
3572 2316 3633 2370 ﬁt
3656 2326 3714 2371 ut

2116 2420 2307 2462 eorum
2368 2406 2498 2462 anni
2540 2408 2703 2477 primi
2750 2422 2784 2462 a
2843 2409 3085 2465 bisseno
3130 2408 3293 2465 tertio
3336 2407 3713 2467 blandar-

2118 2497 2540 2570 Septembrium,
2567 2499 2755 2556 caeteri
2784 2514 2919 2556 vero
2960 2509 3154 2571 quarto
3208 2500 3585 2557 Kalmdm
3614 2518 3711 2558 ea-

2115 2589 2361 2645 rumdem
2388 2589 2477 2645 dic
2499 2590 2800 2646 sortiantur
2823 2589 3060 2645 initium.
3091 2589 3203 2645 Nec
3229 2590 3339 2646 ulla
3391 2591 3563 2647 modo
3590 2602 3713 2663 post

2114 2682 2495 2739 intercalatum
2535 2682 2893 2753 quadrantem
2938 2690 3065 2738 ante
3090 2694 3290 2738 nostra
3333 2682 3709 2739 intercalab-

2115 2774 2202 2829 nis
2248 2781 2481 2843 tempus,
2511 2773 2655 2844 quod
2703 2772 2764 2827 ﬁt
2791 2781 2946 2828 sexto
2974 2771 3339 2829 Kalendarum
3384 2771 3708 2830 laruarum

2114 2864 2223 2930 die,
2263 2864 2319 2919 in
2342 2859 2593 2936 computo
2618 2850 2757 2919 lunae
2784 2863 2871 2920 vel
2914 2864 3224 2921 continuem
3267 2863 3573 2921 festivitate
3592 2864 3711 2921 die-

2114 2972 2236 3014 πίω
2256 2966 2485 3030 possunt
2500 2973 2627 3016 cum
2649 2957 2825 3015 nostri
2846 2957 2981 3014 anui
3000 2956 3272 3014 curriculo
3302 2957 3555 3030 recipere
3580 2973 3708 3014 cu.-

2073 3102 2079 3108 .
2115 3051 2379 3109 eordiam.

2672 3142 2902 3201 CAPUT
2949 3141 3141 3201 XXXI.

2539 3235 2623 3292 De
2654 3233 2961 3290 Graecorum
2992 3234 3276 3290 mensibus.

2182 3329 2327 3386 DtsG.
2357 3328 2495 3397 Quia
2527 3329 2594 3384 de
2638 3326 2987 3383 Hebrzeorum
3040 3334 3095 3383 et
3126 3324 3518 3400 Egyptiorum
3555 3340 3704 3382 mea.

2106 3422 2262 3479 sibus
2288 3420 2499 3487 dixisti,
2527 3428 2775 3491 superest
2808 3426 2871 3474 ut
2900 3418 2971 3475 de
2990 3418 3307 3476 Graecoru-
3342 3425 3402 3475 et
3428 3419 3703 3476 Bonne-

2106 3524 2256 3579 rum,
2282 3517 2651 3583 quosconstat
2691 3508 2953 3566 aGraacls
2996 3508 3703 3580 lihu'aiesdistiplinsac-

2104 3605 2338 3676 copisse,
2360 3603 2642 3659 mensibus
2660 3602 2833 3658 dicas.
2865 3601 3007 3659 MAG.
3034 3600 3210 3673 Prope
3240 3616 3372 3674 ergo
3396 3615 3498 3672 par
3526 3600 3593 3656 ﬁt
3618 3617 3699 3658 se-

2106 3698 2220 3754 ries
2260 3696 2532 3753 mensium
2567 3693 2887 3753 Graecorum
2935 3702 2993 3751 et
3034 3694 3430 3761 Romanum,
3472 3703 3700 3765 excth

2104 3793 2255 3863 quod
2282 3790 2484 3845 nullam
2531 3788 2591 3843 in
2638 3789 2753 3845 suis
2782 3788 3067 3845 mensibus
3090 3786 3264 3843 Graeci
3302 3786 3697 3853 Kalendarum,

2106 3880 2386 3938 Nonarum
2431 3886 2488 3935 et
2539 3879 2729 3935 Iduum
2777 3878 3183 3935 distinctionem
3212 3878 3535 3944 observant,
3562 3879 3700 3934 sicut

2102 3971 2505 4044 meIEgyptii;
2530 3970 2625 4026 sed
2664 3967 2983 4041 simpliciter
3017 3969 3086 4025 ab
3130 3968 3359 4024 exordio
3409 3984 3589 4040 mque
3634 3968 3698 4025 ad

2102 4063 2273 4120 ﬁnem
2328 4076 2557 4120 numero
2623 4063 2966 4120 discurrente
3014 4069 3353 4133 connputaut.
3413 4059 3697 4132 Simliden

2099 4154 2281 4213 εἶτεεὶ
2326 4156 2493 4211 nsum
2534 4155 2591 4210 in
2618 4153 2905 4212 duodecim
2947 4153 3226 4211 mensibus
3271 4154 3401 4209 anui
3436 4153 3700 4210 vertentis

2100 4250 2429 4306 ordinavere
2471 4248 2754 4305 circulum.
2801 4247 3043 4315 Quorum
3084 4245 3334 4317 plerique
3377 4260 3411 4299 ι
3440 4244 3699 4301 Kalendis

2105 4344 2494 4401 Decembribus
2540 4356 2697 4399 suum
2740 4342 3068 4397 inchoantes
3097 4353 3325 4407 annum,
3359 4339 3553 4394 eam
3582 4353 3697 4409 quo

2100 4434 2338 4491 Romam
2358 4446 2579 4490 menses
2616 4446 2750 4489 suos
2798 4433 3009 4487 dictum
3037 4445 3264 4487 numero
3294 4430 3691 4501 perstringunt.

421 4542 606 4582 mense
638 4545 651 4579 :
681 4525 875 4580 Mensis
901 4526 998 4580 iste
1045 4524 1185 4581 vobis
1213 4521 1529 4594 principium
1554 4521 1812 4576 mensium
1853 4520 1921 4574 sit
1947 4520 2003 4574 in
2026 4570 2081 4595 ,η
2106 4526 2348 4584 Vocatur
2375 4534 2552 4581 autem
2582 4523 2724 4595 apud
2744 4536 2840 4580 eos
2867 4522 2984 4594 ipse
3007 4522 3304 4577 Decem
3336 4520 3583 4591 Apilcos,
3605 4518 3694 4574 Ja-

419 4619 679 4674 mensibus
702 4621 844 4674 anni.
892 4620 1039 4675 Drsc.
1086 4616 1367 4686 Quomodo
1385 4613 1594 4671 Hebraei
1622 4630 1839 4672 menses
1872 4630 2000 4671 suos

420 4714 722 4781 nominant,
745 4723 799 4770 et
827 4721 992 4784 quoto
1034 4710 1225 4766 ordine
1268 4711 1588 4765 numerant?
1612 4708 1754 4766 MAG.
1786 4707 1999 4764 Hebraei

420 4828 570 4882 ergo,
602 4811 694 4883 qui
722 4808 1017 4866 secundum
1034 4807 1178 4862 lunas
1206 4821 1425 4863 cursum
1460 4822 1677 4864 menses
1700 4820 1828 4864 suos
1852 4820 2001 4863 com-

418 4909 628 4975 putant,
677 4900 913 4971 primum
959 4912 1218 4965 mensem,
1249 4898 1305 4954 in
1330 4913 1436 4969 quo
1456 4896 1666 4954 Pascha
1701 4895 1997 4966 celebrant,

421 4994 585 5051 Nisan
632 4991 925 5064 appellant,
974 4989 1266 5047 secundum
1304 4990 1399 5047 Jar
1445 4990 1747 5057 nominant,
1774 4991 2000 5044 tertium

421 5085 608 5152 Sivan,
632 5091 887 5155 quartum
913 5082 1161 5149 Thamul,
1192 5083 1440 5153 quintum
1472 5080 1595 5146 A10,
1618 5086 1831 5135 sextum
1857 5078 2001 5145 Elul,

421 5179 710 5248 septimum
772 5176 995 5231 Theseri
1022 5216 1038 5242 ,
1090 5184 1342 5231 octavum
1400 5174 1687 5228 Maresuan
1713 5213 1729 5240 ,
1799 5187 2003 5227 nonum

420 5273 637 5338 Kasleu,
660 5271 925 5326 decimum
960 5269 1149 5339 Tebet,
1179 5269 1526 5325 undecimum
1552 5267 1777 5333 Sabatb,
1801 5268 2005 5324 duode-

420 5363 622 5419 cimum
663 5360 828 5415 Adar.
869 5358 1013 5429 Quos
1050 5361 1300 5417 videlicet
1337 5373 1551 5413 menses
1590 5367 1814 5428 propter
1862 5357 2003 5415 lunae

420 5453 703 5519 circulum,
733 5454 824 5526 qui
854 5455 1042 5527 viginti
1094 5467 1290 5507 novem
1347 5452 1511 5506 semis
1552 5450 1741 5507 diebus
1766 5459 1995 5519 constat,

420 5544 640 5600 tricenis
662 5546 1133 5611 undetricenisque
1176 5542 1364 5597 diebus
1387 5543 1737 5607 alternantes,
1763 5543 1999 5598 secundo

420 5636 634 5694 demum
663 5636 745 5692 vel
777 5636 937 5691 tertio
966 5649 1107 5689 anno
1134 5644 1341 5699 exacto,
1371 5650 1611 5689 mensem
1643 5631 1996 5704 superﬂuum,

419 5730 511 5802 qui
541 5747 605 5785 cx
639 5728 833 5784 annuis
860 5726 1109 5782 undecim
1136 5734 1451 5795 epactarum
1476 5726 1663 5781 diebus
1689 5724 1879 5780 conﬁci
1909 5740 1996 5779 so-

415 5818 527 5889 Iet,
581 5818 921 5876 intercalant.
969 5817 1111 5873 DISC.
1151 5812 1393 5873 Primum
1441 5833 1569 5890 ergo
1597 5817 1995 5875 Hmbraeeorum

2026 4570 2083 4632 Β

2102 4620 2332 4675 mariue
2392 4617 2702 4690 Eudynios,
2758 4614 3089 4670 Februarius
3133 4613 3406 4679 Peritios,
3467 4611 3693 4667 Martius

2108 4710 2339 4775 Distros,
2369 4707 2569 4779 Aprilis
2610 4706 2908 4762 Xantbieos
2927 4746 2941 4773 ,
2987 4705 3161 4760 Maius
3195 4702 3545 4770 Artemisiae,
3592 4701 3688 4758 Ju-

2104 4804 2233 4860 nius
2257 4802 2468 4868 Desies,
2496 4799 2669 4856 Julius
2714 4798 3002 4865 Panem,
3046 4797 3321 4869 Augustus
3361 4793 3527 4861 Leos,
3556 4792 3689 4864 Sep-

2646 5076 2880 5135 CAPU‘T
2916 5074 3111 5132 XXXII

2505 5172 2584 5228 De
2608 5171 2873 5227 mensibus
2897 5168 3271 5224 Βηθανιαν-ιρι.

2172 5262 2320 5319 Disc.
2346 5262 2558 5319 Menses
2587 5268 2765 5318 autem
2804 5261 3169 5316 Romanorum
3206 5255 3407 5328 quibus
3448 5254 3684 5312 unctoriv

2102 5358 2206 5415 bus
2234 5366 2362 5414 sunt
2403 5357 2677 5414 ordinati?
2701 5356 2839 5412 MAG.
2884 5353 3100 5410 Primus
3136 5354 3279 5425 apud
3302 5366 3403 5410 eos
3422 5351 3682 5409 Remel.

2105 5448 2289 5505 decem
2336 5460 2553 5503 menses
2598 5445 2889 5510 ordinavit,
2919 5443 3057 5500 alios
3095 5443 3336 5515 triginta,
3378 5442 3524 5500 chos
3556 5456 3681 5498 ven

2100 5541 2325 5612 triginta
2354 5547 2410 5595 et
2435 5552 2545 5595 uno
2590 5539 2819 5594 dierum.
2844 5536 2913 5592 Et
2934 5552 2969 5590 a
3018 5536 3212 5592 Martio
3255 5536 3544 5608 incipiens,
3574 5536 3677 5591 De»

2100 5633 2375 5687 cembrcm
2412 5631 2772 5686 novissimum
2792 5630 2993 5700 posuit.
3027 5629 3133 5685 Sed
3156 5643 3282 5684 cum
3308 5630 3401 5685 hic
3425 5640 3678 5684 nam

2098 5739 2276 5795 neque
2301 5723 2429 5779 solis
2450 5722 2635 5779 cursui
2657 5736 2831 5790 neque
2851 5720 3148 5775 rationibus
3171 5719 3311 5773 luem
3340 5719 3673 5781 conveniret,

2101 5823 2318 5875 secutus
2340 5821 2425 5872 est
2452 5813 2623 5868 Numa
2650 5811 2963 5884 Pompilius,
2998 5808 3092 5881 qui
3132 5807 3528 5881 qtniuquugiuu
3562 5804 3674 5861 dies
