3946 6452
210 403 311 464 685

1497 398 1701 456 LIBER
1736 401 1826 460 DE
1860 401 2212 463 COMPUTO.

3356 443 3360 451 -
3381 409 3491 475 086

209 518 436 586 addidit,
458 523 520 574 ut
561 516 619 572 in
645 529 832 572 ccettv
859 512 1302 585 diebus,'quibus
1332 513 1615 570 duodecim
1661 516 1805 573 luna:
1830 526 1885 590 Α
1909 521 2088 590 scopis
2131 520 2390 591 aperitur.
2433 521 2673 582 Arbores
2701 535 2917 598 quoque
2956 530 3016 584 et
3058 525 3268 596 herbe,
3307 531 3407 587 sed

212 627 403 670 cursus
454 607 648 666 conﬁci
699 605 948 673 credidit,
975 622 1148 662 annus
1193 607 1594 662 extende’retur.
1627 607 1804 679 Atque

214 709 298 764 his
325 702 717 778 quinquaginta
747 698 935 755 diebus
963 699 1159 756 additis
1183 697 1380 767 adjecit
1423 699 1558 756 alios
1590 715 1688 756 sex
1715 715 1801 755 re-

215 811 415 858 tractos
441 797 547 852 illis
570 809 666 852 sex
695 793 972 848 mensibus
1000 791 1091 862 qui
1125 791 1345 862 triginta
1369 791 1641 848 habebant
1660 793 1797 859 dies,

214 893 268 951 id
307 899 412 958 est,
453 889 521 945 de
550 885 777 958 singulis
823 883 1063 956 singulos
1093 883 1373 955 {actosque
1411 885 1802 956 quinquaginta

213 992 267 1042 et
291 998 389 1040 sex
415 981 530 1038 dies
584 979 639 1034 in
663 977 796 1035 duos
825 991 996 1033 novos
1022 992 1239 1033 menses
1261 977 1382 1048 pari
1415 978 1628 1034 ratione
1655 978 1802 1032 divi-

214 1075 302 1140 sit,
335 1089 400 1129 ac
427 1072 494 1128 de
533 1071 744 1127 duobus
795 1069 1034 1142 priorem
1083 1069 1405 1124 Januarium
1451 1071 1802 1140 nuncupavit,

213 1165 558 1238 primumque
607 1163 734 1218 anni
789 1177 1032 1218 mensem
1081 1177 1204 1217 esse
1247 1162 1436 1229 voluit,
1489 1171 1807 1233 sequentem

215 1271 342 1311 vero
363 1255 723 1312 Februarium
753 1253 1071 1309 nominavit.
1102 1254 1376 1324 Pauloque
1399 1265 1524 1328 post
1548 1255 1722 1311 Numa
1751 1257 1807 1312 in

215 1350 477 1405 honorem
528 1346 753 1419 imparis
779 1347 988 1401 numeri
1017 1363 1182 1401 imum
1209 1347 1406 1418 adjecit
1455 1347 1618 1414 diem,
1643 1362 1807 1417 quem

213 1439 473 1498 Januario
509 1439 678 1494 dedit.
707 1437 816 1494 Sed
852 1454 978 1492 cum
1021 1438 1139 1493 haec
1167 1439 1309 1494 ratio
1331 1439 1508 1494 adhuc
1552 1440 1662 1494 lixa
1699 1455 1808 1495 non

213 1547 332 1590 esse
355 1530 659 1596 videbatur,
692 1537 1004 1600 comparata
1031 1529 1102 1584 ad
1129 1530 1370 1585 siderum
1419 1547 1657 1601 cursum,
1695 1540 1810 1586 tan-

214 1623 335 1680 dem
365 1622 526 1680 Caius
549 1620 726 1678 Julius
748 1620 950 1688 Caesar,
990 1623 1236 1679 imitatus
1260 1622 1566 1696 .IEgyptios,
1599 1626 1668 1680 ad
1709 1641 1810 1680 nu-

215 1728 427 1772 merum
457 1713 588 1771 solis
607 1728 837 1779 annum,
865 1714 1008 1769 sicut
1040 1715 1202 1770 hodie
1250 1725 1517 1782 servatur,
1552 1717 1807 1784 instituit,

215 1809 402 1866 decem
431 1808 685 1864 videlicet
727 1807 842 1864 dies
869 1809 1239 1866 observationi
1277 1813 1464 1866 caeteri
1503 1809 1806 1881 superadji-

1903 612 2206 668 animantia
2244 629 2494 686 quisque,
2539 616 2596 672 in
2624 617 2834 688 prolem
2866 632 2928 674 se
2957 619 3168 688 aperire
3199 617 3486 692 incipiunt.

1907 704 2054 762 Disc.
2085 705 2228 772 Quot
2268 707 2442 764 modis
2469 707 2641 764 Maius
2669 709 2904 765 dicitur?
2945 708 3085 766 MAG.
3117 711 3360 778 Duobus,
3387 713 3512 771 hoc-

1905 805 2024 866 est,
2055 799 2156 856 sub
2202 799 2345 855 idolo
2390 799 2551 869 Maio,
2595 816 2754 872 quem
2797 801 2989 858 Jovem
3032 817 3155 860 esse
3185 803 3486 872 voluerunt,

1903 890 2065 962 quasi
2099 891 2386 962 majestate
2426 893 2779 962 praecipuum.
2832 893 2960 950 Sive
3003 909 3035 949 a
3071 894 3208 952 Maia
3239 895 3493 954 Mercurii

1907 991 2101 1038 matre.
2131 983 2200 1038 Et
2248 984 2348 1039 sub
2397 999 2486 1050 re,
2539 985 2643 1042 hoc
2672 993 2784 1052 est,
2815 1001 2847 1040 a
2875 985 3172 1056 majoribus
3219 987 3493 1048 Romano-

1908 1087 2051 1138 rum,
2076 1088 2235 1142 quem
2267 1073 2494 1129 Rumulo
2523 1073 2595 1127 ita
2625 1069 2807 1130 vocari
2854 1075 3076 1146 placuit.
3125 1077 3269 1133 DISC.
3300 1077 3493 1136 Junius

1913 1165 2056 1220 unde
2088 1181 2281 1221 nomen
2331 1167 2524 1221 habet?
2565 1166 2722 1222 Mae.‘
2747 1167 2793 1220 A
2821 1166 3032 1224 Junone
3081 1168 3190 1224 ﬁlia
3235 1168 3490 1240 Saturni,

1915 1271 2104 1312 sorore
2151 1248 2320 1312 Jovis.
2371 1255 2497 1312 Sive
2541 1273 2572 1310 a
2597 1257 2900 1325 junioribus
2946 1258 3349 1327 Romanorum,
3395 1261 3494 1332 qui

1909 1347 2077 1402 armis
2115 1346 2472 1403 defendebant
2513 1348 2922 1419 rempublicam.
2963 1349 3108 1404 Disc.
3151 1349 3324 1407 Julius
3353 1353 3496 1408 unde

1907 1457 2106 1498 nomen
2151 1441 2392 1512 accepit?
2420 1441 2560 1497 Man.
2591 1441 2706 1498 Hoc
2729 1449 2836 1508 est,
2862 1457 2896 1496 a
2925 1441 3067 1498 Julio
3095 1443 3327 1510 Caesare,
3369 1444 3496 1515 quia

1909 1535 1966 1590 in
1989 1543 2186 1604 quarto
2227 1535 2350 1590 Idus
2375 1534 2501 1589 Julii
2527 1535 2731 1591 mensis
2755 1544 2974 1592 creatus
2997 1535 3162 1592 Caius
3183 1534 3360 1592 Julius
3385 1535 3499 1593 Ca)-

1909 1643 2022 1694 sar,
2059 1627 2152 1698 qui
2181 1627 2390 1698 primus
2435 1627 2662 1698 arripuit
2689 1627 2972 1698 imperium
3021 1628 3162 1697 apud
3197 1627 3496 1684 Romanos.

1909 1718 2048 1774 Nam
2096 1725 2254 1773 antea
2300 1733 2332 1772 a
2368 1717 2560 1772 Martio
2588 1726 2768 1773 mente
2806 1727 3139 1784 numeratus,
3186 1717 3439 1786 Quintilis
3467 1733 3501 1774 a

1909 1825 2138 1867 numero
2181 1811 2405 1866 sortitus
2446 1819 2530 1866 est
2561 1825 2776 1865 nomen.
2809 1809 2958 1866 Diae.
3001 1809 3276 1882 Augustus
3302 1823 3500 1866 nomen

215 1899 388 1968 ciens,
416 1909 476 1956 ut
511 1914 712 1957 annum
731 1917 934 1956 occnxv
959 1903 1098 1968 dies,
1135 1905 1332 1974 quibus
1359 1907 1475 1975 ipse
1521 1907 1805 1961 zodiacum
1835 1917 1884 1978 Β
1909 1906 2052 1961 unde
2096 1904 2340 1974 accepit?
2365 1903 2508 1958 Μλε.
2549 1903 2633 1958 Ab
2657 1902 2954 1958 Octaviano
2984 1903 3200 1959 Caesare
3232 1904 3498 1974 Augusto,

217 1990 433 2060 lustret,
457 1991 750 2050 edicerent.
777 1993 846 2048 Et
891 2010 960 2050 ne
984 1996 1261 2065 quadrans
1305 1997 1542 2064 deesset,
1572 1998 1810 2054 instituit

218 2095 282 2146 ιιι
325 2098 523 2158 quarto
561 2103 782 2160 quoque
834 2105 977 2147 anno
1016 2082 1354 2161 sacerdotes,
1402 2095 1496 2164 qui
1546 2093 1810 2150 curabant

219 2179 498 2235 mensibus
547 2193 610 2234 ac
640 2180 846 2246 diebus,
878 2196 1045 2236 unum
1097 2184 1482 2241 intercalarent
1535 2186 1700 2251 diem,
1743 2201 1810 2241 eo

217 2270 426 2328 scilicet
453 2286 636 2326 mense
663 2287 728 2326 ac
756 2271 876 2328 loco
902 2287 1012 2344 quo
1032 2276 1199 2331 etiam
1231 2277 1373 2347 apud
1419 2286 1631 2333 veteres
1655 2292 1808 2331 men-

216 2367 293 2422 sis
319 2366 769 2434 intcrcalabatur,
794 2368 849 2423 id
869 2377 975 2446 est,
992 2376 1122 2424 ante
1146 2369 1385 2440 quinque
1415 2369 1633 2425 ultimos
1653 2384 1810 2424 men-

215 2459 296 2521 sis
321 2459 608 2516 Februarii
649 2461 764 2516 dies
786 2499 804 2528 ,
854 2462 1019 2531 idque
1043 2461 1344 2517 biswrtnm
1377 2463 1596 2517 censuit
1630 2461 1812 2518 nenii-

217 2551 479 2608 nandum.
523 2553 672 2609 Disc.
703 2551 974 2608 Mensium
1007 2551 1268 2610 voeabula
1293 2562 1429 2623 quot
1461 2553 1636 2610 modis
1681 2568 1812 2608 con-

215 2650 386 2712 stant,
412 2652 468 2700 et
511 2645 655 2701 unde
697 2646 961 2716 originem
1009 2647 1366 2718 sumpserint,
1395 2662 1624 2718 erpone.
1668 2646 1810 2702 MAG.

215 2735 466 2804 Quatuor
489 2752 624 2810 ergo
647 2736 824 2794 modis
841 2752 1060 2792 menses
1087 2738 1458 2805 nominantur,
1483 2739 1587 2794 hoc
1607 2746 1696 2793 est
1713 2738 1814 2793 sub

217 2828 401 2896 idolis,
429 2829 534 2885 sub
579 2828 766 2896 rebus,
814 2829 913 2885 sub
948 2829 1188 2900 regibus,
1235 2831 1338 2886 sub
1369 2830 1632 2894 numeris.
1663 2829 1812 2886 Disc.

217 2917 367 2987 Quot
397 2919 582 2976 modis
623 2917 918 2976 Januarius
962 2919 1143 2976 dictus
1195 2921 1314 2976 est?
1345 2921 1490 2978 Mite.
1525 2920 1816 2979 Januarius

215 3020 402 3069 autem
443 3012 650 3069 duobus
691 3011 868 3068 modis
912 3026 1111 3068 nomen
1155 3013 1400 3083 accepit,
1447 3013 1554 3069 hoc
1596 3020 1714 3079 est,
1747 3027 1818 3068 ex

216 3105 364 3163 idolo
401 3114 458 3162 et
509 3120 586 3161 re.
633 3105 715 3160 Ex
761 3105 903 3162 idolo
945 3121 1110 3178 ergo,
1153 3109 1258 3164 hoc
1285 3114 1403 3173 est,
1441 3121 1511 3162 ex
1553 3105 1690 3164 Jano
1734 3106 1820 3162 bi-

215 3196 420 3264 fronte,
467 3197 755 3254 simulacro
795 3197 1046 3254 videlicet
1085 3196 1209 3253 Jani
1249 3197 1601 3268 Epirotarum
1652 3195 1818 3267 regis,

1907 1997 2004 2068 qui
2045 1996 2100 2051 in
2132 1996 2390 2050 Kalendis
2419 1995 2574 2050 istius
2611 1995 2814 2050 mensis
2841 1993 3136 2050 Antonium
3181 2003 3239 2050 et
3274 1995 3504 2066 Cleopa-

1911 2096 2052 2142 tram
2087 2089 2250 2154 vicit,
2293 2095 2351 2144 et
2394 2086 2681 2159 imperium
2729 2086 2910 2158 populi
2960 2087 3192 2142 Romani
3242 2086 3500 2141 ﬁrmavit.

1909 2179 2050 2236 Cum
2080 2189 2262 2236 autem
2305 2179 2537 2251 Augusti
2577 2193 2775 2234 nomen
2804 2178 2894 2234 ille
2935 2177 3061 2234 inde
3107 2177 3502 2249 assumpserit,

1909 2290 1981 2331 ex
2010 2275 2476 2331 senatusconsulto
2519 2289 2762 2330 mensem
2801 2275 2872 2330 ob
2909 2275 3228 2330 memoriam
3275 2273 3359 2330 sui
3405 2289 3505 2330 no-

1909 2382 2035 2424 men
2082 2369 2187 2423 hoc
2214 2369 2416 2424 habere
2459 2367 2650 2424 voluit.
2683 2369 2827 2424 DISC.
2875 2368 3192 2440 September
3237 2368 3382 2424 unde
3409 2382 3507 2423 vo-

1909 2462 2103 2516 catur?
2130 2459 2268 2516 Mae.
2294 2460 2337 2514 A
2370 2475 2620 2527 numero,
2653 2475 2720 2516 eo
2747 2461 2891 2531 quod
2929 2461 2999 2516 sit
3041 2459 3306 2530 septimus
3331 2459 3508 2515 imber

1913 2571 1946 2610 a
1992 2554 2204 2609 Martio.
2257 2554 2403 2610 Disc.
2447 2553 2782 2611 Octi-mbrem
2834 2568 2984 2626 ergo,
3023 2551 3414 2619 Novembrem,
3451 2560 3510 2608 et

1914 2645 2270 2701 Decembrem
2303 2645 2448 2700 unde
2487 2645 2700 2715 judicas
2743 2660 2868 2702 esse
2912 2644 3120 2700 dictos?
3165 2643 3305 2700 MAG.
3333 2642 3376 2696 A
3415 2659 3511 2699 nu-

1915 2751 2068 2792 mero
2089 2737 2289 2808 quippe
2329 2737 2584 2792 similiter
2615 2746 2669 2792 et
2703 2739 2772 2792 ab
2801 2737 2995 2803 imbre,
3023 2737 3150 2808 quia
3175 2736 3261 2792 his
3303 2743 3510 2808 tempo—

1917 2829 2071 2885 ribus
2087 2829 2296 2885 imbres
2323 2836 2480 2884 terraa
2502 2830 2816 2884 imminent.

2449 2937 2680 2997 CAPUT
2717 2939 2956 2995 XXXIII.

2251 3011 2332 3066 De
2359 3009 2639 3077 Kalendis,
2673 3011 2842 3066 Nonis
2871 3021 2920 3066 et
2966 3010 3172 3068 Idibus.

1993 3107 2140 3163 DISC.
2169 3107 2246 3161 De
2277 3105 2535 3161 Kalendis
2561 3120 2714 3178 ergo,
2749 3104 2917 3161 Nonis
2951 3114 3006 3161 et
3054 3104 3253 3171 idibus,
3290 3113 3416 3174 peto
3448 3111 3510 3159 ut

1921 3197 2057 3252 mihi
2084 3197 2374 3252 edisseras.
2406 3197 2544 3253 ΜΑε.
2571 3197 2811 3252 Faciam.
2839 3196 3093 3252 Kalendas
3113 3211 3244 3267 ergo
3265 3213 3295 3251 a
3321 3195 3510 3252 Gneca

216 3290 314 3362 qui
360 3297 680 3360 argumento
699 3291 1012 3361 echgitato
1051 3290 1402 3359 semetipsum
1429 3291 1538 3360 igni
1563 3291 1806 3358 tradidit,
1839 3293 1885 3357 C
1915 3293 2124 3363 origine
2173 3305 2373 3347 nomen
2417 3298 2732 3357 unxerunt;
2777 3291 2904 3360 quia
2949 3289 3066 3344 Italo
3103 3290 3324 3344 verbum
3362 3289 3513 3346 Gne-

213 3388 274 3438 et
317 3395 394 3438 ex
423 3381 530 3437 hoc
571 3381 836 3438 Romanis
883 3381 1168 3436 victoriam
1200 3382 1432 3451 peperit.
1475 3381 1690 3437 Bifrons
1720 3395 1816 3436 au-
1917 3397 2046 3438 cum
2074 3392 2178 3448 est,
2208 3382 2264 3436 id
2295 3390 2400 3449 est,
2430 3395 2584 3440 voco.
2619 3382 2821 3438 Priscis
2847 3397 2978 3454 ergo
3019 3382 3349 3453 temporibus
3384 3397 3514 3454 pon-

215 3477 333 3526 tem
355 3466 480 3526 Jani
509 3468 858 3525 simulacrum
891 3477 1029 3535 erat,
1059 3469 1186 3539 quia
1213 3484 1283 3524 ex
1313 3484 1420 3524 una
1447 3478 1603 3539 parte
1632 3469 1733 3524 viri
1759 3477 1816 3524 et
1921 3472 2054 3528 tifici
2093 3473 2296 3529 minori
2345 3473 2461 3530 haec
2491 3473 2828 3545 providentia
2873 3473 3224 3543 delegabatur
3265 3482 3325 3530 ut
3360 3489 3516 3530 novae

215 3579 290 3622 ex
313 3564 490 3620 altera
516 3562 732 3620 feminae
759 3564 1076 3620 adorabant.
1103 3563 1338 3634 Indeque
1365 3562 1686 3620 Januarium
1723 3581 1819 3619 vo-
1919 3564 2062 3620 lunae
2095 3565 2336 3636 primum
2377 3567 2694 3622 observaret
2737 3573 3035 3637 aspectum,
3069 3566 3249 3622 visum
3279 3566 3393 3638 regi
3429 3581 3516 3622 sa-

219 3666 491 3717 eaverunt
525 3656 770 3728 bicipitis
791 3656 900 3712 diei
924 3671 1168 3712 mensem
1209 3657 1592 3728 respicientem
1633 3665 1816 3712 trans-
1913 3658 2164 3714 criticulo
2206 3659 2500 3714 nuntiaret.
2546 3659 2736 3730 Itaque
2781 3660 3052 3716 sacriﬁcio
3081 3676 3113 3716 a
3153 3673 3282 3732 rege
3311 3667 3368 3715 et
3413 3659 3516 3716 mi-

219 3753 336 3809 acti
365 3751 492 3807 anni
534 3749 701 3806 ﬁnem
724 3764 794 3804 ac
823 3749 1248 3820 prospiciam
1289 3749 1462 3804 futuri
1491 3750 1620 3806 anni
1667 3750 1818 3820 prin-
1921 3771 2058 3814 nore
2102 3754 2362 3826 pontiﬁce
2403 3755 2704 3822 celebrato,
2751 3755 2897 3811 idem
2929 3751 3176 3827 pontifex
3221 3753 3417 3819 calata,
3460 3751 3514 3808 id

475 3840 611 3898 Item
654 3839 946 3896 Januarins
977 3855 1044 3896 ex
1085 3856 1144 3896 re
1189 3839 1410 3907 dicitur,
1452 3855 1518 3896 eo
1561 3841 1704 3911 quod
1749 3842 1822 3898 sit
1914 3855 2038 3913 est,
2065 3854 2260 3902 vocata
2299 3845 2354 3900 in
2395 3843 2722 3916 Capitolium
2756 3846 2909 3916 plebe
2932 3848 3091 3916 juxta
3119 3846 3327 3900 curiam
3370 3843 3516 3899 cala-

211 3930 392 4006 innua
419 3933 580 3998 anni,
625 3932 730 3988 hoc
769 3940 881 3997 est,
932 3931 1276 4002 principium.
1311 3931 1459 3988 Dtsc.
1491 3931 1822 3988 Februarius

217 4027 374 4084 unde
397 4025 632 4084 dicitur?
661 4025 802 4082 Man.
831 4025 914 4081 Ab
959 4024 1100 4081 idolo
1123 4033 1180 4080 et
1207 4040 1285 4080 re.
1313 4025 1459 4081 Dtse.
1507 4024 1822 4092 Quomodo?

221 4117 374 4176 Iac.
397 4117 483 4173 Ab
512 4117 655 4174 idolo
681 4132 812 4190 ergo
855 4117 1090 4184 Februo,
1121 4117 1228 4173 hoc
1259 4125 1384 4184 est,
1427 4117 1682 4184 Plutone,
1725 4117 1821 4189 qui

217 4209 610 4269 lustrationum
657 4218 852 4280 petens
890 4225 1018 4265 esse
1063 4225 1094 4264 a
1139 4209 1430 4280 gentilibus
1473 4210 1819 4277 credebatur,

223 4301 560 4361 Februarius
579 4309 666 4359 est
693 4303 1022 4359 nominatus.
1081 4301 1330 4359 Lustrari
1373 4303 1520 4358 enim
1541 4317 1607 4358 eo
1634 4317 1823 4360 mense

221 4395 508 4452 civitatem
537 4395 836 4450 Romanam
865 4409 1087 4450 necesse
1115 4403 1252 4459 erat,
1280 4410 1388 4465 quo
1419 4402 1622 4449 statuta
1645 4391 1847 4464 jussa,'

228 4490 336 4546 hoc
361 4497 467 4555 est,
508 4487 796 4552 sacriﬁcia,
823 4487 926 4541 diis
964 4485 1209 4540 Manibus
1239 4485 1530 4541 solverent.
1560 4485 1688 4541 Sive
1721 4485 1824 4540 Fe-

223 4581 488 4638 bruarius
521 4580 698 4636 dictus
725 4587 810 4634 est
837 4595 868 4632 a
899 4577 1069 4644 febre,
1099 4578 1204 4634 hoc
1235 4585 1340 4645 est,
1370 4594 1402 4632 a
1444 4577 1665 4649 frigore,
1697 4593 1823 4649 pro-

1923 3938 2100 4006 bram,
2143 3951 2264 4009 quae
2291 3949 2432 3992 casa
2475 3937 2690 3992 Romuli
2717 3937 2964 4007 proxima
2991 3944 3095 4004 est,
3126 3944 3260 4007 quot
3287 3949 3516 3992 numero

1923 4030 2040 4085 dies
2078 4044 2110 4084 a
2139 4028 2392 4086 Kalendis
2422 4029 2491 4083 ad
2519 4028 2703 4085 Nonas
2729 4037 3077 4101 superessent
3101 4029 3512 4100 pronuntiabat.

1919 4121 1993 4176 Et
2019 4121 2310 4190 quintanas
2343 4120 2564 4192 quidem
2591 4121 2736 4176 dicto
2765 4122 3050 4192 quinquies
3079 4119 3244 4176 verbo
3271 4119 3408 4188 calo,
3437 4133 3516 4176 se-

1919 4213 2192 4286 ptimadas
2235 4213 2466 4284 repetito
2492 4213 2692 4284 septies
2721 4213 3066 4283 praedicabat.
3097 4211 3166 4269 Et
3194 4213 3336 4269 hanc
3371 4213 3517 4270 diem

1920 4305 2018 4377 qui
2041 4322 2112 4362 ex
2147 4306 2234 4362 his
2274 4307 2464 4363 diebus
2503 4307 2596 4378 qui
2623 4306 2936 4362 kalarentur
2962 4309 3172 4379 primus
3199 4316 3365 4374 esset,
3397 4309 3520 4380 pla-

1917 4399 2038 4455 cuit
2062 4399 2332 4456 Kalendas
2371 4400 2576 4455 vocari.
2603 4400 2671 4454 Et
2713 4399 2841 4456 hinc
2879 4401 2982 4471 ipsi
3012 4401 3196 4466 curiae,
3237 4401 3306 4455 ad
3351 4416 3515 4472 (piam

1924 4489 2282 4557 vocabantur,
2331 4490 2582 4546 Kaiabra:
2625 4505 2822 4545 nomen
2869 4492 3055 4546 datum
3099 4501 3215 4557 est,
3245 4500 3300 4546 et
3333 4491 3516 4559 classi,

1927 4583 2074 4652 quod
2097 4583 2275 4637 omnis
2320 4581 2376 4636 in
2419 4597 2541 4636 eam
2568 4591 2861 4636 vocaretur
2887 4582 3137 4650 populus.
3184 4582 3310 4637 Ideo
3339 4591 3516 4637 autem

227 4685 358 4748 pter
401 4675 657 4747 frigidum
703 4683 920 4744 tempus
949 4673 1121 4743 ipsius
1165 4672 1389 4729 mensis.
1421 4672 1566 4728 Diae.
1599 4671 1825 4728 Martius
1848 4684 1904 4746 1)
1927 4673 2108 4729 minor
2141 4671 2387 4744 pontifex
2432 4689 2720 4729 numerum
2755 4673 2963 4729 dierum
2994 4673 3085 4744 qui
3125 4674 3193 4729 ad
3222 4673 3404 4728 Nonas
3431 4689 3520 4729 su-

223 4782 370 4840 ergo
409 4768 554 4823 unde
583 4766 796 4822 dictus?
840 4765 982 4822 idae.
1025 4765 1074 4820 Α
1115 4764 1286 4820 Marte
1330 4763 1493 4832 idolo,
1535 4765 1628 4834 qui
1666 4772 1824 4834 pater

231 4859 452 4917 Romuli
476 4867 532 4914 et
554 4857 814 4914 Romanis
849 4858 1024 4928 gentis
1049 4865 1240 4912 auctor
1269 4871 1393 4912 esse
1427 4855 1822 4913 aestimabatur.

235 4952 368 5010 Sive
393 4967 426 5006 a
454 4965 537 5020 ne,
561 4951 665 5006 hoc
689 4959 795 5018 est,
823 4951 1085 5018 maribus,
1112 4965 1311 5006 nomen
1341 4949 1565 5006 Martius
1593 4951 1822 5022 accepit.

235 5045 377 5101 Nam
403 5053 462 5100 et
486 5058 556 5101 eo
579 5052 829 5116 tempore
871 5051 1067 5100 cuncta
1114 5045 1410 5100 animantia
1451 5054 1614 5102 terra:
1647 5059 1830 5102 mares

237 5139 551 5198 desiderant
580 5139 649 5194 ad
688 5139 1082 5195 concumbendi
1123 5139 1472 5210 voluptatem.
1509 5140 1657 5197 Drsc.
1689 5139 1826 5208 Qui-

239 5237 344 5292 bus
369 5233 543 5291 modis
573 5232 777 5305 Aprilis
805 5232 1042 5290 dicitur?
1069 5227 1210 5289 HAG.
1239 5233 1458 5289 Duobus
1485 5232 1683 5290 modis.
1715 5231 1827 5290 Sub

241 5326 406 5392 idolo,
453 5326 510 5382 id
561 5334 647 5384 est
705 5323 949 5392 Venere,
1003 5332 1200 5392 matre,
1252 5331 1314 5379 ut
1362 5321 1564 5392 ferunt,
1618 5324 1825 5382 dinem.

243 5420 415 5478 Afron
458 5421 604 5478 enim
647 5420 839 5478 Graece
879 5433 1073 5491 spuma
1104 5421 1512 5490 interpretatur.
1547 5418 1702 5475 Unde
1729 5416 1833 5474 Ve-

247 5525 352 5568 nus
407 5521 527 5568 orta
595 5511 802 5568 credita
847 5518 959 5577 est,
1007 5525 1126 5582 quas
1189 5509 1375 5565 Afrilis
1437 5511 1549 5566 sive
1606 5509 1832 5565 Afronia

251 5605 390 5673 apud
435 5603 654 5661 Graecos
699 5604 974 5660 nominata
1011 5612 1116 5657 est.
1150 5602 1216 5657 Et
1247 5602 1346 5658 sub
1378 5616 1456 5668 re,
1494 5601 1597 5656 hoc
1630 5609 1732 5666 est,
1765 5599 1834 5654 ab

255 5697 573 5767 aperiendo,
605 5697 765 5768 quasi
812 5694 1119 5768 aporicuiis.
1169 5693 1227 5748 In
1277 5695 1379 5748 hoc
1425 5693 1568 5749 enim
1621 5707 1830 5760 mense,

257 5791 481 5849 remotis
520 5791 772 5858 nubibus,
819 5789 1051 5862 pruinis,
1083 5803 1146 5843 ac
1193 5789 1604 5860 tempestatibus
1645 5787 1832 5844 hiber-

251 5882 366 5957 nis,
395 5884 610 5958 (mlum,
659 5893 820 5955 terra,
850 5897 1002 5942 mare
1041 5884 1242 5952 nautis,
1290 5881 1541 5956 agricolis
1582 5889 1635 5939 et
1674 5881 1835 5938 horo-

1923 4777 2171 4840 peresset
2212 4767 2448 4824 kalando
2475 4767 2758 4838 prodebat,
2788 4767 2916 4839 quia
2959 4773 3082 4839 post
3108 4781 3302 4823 novam
3331 4765 3517 4821 lunam

1929 4862 2214 4931 oportebat
2235 4860 2512 4916 Nonarum
2534 4861 2622 4916 die
2646 4859 2935 4932 populares
2961 4860 3052 4930 qui
3081 4859 3138 4914 in
3161 4859 3307 4930 agris
3331 4863 3518 4913 essent

1932 4953 2204 5011 confluere
2246 4955 2304 5010 in
2346 4954 2556 5020 urbem,
2590 4962 2912 5024 accepturos
2951 4967 3146 5008 causas
3183 4950 3440 5006 feriarum
3484 4964 3516 5004 a

1931 5059 2062 5119 rege
2092 5057 2393 5112 sacrOrum,
2429 5047 2768 5116 sciturosque
2795 5045 2925 5116 quid
2952 5053 3097 5102 esset
3121 5057 3189 5100 eo
3219 5056 3404 5098 mense
3431 5037 3518 5096 fa—

1933 5140 2204 5198 ciendum.
2247 5137 2400 5196 Unde
2437 5138 2657 5210 quidam
2700 5138 2826 5193 hinc
2863 5134 3046 5192 Nonas
3090 5134 3405 5191 existimant
3430 5131 3518 5188 di-

1925 5241 2074 5300 ctas,
2100 5230 2255 5302 quasi
2281 5245 2436 5286 nova:
2469 5229 2687 5284 initium
2710 5226 3126 5291 observationis,
3170 5223 3258 5281 vel
3287 5223 3411 5295 quia
3449 5221 3518 5278 ab

1928 5337 2000 5381 eo
2034 5323 2122 5379 die
2152 5335 2366 5394 seraper
2395 5321 2464 5378 ad
2505 5320 2630 5376 Idus
2667 5327 2795 5376 octo
2822 5319 2940 5375 dies
2977 5325 3317 5390 putarentur.
3347 5313 3520 5371 Porto

1929 5415 2060 5472 Idus
2095 5429 2294 5471 vocare
2331 5413 2534 5485 placuit
2577 5411 2723 5468 diem
2767 5411 2860 5481 qui
2893 5408 3084 5466 dividit
3123 5421 3388 5464 mensem.
3433 5405 3522 5462 In-

1935 5509 2105 5565 duere
2128 5509 2274 5564 enim
2300 5507 2522 5561 Etrusca
2567 5504 2745 5574 lingua
2775 5503 3014 5557 dividere
3037 5507 3142 5555 est.
3176 5499 3330 5556 Unde
3355 5495 3521 5552 vidua

1939 5602 2098 5673 quasi
2123 5600 2278 5656 valde
2303 5599 2449 5664 idua,
2497 5599 2548 5651 id
2575 5605 2676 5660 est,
2705 5595 2856 5650 valde
2898 5595 3088 5648 divisa.
3121 5592 3226 5647 Ant
3252 5591 3434 5652 vidua,
3463 5586 3517 5642 id

1935 5702 2040 5759 est,
2072 5708 2103 5747 a
2129 5693 2248 5747 viro
2277 5691 2468 5747 divisa.
2515 5688 2796 5743 Nonnullis
2822 5687 3002 5758 placet
3044 5685 3169 5740 ldus
3201 5681 3374 5738 dictas
3416 5687 3517 5734 vo-

1939 5787 2130 5843 cabulo
2153 5783 2344 5842 Grmco
2365 5795 2400 5838 ε
2431 5782 2632 5853 specie,
2659 5795 2781 5852 quae
2809 5780 2948 5852 apud
2974 5778 3098 5833 illos
3127 5776 3246 5831 idea
3273 5779 3514 5835 vocum,

1939 5883 2082 5942 uuod
2109 5897 2172 5938 ea
2205 5881 2288 5936 die
2316 5878 2525 5946 plenam
2561 5876 2794 5946 speciem
2821 5872 2948 5932 luna
2978 5871 3329 5932 demonstret.
3362 5860 3510 5922 Disc.
