3946 6470
267 429 374 486 689

1552 429 1752 487 LIBER
1790 430 1878 488 DE
1914 428 2262 490 COMPUTO.

3424 433 3528 492 690

261 555 423 606 catur
463 544 664 614 Venus,
691 546 784 618 qui
828 562 1089 606 cccxcvm
1133 549 1321 608 diebus
1368 551 1630 623 expletur.
1662 555 1842 612 Unde-
1871 559 1926 619 Α
1950 557 2072 610 tur?
2099 556 2236 611 MAG.
2267 555 2502 614 Planeta
2527 566 2705 614 autem
2735 557 3072 614 solummodo
3093 573 3203 615 non
3226 566 3352 614 sunt
3383 558 3523 626 lixa,

259 640 437 697 cimus
480 649 566 696 est
618 655 792 696 annus
837 642 1132 698 secundum
1185 643 1395 699 stellam
1453 659 1572 714 qua
1621 654 1846 702 vocatur

260 732 427 799 Mars,
459 733 552 802 qui
591 733 828 804 peractis
861 733 1067 790 duobus
1095 736 1252 791 annis
1288 736 1604 806 completur.
1638 738 1846 794 Duode-

259 825 437 883 cimus
462 841 638 881 annus
673 833 756 881 est
784 825 1077 882 secundum
1107 827 1317 882 stellam
1345 845 1467 900 qua
1493 839 1716 885 vocatur
1757 830 1848 887 Jo-

258 918 368 986 vis,
394 919 486 990 qui
526 919 760 988 peractis
801 918 1080 975 duodecim
1117 921 1275 976 annis
1309 921 1583 992 impletur.
1630 921 1848 978 Tertius

259 1011 506 1068 decimus
548 1027 724 1067 annus
748 1020 834 1067 est
878 1013 1175 1068 secundum
1219 1013 1428 1068 stellam
1461 1029 1581 1086 qua
1621 1021 1848 1069 vocatur

260 1104 566 1172 Saturnus,
621 1105 714 1176 qui
775 1107 1010 1177 peractis
1074 1107 1293 1180 triginta
1355 1109 1511 1164 annis
1569 1107 1843 1178 impletur.

256 1195 499 1265 Quartus
527 1197 769 1254 decimus
811 1214 984 1254 annus
1011 1207 1098 1254 est
1141 1199 1437 1254 secundum
1482 1199 1847 1255 hebdomadas

255 1293 427 1349 totius
470 1293 628 1359 anni,
666 1293 720 1348 id
761 1301 872 1359 est,
917 1293 1307 1364 quinquaginta
1354 1293 1506 1357 duas,
1553 1292 1647 1362 qui
1685 1291 1849 1347 habet

255 1386 375 1442 dies
418 1401 658 1442 cccurv.
705 1385 934 1453 Quintus
985 1387 1224 1442 decimus
1268 1393 1352 1442 est
1403 1402 1578 1441 annus
1631 1385 1847 1456 requies

252 1480 473 1552 septimi
499 1481 626 1535 anni
654 1481 947 1536 secundum
977 1479 1168 1552 legem,
1194 1495 1302 1551 quo
1323 1478 1618 1549 jubebatur
1649 1479 1845 1550 populo

252 1570 352 1628 Dei
391 1588 424 1628 a
465 1572 630 1627 rurali
677 1588 838 1643 opere
881 1588 1095 1628 vacare.
1144 1572 1342 1628 Sextus
1383 1572 1626 1628 decimus
1671 1564 1846 1628 annus

249 1673 362 1732 est,
389 1666 596 1736 species
621 1665 747 1720 anni
771 1664 997 1735 jubilai,
1026 1666 1117 1736 qui
1161 1674 1247 1721 est
1271 1681 1445 1721 annus
1483 1665 1842 1731 remissionis,

247 1763 311 1812 et
351 1755 740 1828 quinquaginta
789 1757 948 1812 annis
983 1757 1253 1828 impletur.
1305 1756 1580 1828 Septimus
1618 1765 1673 1812 et
1701 1757 1846 1812 deci-

249 1863 375 1904 mus
422 1865 597 1904 annus
639 1858 743 1915 est,
775 1850 869 1919 qui
911 1859 1135 1905 vocatur
1178 1865 1424 1922 magnus,
1452 1865 1622 1904 annus
1650 1849 1839 1920 plane-

249 1949 466 2008 tarum,
512 1943 641 1996 dum
698 1943 881 1998 omnia
930 1942 1108 1998 sidera
1153 1945 1218 1999 ad
1271 1944 1445 1999 locum
1494 1952 1840 2000 revertuntur
1868 1933 1915 1993 B

246 2033 345 2089 ubi
388 2034 621 2104 primum
660 2044 864 2092 statuta
893 2035 1138 2105 fuerunt,
1175 2048 1230 2094 et
1272 2039 1580 2109 quingentis
1615 2039 1840 2110 triginta

247 2125 465 2182 duobus
490 2129 648 2184 annis
676 2128 946 2200 impletur.
971 2129 1115 2186 DISC.
1137 2129 1326 2185 Annus
1354 2143 1483 2201 ergo
1509 2129 1720 2196 solaris,
1746 2129 1839 2200 qui
1935 2200 1940 2204 δ

247 2229 457 2270 ccccxv
488 2219 674 2273 diebus
700 2227 754 2274 et
776 2219 1076 2287 quadrante
1117 2229 1348 2285 constat,
1377 2229 1509 2290 quot
1536 2221 1698 2275 horas
1725 2235 1840 2275 am-

244 2307 537 2378 plectitur?
557 2310 694 2366 MAG.
713 2311 912 2382 Utique
931 2328 1236 2368 txnccuvi.
1260 2312 1406 2368 DISC.
1423 2312 1563 2380 Quot
1581 2311 1842 2382 punctos?

244 2398 391 2455 MAG.
415 2399 680 2456 ﬁexa.
706 2402 850 2457 DISC.
874 2401 1015 2469 Quot
1036 2403 1276 2458 minuta?
1296 2403 1435 2458 MAG.
1459 2400 1837 2460 Eii—ﬁthoch.

245 2491 395 2547 Disc.
417 2491 558 2559 Quot
615 2494 930 2547 momenta?
986 2493 1126 2550 MAG.
1173 2485 1462 2552 ὦπα.
1509 2495 1654 2550 Dtsc.
1700 2494 1842 2562 Quot

244 2585 494 2639 ostenta?
515 2583 653 2642 MAG.
678 2584 1075 2641 n—x—x—vnccccu.
1099 2587 1242 2642 Dtsc.
1266 2586 1407 2654 Quot
1431 2585 1676 2642 atomos?
1697 2585 1836 2642 MAG.

245 2673 438 2731 Decies
463 2677 649 2732 novies
673 2678 882 2733 centies
909 2686 1127 2734 centum
1156 2677 1323 2734 millia
1348 2686 1403 2734 et
1428 2686 1661 2750 quatuor
1693 2677 1842 2735 mille

244 2766 419 2824 millia
447 2776 514 2826 et.
530 2769 820 2828 mm":
829 2787 916 2825 ωε.

781 2861 1008 2918 CAPUT
1045 2861 1194 2917 XXX
1201 2861 1304 2918 VII.

461 2957 542 3013 De
571 2958 796 3030 planetis
821 2969 868 3014 et
896 2959 1094 3031 origine
1127 2961 1398 3014 nominum
1423 2974 1625 3014 earum.

319 3046 466 3103 Disc.
499 3047 636 3116 Quia
673 3050 739 3105 de
770 3049 1037 3106 solaribus
1062 3059 1116 3105 et
1142 3049 1422 3106 lunaribus
1451 3048 1606 3104 annis
1633 3048 1838 3114 dicens,

245 3139 318 3195 de
343 3141 498 3196 annis
546 3143 784 3213 quinque
811 3143 1152 3214 planetarum
1195 3142 1511 3214 adjunxisti,
1555 3156 1750 3212 precor
1783 3148 1845 3194 ut

248 3230 490 3301 ipsorum
535 3234 773 3288 siderum
801 3235 1186 3305 proprietatem
1227 3249 1335 3288 non
1375 3233 1616 3306 graveris
1661 3231 1843 3302 expla-

1946 661 2008 706 ut
2048 651 2286 720 reliqua,
2319 652 2412 706 sed
2442 653 2496 707 in
2526 667 2652 709 aere
2693 654 2959 710 feruntur.
2991 653 3158 710 Dicta
3187 662 3369 710 autem
3410 653 3525 726 pla-

1947 753 2085 800 neta
2114 763 2212 815 apo
2239 755 2313 800 tes
2345 744 2524 816 planes
2563 745 2685 818 [ἀπὸ
2710 757 2802 812 τῆς
2829 746 3040 818 πλάνης]
3059 790 3072 814 ,
3105 748 3158 802 id
3197 755 3301 813 est,
3343 748 3411 803 ab
3437 761 3529 803 er-

1947 851 2088 893 rore.
2136 836 2272 892 Nam
2314 837 2582 892 interdum
2626 837 2681 892 in
2717 846 2991 904 austrum,
3037 838 3312 894 interdum
3351 839 3407 894 in
3435 851 3525 894 se-

1946 932 2340 1002 ptentrionem,
2386 932 2701 1001 plerumque
2730 940 2919 987 contra
2956 933 3235 998 mundum,
3278 947 3526 988 nonnun-

1946 1039 2110 1094 quam
2144 1040 2268 1080 cum
2307 1025 2507 1078 mundo
2551 1023 2813 1079 feruntur.
2857 1023 2981 1080 Hac
3023 1031 3080 1082 et
3116 1025 3431 1095 retrograda
3470 1033 3526 1079 et

1946 1117 2223 1184 anomala,
2255 1118 2536 1189 antigrada
2562 1127 2618 1174 et
2660 1119 2855 1173 stativa
2896 1119 3166 1174 dicuntur.
3200 1118 3345 1172 DISC.
3385 1117 3526 1184 Quo-

1944 1209 2136 1265 modo?
2180 1209 2320 1266 MAG.
2352 1209 2487 1264 Nam
2531 1211 2925 1280 retrogradatio
2967 1209 3242 1265 stellarum
3271 1219 3354 1264 est
3397 1209 3522 1262 dum

1946 1301 2100 1357 stella
2145 1310 2351 1356 motum
2400 1317 2557 1356 suum
2597 1302 2708 1372 agit
2743 1301 2986 1356 simulet
3021 1310 3166 1356 retro
3215 1299 3523 1354 submoveri

1943 1392 2176 1447 videtur.
2221 1391 2481 1448 Anomala
2526 1392 2779 1447 dicuntur
2823 1391 3036 1462 quando
3078 1390 3373 1461 particulas
3425 1390 3522 1443 ad-

1945 1481 2079 1536 dunt
2113 1481 2195 1536 vel
2225 1482 2531 1536 detrahunt.
2560 1481 2857 1551 Antigrada
2887 1479 2968 1534 vel
3009 1479 3366 1548 praecedentia
3398 1487 3526 1532 sunt

1945 1575 2072 1630 dum
2119 1584 2323 1630 motum
2373 1590 2528 1629 suum
2573 1582 2889 1630 consuetum
2939 1588 3097 1643 agere
3145 1571 3424 1634 videntur,
3471 1580 3527 1624 et

1947 1673 2124 1720 tamen
2178 1665 2378 1736 aliquid
2436 1675 2634 1735 prater
2699 1665 3140 1721 consuetudinem
3187 1663 3519 1735 pracedunt.

1946 1755 2153 1812 Stativa
2180 1759 2449 1824 dicuntur,
2493 1759 2616 1828 quia
2659 1759 2784 1812 dum
2815 1773 3029 1829 semper
3059 1756 3210 1813 stella
3253 1764 3522 1820 movetur,

1945 1858 2125 1906 tamen
2152 1850 2207 1904 in
2233 1849 2500 1919 aliquibus
2525 1851 2660 1906 locis
2687 1858 2834 1905 stare
2858 1849 3090 1905 videtur.

2454 1961 2680 2018 CAPUT
2720 1962 2999 2018 XXXVIII.
3079 2006 3090 2018 .

1939 2055 2018 2112 De
2046 2056 2377 2127 planetarum
2404 2074 2562 2112 cursu
2592 2057 3037 2197 perfsigniferum,
3065 2067 3111 2110 et
3140 2062 3330 2109 natura
3362 2053 3514 2124 signi-

2698 2145 2793 2182 eri.

2698 2145 2793 2182 eri.

2011 2221 2155 2280 DlSC.
2206 2219 2313 2278 Sed
2361 2222 2487 2292 quia
2539 2220 2718 2276 audivi
2765 2228 2818 2276 te
2876 2220 3142 2275 dicentem
3186 2218 3522 2288 planetarum

1941 2313 2230 2367 transitum
2271 2328 2391 2368 esse
2416 2313 2471 2367 in
2503 2312 2742 2376 zodiaco,
2775 2311 2942 2381 ipsius
2971 2309 3172 2364 zodiaci
3222 2309 3524 2378 proprieta-

1943 2414 2071 2471 tem,
2115 2414 2170 2460 et
2206 2420 2421 2460 cursum
2469 2420 2656 2460 earum
2684 2418 2812 2474 rogo
2853 2412 2911 2457 ut
2945 2417 3200 2472 exponas.
3237 2399 3378 2456 MAG.
3416 2398 3522 2452 Fa-

1942 2498 2102 2554 ciam.
2131 2497 2412 2563 Zodiacus,
2444 2497 2528 2552 vel
2576 2496 2820 2568 signifer,
2869 2506 2951 2550 est
2998 2495 3235 2551 circulus
3266 2493 3519 2564 obliquus

1941 2591 2222 2647 duodecim
2265 2591 2431 2661 signis
2457 2599 2735 2656 constans,
2771 2605 2866 2660 per
2895 2604 3057 2660 quem
3085 2597 3330 2644 errantes
3356 2584 3524 2641 stella

1941 2682 2207 2750 feruntur,
2236 2699 2338 2738 nec
2383 2683 2528 2738 aliud
2573 2681 2848 2737 habitatur
2895 2681 2948 2735 in
2979 2681 3138 2735 terris
3176 2694 3341 2749 quam
3377 2675 3525 2748 quod

1941 2775 2047 2831 illis
2077 2773 2336 2844 subiacet.
2381 2757 2610 2845 Reliqua
2652 2790 2683 2829 a
2720 2774 2858 2844 polis
2896 2772 3160 2842 squalent.
3205 2771 3302 2825 Est
3342 2777 3524 2824 autem

1941 2865 2166 2938 signifer
2205 2881 2406 2921 ccccxv
2447 2865 2694 2936 partibus
2719 2874 2773 2919 et
2813 2865 3112 2936 quadrante
3157 2862 3316 2916 unius
3353 2859 3526 2931 partis

1939 2974 2037 3029 per
2062 2958 2184 3028 eali
2212 2957 2474 3012 ambitum
2504 2957 2714 3028 longus,
2745 2965 2799 3011 et
2837 2956 3117 3011 duodecim
3162 2954 3404 3025 partibus
3448 2951 3528 3006 la-

1938 3045 2030 3107 tus
2057 3067 2154 3122 per
2193 3058 2582 3106 transversum.
2611 3049 2836 3105 Veneris
2881 3059 3088 3104 tantum
3121 3047 3276 3102 stella
3315 3045 3528 3102 excedit

1941 3157 2064 3197 eum
2108 3142 2249 3198 binis
2276 3143 2539 3213 partibus.
2569 3141 2719 3195 Luna
2765 3155 2976 3211 quoque
3007 3155 3104 3210 per
3134 3147 3300 3194 totam
3347 3137 3528 3191 latitu-

1943 3239 2123 3295 dinem
2145 3238 2260 3308 ejus
2285 3249 2531 3310 vagatur,
2570 3238 2664 3292 sed
2693 3238 2912 3292 omnino
2939 3251 3059 3307 non;
3085 3233 3352 3290 excedens
3379 3247 3522 3286 cum.

248 3338 402 3378 nare.
432 3323 572 3380 MAG.
600 3303 817 3395 Septem
845 3303 990 3380 enim
1028 3333 1150 3380 sunt
1184 3303 1434 3394 planeta,
1463 3340 1584 3394 qua
1612 3324 1842 3379 adverso
1869 3303 1912 3365 Ο
1944 3331 2027 3387 Ab
2069 3332 2152 3386 his
2171 3303 2450 3386 vMercurii
2498 3303 2651 3385 stella
2686 3327 2975 3392 laxissime,
3006 3305 3064 3379 ut
3095 3334 3275 3378 tainen
3313 3337 3344 3377 e
3389 3320 3526 3376 duo-

250 3428 415 3469 cursu
444 3423 635 3470 contra
666 3417 926 3471 mundum
962 3415 1231 3480 feruntur,
1259 3416 1362 3471 hoc
1390 3424 1494 3482 est,
1527 3413 1638 3481 Sol,
1666 3415 1841 3481 Luna,

249 3503 572 3574 Mercurius,
608 3505 815 3575 Venus,
847 3507 1010 3574 Mars,
1051 3507 1218 3573 lovis,
1252 3507 1538 3563 Saturnus.
1571 3506 1664 3562 lla
1690 3521 1841 3578 ergo,

250 3615 375 3656 cum
406 3602 617 3671 sphara
655 3602 894 3658 calestis
929 3604 996 3658 ab
1024 3603 1234 3658 oriente
1263 3603 1320 3657 in
1347 3617 1602 3658 occasum
1638 3619 1696 3659 se
1725 3619 1846 3660 ver-

249 3698 376 3762 gat,
423 3700 714 3746 recurrunt
755 3693 1022 3747 orientem
1052 3708 1241 3748 versus
1274 3708 1372 3763 per
1409 3693 1723 3759 zodiacum,
1755 3702 1842 3760 et,

249 3791 314 3838 ot
341 3783 675 3853 sapientibus
718 3784 876 3840 istius
904 3785 1089 3840 mundi
1135 3785 1310 3840 visum
1337 3796 1442 3851 est,
1473 3786 1599 3841 cali
1645 3796 1846 3856 tempe-

248 3881 379 3930 rant
423 3872 784 3942 velocitatem,
816 3890 885 3930 ne
933 3876 1101 3932 nimio
1129 3892 1321 3933 cursus
1361 3878 1442 3933 sui
1485 3886 1664 3934 rotatu
1707 3894 1844 3949 pra-

250 3964 528 4035 cipitetur.
563 3965 706 4023 Disc.
743 3967 897 4025 Unde
935 3969 1134 4024 dicitur
1177 3969 1296 4026 sol?
1326 3970 1467 4027 MAG.
1496 3970 1653 4038 Quod
1697 3971 1844 4027 solus

252 4054 396 4111 inter
442 4056 626 4112 omnia
673 4057 852 4114 sidera
899 4059 1104 4114 luceat.
1129 4057 1351 4116 Oriente
1396 4061 1542 4116 enim
1576 4061 1689 4118 sole
1741 4077 1848 4118 ca-

253 4154 374 4202 tera
399 4147 576 4203 sidera
605 4164 732 4205 mox
756 4149 939 4206 radios
965 4167 1093 4207 suos
1123 4152 1498 4218 abscondunt;
1527 4161 1599 4219 et,
1632 4161 1694 4209 ut
1725 4153 1847 4224 qui-

253 4239 482 4295 busdam
511 4239 707 4310 placet,
740 4242 856 4311 ipse
881 4242 1023 4299 luna
1047 4251 1103 4299 et
1143 4243 1312 4299 stellis
1346 4245 1600 4300 omnibus
1627 4259 1727 4300 suo
1756 4261 1847 4300 as-

252 4339 415 4402 pectu
442 4333 631 4388 tribuit
652 4341 713 4389 ut
741 4334 922 4391 lucere
941 4335 1178 4403 valeant,
1203 4337 1329 4408 quia
1355 4353 1463 4392 non
1484 4339 1724 4409 proprio,
1749 4339 1846 4396 sed

255 4431 503 4480 mutuato
528 4440 559 4479 a
582 4426 712 4481 solis
740 4427 940 4483 lumine
966 4428 1329 4500 resplendent.
1361 4429 1515 4486 Unde
1539 4439 1697 4502 poeta
1720 4432 1799 4487 ait
1827 4449 1841 4488 :

385 4537 758 4606 Lucentemque
781 4541 980 4606 globum
1003 4541 1132 4592 luna
1153 4542 1443 4606 Titaniaque
1469 4553 1601 4596 astra

380 4602 598 4664 Spiritus
621 4602 751 4654 intus
779 4602 880 4655 alit.

256 4708 403 4764 DISC.
451 4709 602 4766 Unde
649 4711 846 4767 dicitur
884 4712 1047 4767 luna?
1090 4713 1230 4770 MAG.
1261 4713 1415 4770 Luna
1445 4715 1645 4771 dicitur
1692 4717 1846 4786 quasi

258 4799 464 4869 lucina,
494 4803 674 4859 ablata
711 4805 888 4861 media
917 4805 1152 4876 syllaba;
1197 4808 1262 4863 de
1301 4824 1408 4878 qua
1447 4806 1701 4880 Virgilius
1727 4811 1844 4866 ait:

603 4930 617 4943 .
655 4930 668 4944 .
707 4929 720 4943 .
753 4932 764 4943 .
802 4930 817 4945 .
852 4896 1009 4957 Casta,
1037 4896 1165 4960 fave,
1191 4895 1392 4948 Lucina.

258 4978 508 5054 Sumpsit
534 4994 714 5042 autem
742 5002 937 5043 nomen
959 5003 1059 5058 per
1085 4989 1462 5046 dirivationem
1486 5007 1517 5047 a
1546 4992 1678 5048 solis
1703 4992 1842 5061 luce,

259 5088 329 5128 eo
354 5076 496 5144 quod
526 5075 594 5130 ab
626 5093 692 5133 eo
722 5078 903 5134 lumen
946 5080 1175 5150 accipiat
1219 5091 1605 5153 acceptumque
1634 5085 1843 5140 reddat.

262 5163 413 5220 DISC.
458 5165 612 5222 Unde
657 5167 911 5225 dicuntur
957 5171 1158 5228 stellae?
1200 5172 1341 5230 MAG.
1373 5175 1419 5228 Α
1454 5176 1678 5244 stando;
1723 5179 1851 5248 quia

1875 4673 1929 4734 D

1946 3421 2096 3477 denis
2122 3421 2365 3492 partibus
2395 3421 2494 3491 (tot
2520 3428 2644 3475 sunt
2675 3421 2820 3475 enim
2845 3417 3161 3481 latitudinis,
3187 3422 3248 3469 ut
3269 3411 3526 3486 diximus)

1943 3531 2051 3570 non
2079 3515 2307 3585 amplius
2332 3524 2557 3570 oetonas
2583 3523 2844 3584 pererret,
2882 3526 3054 3581 neque
3091 3511 3189 3564 has
3224 3507 3525 3580 aqualiter,

1944 3609 2040 3665 sed
2071 3608 2205 3663 duas
2248 3607 2424 3662 medio
2465 3605 2580 3675 ejus
2608 3614 2663 3660 et
2702 3620 2863 3675 supra
2892 3612 3144 3674 quatuor,
3193 3600 3334 3654 infra
3370 3598 3524 3653 duas.

1946 3700 2053 3759 Sed
2099 3702 2178 3758 sol
2223 3703 2278 3756 in
2322 3701 2497 3756 medio
2523 3699 2696 3756 fertur
2721 3699 2863 3754 inter
2901 3700 3032 3754 duas
3076 3705 3260 3767 partes
3287 3693 3529 3749 ﬂexuoso

1946 3795 2240 3849 draconum
2286 3803 2467 3848 meatu
2515 3790 2815 3862 inaequalis.
2867 3789 3051 3844 Martis
3098 3788 3252 3844 stella
3295 3793 3530 3856 quatuor

1946 3887 2140 3942 mediis
2180 3885 2328 3942 Jovis
2372 3885 2572 3952 media,
2609 3892 2665 3940 et
2693 3899 2854 3955 super
2885 3899 3006 3940 eam
3046 3881 3276 3949 duabus,
3307 3877 3529 3935 Saturni

1950 3980 2181 4047 duabus,
2205 3988 2266 4034 ut
2289 3978 2391 4035 sol.

2484 4070 2713 4128 CAPUT
2753 4069 2998 4126 XXXIX.

2445 4164 2523 4220 De
2547 4164 2823 4220 duodecim
2859 4164 3038 4234 signis.

2021 4258 2167 4315 DlSC.
2221 4256 2385 4329 Signa
2431 4266 2613 4312 autem
2666 4256 2875 4312 zodiaci
2929 4255 3124 4310 vellem
3175 4252 3531 4308 utedisseras

1951 4350 2093 4404 unde
2125 4349 2390 4404 traxerint
2413 4347 2655 4402 nomina.
2686 4347 2826 4402 MAG.
2858 4345 2905 4399 A
2944 4344 3122 4400 causis
3168 4358 3298 4412 ergo
3325 4341 3534 4396 annali-

1949 4439 2052 4495 bus
2085 4439 2170 4494 vel
2199 4455 2228 4493 a
2259 4439 2539 4510 gentilium
2575 4437 2772 4492 fabulis
2829 4435 3048 4490 nomina
3079 4439 3429 4504 sumpserunt
3455 4432 3529 4486 sio

1951 4549 2053 4606 gna
2079 4532 2385 4588 duodecim.
2426 4530 2563 4585 Nam
2605 4531 2831 4584 arietem
2872 4527 3068 4583 Martio
3119 4527 3290 4582 mensi
3314 4534 3535 4596 pr0pter

1953 4622 2277 4677 Ammonem
2303 4620 2491 4676 Jovem
2523 4620 2784 4674 tribuunt.
2820 4619 2974 4674 Unde
3006 4626 3063 4672 et
3090 4618 3146 4672 in
3171 4615 3286 4686 ejus
3314 4617 3535 4673 simula-

1956 4729 2049 4769 cro
2072 4713 2260 4768 arietis
2287 4727 2490 4769 cornua
2539 4709 2770 4780 fingunt.
2821 4709 3058 4764 Taurum
3087 4708 3279 4779 Aprili,
3315 4717 3537 4779 propter

1955 4809 2203 4863 eumdem
2228 4804 2435 4871 Jovem,
2468 4805 2612 4876 quod
2637 4804 2692 4858 in
2721 4803 2914 4860 bovem
2943 4805 3018 4860 sit
3040 4803 3284 4860 fabulose
3311 4819 3537 4860 conver-

1957 4916 2068 4956 sus.
2118 4897 2398 4954 Castorem
2428 4906 2484 4954 et
2530 4896 2799 4953 Pollucem
2856 4895 3016 4964 Maio,
3068 4905 3289 4968 propter
3327 4895 3536 4964 insigne

1955 4989 2193 5046 virtutis.
2256 4989 2427 5045 Porro
2471 4987 2740 5045 Cancrum
2795 4987 2973 5056 Junio,
3007 4987 3224 5059 quando
3247 4984 3328 5042 sol
3357 4986 3425 5040 ad
3451 4985 3536 5040 in-

1956 5081 2157 5139 feriora
2207 5081 2363 5149 redit,
2398 5081 2540 5152 quod
2591 5080 2799 5137 Cancer
2836 5080 3098 5150 impulsus
3142 5085 3288 5132 retro
3317 5093 3534 5133 cursura

1956 5175 2189 5243 dirigere
2219 5172 2408 5228 soleat.
2436 5171 2692 5238 Leonem,
2726 5187 2885 5242 quem
2919 5169 3117 5225 occidit
3141 5167 3418 5232 Hercules,
3443 5165 3538 5221 Ju-

263 5255 388 5312 ﬁxa
425 5267 568 5313 stant
608 5276 821 5330 semper
852 5262 909 5316 in
941 5263 1098 5331 calo,
1135 5280 1236 5320 nec
1264 5266 1480 5321 cadunt.
1527 5267 1666 5322 Nam
1709 5269 1855 5338 quod
1953 5267 2026 5322 lio
2060 5277 2280 5338 propter
2312 5268 2423 5322 vim
2449 5265 2676 5322 fervoris
2709 5267 3002 5336 assignant.
3058 5262 3332 5334 Virginem
3357 5261 3538 5332 Augu-

261 5350 512 5408 videmus
537 5368 566 5407 a
602 5354 740 5410 calo
770 5355 954 5412 stellas
1001 5358 1154 5428 quasi
1199 5358 1326 5425 labi,
1355 5375 1462 5414 non
1492 5368 1620 5416 sunt
1665 5362 1851 5430 stella,

1959 5368 2062 5425 sto,
2091 5360 2234 5429 quod
2262 5368 2390 5414 tunc
2409 5360 2671 5414 exhausta
2696 5355 2968 5411 caloribus
2997 5355 3154 5411 tellus
3177 5354 3312 5409 nihil
3334 5353 3533 5425 pariat.

266 5445 364 5500 sed
413 5446 632 5518 igniculi
662 5449 731 5504 ab
760 5451 961 5506 athere
1003 5453 1169 5522 lapsi,
1198 5455 1289 5523 qui
1322 5463 1446 5508 sunt
1493 5455 1620 5509 dum
1661 5464 1855 5512 ventus
1956 5451 2178 5506 Libram
2234 5449 2538 5521 Septembri
2589 5449 2659 5504 ob
2700 5448 3064 5518 aequalitatem
3111 5447 3216 5501 diei
3246 5454 3301 5502 et
3335 5447 3533 5502 noctis.

265 5535 462 5594 altiora
507 5547 694 5610 petens
735 5542 1018 5596 atherium
1065 5543 1241 5614 ignem
1287 5559 1472 5600 secum
1520 5547 1716 5612 trahit,
1759 5548 1852 5618 qui

270 5637 451 5685 tractu
499 5648 597 5686 suo
645 5633 888 5686 imitatur
931 5633 1117 5688 stellas
1159 5635 1432 5690 cadentes.
1484 5635 1620 5690 Nam
1683 5637 1853 5693 stella

1961 5544 2242 5613 Scorpium
2267 5551 2323 5596 et
2352 5541 2705 5612 Sagittarium
2751 5540 2961 5608 equinis
2993 5540 3245 5594 cruribus
3270 5538 3538 5593 delorma-

1965 5645 2098 5700 tum,
2124 5644 2344 5704 propter
2372 5633 2590 5687 flumina
2620 5633 2886 5688 mensium
2941 5632 3198 5702 ipsorum,
3223 5630 3457 5686 October
3483 5636 3540 5683 et

272 5721 467 5776 cadere
491 5738 596 5776 non
631 5731 875 5794 possunt.
915 5723 1221 5780 Immobiles
1257 5726 1424 5793 enim,
1452 5735 1510 5780 ut
1538 5728 1854 5796 pradietum
1947 5726 2267 5780 'November
2319 5724 2607 5792 accipiunt.
2652 5722 3043 5793 Capricornum
3074 5721 3368 5777 December
3415 5734 3539 5788 pro-

273 5821 379 5878 est,
406 5823 552 5880 sunt,
581 5824 637 5870 et
670 5831 793 5870 cum
820 5816 956 5871 calo
980 5817 1097 5870 fixa
1123 5816 1386 5871 feruntur.
1421 5819 1565 5874 DISC.
1603 5819 1659 5874 Si
1689 5820 1858 5876 stella

275 5904 336 5963 in
360 5906 500 5965 calo
539 5907 660 5967 fixa
702 5918 845 5975 sunt,
878 5918 938 5965 ut
975 5910 1195 5975 asseris,
1228 5908 1370 5966 unde
1409 5910 1638 5980 planetae
1667 5913 1858 5969 dicun-

1964 5825 2085 5888 pter
2144 5831 2362 5885 capram
2412 5813 2560 5868 lovis
2609 5815 2897 5882 nutricem,
2929 5814 3082 5886 cujus
3135 5823 3374 5869 extrema
3404 5809 3539 5878 pisci

1968 5911 2164 5970 similia
2191 5911 2504 5983 pinguntur,
2553 5910 2700 5982 quod
2751 5908 2910 5981 hujus
2959 5909 3160 5967 mensis
3216 5905 3402 5961 ultima
3431 5902 3541 5963 sint
