3946 6458
442 354 554 473 ἑ69ι

452 573 670 615 menses
728 561 1030 619 imbriferos
1086 567 1322 621 tradunt.
1357 566 1594 640 Singulis
1626 582 1803 626 autem
1857 575 2023 645 signis

455 652 677 725 triginta
702 661 906 723 partes,
963 664 1129 713 terna:
1178 675 1305 715 vero
1352 662 1579 719 decades
1624 672 1903 735 putantur,
1961 683 2025 723 eo

443 732 597 818 quod
641 747 720 803 sui
773 749 992 821 triginta
1040 752 1227 809 diebus
1278 763 1332 811 et
1357 756 1542 812 decem
1572 732 1735 814 semis
1758 732 1906 816 horis
1936 760 2025 816 illa

447 845 755 904 percurrat,
796 853 827 893 a
880 841 1058 898 medio
1082 846 1299 907 mensis,
1332 845 1387 901 id
1415 855 1519 913 est,
1544 864 1616 902 xv
1662 848 2024 907 Kalendarum

445 925 553 993 die,
583 942 798 998 semper
825 930 1106 1003 incipiens.
1144 933 1297 991 Unde
1324 945 1381 993 et
1426 938 1748 1007 quibusdam
1779 948 2024 997 veterum

442 1016 649 1086 placuit
674 1023 951 1091 sequentis
965 1027 1166 1082 mensis
1185 1043 1304 1083 esse
1334 1029 1565 1098 signum,
1590 1030 1741 1101 cujus
1763 1035 1829 1088 ad
1852 1049 2024 1105 usque

444 1109 790 1167 medietatem
836 1119 1257 1189 unumquodque
1293 1122 1580 1190 pertendit,
1620 1125 1778 1196 eique
1803 1126 2018 1195 ascribi,

443 1199 585 1281 sicut
614 1203 703 1259 ille
728 1206 821 1276 qui
847 1210 1095 1266 versibus
1122 1212 1246 1268 inde
1280 1216 1476 1271 cecinit
1497 1217 1732 1275 heroicis
1760 1221 1835 1277 ita
1864 1240 1877 1276 :

564 1309 789 1389 Bespicis
810 1316 1170 1389 Apriles.Aries
1193 1321 1317 1372 frixe
1340 1323 1463 1389 (sici
1482 1325 1740 1389 Kalendas.

567 1374 728 1427 Huius
748 1374 998 1441 Agenorei
1021 1382 1228 1434 miratur
1247 1374 1617 1451 cornua'Tauri,

444 1484 501 1531 et
526 1487 721 1537 caetera
765 1485 955 1542 eodem
984 1489 1163 1544 modo.
1198 1488 1545 1549 Sunt.autem
1576 1495 1691 1551 haec
1720 1497 1870 1567 signa
1897 1505 2021 1554 tan-

445 1572 513 1621 tae
540 1572 946 1643 magnitudinis,
976 1586 1037 1633 ut
1057 1595 1164 1634 non
1199 1581 1407 1638 minore
1442 1600 1603 1654 quam
1634 1587 1861 1643 duarum
1902 1605 2022 1659 spa-

444 1658 521 1714 tio
541 1660 795 1719 horarum
820 1668 903 1723 vel
928 1669 1081 1737 oriri,
1107 1671 1188 1727 vel
1216 1673 1486 1742 occidere,
1526 1676 1611 1733 vel
1659 1679 1725 1734 de
1752 1678 1871 1737 loco
1896 1658 2020 1752 pos-

439 1755 549 1812 sint
576 1761 800 1816 moveri.

1042 1857 1270 1917 CAPUT
1297 1861 1410 1918 XL.

581 1941 970 2001 Demonstratio
1003 1949 1275 2021 signorum
1325 1972 1419 2025 per
1447 1955 1573 2011 solis
1600 1975 1833 2014 cursum.

507 2033 655 2091 Disc.
694 2038 899 2096 Vellem
934 2044 1151 2112 quidem
1178 2056 1238 2101 ut
1293 2047 1527 2119 aliquam
1581 2051 1831 2108 notitiam
1883 2054 2017 2111 mihi

438 2123 564 2180 inde
589 2127 766 2185 dares.
798 2131 938 2188 ch.
965 2133 1169 2192 Notitia
1214 2154 1341 2211 ergo
1368 2142 1563 2197 horum
1592 2144 1869 2215 signorum
1903 2163 2018 2202 me-

436 2215 541 2273 lius
566 2234 596 2273 a
624 2222 962 2296 eolloquentc
990 2237 1044 2283 et
1097 2232 1263 2304 digito
1322 2234 1730 2292 demonstrantc
1784 2255 1946 2309 quam
1983 2257 2016 2296 a

437 2310 709 2369 scribente
730 2319 1049 2393 percipitur,
1081 2325 1207 2393 quia
1252 2342 1350 2396 per
1377 2330 1561 2385 stellas
1592 2330 1644 2385 in
1672 2334 1753 2389 eis
1782 2334 2015 2404 disposi-

437 2410 521 2500 tas
567 2413 830 2500 notabiles
885 2414 1039 2472 ﬁunt.
1069 2420 1135 2475 Et
1163 2422 1279 2478 hzec
1322 2427 1425 2481 nisi
1465 2429 1533 2482 ab
1553 2445 1618 2484 eo
1647 2431 1740 2500 qui
1769 2440 2018 2493 astrono-

436 2495 562 2551 mia!
592 2499 927 2572 disciplinam
959 2517 1126 2577 tenet,
1181 2522 1234 2568 et
1265 2515 1505 2573 siderum
1534 2520 1649 2576 loca
1679 2522 1930 2581 intimare
1953 2544 2015 2583 ac

439 2589 814 2683 demonstrare
879 2605 1109 2671 noverit,
1193 2609 1498 2668 nullatenus
1580 2617 1716 2673 edici
1786 2620 2017 2689 pleniter

437 2693 660 2781 queunt.
688 2687 793 2744 Sed
833 2691 1028 2749 horum
1060 2705 1237 2753 tamen
1265 2701 1541 2773 signorum
1567 2711 1815 2768 curiosus
1838 2713 2014 2784 inqui-

435 2768 574 2874 sitor
603 2782 783 2874 potest
813 2780 1048 2852 aliquam
1084 2768 1624 2865 accipere'notitiam,
1659 2801 1701 2855 si
1729 2768 2015 2874 diligenter

434 2863 567 2921 solis
587 2876 643 2923 et
670 2868 809 2928 lunm
836 2873 892 2929 in
946 2878 1025 2933 eis
1071 2880 1441 2944 observaverit
1496 2906 1709 2961 cursus,
1758 2894 1933 2952 aditus
1959 2905 2015 2952 et

435 2967 701 3017 secessus.
758 2964 1039 3036 Siquidem
1092 2974 1171 3030 sol
1225 2989 1469 3036 moratur
1498 2984 1849 3043 transiensin
1880 3004 2013 3044 uno—

432 3060 648 3120 quoque
677 3053 830 3127 signo
858 3060 1078 3131 triginta
1107 3064 1246 3133 dies,
1286 3069 1471 3127 decem
1526 3073 1689 3130 horas
1738 3085 1794 3132 et
1826 3079 2015 3134 semis-

433 3150 569 3237 sem,
594 3158 658 3198 ac
686 3144 878 3203 deinde
908 3150 963 3205 in
993 3151 1135 3209 aliud
1166 3157 1379 3229 signum
1409 3163 1727 3234 ingreditur,
1771 3169 1916 3238 quod
1940 3170 2011 3225 si-

432 3230 637 3290 militer
660 3236 714 3291 in
746 3238 966 3311 triginta
992 3244 1178 3303 diebus
1223 3259 1279 3304 et
1303 3230 1491 3309 decem
1521 3257 1670 3313 horis
1698 3274 1763 3316 ac
1786 3230 2012 3317 semisse

430 3328 826 3423 pet-transiens,
877 3335 1094 3391 tertium
1150 3339 1335 3396 intrat.
1372 3344 1569 3417 Sicque
1616 3348 1747 3406 illud
1800 3350 2011 3423 signum

433 3416 578 3511 quod
599 3415 928 3491 jampridem
969 3426 1260 3499 reliquerat
1306 3415 1497 3493 stellis‘
1523 3415 1905 3511 apparentibus
1943 3446 2011 3501 ab

431 3506 642 3564 oriente
672 3521 799 3568 ante
828 3528 1038 3573 aurorae
1066 3530 1314 3578 exortum
1366 3506 1609 3586 notabile
1628 3530 1832 3587 reddet.
1873 3532 2012 3589 Sunt

432 3600 650 3669 quidem
676 3605 781 3661 tria
808 3607 957 3680 signa
980 3626 1193 3683 semper
1215 3616 1361 3672 circa
1394 3619 1561 3676 solem
1587 3621 1781 3679 diurno
1810 3624 2010 3682 lumine

429 3691 614 3764 plena,
645 3695 698 3754 id
722 3707 826 3768 est,
854 3701 957 3759 hoc
986 3707 1129 3775 quod
1165 3710 1478 3779 nuperrime
1528 3713 1643 3785 ipse
1694 3715 2006 3787 reliquerat,

432 3791 488 3879 et
518 3786 692 3879 ipsum
730 3790 786 3846 in
815 3806 922 3863 quo
951 3810 1190 3865 prmsens
1231 3808 1333 3867 est,
1365 3807 1418 3857 et
1446 3801 1575 3859 illud
1618 3804 1674 3860 in
1704 3786 1848 3875 quod
1884 3823 2011 3879 pro-

429 3875 579 3932 xime
632 3876 973 3952 ingressurus
1028 3898 1129 3945 est.
1165 3887 1315 3946 Luna
1363 3909 1577 3966 quoque
1632 3875 2008 3956 similiter—suo

432 3982 595 4024 cursu
626 3972 781 4043 signa
829 3977 1181 4037 demonstrat.
1219 3982 1357 4041 Nam
1387 3987 1502 4057 ipsa
1552 3988 1695 4046 binis
1739 3992 1928 4048 diebus
1954 4000 2009 4049 et

435 4061 599 4116 semis
623 4063 774 4119 horis
796 4081 861 4121 ac
883 4067 1028 4125 bisse
1055 4074 1217 4130 unius
1271 4076 1421 4133 horae
1452 4081 1665 4152 singula
1698 4083 1852 4155 signa
1883 4099 2006 4153 per-

434 4151 653 4209 labitur.
684 4156 756 4213 Et
779 4158 825 4213 si
848 4159 1143 4221 calculator
1163 4168 1434 4225 veraciter
1460 4151 1837 4243 argumentum
1862 4151 2007 4247 quod

433 4244 500 4299 de
524 4244 643 4341 ejus
668 4252 903 4307 transitu
923 4267 1024 4323 per
1048 4256 1199 4328 signa
1241 4260 1445 4318 factum
1475 4273 1559 4321 eSt
1597 4244 1899 4338 perdiscet;
1910 4283 2008 4341 P0-

434 4337 564 4393 terit
592 4352 659 4395 ex
680 4341 799 4412 ejus
837 4352 981 4401 statu
1010 4347 1285 4420 signorum
1309 4353 1581 4426 conjicere
1605 4354 1745 4415 loca.

1024 4457 1253 4519 CAPUT
1293 4462 1427 4520 XLI.

849 4528 932 4583 De
954 4528 1093 4586 (ante
1117 4548 1272 4589 cursu
1294 4552 1386 4607 per
1404 4539 1571 4609 signa.

1121 365 1179 417 Β.
1222 364 1471 420 RABANI
1508 366 1726 425 MAURI
1759 368 2010 427 ARCHIE

2125 370 2433 431 MOGUNT.
2474 373 2757 431 OPERUM
2794 374 2973 431 PARS
3012 376 3056 432 Ι.

453 468 724 538 pluvialia.
754 474 1046 541 Aquarium
1072 472 1345 548 Januario,
1397 454 1699 534 Februario,
1722 479 1924 545 Pisces,
1954 483 2024 537 ob
2050 488 2105 548 Α
2132 485 2252 539 duo.
2287 484 2481 542 Tribus
2530 502 2655 559 ergo
2705 489 2873 561 signis
2900 498 2958 545 et
3000 490 3210 550 duobus
3256 498 3480 565 punctis
3516 509 3730 557 octava

3604 387 3733 444 εὶθὲ

2126 573 2250 629 luna
2277 591 2490 647 semper
2519 594 2549 632 a
2573 579 2685 635 sole
2718 580 3007 636 dirimitur.
3043 580 3188 640 Duos
3239 595 3424 643 autem
3453 601 3728 661 punctos,

2126 684 2220 724 sex
2245 679 2429 739 partes
2455 670 2717 744 intelligo,
2764 674 2818 729 id
2840 684 2944 741 est,
2994 685 3260 746 quantum
3292 681 3371 737 sol
3398 683 3455 739 in
3484 687 3734 743 zodiaca

2091 774 2098 784 ‘
2126 776 2218 815 sex
2245 762 2434 818 diebus
2464 766 2683 820 conﬁcit
2717 765 2945 823 itineris.
2973 767 3214 826 Punctus
3243 772 3526 843 siquidem
3560 778 3734 833 habet

2125 859 2238 905 tres
2260 860 2465 920 partes,
2520 855 2646 924 quia
2678 856 2889 927 signum
2920 860 3169 931 quodque
3218 864 3408 920 decem
3454 877 3732 936 punctos,

2125 942 2347 1015 triginta
2369 953 2551 1015 partes
2581 946 2762 1002 habet.
2796 949 2862 1003 Et
2890 966 2959 1006 ne
2987 952 3220 1020 suspicio
3250 955 3347 1010 tibi
3379 954 3537 1013 forte
3564 973 3735 1028 argu-

2125 1036 2291 1090 menti
2350 1035 2585 1092 fallentis
2634 1040 2852 1106 incidat,
2905 1057 3088 1111 quaere
3116 1044 3183 1098 ad
3224 1046 3569 1104 diametrum
3600 1044 3730 1105 caeli

2070 1201 2073 1204 ν
2125 1129 2267 1200 quod
2291 1131 2533 1201 quintam
2559 1131 2823 1188 decimam
2870 1135 3052 1190 lunam
3081 1144 3265 1193 tenere
3301 1154 3467 1195 nemo
3490 1140 3601 1210 qui
3637 1140 3736 1195 du-

2122 1220 2275 1278 bitet.
2309 1222 2606 1295 Multiplica
2636 1227 2941 1296 quindecim
2975 1244 3074 1301 per
3096 1240 3346 1300 quatuor,
3388 1233 3543 1289 ﬁunt
3574 1250 3736 1291 sexa-

2124 1312 2312 1385 ginta;
2346 1317 2548 1386 partirc
2601 1333 2696 1388 per
2725 1319 2936 1387 decem,
2969 1322 3146 1378 sexies
3194 1324 3317 1380 deni
3354 1326 3577 1382 sexais.
3625 1326 3733 1383 Sex

2124 1406 2267 1459 enim
2316 1407 2487 1476 signis
2518 1407 2723 1462 decima
2750 1410 2956 1479 .quinta
2978 1410 3105 1468 luna
3135 1428 3366 1485 semper,
3395 1416 3453 1469 id
3486 1424 3615 1481 est,
3652 1417 3731 1471 di-

2122 1496 2289 1553 midio
2319 1497 2542 1567 sphaera:
2576 1499 2812 1556 caelestis
2845 1518 2875 1555 a
2919 1502 3032 1557 sole
3063 1502 3419 1572 discernitur,
3444 1506 3576 1560 sive
3607 1516 3731 1562 ante

2124 1601 2216 1642 seu
2254 1594 2399 1643 retro
2426 1591 2749 1661 respexeris.
2784 1592 3024 1664 Denique
3051 1596 3238 1650 orbem
3264 1594 3430 1663 lunae,
3459 1599 3733 1667 quotiens

2121 1678 2459 1750 plerissimus
2486 1690 2588 1749 est,
2618 1692 2806 1739 contra
2838 1684 3004 1741 solem
3037 1688 3216 1742 cernis
3241 1690 3595 1760 oppositum,
3634 1690 3731 1746 hu.

2122 1771 2304 1826 milcm
2356 1774 2606 1830 videlicet
2653 1775 2764 1831 sole
2817 1778 3055 1845 sublimi,
3086 1787 3140 1835 et
3170 1781 3462 1836 sublimem
3492 1783 3725 1837 humili.

2048 1864 2098 1929 Β
2129 1874 2154 1903 α
2195 1863 2329 1931 Quia
2367 1866 2622 1923 nimirum
2667 1884 2788 1924 cum
2815 1870 2926 1926 sole
2981 1873 3227 1928 aestivum
3276 1882 3498 1931 tenente
3533 1876 3727 1931 circu-

2124 1951 2233 2008 lum
2258 1955 2414 2026 plcna
2460 1967 2561 2023 est,
2594 1959 2711 2029 ipsa
2757 1968 2903 2016 tenet
2953 1964 3294 2033 prumalem;
3328 1981 3455 2020 cum
3489 1967 3621 2022 sole.
3654 1969 3731 2022 di-

2120 2060 2257 2101 vexo
2286 2048 2655 2126 imprumalcm
2684 2051 2841 2120 plena
2869 2062 2975 2121 est,
3019 2055 3191 2126 ipsum
3238 2057 3511 2112 solstitiali
3560 2075 3729 2113 scan-

2120 2137 2248 2194 dere
2276 2140 2479 2194 circulo
2504 2122 2616 2195 nox
2640 2141 2951 2213 longissima
2981 2122 3178 2216 prodit.
3211 2147 3281 2201 At
3318 2164 3445 2203 cum
3477 2149 3591 2204 iste
3622 2151 3725 2206 hoc

2118 2233 2520 2301 mquinoctium,
2563 2235 2615 2288 in
2642 2236 2937 2306 plenilunio
2969 2248 3079 2294 tum
3109 2239 3197 2295 illa
3229 2242 3465 2297 alterum
3501 2258 3717 2301 servat.

2119 2324 2185 2380 Et
2233 2335 2362 2397 quot
2414 2328 2659 2397 partibus
2695 2330 2773 2383 sol
2828 2331 3211 2400 mquinoctium
3265 2334 3351 2388 vel
3382 2334 3713 2403 solstitium,

2118 2419 2262 2489 quod
2290 2421 2599 2490 nuperrime
2630 2420 2976 2488 lustraverat,
3012 2426 3239 2489 transiit,
3276 2426 3511 2483 tmidem
3532 2431 3712 2500 parti-

2118 2512 2220 2569 bus
2246 2513 2369 2569 luna
2393 2515 2548 2585 plena
2572 2517 2655 2571 vel
2683 2519 3067 2588 aequinoctium
3096 2520 3178 2574 vel
3208 2521 3531 2588 solstitium,
3564 2526 3713 2594 quod

2118 2615 2306 2663 contra
2332 2616 2433 2674 est,
2467 2617 2617 2680 patet
2641 2625 2760 2666 esse
2796 2612 3062 2684 ingressa.
3095 2613 3240 2668 DlSC.
3266 2614 3393 2670 Post
3434 2626 3573 2685 quot
3600 2619 3716 2673 dies

2115 2700 2197 2756 sol
2249 2701 2395 2756 illam
2444 2711 2652 2772 partem
2700 2704 2824 2759 coeli
2871 2707 3197 2761 conscendet
3246 2708 3313 2761 ad
3368 2725 3537 2779 quam
3584 2710 3712 2767 luna

2116 2791 2276 2846 tertia
2313 2794 2635 2862 perveniet?
2675 2795 2818 2852 hinc.
2882 2796 3067 2853 Mense
3104 2807 3217 2853 toto
3252 2806 3311 2853 et
3351 2797 3552 2856 diebus
3589 2818 3707 2857 sex.

2692 2906 2918 2963 CAPUT
2954 2908 3113 2965 XLII.

2222 2976 2599 3045 Argumentum
2638 2977 2706 3033 ad
2736 2980 3153 3050 investigandum
3183 2980 3324 3037 (una:
3354 2999 3599 3038 cursum.

2184 3064 2329 3121 Disc.
2389 3066 2622 3123 Ostende
2680 3069 2811 3125 mihi
2857 3072 3143 3142 quomodo.
3186 3073 3325 3130 MAG.
3391 3075 3487 3130 Sol
3537 3078 3712 3147 igitur

2115 3154 2356 3224 quotidie
2385 3164 2595 3226 partem
2651 3174 2814 3214 unam
2864 3160 3068 3217 zodiaci
3101 3163 3190 3242 sui
3229 3165 3485 3236 complet.
3518 3164 3712 3238 Neque

2040 3234 2085 3302 C
2116 3246 2261 3301 enim
2299 3246 2442 3303 aliud
2497 3260 2679 3319 partes
2726 3252 2935 3309 zodiaci
2989 3270 3155 3327 quam
3178 3237 3548 3329 quotidianos
3577 3260 3709 3317 solis

2116 3338 2170 3393 in
2217 3339 2354 3395 coelo
2410 3342 2612 3396 sentire
2674 3342 2932 3399 debemus
2997 3362 3334 3417 progressus.
3387 3346 3545 3405 Luna
3576 3366 3708 3406 vero

2115 3432 2353 3502 quotidie
2387 3431 2643 3488 tredecim
2694 3444 2878 3505 partes
2912 3434 3152 3504 ejusdem
3200 3438 3409 3495 zodiaci
3462 3441 3707 3509 conﬁcit,

2113 3525 2166 3580 id
2195 3534 2294 3590 est,
2328 3533 2556 3596 punctos
2603 3537 2838 3597 quatuor
2875 3538 2930 3585 et
2957 3547 3120 3587 unam
3165 3542 3399 3604 partem.
3460 3533 3534 3589 Et
3579 3538 3705 3607 quia

2112 3614 2200 3670 illa
2228 3617 2487 3672 tredecim
2520 3627 2723 3688 partes,
2777 3619 2857 3675 sol
2886 3637 3047 3676 unam
3097 3623 3349 3693 complet,
3406 3625 3538 3680 inde
3567 3626 3701 3694 ﬁeri,

2110 3716 2172 3763 ut
2207 3724 2365 3778 supra
2393 3711 2691 3789 docuimus,
2719 3729 2826 3768 non
2874 3714 2993 3786 plus
3044 3716 3361 3784 quotidiana
3408 3734 3701 3791 progressu

2112 3818 2143 3857 a
2171 3802 2281 3858 sole
2337 3820 2500 3875 quam
2541 3807 2819 3876 quaternis
2868 3808 3101 3878 punctis,
3155 3809 3259 3864 hoc
3288 3819 3397 3875 est,
3438 3810 3702 3869 duodenis

2109 3895 2355 3964 partibus
2382 3894 2684 3968 elongetur.
2710 3898 2883 3955 Ponat
2909 3916 3037 3971 ergo
3084 3898 3268 3957 lunam
3294 3902 3527 3958 ubilibet
3558 3921 3698 3961 eom-

2108 3976 2567 4059 putare'voluerit,
2601 3999 2661 4042 ut
2708 3998 2838 4060 puta
2889 3990 2944 4045 in
2972 3990 3227 4049 Kalendis
3281 3989 3534 4049 Januarii
3582 3995 3699 4067 pri-

2108 4093 2253 4133 mam
2286 4097 2298 4133 :
2333 4078 2449 4134 haec
2471 4078 2563 4135 ubi
2594 4080 2769 4152 prima
2801 4090 3011 4138 noctem
3060 4084 3313 4157 diemque
3341 4089 3699 4159 transegerit,

2108 4168 2258 4226 illum
2287 4169 2409 4227 coeli
2444 4170 2620 4228 locum
2658 4181 2806 4229 tenet
2833 4190 2992 4245 quem
3023 4176 3101 4233 sol
3126 4176 3336 4233 decimo
3368 4180 3536 4234 tertio
3561 4178 3700 4248 ejus-

2108 4260 2231 4317 dem
2278 4263 2480 4318 mensis
2514 4262 2599 4319 die
2643 4264 2927 4336 completo.
2960 4264 3063 4322 Ubi
3112 4266 3217 4324 duo
3255 4277 3362 4336 est,
3393 4270 3694 4341 multiplica

2108 4350 2215 4409 duo
2238 4368 2339 4423 per
2364 4362 2615 4423 quatuor,
2656 4353 2791 4409 ﬁunt
2837 4362 3063 4426 septem.
3121 4356 3254 4415 item
3284 4366 3347 4415 ut
3383 4361 3451 4415 de
3476 4363 3695 4432 punctis

2107 4442 2176 4499 ad
2199 4452 2381 4515 partes
2404 4445 2710 4516 pervenias,
2739 4445 3036 4518 multiplica
3067 4456 3190 4504 octo
3226 4464 3328 4521 per
3355 4456 3536 4515 terna,
3562 4453 3696 4507 ﬁunt

2106 4535 2300 4604 viginti
2332 4544 2579 4607 quatuor.
2636 4535 2785 4591 illam
2809 4553 2936 4610 ergo
2975 4537 3096 4597 caeli
3124 4548 3337 4613 partem
3390 4551 3545 4600 tenet
3570 4544 3689 4601 luna

502 4612 644 4669 DiSC.
684 4614 867 4687 ipsum
890 4630 1266 4692 argumentum
1294 4598 1490 4684 veilem
1529 4640 1590 4687 ut
1634 4632 1768 4691 mihi
1794 4633 2000 4693 edisse-
2028 4598 2085 4663 Ῑ)
2109 4598 2427 4683 secunda-in
2463 4637 2655 4698 quarto
2685 4627 2823 4683 Non.
2856 4598 3096 4687 ianuarii
3124 4598 3291 4703 quam
3322 4632 3405 4689 sol
3434 4636 3691 4690 vicesimo

427 4718 517 4762 ras
534 4709 560 4762 ?
593 4708 733 4767 ωε.
773 4710 926 4769 Luna
945 4717 1186 4784 quotidie
1212 4726 1444 4790 quatuor
1466 4726 1701 4794 punctis,
1737 4727 1849 4783 sive
1877 4744 1998 4786 cre-

422 4811 585 4853 scens
603 4810 634 4853 a
663 4801 777 4857 sole
811 4802 1021 4875 longius
1048 4806 1186 4875 abit,
1234 4810 1348 4867 sive
1379 4813 1698 4874 decrescens
1745 4818 1845 4876 soli
1870 4821 2003 4878 vici-

422 4890 548 4945 nior
575 4904 741 4961 quam
788 4894 965 4965 pridie
1015 4896 1192 4955 fuerat
1247 4901 1511 4960 redditur.
1547 4904 1769 4980 Singula
1818 4918 2000 4968 autem

422 4982 576 5052 signa
616 4983 800 5040 decem
848 4996 1077 5058 punctos
1118 4989 1339 5060 habent,
1393 4995 1449 5051 id
1496 5005 1597 5065 est,
1639 4998 1774 5056 duas
1811 4999 1995 5069 horas,

422 5074 563 5128 sicut
590 5083 647 5130 et
672 5078 921 5148 superius
949 5081 1345 5141 admonuimus.
1378 5086 1626 5159 Quinque
1647 5091 1790 5146 enim
1811 5092 1999 5161 puncti

423 5169 476 5223 in
512 5170 637 5226 luna
670 5171 860 5229 horam
896 5174 1120 5232 faciunt.
1150 5177 1219 5233 Et
1272 5180 1394 5236 ideo
1446 5184 1490 5238 si
1518 5185 1602 5237 vis
1640 5184 1780 5240 scire
1807 5184 1861 5239 in
1890 5201 1997 5256 quo

421 5260 576 5335 signo
600 5262 725 5319 luna
754 5273 857 5333 est,
886 5283 1037 5323 sume
1064 5268 1247 5326 lunam
1286 5286 1446 5342 quam
1491 5273 1749 5341 volueris,
1778 5284 1837 5331 ut
1864 5285 1995 5347 puta

420 5350 684 5419 quintam,
712 5355 1009 5427 multiplica
1042 5375 1140 5431 per
1168 5369 1426 5432 quatuor,
1454 5363 1590 5417 ﬁunt
1612 5364 1802 5435 viginti
1828 5383 1842 5433 ;
1870 5382 1995 5437 par-

422 5443 525 5498 tire
550 5457 649 5514 per
692 5447 900 5515 decem,
942 5450 1026 5508 bis
1079 5454 1339 5509 denivies.
1392 5453 1608 5510 Duobus
1657 5472 1785 5527 ergo
1826 5459 1991 5530 signis

417 5534 607 5605 quinta
637 5535 764 5593 luna
786 5554 1000 5612 semper
1028 5543 1195 5598 asole
1236 5543 1417 5598 distat.
1469 5543 1602 5600 item
1652 5562 1804 5603 sume
1849 5558 1994 5605 octa-

415 5636 541 5681 vam
584 5623 787 5697 lunam,
841 5632 1141 5704 multiplica
1186 5646 1286 5702 per
1317 5644 1570 5703 quatuor,
1608 5635 1743 5690 ﬁunt
1772 5639 1990 5710 triginta

2078 4724 2302 4789 .quarto
2327 4716 2394 4773 ab
2422 4718 2548 4775 hinc
2585 4719 2671 4775 die
2693 4721 2956 4777 confecto.
2989 4721 3092 4779 Ubi
3118 4731 3228 4781 tres
3253 4733 3360 4791 est,
3391 4725 3691 4796 multiplica

2105 4810 2211 4865 tria
2243 4824 2344 4882 per
2374 4818 2627 4881 quatuor,
2675 4811 2812 4867 ﬁunt
2864 4812 3164 4870 duodecim.
3198 4815 3419 4873 Partire
3464 4834 3565 4888 per
3603 4821 3691 4872 de-

2105 4916 2244 4967 cem,
2277 4903 2456 4957 decies
2484 4916 2603 4959 asse
2633 4903 2816 4969 decus,
2852 4910 2909 4960 et
2941 4915 3222 4962 remanent
3251 4907 3357 4965 duo
3392 4911 3611 4980 puncti,
3638 4909 3689 4964 id

2105 4997 2209 5058 est,
2236 5006 2331 5047 sex
2357 5000 2560 5063 partes.
2614 4991 2764 5049 illam
2791 5008 2920 5066 ergo
2968 4995 3092 5052 coeli
3144 5005 3353 5068 partem
3383 5006 3536 5054 tenet
3567 4998 3687 5053 luna

2106 5094 2301 5159 quarta
2334 5089 2388 5142 in
2420 5087 2579 5144 tertio
2621 5084 2758 5144 Non.
2792 5085 3035 5145 Januarii
3063 5105 3225 5161 quam
3255 5091 3335 5148 sol
3364 5108 3555 5147 mense
3580 5101 3687 5148 toto

2103 5188 2161 5238 et
2194 5182 2382 5237 diebus
2414 5196 2527 5237 sex.
2566 5180 2699 5238 Post
2722 5182 2941 5236 tertium
2997 5181 3134 5240 Non.
3180 5181 3423 5240 Januarii
3454 5187 3683 5255 exactis,

2102 5271 2158 5330 id
2185 5282 2268 5329 est
2291 5282 2465 5341 sexto,
2505 5282 2627 5346 post
2656 5274 2876 5332 tertium
2904 5273 3043 5330 Non.
3089 5275 3373 5332 Februarii
3410 5278 3499 5332 die
3549 5296 3685 5365 con:

2100 5374 2389 5422 summato.
2421 5366 2488 5420 Et
2520 5372 2581 5421 ut
2613 5365 2680 5422 ad
2716 5379 2982 5422 summam
3010 5366 3343 5435 perveniam,
3391 5385 3552 5423 sume
3583 5370 3679 5423 tri-

2098 5457 2359 5515 cesimam
2386 5456 2589 5526 lunam,
2622 5473 2742 5529 qum
2766 5465 2895 5513 tunc
2921 5456 2985 5512 ﬁt
3028 5459 3189 5514 tertio
3215 5457 3334 5513 Kal.
3368 5458 3674 5527 Februarii,

2096 5550 2391 5622 multiplica
2446 5568 2544 5623 per
2568 5560 2822 5623 quatuor,
2872 5551 3007 5606 ﬁunt
3052 5560 3268 5608 centum
3294 5553 3523 5624 viginti;
3554 5570 3678 5625 par-

2095 5641 2200 5698 tire
2245 5658 2344 5714 per
2388 5643 2571 5698 decem
2623 5643 2909 5699 duodecies
2941 5644 3063 5698 deni
3097 5659 3193 5699 cen
3221 5645 3357 5699 vics.
3388 5644 3483 5699 illa
3520 5655 3673 5717 parte

414 5718 560 5788 duo;
591 5721 797 5793 partire
820 5738 919 5795 per
945 5725 1152 5790 decem,
1184 5731 1266 5779 ter
1292 5727 1416 5781 deni
1443 5727 1593 5794 tries,
1627 5738 1681 5783 et
1707 5739 1988 5786 remanent
2063 5726 2067 5731 ’
2098 5734 2217 5789 coeli
2249 5734 2373 5788 luna
2402 5734 2674 5791 tricesima
2706 5735 2877 5791 currit
2902 5751 3062 5806 quam
3086 5733 3373 5794 duodecim
3395 5737 3672 5794 mensibus

484 5823 513 5854 ι
561 5810 696 5872 Vide
755 5814 1011 5873 Cotelerii
1064 5816 1407 5875 Monumenta
1454 5818 1705 5876 Ecclesia:
1756 5819 1977 5890 Graecze,
2020 5830 2149 5882 tom.
2188 5822 2250 5888 il,
2278 5824 2547 5892 pag.550.
