3946 6454
262 408 371 470 695
1548 410 1751 469 LIBER
1783 412 1872 471 DE
1907 411 2252 480 COMPU'I‘O.
3417 421 3520 481 694

263 519 499 587 exactis,
524 517 581 577 id
606 526 715 586 est,
743 524 858 574 toto
907 518 1036 575 anni
1064 517 1271 577 circulo
1314 528 1607 588 transacto,
1635 524 1717 580 sol
1744 524 1840 581 oh-
1865 527 1919 590 Α
1941 525 2105 582 dente
2155 527 2301 593 luna,
2335 527 2380 585 si
2407 536 2550 585 terra
2576 528 2748 599 major
2775 539 2922 589 esset
2968 546 3137 602 quam
3162 532 3310 602 luna,
3343 536 3519 595 omni-

264 620 515 715 ienturus
547 610 744 715 est..Et
772 612 1084 715 notandum.
1112 614 1257 684 quod
1284 614 1474 671 decem
1691 616 1840 683 bene
1939 618 2040 674 bus
2059 626 2241 679 autem
2263 619 2420 677 annis
2462 618 2581 681 fieri
2606 621 2888 693 utriusque
2927 622 3121 681 sideris
3145 624 3387 682 defectus
3411 635 3520 683 sta-

264 719 385 810 qua:
412 712 570 810 extra
603 704 841 810 tricenas
861 704 1481 810 .in_.unoquoque
1510 708 1669 780 signo
1688 718 1838 776 sunt,
1942 710 2281 771 tutis'diebus
2308 713 2567 784 horisque
2606 716 2709 775 sub
2741 704 2909 783 terra,
2937 730 3039 773 nec
3067 725 3247 773 tamen
3282 733 3405 774 cum
3430 735 3521 775 su-

265 798 399 903 quia
446 796 663 903 plenam
710 804 924 903 partem
966 797 1154 903 viginti
1186 808 1422 903 quatuor
1448 802 1841 903 horarumnon
1939 815 2111 873 perae
2131 802 2283 870 ﬁant,
2312 804 2511 877 ubique
2549 807 2701 865 cerni
2751 807 3044 878 aliquando
3066 802 3286 880 propter
3314 811 3520 877 nubila,

263 890 518 996 “ddunt,
570 889 731 951 simul
780 891 1085 996 computari
1139 892 1500 996 negliguntur,
1552 894 1649 951 sed
1700 894 1841 953 infra
1941 894 2141 965 saepius
2174 894 2333 968 globo
2367 894 2525 953 terrae
2555 898 2807 955 obstante
2856 900 3285 959 convexitatibus
3313 902 3517 959 mundi.

262 985 589 1059 praedictum
606 999 893 1053 numerum
944 984 1230 1043 duodecim
1282 987 1555 1051 mensium
1594 1002 1844 1060 contpre-
2498 990 2725 1049 CAPUT
2763 991 2963 1050 XLVII.

262 1074 593 1141 henduntur.
2270 1080 2372 1139 Ubi
2404 1084 2635 1156 eclypsin
2660 1087 2880 1152 non'sit,
2910 1096 2959 1142 et
2980 1104 3163 1158 quare.

842 1167 1068 1227 CAPUT
1117 1167 1305 1231 XLIII.
2015 1173 2266 1233 Defectus
2306 1177 2435 1234 solis
2462 1194 2526 1235 ac
2568 1179 2710 1236 lunae
2763 1182 3101 1251 vespertinos
3154 1178 3392 1240 Orientis
3441 1181 3523 1237 im

441 1262 821 1333 Argumentum
843 1263 908 1319 de
929 1280 989 1320 eo
1011 1272 1136 1335 quot
1159 1264 1304 1320 horis
1324 1263 1453 1321 luna
1471 1262 1665 1323 luceat.
1945 1266 2076 1323 colae
2104 1284 2212 1325 non
2239 1269 2498 1337 sentiunt,
2527 1285 2630 1327 nec
2656 1274 2953 1329 matutinos
2974 1274 3043 1330 ad
3087 1288 3342 1331 occasum
3371 1272 3527 1329 habi-

266 1447 281 1461 .
524 1353 731 1411 Vellem
758 1361 822 1461 ut
872 1370 970 1426 per
1004 1365 1392 1461 argumentum
1432 1355 1659 1461 aliquod
1710 1357 1845 1416 mihi
1947 1364 2144 1423 tantes,
2200 1360 2451 1415 obstante
2478 1362 2639 1432 globo
2687 1370 2978 1419 terrarum.
3026 1362 3213 1434 Neque
3241 1364 3385 1420 enim
3416 1378 3525 1419 nox

264 1449 551 1553 intimares
874 1451 1076 1523 possim
1115 1453 1570 1553 eomprebendere
1598 1460 1732 1553 quot
1750 1454 1847 1510 ho-
1945 1457 2040 1552 aut
2061 1449 2197 1517 dies,
2232 1453 2479 1522 quamvis
2530 1454 2721 1508 eadem
2748 1462 2865 1510 toto
2890 1455 3022 1510 orbe
3049 1454 3209 1510 simul
3233 1463 3316 1510 est
3359 1469 3529 1524 oppo-

262 1541 343 1597 ris
397 1557 495 1612 per
549 1542 788 1615 singulas
837 1552 1026 1601 noctes
1063 1559 1176 1601 suae
1220 1545 1397 1603 aetatis
1450 1544 1577 1609 luna
1612 1545 1840 1603 luceret.
1946 1541 2050 1597 sita
2078 1541 2224 1613 globi
2248 1551 2465 1599 noctem
2506 1550 2601 1598 aut
2623 1544 2829 1600 ambitu
2861 1544 3005 1601 diem
3033 1545 3331 1601 adferente.
3367 1544 3527 1599 Tem-

263 1636 405 1696 ΗΔΕ.
449 1637 507 1695 Si
540 1640 621 1697 vis
669 1641 812 1699 scire
839 1650 972 1713 quot
1000 1642 1166 1698 horas
1209 1641 1390 1700 luceat
1414 1640 1541 1699 luna
1570 1642 1843 1712 qualibet,
1945 1648 2078 1704 pore
2101 1634 2246 1690 enim
2272 1634 2567 1690 Alexandri
2600 1634 2777 1709 Magni
2830 1636 2959 1692 luna
3004 1636 3202 1693 defecit
3245 1638 3300 1693 in
3323 1625 3547 1692 Arabia.

265 1737 391 1787 tene
420 1739 637 1789 aetatem
674 1732 815 1789 lum:
869 1734 936 1791 de
978 1749 1088 1804 qua
1138 1732 1391 1803 inquiris.
1429 1732 1723 1803 multiplica
1748 1746 1846 1803 per
1947 1724 2083 1781 hora
2110 1726 2286 1782 noctis
2330 1726 2589 1793 secunda,
2618 1727 2917 1797 eademque
2945 1727 3000 1781 in
3036 1726 3222 1782 Sicilia
3250 1726 3523 1781 exoriens.

262 1832 519 1925 quatuor,
701 1825 877 1896 prima
904 1824 1031 1885 luna
1055 1832 1290 1896 quatuor
1312 1824 1846 1925 punctislucet.
1869 1893 1919 1925 Ὠ
1945 1820 2017 1877 Et
2071 1821 2202 1925 solis
2250 1820 2520 1925 defectum
2569 1822 2663 1893 qui
2715 1820 2816 1877 fuit
2866 1821 3084 1891 lspanio
3133 1828 3189 1875 et
3234 1819 3527 1890 Frontegio

253 1893 719 1985 jiciturquehicv
742 1933 1005 1975 numerus
1051 1893 1092 1972 ἆ
1136 1893 1373 1975 secunda
1429 1918 1557 1979 luna
1604 1916 1846 1989 quotidie
1869 1893 1921 1957 Β
1947 1913 2258 1970 consulibus
2285 1930 2341 1969 χι
2389 1913 2509 1968 Kal.
2548 1912 2693 1980 Maii,
2734 1912 3027 1983 Campania
3071 1914 3206 1967 hora
3234 1912 3343 1966 diei
3387 1911 3529 1967 inter

261 2019 436 2075 usque
457 2006 527 2061 ad
551 2006 926 2077 plenilunium,
958 2008 1371 2079 detrahiturque
1396 2010 1592 2067 dehinc
1622 2010 1846 2081 paribus
1949 2004 2234 2075 septimam
2265 2011 2321 2058 et
2346 2011 2617 2070 octavam,
2665 2002 2925 2059 Armenia
2976 2002 3121 2058 inter
3172 2002 3438 2058 decimam
3473 2008 3532 2055 et

260 2096 458 2201 spatiis
487 2096 545 2152 in
572 2098 1002 2201 diminutionem,
1051 2100 1303 2171 lucetque
1343 2102 1465 2172 pari
1514 2103 1677 2158 modo
1717 2102 1848 2158 luna
1945 2095 2290 2153 undecimam
2325 2095 2512 2150 sensit.

262 2189 442 2259 prima
481 2197 536 2245 et
588 2191 860 2247 tricesima
905 2193 1140 2249 secunda
1188 2203 1244 2250 et
1270 2194 1530 2251 vicesima
1576 2210 1739 2253 nona.
1778 2195 1848 2251 Et
2444 2189 2670 2247 CAPUT
2696 2188 2927 2247 XLVIII.

262 2278 388 2337 ideo
414 2282 461 2337 si
493 2298 652 2339 nosse
696 2284 854 2350 velis,
885 2276 1038 2342 vel-hi
1074 2287 1269 2357 gratia,
1321 2296 1451 2357 quo;
1475 2287 1638 2344 horas
1664 2288 1847 2345 luceat
2233 2261 2307 2318 De
2332 2261 2527 2317 indicio
2553 2271 2600 2316 et
2628 2262 2881 2333 qualitate
2902 2259 3254 2331 planetarum.

262 2371 393 2428 luna
446 2373 653 2444 quinta,
683 2348 982 2447 multiplica
1035 2348 1277 2449 qﬁinqué
1326 2348 1425 2449 ῥεῖ
1452 2394 1669 2445 novem,
1710 2378 1848 2434 ηωη
2019 2357 2165 2413 Drsc.
2203 2355 2300 2411 Dic
2323 2355 2456 2410 mihi
2483 2370 2589 2426 quo
2623 2353 2803 2410 colore
2833 2352 2943 2409 sint
2971 2351 3219 2422 planetae,
3253 2348 3298 2405 si
3325 2348 3528 2419 possim

260 2464 491 2537 Viginti;
521 2469 726 2538 partire
752 2441 861 2540 pet:
878 2441 1116 2541 quinque
1377 2471 1552 2542 quini,
1606 2441 1745 2529 ᾒέιηι
1768 2472 1848 2528 vi.
1947 2465 2042 2511 eas
2077 2450 2205 2506 inde
2234 2463 2584 2522 cognoscere,
2634 2455 2689 2502 et
2726 2455 2910 2502 utrum
2956 2452 3167 2499 mutent
3211 2441 3418 2498 colores
3460 2456 3531 2495 an

261 2555 439 2629 ginti:
473 2566 704 2629 quatuor
733 2529 1061 2617 borasducet
1084 2529 1211 2617 luna
1243 2529 1453 2634 quinta.
1481 2529 1848 2621 Similitervi-
1947 2558 2076 2605 Ποῖι·
2110 2541 2251 2600 Μλῧο
2287 2540 2429 2596 Suus
2452 2538 2669 2609 qnidem
2701 2536 2997 2607 ιιηίουίίίιιθ
3033 2533 3182 2590 001οΓ
3207 2541 3314 2599 εει,
3341 2529 3531 2586 satu"

260 2646 465 2704 Desidia
511 2648 720 2720 quinta.
769 2649 903 2707 Item
932 2652 977 2707 si
1010 2651 1096 2708 vis
1134 2622 1280 2710 scire-
1303 2662 1436 2727 quo:
1463 2656 1626 2713 horas
1664 2655 1845 2713 luceat
1946 2653 2019 2695 no
2067 2636 2349 2699 candidus,
2406 2632 2527 2689 Jovi
2571 2631 2769 2697 clarus,
2821 2628 2979 2684 Marti
3031 2628 3249 2700 igneus;
3280 2622 3532 2681 Lucifero

260 2734 393 2797 luna
424 2714 654 2807 decima,
711 2741 1008 2813 multiplica
1054 2744 1251 2803 decem,
1269 2714 1367 2816 per
1412 2755 1668 2818 quatuor,
1708 2746 1847 2805 ﬁunt
1947 2733 2209 2811 gaudens,
2238 2729 2480 2799 Vespero
2508 2724 2799 2797 refulgens,
2830 2720 3100 2777 Mercurio
3122 2718 3360 2781 radians,
3391 2714 3533 2770 luna:

263 2834 659 2905 quadraginta;
687 2807 898 2906 partire
922 2852 1019 2908 per
1048 2807 1288 2910 quinque
1307 2807 1480 2897 όοιίᾷε
1511 2807 1683 2911 «μίηῇ
1709 2840 1848 2899 ﬁunt
1946 2807 2197 2886 blandus,
2227 2820 2348 2886 soli,
2380 2834 2504 2875 cum
2534 2819 2727 2883 oritur,
2759 2813 2975 2882 ardens,
3006 2820 3196 2884 postea
3222 2807 3529 2880 splendens.

262 2925 620 2997 quadraginta
649 2944 664 2982 :
694 2934 820 2985 octo
866 2927 1029 2995 horas
1052 2927 1198 2991 lucet
1222 2929 1351 2987 luna
1380 2930 1611 2992 decima.
1644 2929 1847 2995 suum.

264 3025 349 3077 ωι-
373 3025 429 3076 et
455 3019 733 3079 vicesima.

830 3110 1059 3171 CAPUT
1091 3113 1277 3172 XLIV.

555 3199 633 3257 De
657 3202 1017 3275 magnitudine
1038 3205 1168 3262 solis
1192 3206 1299 3263 sive
1324 3206 1489 3264 (ante.

1948 2916 2059 2974 Sed
2116 2914 2325 2972 colores
2350 2912 2491 2967 ratio
2518 2910 2862 2967 altitudinem
2918 2912 3202 2975 temperat.
3254 2899 3533 2972 Siquidem

1948 3023 2139 3065 earum
2184 3004 2594 3063 similitudinem
2642 3003 2866 3058 trahunt
2892 2999 2946 3055 in
2978 3011 3210 3070 quarum
3232 3007 3413 3049 aerem
3441 3004 3535 3046 ve-

1947 3115 2082 3157 nere
2125 3086 2445 3163 subeundo;
2481 3095 2785 3168 tinguitque
2816 3093 2883 3148 ad
2910 3090 3338 3165 propinquantes
3382 3090 3533 3138 utra-

1949 3192 2083 3249 iibet
2129 3193 2291 3249 alieni
2343 3198 2555 3247 meatus
2577 3188 2835 3256 circulus,
2890 3184 3141 3257 frigidior
3168 3182 3225 3237 in
3249 3178 3532 3251 pallorem,

334 3288 481 3351 Dtsc.
529 3291 607 3349 De
633 3294 1004 3367 magnitudine
1023 3296 1155 3353 solis
1183 3304 1238 3354 et
1266 3260 1633 3355 vellem
1660 3304 1721 3357 ut
1744 3297 1844 3354 ali-
1873 3260 1923 3327 C
1953 3285 2231 3342 ardentior
2278 3284 2335 3340 in
2361 3282 2642 3348 ruborem,
2692 3286 2950 3336 ventosus
2998 3276 3056 3332 in
3084 3275 3385 3330 horrorem.
3441 3266 3535 3325 Sol

263 3396 370 3453 Qua
394 3384 626 3443 diceres.
657 3385 796 3445 Man.
832 3387 973 3445 Solis
1001 3390 1184 3462 ignem
1208 3390 1396 3449 dicunt
1438 3406 1580 3463 aqua
1624 3393 1844 3463 nutriri,

263 3476 543 3550 multoque
570 3479 715 3539 hunc
738 3480 866 3538 luna
915 3483 1261 3555 ampliorem,
1311 3485 1495 3542 lunam
1535 3502 1667 3544 vero
1697 3496 1846 3547 terra

261 3583 383 3630 esse
412 3570 701 3641 maiorem,
754 3574 899 3633 unde
934 3582 990 3631 et
1013 3576 1223 3632 cunctis
1251 3577 1411 3635 unius
1457 3568 1847 3652 magnitudinis

258 3673 544 3735 appareat.
568 3663 722 3732 Quod
752 3666 898 3725 enim
931 3666 1015 3725 sol
1055 3668 1306 3725 cubitalis
1348 3668 1617 3738 videatur,
1664 3671 1845 3730 nimiae

257 3754 600 3815 celsitudinis
647 3757 906 3815 distantia
952 3759 1104 3817 facit.
1168 3762 1422 3834 Alioquin
1473 3763 1648 3835 major
1697 3766 1845 3827 ludis

263 3847 471 3915 oriens,
501 3858 561 3907 et
602 3849 880 3917 Britannis
906 3863 1195 3925 appareret
1245 3856 1519 3915 occidens.
1573 3857 1677 3926 Qui
1716 3860 1847 3919 dum

262 3945 460 3992 natura
497 3939 570 3995 sit
594 3939 804 4012 igneus,
835 3953 987 4007 motu
1033 3962 1250 4018 quoque
1286 3948 1452 4004 nimio
1480 3949 1717 4005 calorem
1746 3951 1844 4006 ad-

262 4044 446 4108 auget.
476 4036 577 4095 llic
607 4053 770 4101 cum
791 4029 1044 4101 variante
1085 4044 1201 4102 dies
1245 4052 1301 4102 et
1326 4059 1565 4114 menses,
1597 4055 1843 4118 tempora

259 4127 455 4193 dividit
473 4136 531 4186 et
554 4144 745 4198 annos,
777 4132 1033 4203 aerisque
1082 4134 1399 4205 temperiem
1420 4134 1730 4195 accedendo
1755 4135 1843 4192 vel
1904 4188 1911 4193 κ

256 4219 561 4285 medendo
602 4236 704 4293 pro
748 4230 1049 4295 temporum
1093 4226 1305 4283 ratione
1350 4226 1650 4299 dispensat,
1687 4242 1759 4287 ne
1789 4228 1842 4287 si

258 4325 475 4383 semper
507 4313 569 4371 in
598 4313 811 4377 hisdem
860 4324 1170 4379 moraretur
1192 4317 1352 4388 locis,
1377 4318 1483 4379 alia
1532 4319 1704 4390 calor,
1733 4318 1842 4383 alia

257 4402 431 4477 friget
457 4406 791 4469 absumeret.

857 4498 1090 4567 CAPUT
1121 4499 1287 4563 XLV.

683 4590 763 4648 De
786 4598 984 4653 uatum
1017 4600 1071 4649 et
1103 4592 1211 4649 situ
1234 4591 1397 4653 tuum.

1952 3385 2113 3447 atque
2178 3375 2549 3433 commissurae
2611 3370 2859 3445 apsidum
2923 3374 3286 3435 extremaeque
3343 3358 3535 3416 orbita:

1949 3476 2126 3531 atram
2149 3468 2209 3525 in
2238 3467 2648 3525 obscuritatem.
2678 3462 2826 3519 Drsc.
2853 3460 2973 3530 Quo
3006 3466 3188 3514 autem
3217 3455 3272 3511 in
3303 3450 3536 3510 loco.vel

1949 3562 2006 3619 in
2034 3561 2230 3634 quibus
2264 3560 2433 3632 signis
2471 3569 2601 3634 sunt
2652 3558 2708 3613 in
2734 3553 3036 3628 praesenti?
3070 3550 3210 3608 MAG.
3248 3547 3404 3603 Modo
3440 3561 3534 3601 au—

1950 3663 2084 3722 tem,
2105 3654 2160 3711 id
2188 3662 2294 3720 est,
2324 3630 2783 3709 anno/Dominicae
2806 3644 3199 3704 incarnationis
3235 3640 3359 3705 8*20,
3384 3653 3535 3694 men-

1948 3760 2010 3803 se
2034 3744 2196 3811 Julio,
2236 3759 2382 3803 nona
2420 3743 2507 3798 die
2534 3740 2759 3807 mensis,
2786 3746 2869 3795 est
2897 3737 2977 3792 sol
3002 3736 3057 3791 in
3086 3732 3344 3789 vicesima
3376 3729 3536 3784 tertia

1948 3845 2103 3911 parte
2132 3836 2349 3902 Cancri,
2408 3836 2537 3890 luna
2568 3834 2624 3889 in
2652 3846 2792 3888 nona
2839 3837 2991 3902 parte
3030 3825 3216 3890 Tauri,
3246 3821 3400 3878 stella
3432 3818 3533 3875 Sa-

1949 3909 2098 3985 turni
2126 3927 2181 3983 in
2210 3926 2365 3999 signo
2394 3923 2599 3990 arietis,
2631 3920 2781 3979 Jovis
2834 3919 2889 3975 in
2917 3916 3114 3984 Librae,
3153 3912 3339 3969 Martis
3367 3910 3422 3966 in
3447 3909 3533 3981 pi-

1948 4021 2141 4076 scium.
2174 4016 2405 4074 Veneris
2426 4028 2642 4088 quoque
2669 4012 2821 4070 stella
2847 4018 2902 4067 et
2932 4005 3203 4072 Mercurii,
3227 4003 3353 4077 quia
3376 4002 3534 4074 juxta

1948 4109 2118 4169 solem
2146 4108 2200 4165 in
2222 4108 2342 4165 luce
2373 4108 2565 4166 diurna
2586 4105 2746 4162 modo
2777 4112 2926 4171 sunt,
2956 4117 3063 4157 non
3081 4106 3324 4171 apparet,
3348 4095 3404 4151 in
3428 4110 3536 4164 quo

1948 4202 2103 4276 signo
2141 4208 2443 4258 morentur.
2492 4198 2639 4257 DISC.
2682 4195 2893 4253 Caetera
2933 4206 3150 4264 quoque
3197 4188 3376 4245 sidera
3414 4200 3535 4256 qua:

1949 4304 2107 4353 extra
2144 4294 2427 4353 zodiacum
2453 4299 2583 4350 sunt
2628 4296 2756 4362 peto
2781 4294 2843 4343 ut
2868 4283 3108 4343 breviter
3143 4294 3449 4347 enumeres,
3482 4285 3539 4333 et

1947 4404 2070 4462 quae
2105 4403 2137 4443 a
2172 4388 2364 4445 dextra
2405 4394 2583 4461 parte.
2614 4381 2786 4456 ipsius
2838 4367 3066 4446 z‘odiaci,
3119 4386 3306 4448 quaeve
3341 4388 3371 4427 a
3404 4369 3537 4428 sini-

1948 4488 2063 4537 stra
2113 4479 2241 4547 sint,
2282 4476 2575 4533 edisseras.
2609 4470 2751 4529 Mac.
2795 4469 2854 4526 Si
2889 4467 2957 4525 de
2984 4482 3148 4523 cursu
3194 4463 3534 4535 planetarum

1948 4578 2164 4627 tantum
2205 4574 2490 4625 contentus
2524 4578 2697 4630 esses,
2722 4560 2838 4631 jam
2868 4559 3004 4615 satis
3038 4556 3137 4613 tibi
3178 4555 3385 4610 dictum
3413 4564 3535 4607 esse

328 4681 540 4743 Lunam
576 4698 691 4745 non
712 4684 887 4745 minui
916 4636 1019 4743 32¢
1043 4636 1518 4755 mg;
1542 4686 1639 4747 sed
1667 4700 1700 4743 α
1724 4686 1839 4745 me
1868 4636 1928 4700 Ῑ)
1952 4670 2222 4737 putarem.
2274 4657 2380 4714 Sed
2430 4655 2557 4728 quia
2612 4652 2841 4708 nimium
2867 4649 3113 4706 curiosus
3143 4646 3212 4703 ad
3237 4651 3432 4702 caetera
3464 4643 3535 4699 si-

255 4774 829 4850 iliustratamaparte
873 4792 1039 4851 quam
1083 4779 1252 4837 habet
1276 4781 1347 4837 ad
1387 4795 1512 4837 eum
1554 4779 1836 4852 paulatim,

255 4868 347 4933 ul
394 4870 467 4927 ab
506 4883 575 4930 eo
605 4870 933 4939 recedendo,
974 4870 1063 4930 vel
1108 4872 1163 4928 ei
1198 4872 1632 4945 propinquando,
1681 4872 1843 4932 nobis

253 4963 549 5023 nam
597 4974 810 5036 partem
848 4965 1133 5024 revolvere
1163 4965 1255 5023 vel
1284 4974 1461 5025 atram
1497 4975 1558 5024 et
1588 4967 1678 5024 die
1709 4967 1838 5039 qui-

254 5054 383 5115 dem
405 5065 693 5115 crescente
723 5058 974 5129 supinam
997 5058 1148 5115 cerni
1170 5072 1368 5117 novam
1390 5058 1601 5128 lunam,
1622 5067 1687 5118 ut
1708 5067 1843 5134 pote

253 5148 597 5220 superbum
619 5149 745 5218 soli,
774 5158 837 5208 et
855 5150 1129 5222 aquilonia
1163 5152 1233 5213 ad
1253 5153 1605 5217 subeuntem.

827 5242 1055 5303 CAPUT
1095 5242 1281 5302 LXVI.

658 5331 737 5390 De
758 5332 991 5406 adgnita
1012 5334 1143 5397 solis
1161 5335 1268 5393 sive
1292 5334 1455 5393 tum.

325 5419 477 5481 Dleo.
507 5420 1008 5483 DefectusIuminis
1040 5426 1327 5498 utriusque
1352 5427 1549 5486 eidem
1595 5429 1741 5489 unde
1766 5429 1844 5497 sit

252 5528 393 5588 rogo
414 5524 483 5575 ut
505 5517 797 5577 edisseras.
844 5517 985 5577 Hae.
1028 5518 1213 5578 Solum
1236 5521 1547 5581 interventu
1565 5520 1729 5590 tunc,
1753 5523 1845 5580 lu-

526 5619 689 5667 tei-rae
705 5607 923 5708 obiectu
940 5609 1101 5708 nobis
1121 5612 1412 5708 perhibent
1433 5612 1719 5681 occultari,
1741 5614 1839 5672 sed

252 5700 393 5770 niis
411 5700 685 5761 detectum
705 5701 921 5761 nonnisi
948 5702 1243 5761 novissima
1266 5705 1513 5777 priuare
1531 5705 1651 5763 ﬁeri
1683 5705 1839 5774 luna,

252 5806 422 5865 quan
451 5802 649 5857 vocant
695 5796 921 5863 coitum,
968 5795 1110 5854 luna:
1153 5804 1338 5855 autem
1390 5798 1605 5856 nonnisi
1650 5797 1839 5869 plena,

255 5897 371 5953 Νη
392 5899 555 5960 νοω
590 5904 726 5953 ῐθιθ
750 5897 926 5957 totum
976 5883 1148 5955 iolem
1197 5888 1362 5955 adﬁni
1414 5890 1579 5957 terris
1603 5890 1843 5955 interce-

1948 4768 2054 4827 gna
2077 4765 2197 4822 quae
2222 4762 2317 4820 per
2349 4753 2521 4803 totum
2552 4743 2779 4816 sphaerae
2808 4740 3047 4798 caelestis
3091 4738 3352 4794 ambitum
3401 4749 3533 4791 con-

1948 4847 2148 4904 sistunt
2184 4841 2504 4913 inquirendo
2530 4836 2893 4911 progrederis,
2934 4832 3301 4891 necessarium
3334 4843 3458 4884 reor
3478 4833 3538 4880 ut

1949 4936 2121 5012 ipsius
2173 4934 2402 5006 sphaerae
2448 4932 2556 4989 situ
2595 4938 2651 4986 et
2678 4935 2932 4985 naturam
2970 4926 3124 4999 prius
3160 4937 3426 4996 exponam
3454 4936 3539 4977 se-

1950 5031 2188 5091 cundum
2240 5028 2514 5100 majorum
2566 5024 2892 5084 sententiam
2943 5020 3204 5083 breviter,
3244 5023 3301 5074 et
3326 5013 3406 5071 sic
3432 5019 3536 5068 tua:

1946 5124 2364 5200 interrogationi
2391 5123 2461 5182 de
2485 5120 2697 5179 caeteris
2718 5116 3092 5192 respondeam.

2524 5236 2752 5297 CAPUT
2773 5232 2958 5293 XLIX.

1955 5390 1964 5400 .
2517 5326 2598 5386 De
2624 5335 2818 5385 natura
2842 5322 2977 5381 εωιί.

2018 5427 2171 5487 Dtse.
2205 5424 2426 5485 Utinam
2453 5422 2663 5479 facias!
2696 5416 2837 5475 Mss.
2867 5412 3079 5472 Ctelum
3104 5409 3317 5471 subtilis
3334 5406 3536 5482 igneae-

1947 5536 2059 5593 que
2097 5530 2323 5584 natura,
2358 5514 2780 5581 rotundumque,
2816 5514 2873 5566 et
2900 5522 2933 5565 a
2961 5514 3120 5561 terrae
3145 5513 3333 5559 centro
3363 5496 3541 5570 aquis

1951 5614 2145 5688 spatiis
2197 5611 2438 5683 undique
2490 5606 2777 5664 collectum
2810 5610 2913 5660 est.
2960 5598 3116 5657 Unde
3163 5604 3217 5653 et
3260 5602 3535 5688 convexus

1952 5708 2271 5775 mediusque
2299 5714 2623 5774 quacunque
2662 5696 2926 5761 cernitur,
2958 5685 3309 5749 inenarrabili
3336 5678 3534 5739 celeri-

1953 5808 2069 5855 tate
2113 5773 2354 5867 quotidie
2384 5789 2684 5862 circumagi
2725 5785 2998 5858 sapientes
3038 5777 3227 5837 mundi
3256 5773 3531 5867 dixerunt.

1873 5963 1913 5979 η-.
1952 5890 2034 5957 ila
2066 5861 2337 5946 ιιι-ΐυθνθι
2365 5883 2412 5947 εἰ
2441 5897 2548 5951 non
2576 5861 2916 5953 planetarum
2959 5883 3192 5933 occursu
3219 5861 3531 5939 moderam-
