3946 6464
423 424 527 482 695

1076 419 1138 475 Β.
1179 417 1434 476 RABANI
1473 418 1696 477 MAURI
1732 418 2056 476 AIlCHIEP.
2099 417 2412 478 MOGUN'I‘.
2455 419 2739 478 OPERUM
2779 419 2960 477 PARS
2998 419 3040 475 I.

3599 422 3715 482 696

422 549 532 606 tur,
565 546 885 611 argumento
928 536 1170 593 siderum
1194 528 1450 603 nitentes,
1481 549 1602 606 qua:
1653 533 1762 590 fixo
1793 548 2005 605 semper
2031 535 2087 597 Α
2111 531 2316 601 dicunt,
2350 541 2406 589 et
2445 533 2500 588 in
2533 534 2712 590 medio
2763 549 2962 590 urnam
3015 543 3284 591 asserunt.
3318 535 3562 593 Ultimus
3591 553 3716 594 om—

422 646 588 688 cursu
619 626 1032 694 circumvolant,
1061 627 1577 698 septentrionalibus
1610 627 1889 684 breviores
1912 642 2010 701 gy-

421 735 516 776 ros
545 720 691 776 circa
715 718 996 774 cardinem
1019 719 1442 790 peragentibus;
1474 717 1629 790 cujus
1657 718 1896 774 vertices
1917 733 2009 772 ex.

423 823 647 879 tremes,
674 825 781 882 quo
807 810 952 867 circa
976 811 1190 880 sphaera
1211 811 1465 876 volvitur,
1492 809 1647 882 polos
1671 817 2004 882 nuncupant,

419 904 632 976 glaciali
661 905 840 976 rigore
881 905 1240 960 tabescentes.
1275 903 1482 960 Horum
1516 919 1656 960 unus
1688 904 1757 960 ad
1785 916 2004 975 septen-

420 996 703 1054 trionalem
732 997 947 1068 plagam
989 1012 1323 1067 consurgens
1363 997 1587 1063 Boreus,
1619 996 1757 1052 alter
1783 997 2007 1054 divcxus

416 1085 473 1142 in
503 1096 744 1154 austros,
796 1096 1061 1157 terrchue
1113 1088 1412 1158 oppositus,
1469 1087 1726 1142 australis
1756 1096 2003 1155 vocatur,

415 1193 580 1250 quem
607 1180 869 1235 interiora
899 1179 1085 1234 Austri
1115 1178 1396 1251 Scriptura
1417 1190 1607 1236 sancta
1645 1182 1907 1238 nominat.
1946 1182 2005 1238 In

415 1287 524 1342 qua
543 1274 755 1344 sphaara
775 1273 1014 1344 quinque
1035 1272 1268 1329 circulos
1291 1289 1410 1329 esse
1433 1276 1704 1346 sapientes
1727 1275 2000 1330 dixerunt.

1073 1385 1302 1442 CAPUT
1331 1388 1390 1442 L.

774 1453 854 1509 De
873 1456 1102 1526 quinque
1130 1458 1341 1512 circulis
1367 1459 1566 1514 mundi.

490 1544 733 1614 Quorum
758 1549 968 1618 primus
995 1559 1080 1605 est
1105 1552 1560 1621 septentrionalis,
1619 1551 1820 1624 frigore
1849 1555 2004 1610 inha-

413 1634 674 1704 bitabilis,
707 1636 860 1706 cujus
888 1639 1064 1694 sidera
1092 1641 1246 1696 nobis
1281 1659 1558 1713 nunquam
1593 1645 1866 1700 occidunt.
1909 1646 2003 1703 Se-

412 1725 624 1781 cundus
675 1727 980 1783 solstitialis
1007 1744 1075 1784 ex
1105 1739 1258 1799 parte
1313 1731 1581 1803 signiferi,
1629 1735 2000 1791 excelsissima

410 1818 570 1874 nobis
601 1819 668 1874 ad
710 1819 1186 1891 septentrionalem
1235 1824 1447 1895 plagam
1487 1841 1697 1893 versus,
1733 1839 2003 1900 tempera-

2108 626 2259 681 nium
2283 623 2584 682 Anticanus
2612 634 2717 693 est,
2746 626 2884 682 situs
2912 625 3012 682 sub
3043 625 3284 683 Geminis
3311 645 3326 694 ;
3359 637 3417 684 et
3446 628 3578 684 ideo
3601 629 3718 685 An-

2108 718 2326 775 ticanus
2354 727 2598 788 vocatus,
2636 718 2783 790 quod
2825 720 3131 776 contrarius
3155 721 3226 776 sit
3273 721 3429 777 Cani.
3462 723 3539 778 Et
3566 724 3714 780 min

2107 811 2350 882 gentium
2376 811 2628 878 stultitia,
2672 811 2819 882 quod
2854 811 3034 868 sidera
3062 828 3182 882 qua:
3222 813 3368 870 Deus
3412 813 3484 868 ad
3536 813 3720 870 houo-

2108 888 2225 960 rem
2252 904 2488 960 nominis
2517 903 2602 959 sui
2641 903 2866 970 creavit,
2891 914 2946 959 et
2975 904 3031 959 in
3054 905 3367 962 coelestibus
3390 906 3716 973 constituit,

2106 1010 2170 1050 ea
2200 995 2302 1066 ipsi
2331 995 2612 1051 sceleratis
2642 995 3032 1052 hominibuset
3086 997 3259 1054 brutis
3289 997 3636 1052 animalibus
3663 998 3718 1053 in

2107 1098 2250 1144 terra
2299 1090 2498 1146 creatis
2548 1089 2938 1162 ascripserunt.
2997 1090 3203 1146 Praeter
3254 1092 3375 1148 haec
3409 1092 3631 1157 omnia,
3663 1101 3720 1146 et

2105 1173 2310 1230 lacteus
2363 1174 2600 1231 circulus
2626 1183 2710 1230 est
2766 1177 2940 1247 figura
2994 1175 3277 1231 candidior
3317 1193 3422 1246 per
3460 1175 3719 1231 medium

2106 1265 2229 1322 caali
2261 1267 2542 1333 verticem,
2571 1283 2735 1336 quem
2762 1267 2921 1340 vulgo
2948 1269 3134 1324 dicunt
3158 1284 3224 1324 ex
3251 1269 3553 1340 Splendore
3585 1269 3719 1325 solis

2105 1357 2159 1412 in
2185 1373 2248 1414 eo
2275 1359 2548 1414 currentis
2571 1359 2644 1413 ita
2676 1359 2901 1430 fulgere.
2937 1360 3045 1415 Sed
3089 1359 3311 1426 frustra,
3358 1375 3488 1416 cum
3520 1361 3600 1414 ab
3626 1360 3720 1415 illo

2104 1466 2380 1521 nunquam
2436 1452 2540 1508 nisi
2591 1453 2644 1506 in
2699 1461 2853 1523 parte
2897 1452 3176 1524 Sagittarii
3229 1453 3313 1508 vel
3338 1452 3717 1509 Geminorum

2105 1555 2384 1618 tangatur,
2408 1547 2464 1601 in
2495 1547 2691 1617 quibus
2719 1547 3009 1602 candidum
3045 1547 3308 1602 circulum
3335 1546 3581 1618 signifer
3605 1547 3718 1601 cin-

2104 1640 2202 1708 git.
2236 1640 2382 1696 DlSC.
2418 1638 2500 1695 Ad
2533 1641 2661 1710 quid
2693 1655 2820 1712 ergo
2863 1642 2978 1696 hare
3019 1642 3196 1696 sidera
3231 1640 3546 1711 legentibus
3586 1655 3718 1710 pro-

2107 1736 2328 1801 derunt,
2356 1743 2412 1790 et
2447 1736 2502 1790 in
2530 1751 2637 1806 quo
2663 1734 2921 1804 adjuvant
2964 1736 3343 1806 computistam
3365 1736 3390 1788 ?
3441 1735 3600 1790 MAG.
3631 1734 3716 1789 Ad

2106 1827 2532 1898 dignoscendum
2595 1843 2724 1898 ergo
2787 1829 2952 1884 horas
3004 1837 3300 1883 nocturnas
3341 1842 3452 1882 non
3500 1841 3715 1896 parum

410 1919 516 1978 tus,
551 1913 877 1970 habitabilis.
927 1915 1144 1971 Tertius
1193 1917 1610 1987 aequinoctialis,
1664 1921 1843 1976 medio
1881 1937 1996 1976 am-
2027 1907 2075 1966 Β
2104 1920 2362 1989 adjuvant
2418 1919 2823 1976 calculatorem.
2905 1920 3125 1977 Necnon
3175 1929 3230 1976 et
3282 1920 3602 1975 viatoribus
3661 1929 3717 1975 et

407 2007 527 2063 bitu
565 2007 808 2080 signiferi
832 2009 981 2065 orbis
1006 2011 1284 2076 incedens,
1316 2012 1574 2077 torridus,
1603 2013 1992 2072 inhabitabilis.

407 2097 648 2168 Quartus
700 2101 978 2169 brumalis,
1012 2118 1042 2157 a
1073 2111 1228 2174 parte
1280 2103 1584 2160 humillima
1623 2106 1868 2175 signiferi
1927 2109 1996 2164 ad

407 2193 712 2248 austrinum
767 2194 950 2265 polum
999 2210 1212 2262 versus,
1248 2205 1600 2267 temperatus,
1656 2200 1992 2259 habitabilis.

405 2281 638 2349 Quintus
693 2284 968 2350 australis,
999 2285 1146 2341 circa
1196 2287 1458 2344 verticem
1517 2290 1842 2357 austrinum,
1901 2293 1994 2362 qui

405 2382 551 2430 terra
582 2377 802 2447 tegitur,
830 2377 1032 2448 frigore
1076 2379 1466 2436 inhabitabilis.
1515 2382 1647 2438 Tres
1676 2393 1857 2438 autem
1883 2401 1996 2440 me-

405 2467 478 2520 dii
510 2468 697 2528 circuii
722 2469 1118 2538 inaequalitates
1148 2479 1450 2541 temporum
1479 2472 1838 2545 distinguunt,
1868 2491 1993 2531 cum

405 2557 486 2612 sol
532 2559 679 2613 hunc
726 2559 979 2626 solstitio,
1011 2560 1165 2616 illum
1193 2564 1541 2633 mquinoctio,
1591 2566 1751 2620 istum
1800 2567 1993 2622 bruma

405 2659 607 2705 teneat.
642 2651 883 2707 Extremi
911 2653 1058 2708 enim
1115 2668 1331 2724 semper
1379 2655 1490 2711 sole
1515 2667 1720 2712 carent.
1758 2657 1911 2714 Unde
1937 2666 1994 2714 et

401 2757 432 2796 a
464 2742 596 2813 Tyle
619 2744 796 2800 insula
826 2747 990 2802 unius
1015 2747 1121 2802 diei
1172 2749 1516 2818 navigatione
1565 2751 1634 2805 ad
1680 2753 1990 2823 aquilonem

398 2848 550 2890 mare
583 2837 927 2908 congelatum
962 2839 1255 2896 invenitur.

997 2931 1225 2988 CAPUT
1262 2933 1346 2988 LI.

403 3011 478 3070 De
502 3016 585 3072 his
625 3020 790 3090 signis
833 3022 1103 3079 stellarum
1158 3043 1275 3097 quia
1319 3037 1468 3083 extra
1517 3030 1793 3087 zodiacum
1844 3044 1987 3089 sunt.

469 3106 620 3164 Dtsc.
677 3108 805 3165 Haec
833 3112 1053 3180 quidem
1089 3115 1260 3185 probo
1288 3125 1344 3170 et
1369 3133 1494 3172 cum
1549 3121 1726 3190 gratia
1753 3123 1984 3194 accipio.

399 3194 507 3252 Sed
549 3199 617 3253 de
665 3200 936 3269 positione
989 3205 1249 3274 siderum,
1287 3208 1429 3263 sicut
1477 3211 1612 3266 mihi
1662 3214 1983 3282 promisisti,

396 3297 521 3354 peto
577 3298 639 3346 ut
678 3292 970 3352 edisseras.
1031 3296 1170 3355 MAG.
1228 3298 1368 3356 Sunt
1403 3318 1535 3374 ergo
1557 3277 1712 3377 signa
1740 3315 1895 3362 extra
1921 3277 1985 3364 ea
2014 3277 2058 3340 Ο

397 3396 516 3451 qute
543 3381 600 3438 in
625 3386 848 3442 zodiaco
879 3389 1204 3457 consistunt,
1229 3403 1291 3448 ut
1329 3393 1483 3449 Arati
1510 3394 1877 3453 Phoenomena
1907 3407 1986 3455 te-

397 3482 634 3541 stantur,
667 3493 894 3535 numero
941 3482 1178 3553 triginta,
1214 3499 1446 3554 quorum
1500 3487 1605 3543 alia
1648 3489 1988 3560 horoscopus

398 3572 466 3627 ad
522 3578 979 3644 septentrionem,
1043 3579 1148 3635 alia
1216 3583 1284 3637 ad
1354 3592 1599 3639 austrum
1651 3593 1981 3654 sequestrat.

396 3663 542 3721 DISC.
597 3666 729 3734 Quae
780 3678 907 3726 sunt
943 3672 1032 3726 illa
1067 3689 1187 3744 qua:
1213 3676 1280 3730 ad
1336 3677 1762 3746 septentrionem
1816 3680 1982 3734 sunt?

393 3761 532 3821 Mss.
566 3764 697 3821 Dua:
738 3767 992 3824 videlicet
1039 3770 1272 3841 primum
1329 3770 1501 3839 Ursaa,
1552 3772 1655 3828 hoc
1683 3781 1768 3829 est
1811 3773 1982 3843 helix,

390 3870 510 3924 quae
529 3865 584 3913 et
631 3859 903 3917 Arcturus
933 3861 1128 3932 major,
1158 3871 1214 3918 et
1242 3862 1473 3918 Phoenix
1521 3865 1635 3920 sive
1675 3864 1979 3938 Cynosura,

387 3962 508 4017 quae
533 3957 590 4003 et
616 3949 882 4008 Arcturus
927 3956 1106 4010 minor
1140 3954 1358 4011 dicitur.
1392 3956 1460 4014 Et
1513 3956 1709 4024 Draco,
1744 3959 1837 4027 qui
1859 3973 1984 4014 con-

390 4041 528 4093 tinet
553 4048 815 4120 utrosque
869 4044 1152 4114 Arcturos,
1188 4048 1379 4103 helicts
1423 4064 1584 4120 supra
1635 4049 1861 4104 volvens
1887 4065 1980 4104 ca-

387 4135 502 4196 put,
533 4137 588 4184 et
608 4118 890 4188 Phoenicis
914 4135 1308 4205 circumcigens
1336 4118 1584 4194 caudam.
1617 4139 1824 4196 Deinde
1850 4140 1981 4196 Her-

387 4217 536 4274 cules
599 4237 764 4290 super
817 4239 1045 4294 anguem
1091 4226 1412 4285 incumbens
1452 4245 1594 4301 genu
1620 4229 1780 4297 ﬂexo,
1823 4230 1978 4287 clava

390 4309 610 4380 reiecta,
644 4314 784 4383 pelle
805 4315 976 4373 leonis
1011 4329 1232 4390 opertus
1261 4320 1479 4376 dicitur.
1521 4320 1717 4377 Postea
1743 4321 1974 4390 Corona,

392 4406 598 4463 nahens
625 4407 809 4465 stellas
838 4425 1032 4467 novem
1056 4412 1108 4466 in
1145 4413 1379 4468 circuitu
1416 4415 1642 4484 positas.
1675 4415 1827 4472 Tunc
1856 4416 1978 4472 Ser-

383 4502 684 4570 pentarius,
734 4504 825 4574 qui
878 4513 933 4560 et
982 4503 1265 4577 Asclepius
1321 4518 1567 4576 vocatur,
1608 4520 1760 4567 stans
1813 4529 1977 4584 supra

385 4593 761 4666 Scorpionem,
789 4607 937 4654 tenet
985 4611 1294 4672 serpentem
1324 4605 1377 4660 in
1408 4606 1678 4664 manibus.
1717 4607 1850 4664 Item
1874 4610 1973 4666 Ar-

384 4701 499 4754 cas,
530 4688 620 4758 qui
653 4698 708 4744 et
733 4690 948 4755 Bootes,
986 4691 1162 4748 fertur
1191 4710 1312 4750 esse
1345 4705 1530 4753 custos
1560 4699 1807 4768 plaustri,
1837 4717 1974 4771 pra:-

381 4777 525 4832 cedit
579 4778 873 4835 Arcturum
911 4780 1196 4851 majorem,
1245 4802 1405 4855 quem
1461 4797 1515 4844 et
1554 4789 1668 4859 ipse
1704 4791 1969 4862 sequitur.

383 4866 630 4940 Cepheus
659 4880 715 4924 ct
740 4871 934 4942 Aquila
970 4881 1100 4931 tunc
1123 4877 1420 4947 splendidis
1463 4882 1634 4938 stellis
1690 4883 1967 4957 Cassiepia

385 4971 440 5018 et
487 4963 853 5020 Andromedia
907 4967 1320 5039 dignoscuntur.
1385 4971 1589 5029 Deinde
1627 4975 1860 5032 Perseus
1917 4986 1972 5032 et

385 5050 630 5123 Agitator
677 5071 800 5111 cum
860 5057 1030 5114 haedis
1083 5061 1198 5115 suis
1251 5062 1578 5118 clarescunt.
1635 5065 1970 5122 Bellorofons

382 5159 598 5216 quoque
618 5155 675 5201 et
693 5147 891 5214 Delfin,
923 5151 1141 5221 Cygnus
1187 5163 1241 5207 et
1278 5153 1441 5208 Libra
1495 5156 1610 5210 suis
1637 5157 1691 5211 in
1729 5157 1884 5223 locis,
1915 5166 1972 5213 et

381 5233 581 5305 Trigon
603 5251 766 5308 super
789 5248 951 5310 caput
978 5243 1187 5310 arietis,
1218 5244 1504 5314 splendore
1531 5247 1798 5302 notabiles
1820 5259 1965 5304 sunt.

380 5323 528 5381 Dtsc.
561 5327 691 5396 Quae
721 5339 846 5384 sunt
877 5332 967 5386 illa
1019 5349 1139 5404 quae
1196 5334 1454 5390 zodiacus
1502 5336 1569 5389 ad
1606 5347 1852 5393 austrum
1883 5342 1968 5396 sui

379 5417 651 5473 secludit?
679 5419 820 5477 MAG.
877 5423 1043 5480 Orion
1079 5426 1292 5481 scilicet
1312 5433 1369 5480 et
1399 5426 1676 5491 Canicula,
1706 5427 1882 5499 Lepus
1911 5439 1969 5485 et

376 5508 541 5581 Argo,
567 5509 732 5568 Cetus
781 5522 836 5569 et
862 5515 1059 5584 Eurus,
1093 5517 1184 5587 qui
1236 5525 1290 5571 et
1332 5517 1656 5574 Euridanus.
1690 5519 1788 5574 Cui
1832 5523 1965 5578 sub-

370 5598 520 5669 jacet
584 5605 737 5660 stella
778 5624 896 5677 qua:
919 5609 1119 5665 dicitur
1165 5609 1438 5682 Canopos,
1481 5613 1791 5682 splendens,
1843 5634 1966 5687 qua:

379 5695 636 5752 timenem
667 5701 822 5756 navis
854 5703 1046 5772 tangit.
1079 5701 1251 5758 Piscis
1283 5720 1534 5776 magnus,
1565 5707 1656 5775 qui
1688 5717 1744 5761 ct
1769 5707 1965 5764 Auster

377 5786 592 5844 dicitur.
622 5789 956 5847 Sacrarium.
973 5793 1276 5851 Centaurus
1292 5813 1415 5851 cum
1431 5799 1602 5853 bestia
1619 5816 1781 5869 quam
1800 5817 1959 5855 manu

377 5884 544 5936 tenet.
575 5879 833 5952 Serpens,
865 5899 1030 5957 super
1061 5887 1216 5961 cujus
1249 5890 1477 5946 caudam
1521 5906 1744 5949 conum
1773 5894 1962 5952 sedere

2101 2014 2284 2070 nautis
2317 2013 2470 2070 valde
2513 2014 2826 2070 necessaria
2865 2021 3012 2080 sunt,
3041 2013 3134 2083 qui
3164 2012 3460 2068 observant
3486 2012 3715 2068 colores

2097 2122 2287 2162 earum
2323 2117 2378 2162 et
2412 2124 2622 2174 cursus,
2665 2116 2719 2162 et
2743 2106 2983 2163 futuram
3035 2116 3420 2177 tempestatem
3473 2122 3582 2162 seu
3614 2121 3707 2163 sc-

2098 2201 2387 2256 renitatem
2416 2200 2544 2256 inde
2571 2200 2892 2272 conjiciunt.

2700 2289 2928 2346 CAPUT
2967 2289 3075 2345 LII.

2709 2381 2788 2436 De
2819 2380 3067 2436 Cometis.

2167 2477 2311 2532 DISC.
2354 2476 2605 2532 Cometas
2636 2490 2765 2546 ergo
2802 2475 2983 2530 audivi
3009 2474 3272 2546 quasdam
3301 2474 3492 2532 stellas
3520 2472 3707 2529 nomi-

2092 2571 2236 2635 nari,
2265 2569 2359 2626 sed
2387 2571 2486 2625 has
2511 2569 2565 2624 in
2592 2569 2930 2625 numerando
2955 2569 3141 2624 stellas
3159 2578 3595 2641 praetergressus
3619 2581 3701 2623 es.

2093 2661 2234 2719 MAG.
2267 2661 2384 2718 Non
2409 2662 2555 2717 enim
2577 2659 3110 2731 quasioblivisceudo
3135 2659 3254 2714 illas
3270 2669 3703 2732 pnetergressus

2092 2774 2238 2826 sum,
2267 2757 2365 2814 sed
2391 2756 2637 2813 ordinem
2670 2755 2898 2822 servari,
2945 2763 3006 2809 ut
3032 2755 3098 2810 de
3131 2754 3212 2809 eis
3253 2769 3504 2808 seorsum
3552 2752 3701 2807 dice-

2091 2870 2230 2922 rem,
2260 2869 2488 2925 quarum
2510 2853 2745 2924 qualitas
2772 2861 2828 2907 et
2857 2867 3049 2908 cursus
3074 2867 3107 2907 a
3137 2851 3351 2907 caeteris
3392 2849 3574 2906 stellis
3617 2864 3704 2905 se-

2089 2955 2284 3020 parata
2321 2955 2424 3002 est.
2473 2948 2710 3003 Cometa:
2733 2959 2948 3016 quoque
2977 2951 3106 2998 sunt
3127 2942 3296 2998 stellae
3323 2941 3562 2996 ﬂammis
3591 2941 3702 2997 cri-

2091 3042 2242 3108 nitae,
2279 3047 2503 3110 repente
2528 3048 2840 3103 nascentes,
2870 3036 3044 3108 ,regni
3069 3035 3430 3090 mutationem
3479 3042 3576 3087 aut
3602 3047 3697 3102 pe-

2090 3135 2383 3192 stilentiam
2416 3142 2510 3188 aut
2535 3132 2674 3188 bella
2719 3139 2814 3186 aut
2839 3137 3031 3185 ventos
3056 3136 3329 3197 aestusque
3359 3125 3698 3197 portenden-

2093 3236 2195 3294 tes,
2225 3241 2456 3297 quarum
2487 3225 2605 3280 alia:
2654 3223 2947 3280 tenduntur
2993 3220 3292 3276 errantium
3337 3219 3530 3284 modo,
3579 3217 3700 3273 alia

2090 3317 2394 3375 immobiles
2438 3317 2664 3373 haerent.
2709 3314 2910 3371 Omnes
2949 3312 3120 3368 ferme
3165 3311 3266 3368 sub
3310 3310 3431 3380 ipso
3480 3319 3700 3381 septen-

2089 3410 2266 3466 trione
2309 3408 2488 3478 aliqua
2533 3406 2650 3476 ejus
2692 3413 2847 3477 parte
2873 3419 2980 3458 non
3009 3411 3194 3469 certa,
3240 3402 3338 3457 sed
3368 3401 3616 3456 maxime
3644 3401 3697 3454 in

2089 3502 2336 3564 candida,
2379 3515 2499 3570 qua:
2525 3499 2687 3554 lactei
2737 3497 2925 3552 circuli
2955 3510 3153 3552 nomen
3187 3493 3422 3565 accepit,
3477 3492 3697 3548 brevis-

2088 3592 2287 3648 simum
2315 3607 2423 3661 quo
2471 3597 2824 3646 cernerentur
2850 3589 3085 3658 spatium
3111 3594 3317 3657 septem
3344 3584 3572 3639 dierum
3598 3583 3694 3640 ad-

2089 3692 2336 3739 notatum
2366 3691 2466 3748 est,
2497 3681 2870 3752 longissimum
2896 3679 3190 3750 octoginta.
3226 3675 3694 3748 Spargunturali-

2087 3773 2304 3845 quando
2331 3781 2387 3828 et
2432 3772 2742 3826 errantibus
2770 3769 2940 3826 stellis
2979 3770 3302 3838 ceterisque
3328 3768 3538 3824 crines.
3581 3765 3691 3823 Sed

2087 3872 2324 3922 cometes
2353 3878 2627 3932 nunquam
2650 3863 2705 3917 in
2733 3877 2996 3918 occasura
3019 3870 3175 3932 parte
3204 3859 3328 3916 (ςαξιὶ
3355 3868 3445 3917 est

2681 3973 2910 4030 CAPUT
2949 3973 3082 4030 LIII.

2488 4045 2568 4101 De
2595 4044 2830 4100 solstitiis
2859 4054 2909 4100 et
2937 4046 3282 4116 aequinoctii}.

2156 4137 2308 4193 Dtsc.
2349 4135 2646 4207 Postquam
2672 4138 2738 4192 de
2777 4135 3056 4192 stellarum
3099 4136 3204 4190 situ
3242 4135 3534 4192 etratioue
3556 4136 3690 4193 satis

2080 4227 2289 4295 dixisti,
2335 4229 2706 4286 necessarium
2744 4244 2871 4285 reor
2918 4237 2980 4284 ut
3007 4228 3076 4284 de
3101 4229 3356 4285 maximis
3403 4227 3690 4285 luminari-

2079 4322 2200 4390 bus,
2230 4321 2288 4377 id
2310 4328 2414 4387 est,
2466 4321 2579 4377 sole
2609 4330 2664 4377 et
2687 4321 2832 4387 luna,
2883 4319 3314 4404 adhuc_referas,
3345 4328 3404 4376 et
3427 4320 3689 4377 ostendas

2078 4413 2172 4468 ubi
2204 4411 2521 4483 aequinoctii
2566 4420 2622 4468 et
2661 4411 2878 4468 solstitii
2909 4412 3164 4484 proprius
3211 4412 3363 4468 locus
3396 4413 3486 4467 sit.
3541 4411 3681 4468 llic.

2079 4504 2327 4560 Solstitia
2365 4503 2506 4574 apud
2526 4503 2819 4575 plerosque
2845 4504 2971 4559 bina
3015 4514 3298 4576 putantur,
3340 4505 3447 4560 hoc
3468 4515 3558 4560 est
3587 4520 3681 4560 vui

2080 4596 2200 4651 Kal.
2245 4595 2491 4652 Januarii
2519 4604 2574 4651 et
2599 4594 2748 4650 Julii.
2799 4595 3063 4651 Similiter
3088 4606 3143 4652 et
3170 4597 3498 4666 aequinoctia
3533 4598 3681 4662 bina,

2084 4689 2138 4745 id
2166 4699 2272 4755 est,
2307 4705 2404 4744 vm
2430 4687 2549 4742 Kal.
2597 4687 2797 4759 Aprilis
2830 4695 2885 4743 et
2924 4686 3196 4754 Octobris,
3239 4688 3452 4744 octavis
3475 4688 3684 4744 scilicet

2084 4783 2138 4837 in
2175 4781 2421 4852 partibus
2448 4779 2766 4850 Capricorni
2811 4788 2865 4835 et
2903 4779 3118 4847 Cancri,
3167 4780 3370 4835 Arietis
3398 4788 3460 4836 et
3478 4780 3680 4836 Librae.

2084 4873 2286 4929 Verum
2335 4872 2485 4943 quia,
2533 4871 2675 4927 sicut
2721 4871 2778 4926 in
2821 4871 3032 4928 ratione
3083 4871 3322 4943 paschali
3363 4871 3679 4939 didicimus,

2081 4965 2468 5036 aequinoctium
2524 4962 2745 5019 vernale
2796 4964 3111 5019 duodecima
3164 4963 3540 5020 Kmendarum
3595 4964 3682 5021 die

2080 5057 2347 5129 Aprilium
2367 5063 2687 5112 cunctorum
2712 5054 3075 5111 Orientalium
3101 5056 3408 5122 sententiis,
3459 5065 3515 5110 et
3563 5071 3681 5111 ma-

2073 5151 2221 5205 xime
2273 5148 2654 5220 Atlgyptiorum
2676 5189 2690 5214 ,
2737 5163 2876 5218 quos
2906 5147 3207 5203 calculandi
3240 5163 3362 5205 esse
3406 5149 3678 5218 peritissi-

2073 5259 2191 5299 mos
2219 5250 2451 5306 constat,
2483 5241 2793 5312 specialiter
2813 5241 3105 5296 adnotatur
3133 5259 3147 5294 :
3199 5249 3428 5296 cmteros
3455 5257 3675 5313 quoque

2073 5346 2184 5392 tres
2230 5343 2533 5405 temporum
2561 5332 2824 5389 articulos
2888 5339 3144 5403 putamus
3195 5330 3476 5402 aliquanto
3521 5333 3671 5402 prius

2071 5443 2234 5498 quam
2259 5426 2507 5498 vulgaria
2547 5425 2751 5495 scripta
2781 5424 3060 5480 continent
3096 5438 3221 5480 esse
3255 5425 3548 5480 notandus.
3602 5423 3670 5481 Ut

2069 5521 2215 5576 enim
2241 5521 2308 5576 de
2329 5518 2654 5588 aequinoctio
2679 5532 2869 5584 verno,
2899 5517 3044 5588 quod
3067 5525 3233 5588 caput
3257 5532 3376 5573 esse
3397 5532 3667 5574 memora-

2071 5621 2250 5667 tarum
2299 5619 2532 5681 quatuor
2572 5609 2937 5665 mutationum
2973 5607 3253 5664 annalium
3297 5608 3488 5663 mundi
3513 5607 3666 5678 origo

2070 5708 2246 5772 docet,
2277 5706 2518 5761 breviter
2555 5705 2865 5775 loquamur,
2897 5702 3079 5774 regula
3106 5711 3256 5759 tenet
3277 5699 3662 5758 ecclesiastica

2068 5801 2479 5868 observationis,
2515 5818 2544 5855 a
2580 5800 2797 5857 Nicaeno
2833 5799 3150 5857 confirmata
3195 5799 3449 5864 concilio,
3477 5807 3536 5852 ut
3558 5795 3660 5852 Pa-

2066 5895 2214 5954 scha:
2259 5895 2373 5952 dies
2431 5895 2500 5953 ab
2541 5909 2596 5951 ιι
2643 5894 2870 5952 Kalend.
2928 5893 3130 5967 Aprilis
3184 5907 3360 5966 usque
3401 5893 3458 5948 in
3489 5888 3654 5962 septi-
