3946 6456
146 447 247 508 697
1038 400 1117 505 ’ἓ

1102 460 1191 541 rem
1454 449 1655 508 LIBER
1694 452 1783 509 DE
1819 453 2168 516 COMPUTO.

3300 460 3408 523 698

149 588 295 627 mium
339 568 560 626 Kalend.
621 566 747 625 Maii
792 567 1110 640 inquiratnr.
1144 565 1285 654 Ian,
1324 569 1599 625 catholicae
1644 570 1727 626 in-
1749 574 1972 636 Amam
2002 582 2230 632 remoto.
2283 574 2439 645 Quod
2477 575 2596 633 ﬁeri
2645 578 2700 633 in
2756 576 2930 635 insula
2973 577 3142 653 Thyle
3177 578 3414 654 Pytheas

149 662 440 720 stitutionis
497 659 681 733 regula
721 660 976 731 przecepit
1019 668 1080 715 ut
1120 659 1245 715 ante
1287 660 1521 715 vernalis
1562 662 1728 731 aequi-

1830 662 2176 722 Massiliensis
2204 665 2394 722 scribit
2416 681 2512 723 sex
2541 668 2750 725 dierum
2772 670 3115 744 navigatione
3133 673 3191 731 in
3202 682 3414 747 septen-

148 753 308 810 noctii
338 761 736 824 transgressum
778 748 985 805 Pascha
1008 765 1116 805 non
1146 750 1467 806 celebretur.
1498 750 1599 818 Qui
1629 751 1729 824 igi-
1827 756 2003 814 trione
2032 773 2064 813 a
2092 757 2369 815 Britannia
2398 760 2654 817 distante.

150 855 231 901 tur
259 853 450 901 octavo
484 842 848 898 Kalendarum
892 841 1155 914 Aprilium
1185 841 1270 897 die
1302 851 1456 914 putat
1488 844 1733 914 aequino-

146 938 329 1004 etium,
377 952 598 992 necesse
641 945 723 992 est
751 936 894 992 idem
926 944 1017 991 aut
1045 945 1171 993 ante
1206 938 1589 1006 :equinoctium
1616 936 1723 993 Pa-

147 1032 271 1086 scha
302 1030 562 1086 celebrari
584 1031 791 1086 licitum
822 1030 983 1096 dicat,
1033 1038 1124 1084 aut
1145 1038 1269 1085 ante
1307 1032 1593 1100 septimum
1619 1031 1725 1086 Ka-

145 1121 421 1177 lendarum
471 1121 731 1192 Aprilium
783 1121 924 1176 diem
968 1120 1175 1177 Pascha
1202 1120 1464 1177 celebrari
1518 1122 1721 1177 licitum

145 1223 321 1284 neget,
375 1214 548 1284 ipsum
578 1229 789 1285 quoque
817 1213 1048 1280 Pascha,
1073 1216 1217 1286 quod
1265 1215 1521 1271 Dominus
1548 1216 1722 1287 pridie

145 1320 300 1376 quam
352 1312 628 1374 pateretur
654 1321 777 1361 cum
817 1305 1093 1377 discipulis
1120 1306 1267 1373 fecit,
1320 1316 1413 1362 aut
1439 1324 1582 1365 nono
1608 1309 1722 1364 Ka-

144 1395 421 1451 lendarum
448 1396 710 1467 Aprilium
746 1397 832 1452 die
863 1413 968 1452 non
1013 1395 1178 1454 fuisse
1201 1440 1215 1465 ,
1262 1407 1355 1454 aut
1385 1410 1508 1456 ante
1549 1402 1723 1471 aequi-

143 1487 375 1543 noctium
404 1486 571 1543 fuisse
609 1486 910 1544 conﬁrmet.
965 1489 1083 1546 Non
1124 1492 1267 1547 enim
1298 1494 1470 1548 nostri
1509 1503 1717 1550 tantum

143 1581 418 1650 temporis,
448 1580 541 1636 sed
567 1580 729 1635 etiam
753 1580 938 1653 legalis
963 1622 979 1648 ,
1032 1591 1086 1637 et
1113 1581 1344 1639 Mosaica
1372 1584 1614 1642 decernit
1639 1587 1720 1642 in-

139 1673 361 1738 stitutio,
394 1689 502 1729 non
520 1681 647 1729 ante
668 1682 1042 1730 transcensum
1062 1674 1222 1745 hujus
1242 1678 1548 1748 aequinoctii
1574 1679 1718 1735 diem

139 1760 258 1817 festi
290 1762 568 1820 Paschalis
609 1779 729 1820 esse
776 1765 1192 1834 celebrandum;
1239 1752 1380 1824 sicut
1426 1777 1718 1828 attestante

136 1851 384 1909 Anatolio
404 1854 683 1911 evidenter
704 1856 861 1913 docet
885 1857 1037 1914 Philo
1063 1868 1116 1914 et
1137 1858 1419 1931 Iosephus,
1458 1864 1597 1919 sicut
1624 1880 1714 1919 eo-

2420 872 2647 930 CAPUT
2680 874 2813 933 LIV.

2111 939 2189 996 De
2209 941 2433 997 bissexto
2465 943 2519 999 in
2546 944 2671 1000 solis
2700 957 2749 1001 et
2784 946 2926 1003 luna:
2946 965 3127 1004 cursu.

1815 1085 1827 1093 ,
1893 1030 2043 1088 Drsc.
2074 1031 2309 1091 Bissexti
2334 1038 2597 1093 rationem
2630 1055 2760 1111 rogo
2784 1048 2845 1095 ut
2873 1040 3056 1098 edicas
3087 1042 3218 1098 mihi
3251 1050 3413 1113 atque
3500 1058 3503 1063 ‘

1823 1124 2112 1182 edisseras.
2141 1128 2279 1186 MAG.
2314 1129 2594 1188 Bissextus
2618 1148 2687 1189 ex
2721 1135 3040 1205 quadrantis
3069 1137 3280 1193 ratione
3314 1150 3414 1208 per

1823 1214 2240 1285 quadriennium
2271 1221 2575 1288 coniicitur,
2627 1225 2753 1278 dum
2789 1224 2869 1279 sol
2898 1227 2965 1280 ad
3005 1226 3059 1281 id
3088 1227 3300 1297 signum
3342 1241 3412 1283 ex

1822 1320 1928 1375 quo
1954 1322 2203 1379 egressus
2229 1318 2312 1364 est
2332 1352 2344 1374 ,
2377 1328 2482 1366 non
2508 1313 2561 1366 in
2606 1327 2808 1369 cccnxv
2834 1315 3045 1381 diebus,
3093 1317 3188 1371 sed
3217 1324 3411 1387 quarta

1820 1394 1928 1450 diei
1955 1407 2111 1467 parte
2161 1415 2324 1470 super
2364 1401 2594 1472 adjecta,
2642 1405 2950 1459 revertitur.
3004 1406 3167 1462 Verbi
3192 1408 3407 1478 gratia:

1820 1487 1867 1542 si
1893 1506 2034 1547 nunc
2072 1493 2502 1562 aequinoctialem
2547 1496 2668 1551 caeli
2710 1496 2886 1552 locum
2916 1498 2996 1553 sol
3029 1500 3212 1555 oriens
3239 1500 3411 1555 intra-

1818 1585 1979 1651 verit,
2007 1584 2063 1640 in
2084 1587 2228 1642 hunc
2252 1603 2393 1643 anno
2421 1598 2677 1658 sequente
2700 1589 2947 1657 meridie,
2970 1591 3133 1646 tertio
3159 1606 3409 1663 vespero,

1820 1686 2014 1749 quarto
2048 1680 2225 1735 medio
2279 1682 2473 1747 noctis,
2520 1682 2711 1751 quinto
2739 1698 2954 1737 rursum
2999 1683 3054 1738 in
3098 1693 3290 1738 exortu
3324 1697 3411 1738 re-

1820 1783 2064 1836 currens,
2099 1773 2407 1827 neccssario
2443 1771 2585 1827 diem
2638 1784 2933 1844 praemonet
2966 1776 3309 1845 augendum;
3341 1788 3410 1831 ne
3508 1780 3511 1785 “

1820 1865 1863 1920 si
1892 1865 2030 1922 forte
2061 1882 2168 1921 non
2198 1867 2446 1933 addatur,
2485 1876 2736 1937 peractos
2761 1869 3037 1940 sexaginta
3060 1868 3297 1939 quinque
3317 1884 3411 1924 an-

138 1958 253 1998 rum
276 1944 608 2015 antiquiores
628 1945 1017 2017 Agathobolus,
1067 1958 1122 2005 et
1146 1952 1214 2007 ab
1236 1968 1300 2008 eo
1322 1954 1564 2010 eruditus
1593 1954 1716 2011 Ari-
1742 1946 1791 2006 Β
1819 1972 1918 2013 nos
1965 1959 2347 2030 aequinoctium
2393 1959 2612 2014 vernale
2657 1959 2889 2015 brumali
2939 1961 3026 2015 die
3075 1958 3358 2030 proveniat
3389 1976 3405 2014 :

134 2036 377 2092 stobulus
405 2054 473 2092 ex
500 2038 747 2095 Paneada
774 2081 789 2107 ,
840 2042 931 2111 qui
956 2058 1096 2098 unus
1142 2059 1210 2099 ex
1240 2045 1345 2101 illis
1378 2048 1716 2119 septuaginta

134 2125 441 2183 senioribus
467 2128 565 2183 fuit
612 2130 701 2202 qui
731 2131 880 2187 missi
913 2133 1135 2190 fuerunt
1179 2152 1209 2190 a
1252 2139 1598 2209 pontiﬁcibus
1651 2142 1717 2198 ad

132 2214 487 2276 Ptolomaeum
515 2237 729 2293 regem,
786 2223 1136 2282 Hebraeorum
1166 2227 1333 2285 libros
1376 2230 1718 2302 interpretari

131 2306 185 2361 in
212 2306 462 2365 Graecum
507 2327 812 2371 sermonem
838 2334 855 2384 ;
894 2318 1089 2387 quibus
1118 2319 1287 2376 multa
1319 2338 1387 2377 ex
1416 2324 1719 2381 traditioni-

131 2401 229 2457 bus
262 2403 410 2479 .Mosi
457 2409 777 2477 proponenti
825 2412 938 2483 regi
985 2415 1394 2487 percontatique
1423 2420 1717 2487 responde-

134 2503 273 2551 runt.
312 2497 419 2567 Ipsi
448 2514 597 2572 ergo,
647 2515 771 2557 cum
802 2505 1129 2573 quaestiones
1157 2506 1329 2563 Exodi
1360 2520 1712 2580 exponerent,

134 2588 382 2645 dixerunt
406 2590 613 2649 Pascha
642 2612 750 2651 non
790 2598 941 2668 prius
966 2615 1087 2656 esse
1126 2601 1518 2659 immolandum
1549 2620 1714 2685 quam

131 2679 508 2749 aequinoctium
554 2686 775 2744 vernale
822 2691 1094 2747 transiret.
1146 2691 1300 2750 Unde
1349 2710 1448 2751 nos
1493 2679 1717 2753 necesse

133 2780 212 2828 est
229 2784 251 2841 ',
289 2776 363 2832 ob
412 2781 840 2837 conservandam
882 2784 1125 2840 veritatis
1150 2786 1421 2858 regulam,
1472 2788 1716 2846 dicamus

132 2872 311 2932 aperte
344 2877 402 2923 et
430 2866 639 2925 Pascha
667 2879 793 2928 ante
820 2873 1204 2945 aequinoctium
1240 2877 1597 2947 tenebrasque
1623 2879 1717 2934 de-

130 2956 295 3013 victas
317 2974 429 3014 non
452 2960 862 3032 immolandum,
889 2972 945 3022 et
970 2967 1073 3022 hoc
1097 2968 1483 3038 aequinoctium
1504 2985 1579 3024 xu
1609 2968 1716 3024 Ka-

130 3048 406 3108 lendarum
436 3054 701 3127 Aprilium
729 3058 817 3114 die
838 3060 1108 3117 veraciter
1131 3062 1508 3119 ascribendum
1532 3082 1547 3129 ;
1575 3065 1715 3120 sicut

129 3157 229 3199 non
276 3144 454 3201 solum
504 3148 827 3205 anetoritate
873 3159 1127 3221 paterna,
1182 3153 1278 3209 sed
1319 3161 1377 3210 et
1403 3153 1714 3225 horologica

129 3236 558 3295 consideratione
581 3241 871 3297 docemur:
923 3244 1017 3299 sed
1043 3252 1101 3299 et
1141 3253 1339 3301 caetera
1364 3247 1465 3301 tria
1501 3256 1710 3319 tempo-

132 3341 245 3382 rum
266 3326 579 3397 hnjusmodi
601 3331 836 3387 conﬁnia
865 3332 1029 3387 simili
1056 3334 1270 3390 ratione
1294 3335 1498 3406 aliquot
1522 3309 1713 3393 diebus
1738 3309 1783 3375 (ἶ

128 3425 248 3473 ante
287 3426 544 3475 octavum
564 3419 925 3478 Kalendarum
941 3424 1278 3494 sequentium
1306 3440 1429 3482 esse
1451 3427 1708 3483 notanda.

128 3507 311 3580 Igitur,
340 3511 483 3567 sicut
511 3527 672 3583 supra
694 3513 762 3568 de
789 3514 1251 3571 vicissitudinibus
1272 3516 1526 3585 diximus,
1558 3519 1633 3575 ita
1654 3528 1712 3576 et

127 3620 266 3661 nunc
297 3605 367 3662 de
391 3606 511 3662 istis
537 3616 767 3677 quatuor
793 3607 1041 3664 terminis
1070 3607 1318 3665 dicimus.
1352 3609 1489 3678 Quia
1518 3626 1549 3665 a
1576 3611 1711 3668 duo-

125 3694 332 3751 decima
366 3695 484 3750 Kal.
513 3696 737 3767 Aprilis,
785 3700 929 3769 quod
951 3707 1035 3753 est
1054 3699 1436 3771 aequinoctium
1464 3703 1705 3770 vernale,

127 3802 297 3856 usque
330 3786 385 3840 in
418 3786 684 3842 decimum
710 3788 931 3844 tertium
951 3789 1069 3845 Kal.
1087 3789 1235 3857 Julii,
1253 3801 1378 3848 sunt
1397 3793 1513 3849 dies
1538 3809 1709 3849 nona-

122 3878 264 3948 ginta
305 3885 362 3933 et
392 3893 551 3935 unus.
600 3880 645 3934 A
667 3880 985 3939 duodecimo
1015 3883 1133 3939 Kal.
1178 3882 1305 3941 Julii
1326 3901 1499 3957 usque
1536 3887 1593 3942 in
1614 3889 1708 3944 de-

122 3968 321 4025 cimum
363 3968 582 4025 tertium
630 3969 750 4026 Kal.
801 3971 1051 4031 Octobris
1102 3975 1354 4033 similiter
1378 3978 1495 4034 dies
1537 3993 1706 4034 nona-

123 4060 262 4131 ginta
287 4067 345 4116 et
368 4076 527 4118 unus.
574 4063 620 4116 A
643 4062 853 4120 decimo
881 4066 1044 4122 tertio
1094 4065 1213 4123 Kal.
1243 4067 1494 4125 Octobris
1533 4085 1706 4140 usque

122 4152 174 4208 in
200 4154 471 4211 decimum
515 4155 764 4226 quintum
814 4155 932 4213 Kal.
974 4157 1247 4227 Januarii,
1301 4160 1550 4217 similiter
1588 4162 1704 4220 dies

122 4247 406 4317 nonaginta
453 4254 509 4303 et
553 4263 712 4304 unus.
764 4249 810 4305 A
838 4250 1049 4308 decimo
1092 4253 1256 4309 tertio
1306 4251 1425 4309 Kal.
1454 4253 1701 4311 Januarii

122 4351 284 4407 usque
310 4338 368 4392 in
415 4337 683 4393 decimum
733 4346 989 4409 quartum
1036 4339 1155 4396 Kal.
1205 4340 1410 4413 Aprilis
1455 4344 1705 4400 similiter

124 4434 239 4482 sunt
267 4428 385 4484 dies
404 4429 699 4501 nonaginta
722 4437 778 4485 et
801 4445 961 4485 unus.
998 4431 1160 4487 Fiunt
1185 4447 1374 4489 omnes
1399 4434 1559 4489 simul
1586 4436 1703 4491 dies

124 4518 342 4573 trecenti
372 4519 651 4589 sexaginta
674 4529 801 4585 tres,
832 4530 888 4576 et
915 4529 1159 4577 remanet
1177 4523 1292 4578 dies
1311 4540 1453 4579 unus
1481 4525 1547 4581 de
1574 4525 1703 4581 anni

124 4605 338 4674 circulo,
390 4617 446 4663 et
471 4623 569 4664 sex
606 4610 777 4676 horae,
821 4626 940 4681 quae
984 4627 1083 4682 per
1109 4628 1547 4686 unumquemque
1599 4631 1699 4671 an-

123 4712 242 4753 num
262 4708 487 4769 propter
506 4701 770 4756 rationem
789 4678 1013 4759 bissexti
1036 4678 1349 4762 accrescere
1370 4678 1696 4777 probantur;
1725 4678 1778 4737 Ῑ)

125 4802 235 4857 quae
257 4792 301 4846 si
328 4791 643 4847 dividantur
667 4807 765 4862 per
785 4805 1019 4864 quatuor
1047 4805 1254 4866 partes,
1293 4806 1349 4853 et
1376 4798 1580 4854 l'uerint
1605 4801 1697 4855 ad-

120 4876 265 4947 jectae
310 4882 562 4953 partibus
589 4884 962 4954 superioribus
981 4925 999 4953 ,
1037 4895 1197 4942 erunt
1224 4888 1512 4960 unicuique
1557 4891 1699 4960 parti

126 4970 233 5026 dies
279 4974 575 5044 nonaginta
604 4982 659 5029 et
689 4991 831 5032 unus
874 4984 930 5033 et
956 4984 1162 5047 septem
1190 4977 1338 5033 hora:
1378 4987 1433 5034 et
1476 4979 1698 5035 dimidia

126 5057 269 5115 hora.
308 5062 421 5118 Sed
459 5065 752 5120 notandum
790 5066 935 5135 quod
963 5067 1351 5136 aequinoctialis
1385 5067 1502 5125 dies
1550 5071 1699 5126 omni

131 5152 317 5209 mundo
340 5155 563 5225 aequalis
585 5163 688 5211 est.
736 5156 902 5213 Vario
930 5166 1110 5213 autem
1133 5158 1269 5215 lucis
1289 5159 1621 5216 incremento
1644 5162 1700 5217 in

132 5239 298 5301 Meroe
317 5246 664 5318 longissimus
692 5248 807 5304 dies
834 5249 1115 5304 duodecim
1144 5250 1307 5304 horas
1349 5252 1700 5327 equinoetia-

132 5331 205 5390 les
243 5345 296 5392 et
341 5347 465 5394 octo
491 5348 673 5410 partes
721 5341 881 5396 unius
909 5342 1059 5398 horae
1085 5341 1316 5410 colligit,
1359 5342 1701 5400 Alexandriae

134 5437 254 5482 vero
284 5432 689 5499 quatuordecim
737 5431 920 5499 horas,
966 5432 1021 5486 in
1066 5433 1217 5487 Italia
1257 5434 1588 5503 quindecim,
1642 5436 1699 5490 in

136 5513 403 5579 Britannia
451 5522 855 5594 septemdecim,
903 5523 994 5579 ubi
1040 5532 1225 5580 aestate
1277 5524 1469 5581 lucida:
1513 5534 1702 5582 noctes

138 5604 269 5664 haud
306 5613 464 5669 dubie
491 5622 757 5670 testantur
783 5614 836 5669 id
866 5615 1007 5684 quod
1032 5615 1175 5686 cogit
1216 5616 1356 5670 ratio
1396 5617 1569 5683 credi,
1596 5617 1704 5672 solo

140 5698 262 5753 stitii
302 5704 489 5761 diebus
516 5704 806 5762 accedente
853 5705 965 5760 sole
990 5707 1210 5776 propius
1235 5708 1492 5763 verticem
1515 5709 1700 5766 mundi

139 5804 354 5864 angusto
400 5798 535 5854 lucis
576 5799 780 5855 ambitu
822 5796 1061 5866 subjecta
1093 5807 1251 5854 terra:
1273 5800 1558 5856 continuos
1587 5800 1703 5856 dies

144 5882 335 5946 habere
357 5892 502 5949 senis
524 5891 799 5950 mensibus
823 5898 1115 5961 noctesque
1158 5905 1191 5947 e
1233 5891 1451 5949 diverso
1482 5892 1552 5948 ad
1575 5891 1705 5950 bru-

363 6010 455 6021 ,δρινκ
468 6009 483 6020 ι

1818 2063 1937 2118 quae
1967 2046 2207 2121 Egyptii
2237 2065 2379 2104 anno
2424 2065 2521 2105 suo
2550 2049 2785 2119 expleto,
2837 2050 2889 2105 id
2916 2056 2999 2105 est
3039 2056 3235 2119 quarto
3287 2048 3406 2103 Kal.

1818 2138 2176 2211 Septembris,
2222 2140 2452 2196 Romani
2482 2148 2636 2197 sexto
2664 2140 2781 2195 Kal.
2812 2140 3012 2206 Martii,
3052 2140 3196 2195 unde
3235 2146 3288 2194 et
3311 2154 3407 2194 no-

1818 2246 1945 2287 men
1967 2233 2205 2302 aecepit,
2247 2232 2615 2302 interponunt.
2650 2232 2890 2288 Breviori
2915 2239 3095 2287 autem
3123 2240 3179 2286 et
3201 2228 3408 2301 vulgari

1818 2321 2030 2377 ratione
2079 2322 2377 2377 bissextum
2430 2322 2726 2378 retardatio
2774 2330 2999 2393 generat
3052 2320 3182 2376 solis
3205 2335 3313 2375 non
3338 2319 3409 2375 ad

1817 2413 2059 2469 eamdem
2085 2413 2281 2469 lineam
2303 2415 2538 2484 peractis
2562 2429 2765 2470 cccuv
2792 2414 2980 2471 diebus
3002 2414 3159 2483 plene
3178 2413 3407 2469 redeun-

1818 2505 1904 2562 tis.
1942 2505 2131 2574 .Qnem
2168 2507 2214 2562 si
2237 2548 2252 2572 ,
2302 2507 2452 2562 verbi
2481 2506 2673 2578 gratia,
2724 2504 2783 2561 in
2823 2506 3147 2577 aequinoctio
3174 2506 3405 2574 vernali,
3506 2524 3509 2533 ι

1815 2597 1962 2668 quod
1980 2596 2140 2666 juxta
2184 2596 2469 2668 Egyptios
2500 2597 2822 2654 duodecimo
2848 2596 3213 2653 Kalendarum
3241 2596 3405 2667 Apri-

1815 2685 1948 2741 lium
1978 2688 2063 2742 die
2089 2688 2362 2758 provenit,
2414 2696 2724 2760 surgentem
2752 2703 2782 2743 a
2812 2689 2989 2744 medio
3036 2688 3264 2744 orientis
3286 2687 3409 2743 dili—
3484 2704 3487 2711 ·

1815 2788 2006 2851 genter
2034 2779 2381 2836 adnotaveris
2403 2821 2417 2848 ,
2459 2781 2602 2837 hunc
2644 2797 2787 2838 anno
2814 2789 3071 2852 sequente
3100 2783 3187 2837 die
3221 2779 3409 2836 videli-

1815 2880 1903 2928 cet
1926 2874 2113 2928 eodcm
2143 2873 2419 2945 aliquanto
2447 2874 2674 2931 inferius
2691 2875 2848 2943 oriri,
2875 2883 2930 2931 et
2964 2875 3146 2941 tertio,
3188 2882 3404 2943 quarto,

1814 2963 2111 3032 quintoque
2136 2965 2381 3019 eamdem
2411 2965 2823 3021 diminutionem
2857 2966 2913 3020 in
2962 2973 3169 3019 tantum
3198 2978 3399 3035 angere

1815 3054 2054 3124 reperies
2076 3063 2135 3109 ut
2159 3055 2261 3109 nisi
2285 3055 2426 3110 diem
2448 3064 2573 3109 ante
2594 3055 2998 3127 superadjicias,
3021 3070 3077 3110 ιι
3104 3054 3222 3109 Kal.
3252 3052 3409 3125 Apri-

1815 3144 1884 3200 lis
1911 3146 2292 3216 azquinoctium
2323 3146 2564 3203 facturus
2615 3163 2647 3203 a
2692 3148 2870 3204 medio
2917 3155 3105 3219 surgat
3154 3145 3403 3213 orientis,

1813 3238 2061 3294 eamdem
2109 3240 2316 3295 scilicet
2360 3241 2671 3297 tarditatem
2723 3257 2779 3296 in
2822 3241 3034 3297 caeteris
3087 3250 3405 3297 servaturus

1813 3331 2115 3387 exortibus.
2150 3332 2295 3387 DISC.
2348 3331 2602 3403 Nunquid
2631 3334 2685 3388 in
2711 3333 2853 3388 lunae
2894 3348 3057 3389 cursu
3088 3331 3406 3403 quadrantis

1814 3425 2083 3480 rationem
2126 3424 2419 3480 observare
2448 3422 2756 3479 debemus?
2788 3423 2929 3480 MAG.
2985 3422 3257 3479 Debemus
3293 3419 3403 3475 uti—

1812 3527 1956 3584 que:
2002 3513 2130 3585 quia
2157 3514 2203 3569 si
2241 3513 2384 3569 lunae
2410 3513 2765 3584 quadrantem
2798 3514 3213 3571 accommodare
3238 3524 3405 3584 nega-

1809 3605 1973 3669 veris,
2028 3604 2126 3660 sed
2172 3603 2438 3667 bissextili
2467 3620 2609 3661 anno
2630 3605 2870 3675 ejusdem
2901 3605 3223 3677 quantitatis
3252 3618 3404 3660 men-

1808 3711 1924 3752 sem
1953 3696 2197 3752 lunarem
2209 3697 2527 3766 Februario,
2553 3694 2705 3768 cujus
2727 3702 2783 3754 et
2806 3706 2966 3754 antea
2988 3698 3221 3764 solebas,
3255 3704 3403 3766 aptas

1807 3786 1971 3852 veris,
1999 3786 2061 3841 ﬁt
2083 3786 2329 3858 profecto
2360 3798 2420 3844 ut
2446 3798 2503 3845 et
2525 3790 2933 3860 quartadecima
2974 3790 3099 3846 luna
3126 3788 3402 3861 paschalis

1807 3877 2053 3949 ejusdem
2081 3880 2211 3934 anni
2238 3879 2413 3950 pridie
2443 3895 2605 3950 quam
2629 3881 2896 3937 debuerat
2931 3882 3208 3948 adveniat,
3251 3880 3402 3937 ideo-

1805 3981 1912 4037 que
1932 3967 2203 4037 paschalis
2233 3969 2374 4023 ratio
2399 3969 2634 4037 vacillet,
2668 3978 2725 4026 et
2754 3979 2903 4027 totus
2942 3985 3068 4027 mox
3100 3969 3229 4025 anni
3267 3986 3394 4027 cur-

1805 4073 1898 4115 sus
1928 4058 2144 4125 titubet,
2178 4065 2457 4130 statusque
2490 4060 2578 4116 ille
2604 4075 2819 4132 semper
2860 4060 3189 4117 inviolabilis
3209 4058 3399 4116 circuli
3504 4082 3515 4113 ε

1806 4152 2294 4210 decennovennalis
2319 4154 2493 4226 magis
2520 4155 2801 4226 magisque
2823 4156 3072 4211 turbatus
3096 4162 3393 4211 evertatur.

1805 4242 1986 4311 Quare
2021 4253 2234 4315 oportet
2259 4255 2319 4301 ut
2368 4247 2509 4302 sicut
2544 4248 2785 4303 dictante
2809 4248 3128 4319 quadrantis
3180 4248 3396 4305 ratione

1804 4345 1999 4407 quarto
2032 4354 2195 4406 anno,
2229 4354 2391 4411 quem
2419 4340 2752 4396 bissextilem
2772 4341 3026 4408 dicimus,
3055 4356 3222 4396 unum
3251 4340 3395 4396 diem

1803 4428 1968 4484 solari
1998 4429 2283 4499 adjicimus
2330 4448 2473 4487 anno
2501 4473 2515 4498 ,
2555 4432 2806 4488 similiter
2846 4433 3021 4489 lunari
3058 4450 3222 4489 unam
3252 4434 3394 4489 diem

1804 4518 2153 4590 adjiciamus,
2192 4536 2422 4591 eamque
2466 4522 2605 4576 luna:
2630 4523 2833 4577 mensis
2860 4522 3144 4577 Februarii
3185 4524 3393 4578 tribua—

1804 4626 1947 4675 mus,
1974 4613 2088 4666 sive
2136 4611 2284 4665 illam
2327 4620 2452 4665 ante
2476 4611 2853 4666 intercalatum
2883 4612 3240 4681 quadrantem
3291 4628 3389 4668 seu

1803 4702 2146 4772 postmodum
2172 4701 2453 4757 terminari
2478 4701 2794 4772 contingat;
2826 4710 2889 4756 ut
2914 4718 3033 4772 qua:
3056 4702 3269 4758 creteris
3295 4718 3389 4757 an-

1803 4792 1890 4847 nis
1917 4792 2107 4862 viginti
2128 4807 2320 4846 novem
2340 4792 2578 4858 ,dierum,
2605 4806 2748 4846 anno
2768 4801 2949 4848 autem
2973 4792 3241 4849 bissextili
3262 4806 3385 4849 cum

1804 4884 2023 4954 triginta
2074 4890 2452 4954 computetur;
2503 4883 2725 4954 ipseque
2766 4898 2961 4949 annus,
3008 4884 3055 4939 si
3084 4883 3387 4940 communis

1804 4977 1893 5040 sit,
1927 4991 2050 5031 cum
2072 4991 2236 5031 cccnv
2258 4976 2475 5040 diebus;
2505 4976 2549 5030 si
2572 4975 2937 5041 embolismus,
2973 4991 3095 5031 cum
3110 4990 3386 5032 cccuxxv

1803 5066 2155 5137 compleatur.
2198 5065 2396 5138 Sicque
2448 5067 2509 5121 ﬁt
2556 5075 2615 5122 ut
2658 5068 2713 5121 in
2759 5081 2868 5122 una
2906 5067 3202 5137 eademque
3231 5078 3385 5121 sexta

1802 5155 2163 5212 Kalendarum
2188 5154 2503 5210 Martiarum
2534 5154 2697 5222 linea,
2740 5153 2885 5210 etin
2926 5154 3040 5209 sole
3084 5161 3139 5209 et
3182 5154 3235 5208 in
3256 5152 3381 5208 luna

1802 5262 2059 5303 numerus
2107 5247 2428 5317 geminetur.
2482 5246 2553 5303 Ut
2601 5246 2658 5300 in
2702 5244 2956 5315 praesenti
2999 5257 3180 5311 anno,
3231 5244 3382 5299 verbi

1800 5339 1998 5410 gratia,
2051 5346 2258 5394 sextam
2306 5338 2691 5410 scptimamque
2724 5336 2973 5406 ponimus
3013 5334 3203 5392 feriam
3231 5377 3247 5403 ,
3304 5337 3379 5392 ita

1801 5431 2000 5487 ibidem
2039 5439 2250 5487 sextam
2288 5431 2681 5500 septimamque
2719 5443 2987 5497 ponamus
3009 5429 3214 5483 lunam.
3268 5427 3381 5485 Hac

1802 5536 2019 5592 semper
2042 5521 2310 5577 industria
2353 5519 2659 5591 pervigiles,
2695 5528 2755 5573 ut
2801 5534 2925 5574 cum
2967 5515 3148 5575 lunar'n
3178 5520 3383 5575 mensis

1802 5610 2084 5669 Februarii
2116 5613 2170 5667 in
2207 5627 2350 5667 anno
2378 5611 2641 5667 bissextili
2680 5611 2900 5681 triginta
2938 5613 3142 5668 habere
3190 5609 3383 5667 fecerio

1803 5721 1941 5769 mus,
1994 5706 2049 5760 in
2083 5704 2273 5759 diebus
2309 5712 2485 5758 tamen
2514 5702 2874 5758 Kalendarum
2919 5703 3255 5768 Martiarum,
3287 5718 3382 5758 ex-

1802 5807 1959 5868 cepto
1984 5798 2157 5853 solum
2191 5797 2473 5851 undecimo
2492 5796 2679 5850 circuli
2708 5796 3192 5853 deccnnovennalis
3212 5808 3381 5860 anno,

1801 5892 1975 5965 ipsam
2002 5906 2168 5964 quam
2187 5898 2244 5947 et
2263 5898 2388 5947 ante
2408 5897 2764 5951 consueverat
2786 5889 2920 5947 luna
2940 5895 3122 5946 servet
3136 5894 3377 5944 atatem.
