3946 6464
543 366 648 424 699

1204 368 1274 463 ‘B.
1316 369 1572 427 RABANI
1612 371 1833 429 MAURI
1865 373 2182 432 ARCHIEP.
2225 374 2535 435 MOGUNT.
2576 380 2862 439 OPERUM
2894 381 3077 440 PARS
3114 386 3158 441 Ι.

3729 393 3833 450 ’ἕω

540 480 745 553 Quibus
777 493 953 542 autem
1001 488 1285 557 quantisve
1332 498 1632 563 temporum
1660 495 1936 566 particulis
1968 497 2110 552 idem
2136 494 2189 555 A
2212 494 2501 554 Novembri
2530 503 2729 557 mensis
2766 504 3026 572 agendum
3054 505 3228 575 magis
3250 515 3583 576 autument;
3626 519 3822 582 quate

536 572 682 632 Itium
703 577 972 648 quadrans
1017 589 1325 649 accrescat,
1360 582 1565 653 majore
1612 588 1841 656 quaesitu
1887 588 2107 660 indiget.

530 664 782 739 ﬁamque
814 684 936 725 cum
963 670 1079 741 ipso
1106 673 1407 742 quadrante
1454 676 1617 732 etiam
1645 680 1834 736 crebra
1862 682 2114 738 embolis-

536 778 748 820 morum
772 763 1094 836 interruptio
1115 776 1171 823 et
1196 767 1365 826 saltus
1392 785 1605 842 quoque
1630 774 1838 830 ratione
1866 783 1977 830 tota
2006 776 2117 832 dis-

536 868 726 911 cursus
746 855 950 915 lunaris
978 874 1237 917 mensura
1272 861 1341 919 ad
1366 878 1561 934 purum
1588 879 1656 920 ne
1683 866 1924 935 dignosci
1953 876 2118 940 queat

533 947 765 1006 obsistit.

1136 1046 1365 1105 CAPUT
1399 1046 1510 1108 LV.

729 1131 1103 1208 Argumentum
1130 1138 1201 1194 ad
1225 1140 1507 1197 bissextum
1530 1142 1892 1200 inveniendum
2085 1217 2097 1231 ο

601 1225 749 1285 Drsc:
781 1225 982 1285 Vellem
1010 1238 1070 1287 ut
1116 1232 1333 1304 aliquod
1374 1246 1749 1308 argumentum
1791 1239 1924 1295 mibi
1955 1225 2114 1298 dares

528 1330 627 1388 per
654 1320 797 1390 quod
824 1324 963 1380 scire
992 1340 1207 1396 possem
1237 1338 1417 1385 utrum
1468 1331 1763 1389 bissextiiis
1802 1349 1974 1391 annus
2009 1335 2110 1392 ﬁe-

528 1417 632 1476 ret,
676 1426 743 1466 an
768 1402 932 1471 etiam
982 1420 1389 1490 prmparationis
1431 1421 1676 1478 bissexti.
1732 1423 1872 1481 MAG.
1924 1424 1979 1481 Si
2008 1427 2110 1484 hoc

529 1516 690 1560 nosse
722 1505 1015 1577 desideres,
1048 1527 1201 1569 sume
1217 1530 1383 1571 annos
1408 1516 1474 1573 ab
1501 1518 1876 1577 incarnatione
1897 1520 2108 1579 Domini

528 1606 872 1674 quotcunque
920 1606 1141 1677 fuerint,
1176 1619 1237 1666 ut
1278 1621 1404 1682 puta
1436 1613 1490 1668 in
1520 1617 1770 1684 praesenti
1823 1616 1946 1673 820.
2000 1618 2109 1676 Hos

522 1691 728 1765 partire
773 1710 872 1767 per
903 1709 1153 1771 quatuor,
1212 1705 1341 1775 quia
1393 1706 1667 1764 bissextus
1717 1718 1839 1780 post
1877 1719 2107 1783 quatuor

522 1796 692 1841 annos
730 1798 979 1858 peractos
1030 1792 1336 1852 intervenit.
1375 1798 1579 1868 Quater
1619 1817 1749 1874 ergo
1795 1820 1877 1872 cc,
1932 1786 2099 1873 cccc;

520 1887 714 1949 quater
746 1898 798 1951 v,
830 1900 923 1940 xx.
954 1885 1022 1943 Et
1050 1889 1178 1960 quia
1213 1891 1345 1947 nihil
1370 1866 1634 1962 remanet,
1683 1866 1857 1955 annus
1883 1907 1965 1955 est
1994 1899 2104 1956 bis-
2130 1866 2179 1927 Β

518 1973 748 2032 sextilis.
791 1975 848 2033 Si
877 1996 1005 2054 ergo
1033 1999 1173 2041 unus
1192 1990 1777 2060 remanserit,-primus
1813 2000 1899 2049 est
1929 2008 2103 2049 annus

517 2069 932 2143 praeparationis
976 2074 1224 2137 bissexti.
1276 2078 1336 2138 Si
1361 2082 1499 2151 duo,
1529 2085 1837 2154 secundus;
1894 2087 1940 2147 si
1969 2095 2105 2156 tres,

520 2159 735 2223 tertius.

1108 2258 1336 2321 CAPUT
1368 2263 1502 2321 LVI.

1065 2353 1145 2411 De
1173 2356 1311 2414 saltu
1341 2358 1537 2416 lunari.

584 2430 730 2491 DISC.
754 2433 835 2494 De
861 2438 1001 2496 saltu
1025 2439 1165 2501 lunae
1210 2462 1376 2517 posco
1404 2458 1462 2505 ut
1490 2451 1741 2510 similiter
1767 2456 1900 2515 mihi
1926 2458 2098 2517 ratio-

514 2536 639 2578 nem
668 2526 911 2597 proferas
933 2531 1071 2593 sicut
1097 2544 1152 2593 et
1182 2537 1249 2597 de
1296 2540 1539 2599 bissexto
1577 2541 1773 2600 fecisti.
1806 2546 1945 2606 MAG.
1978 2549 2099 2607 Sal-

517 2620 630 2670 tum
659 2615 799 2674 lunae
832 2620 984 2679 locus
1028 2633 1083 2683 et
1124 2628 1258 2685 hora
1288 2631 1447 2689 citior
1491 2634 1820 2697 incensionis
1855 2641 1972 2712 ejus
2000 2657 2099 2713 per

513 2710 881 2768 novemdecim
929 2730 1100 2777 annos
1156 2719 1333 2779 eilicit.
1382 2722 1638 2792 Quamvis
1684 2730 1830 2787 enim
1878 2710 2099 2803 quidam

511 2796 749 2874 singulas
772 2801 925 2864 lunas
953 2809 1141 2883 viginti
1168 2831 1360 2873 novem
1386 2821 1549 2877 semis
1574 2822 1762 2880 diebus
1783 2836 2098 2898 computan-

510 2894 616 2958 tes,
650 2891 989 2957 incensiones
1041 2917 1228 2960 earum
1274 2910 1451 2966 medio
1497 2913 1602 2970 diei
1630 2922 1684 2970 et
1713 2917 1889 2974 medio
1918 2921 2096 2979 noctis

509 2996 725 3056 semper
762 2986 1051 3062 alternent,
1101 3010 1208 3053 non
1257 2998 1311 3057 in
1345 3000 1447 3057 hoc
1474 3012 1655 3062 tamen
1680 3009 1969 3069 veritatem
1995 3027 2092 3067 na-

510 3081 645 3130 turae
680 3078 775 3133 sed
821 3080 1117 3142 calculandi
1165 3087 1482 3151 facilitatem
1534 3096 1828 3168 inquirunt.
1884 3101 2018 3159 Nam
2047 3103 2095 3160 si

509 3173 759 3223 naturam
779 3184 1014 3244 quaeras,
1038 3176 1165 3233 luna
1190 3181 1353 3249 primi
1380 3186 1602 3254 mensis,
1629 3204 1747 3261 qua:
1774 3209 1918 3250 nunc
1939 3195 2090 3253 verbi

505 3258 678 3336 gratia
705 3262 950 3340 meridie,
992 3276 1047 3324 et
1095 3274 1336 3342 secundi,
1384 3292 1504 3349 quae
1526 3258 1670 3338 nunc
1696 3284 1755 3340 in
1785 3288 1964 3347 medio
1985 3306 2086 3347 no-

422 3358 425 3361 ‘
505 3349 607 3409 ctis
634 3356 967 3427 accenditur,
1006 3376 1146 3419 anno
1183 3364 1365 3424 futuro
1388 3368 1522 3431 hora
1553 3382 1608 3431 et
1630 3374 1818 3434 decem
1843 3395 2090 3439 momen-

504 3439 577 3540 tis
600 3451 657 3503 et
686 3447 908 3506 dimidio
938 3458 1197 3515 momenti
1240 3467 1295 3514 et
1323 3460 1534 3519 decima
1566 3481 1707 3523 nona
1742 3479 1899 3540 parte
1924 3473 2086 3531 dimi-

604 3539 861 3619 momenti
887 3550 1013 3601 ante
1036 3547 1274 3607 medium
1299 3551 1406 3608 diei
1449 3555 1534 3611 vel
1556 3531 2081 3621 noctisillustratur.

502 3617 614 3723 μεθ
641 3632 818 3685 tamen
843 3630 945 3689 hac
974 3636 1314 3699 distinctione
1335 3644 1402 3701 ad
1433 3656 1643 3705 certum
1676 3617 2086 3714 embolismi

502 3721 803 3778 Communis
826 3726 954 3781 anni
981 3730 1284 3799 terminum,
1314 3736 1409 3793 sed
1435 3738 1503 3795 ad
1524 3754 1736 3812 aequam
1765 3744 2084 3805 divisionem

500 3811 869 3904 novemdecim
904 3819 1073 3877 tendit
1099 3837 1383 3883 annorum.
1441 3811 1638 3903 Sicque
1666 3848 1764 3904 per
1787 3839 2079 3897 novemdev-

501 3900 607 3998 cim
630 3919 798 3965 annos
822 3905 1025 3968 lunaris
1052 3918 1300 3974 accensio
1327 3934 1447 3981 sese
1470 3900 1897 3998 praeoccupando
1920 3930 2082 3989 unius

498 3987 606 4049 diei
661 3996 896 4067 spatium
940 4002 1231 4075 amittens,
1292 3987 1544 4070 ultimum
1593 3987 2083 4081 decennovennalis

499 4082 637 4183 c-ycli
660 4099 857 4145 annum
887 4106 1189 4155 cccnxxxm
1217 4096 1406 4157 diebus
1434 4100 1896 4178 facitcomputari.
1924 4109 2080 4183 Quod

499 4173 543 4229 si
572 4173 750 4269 facere
801 4182 1041 4256 negligas
1087 4201 1185 4261 per
1221 4189 1531 4269 quindecim
1581 4173 2080 4267 decdnnovendalee

498 4264 700 4341 cyclos,
747 4271 935 4367 quinta
979 4276 1186 4367 decima
1220 4264 1348 4343 luna
1398 4284 1494 4345 tibi
1521 4289 1612 4345 ubi
1640 4292 1816 4362 prima
1857 4264 2077 4367 putatur

496 4367 764 4449 occurret.
814 4360 957 4425 Disc.
995 4365 1266 4439 Quantum
1302 4374 1358 4431 in
1392 4391 1501 4435 uno
1529 4360 1671 4443 anno
1698 4360 1964 4445 accrescit
2007 4388 2077 4449 de

497 4448 636 4505 saltu
665 4450 881 4511 lunari?
911 4453 1052 4517 MAG.
1084 4458 1228 4521 Hora
1251 4473 1306 4523 et
1332 4482 1473 4524 unus
1500 4481 1731 4542 punctus
1774 4486 1830 4541 et
1864 4477 2074 4537 decima

2214 606 2318 646 nus
2344 592 2646 664 hujusmodi
2701 595 3099 667 impedimentis
3134 615 3259 657 cum
3288 604 3666 675 praecedentis
3693 611 3828 664 anni

2215 681 2323 739 fine
2346 686 2605 743 absolutis
2628 703 2827 744 novum
2850 689 2914 747 de
2940 702 3133 748 caetero
3163 709 3365 751 annum
3395 696 3581 755 libero
3605 703 3825 772 possint

2216 788 2465 850 computo
2512 780 2758 854 ingredi;
2801 784 2955 856 juxta
2991 789 3290 861 exemplum
3330 791 3603 850 videlicet
3650 793 3822 869 Egy-

2214 873 2473 942 ptiorum,
2507 876 2598 947 qui
2623 876 2726 931 hoc
2758 879 3054 947 penultimo
3082 883 3210 941 anni
3238 883 3320 939 sui
3351 901 3578 953 mense,
3610 888 3712 957 qui
3743 901 3816 945 est

2213 973 2399 1020 noster
2417 963 2609 1033 Julius,
2648 966 2828 1025 facere
2863 972 3231 1040 perhibentur.
3262 974 3369 1030 Sed
3399 978 3526 1032 sive
3562 977 3683 1041 hic,
3712 981 3817 1035 sive

2214 1057 2347 1125 illic,
2379 1059 2490 1116 sive
2512 1058 2637 1115 alibi
2663 1059 2876 1129 feceris,
2908 1077 3128 1121 necesse
3156 1075 3237 1121 est
3263 1067 3492 1137 ibidem,
3548 1070 3610 1125 ni
3640 1068 3811 1137 fallor,

2215 1158 2324 1209 tres
2348 1154 2552 1227 pariter
2579 1170 2791 1212 menses
2828 1157 3303 1217 undetricenorum
3336 1171 3686 1236 computare
3714 1165 3811 1220 die-

2213 1256 2354 1303 rum.

2802 1340 3029 1398 CAPUT
3064 1341 3217 1399 LVII.

2609 1428 2687 1484 De
2715 1433 3160 1489 aecennovennale
3194 1434 3425 1490 circulo;

2278 1514 2422 1574 DISC.
2455 1518 2948 1579 Decennovennalis
2981 1541 3111 1597 ergo
3154 1526 3338 1583 circuli
3372 1527 3701 1593 rationem,
3727 1530 3803 1600 qui

2207 1609 2400 1666 saltum
2430 1612 2673 1669 lunarem
2697 1614 2867 1687 gignit
2904 1625 2958 1671 et
2990 1616 3131 1673 lunae
3160 1636 3381 1675 cursum
3414 1620 3683 1687 ordinat,
3713 1622 3801 1675 vel-

2205 1702 2310 1759 lem
2340 1719 2371 1758 a
2397 1713 2448 1761 te
2476 1707 2660 1762 audire
2680 1715 2734 1763 et
2761 1718 3079 1781 argumento
3109 1712 3401 1783 conjicere.
3440 1713 3603 1769 MAG.
3636 1712 3805 1770 Circu-

2206 1792 2316 1848 lum
2346 1795 2867 1855 decennovennalem
2914 1810 3136 1873 propter
3178 1805 3617 1874 quatuordecim
3670 1804 3801 1861 lunas

2204 1888 2487 1958 paschales
2535 1888 2749 1947 Nicaena
2807 1894 3041 1965 synodus
3098 1895 3362 1963 instituit,
3424 1911 3493 1952 eo
3549 1898 3708 1968 quod
3744 1899 3798 1952 ad

2202 1982 2450 2037 eumdem
2495 2000 2829 2059 unaquchue
2880 1988 3009 2045 luna
3056 2006 3155 2062 per
3198 1990 3595 2049 novemdeci‘m
3652 2007 3799 2047 annos

2202 2073 2479 2130 inerrabili
2508 2092 2671 2133 cursu
2697 2079 2883 2134 redeat
2907 2098 2920 2147 ;
2961 2081 3055 2152 qui
3080 2082 3336 2139 dividitur
3358 2084 3417 2139 in
3448 2085 3796 2156 ogdoadaset

2202 2164 2526 2234 endecadas,
2581 2168 2685 2224 hoc
2710 2178 2793 2227 est
2820 2171 2875 2226 in
2905 2180 3028 2229 octo
3057 2182 3112 2229 et
3136 2173 3388 2230 undecim
3421 2192 3637 2232 annos.
3680 2176 3799 2231 Octo

2201 2259 2347 2314 enim
2372 2261 2497 2315 anni
2525 2261 2741 2319 lunares
2768 2264 2989 2321 totidem
3014 2282 3184 2323 annos
3208 2267 3416 2323 solares
3446 2268 3674 2325 duobus
3697 2278 3797 2325 tan-

2199 2359 2313 2408 tum
2359 2353 2547 2411 diebus
2599 2357 2986 2415 transcendunt
3019 2377 3032 2413 :
3072 2376 3301 2432 quorum
3346 2360 3493 2416 alter
3520 2362 3599 2417 ad
3622 2362 3792 2433 exple-

2198 2453 2440 2501 mentum
2482 2449 2719 2503 occurrit
2747 2451 3032 2506 endecadis
3050 2492 3064 2517 ,
3096 2451 3232 2506 alter
3254 2452 3475 2508 ratione
3502 2452 3687 2508 saltus
3706 2453 3788 2508 ab-

2199 2539 2446 2594 sumitur.
2475 2540 2725 2612 Alioquin
2758 2544 2989 2599 endecas
3015 2545 3207 2600 solaris
3246 2561 3354 2600 uno
3381 2547 3474 2602 die
3505 2556 3787 2602 transcen-

2199 2630 2351 2688 deret
2375 2633 2638 2690 lunarem.
2693 2635 2845 2692 Licet
2888 2638 3106 2710 quidam
3132 2638 3402 2695 violenter
3460 2641 3567 2698 hos
3601 2643 3719 2699 dia
3745 2650 3790 2697 et

2196 2725 2448 2785 bissextis
2483 2736 2605 2786 octo
2631 2746 2897 2787 annorum
2941 2732 3187 2806 supplere
3215 2733 3487 2803 nitantur,
3533 2751 3667 2791 cum
3695 2737 3789 2792 bis-

2197 2830 2380 2879 sextus
2411 2824 2580 2879 soleat
2616 2825 2671 2879 in
2697 2841 2882 2881 mense
2920 2825 3218 2883 Februario
3256 2827 3355 2883 soli
3390 2826 3721 2898 superfusus
3744 2838 3787 2886 et

2195 2911 2337 2970 lunae
2364 2914 2547 2971 futuro
2570 2917 2798 2987 tempori
2840 2915 2975 2972 nihil
3000 2916 3373 2989 praeiudicare,
3423 2928 3487 2974 et
3523 2919 3632 2990 ipsi
3680 2919 3788 2974 nul«

2194 3004 2306 3061 lum
2343 3005 2586 3063 indecadi
2636 3007 2934 3064 bissextum
2985 3007 3204 3063 addant.
3244 3006 3315 3064 Ut
3365 3023 3502 3081 ergo
3551 3010 3787 3081 apertius

2196 3096 2387 3164 dicam,
2421 3101 2527 3158 duo
2547 3099 2687 3156 lunae
2706 3100 2821 3156 dies
2849 3101 2941 3175 qui
2970 3109 3257 3171 supersunt
3278 3101 3332 3157 in
3356 3099 3635 3174 ogdoade,
3665 3102 3788 3158 duos

2195 3192 2287 3265 qui
2313 3190 2507 3249 desunt
2533 3191 2589 3251 in
2615 3192 2885 3250 endecade
2914 3191 3278 3265 complebunt.

2842 3306 2979 3362 PUT
3019 3306 3192 3362 LVIII.

2751 3305 2979 3363 CAPUT
3019 3306 3192 3365 LVIII.

2191 3374 2567 3448 Argumentum
2593 3376 2663 3432 ad
2691 3376 3267 3449 inueniendumguotus
3299 3377 3366 3432 sit
3393 3394 3574 3433 annus
3607 3374 3787 3432 circuli

2732 3447 3213 3503 decenitovennulis.

2261 3561 2321 3620 Si
2348 3579 2479 3636 ergo
2504 3563 2640 3621 velis
2662 3571 2981 3634 argumento
3005 3576 3332 3634 cognoscere
3352 3570 3565 3633 quotus
3594 3563 3669 3619 sit
3699 3579 3777 3617 au-

2187 3672 2290 3714 nus
2311 3656 2495 3713 circuli
2528 3654 3030 3721 decennovennalis,
3075 3670 3228 3710 sume
3267 3670 3439 3711 annos
3489 3656 3567 3711 ab
3614 3655 3777 3711 incar-

2185 3749 2406 3807 natione
2432 3749 2647 3805 Domini
2672 3756 2803 3821 quot
2824 3747 3043 3815 fuerint,
3068 3755 3121 3803 et
3141 3763 3308 3803 unum
3334 3762 3562 3819 semper
3586 3748 3772 3818 adiice.

2185 3842 2297 3901 Hos
2336 3843 2540 3914 partire
2584 3857 2681 3912 per
2717 3844 2902 3899 decem
2947 3849 3002 3897 et
3048 3855 3263 3897 novem.
3304 3838 3464 3907 Quod
3512 3852 3769 3904 remanet,

2184 3933 2303 4005 ipse
2331 3941 2416 3991 est
2437 3948 2609 3991 annus
2630 3932 2763 4009 cycli
2785 3928 3297 3993 decennovennaiis.‘
3317 3929 3379 3986 Si
3404 3930 3547 3985 nihil
3570 3948 3774 3987 reman-

2182 4026 2335 4094 serit,
2369 4040 2545 4082 nonus
2575 4023 2815 4085 decimus
2849 4030 2952 4080 est.
3006 4019 3170 4080 Verbi
3197 4020 3372 4095 gratia
3401 4041 3415 4077 :
3466 4024 3613 4079 utin
3643 4040 3771 4095 pra:-

2182 4115 2324 4173 senti
2353 4123 2480 4175 sunt
2513 4113 2637 4181 820,
2688 4114 2774 4173 bis
2810 4112 2983 4189 adiice
3026 4131 3229 4182 unum,
3254 4114 3384 4191 quia
3430 4114 3487 4169 in
3539 4115 3776 4171 secundo

2181 4224 2325 4269 anno
2380 4209 2571 4267 circuli
2610 4209 3095 4269 decennovennalis
3141 4208 3407 4267 Dominus
3455 4209 3774 4267 incarnatus

2179 4310 2283 4369 est,
2332 4309 2388 4360 et
2416 4299 2554 4361 fiunt
2576 4299 2676 4359 821
2712 4319 2724 4355 :
2757 4301 2860 4363 hos
2884 4301 3092 4372 partire
3118 4317 3215 4375 per
3244 4301 3434 4358 decem
3464 4310 3525 4356 et
3550 4317 3770 4369 novem,

2177 4394 2496 4469 quadragies
2523 4393 2645 4451 deni
2668 4402 2724 4451 et
2741 4394 2936 4453 uoveni
2958 4410 3144 4453 nccnx.
3174 4393 3309 4451 Item
3331 4401 3421 4452 ter
3445 4396 3578 4453 deni
3599 4406 3656 4453 et
3682 4413 3771 4453 no-

2175 4490 2325 4557 velli,
2361 4488 2751 4564 quinquaginta
2800 4497 3029 4560 septem.
3078 4488 3180 4557 Qui
3228 4489 3501 4562 superiori
3542 4506 3767 4547 numero

494 4558 633 4664 uella
672 4561 801 4621 pars
826 4550 983 4617 unius
1003 4557 1219 4664 puncti...
1381 4561 1487 4621 alio
1518 4567 1678 4629 modo
1706 4569 1889 4638 dicas,
1936 4573 2072 4633 hora
2095 4602 2150 4664 D
2174 4550 2410 4653 copulati
2453 4550 2691 4642 etiicidnt
2722 4550 3006 4639 numerum
3058 4550 3225 4639 nunc:
3274 4550 3330 4639 et
3377 4598 3475 4641 vn.
3526 4582 3598 4638 Et
3639 4584 3763 4657 quia

493 4645 548 4693 et
576 4637 761 4703 decem
786 4654 1061 4709 momenta
1087 4658 1144 4706 et
1168 4651 1447 4712 dimidium
1468 4669 1797 4719 momentum
1825 4637 1880 4721 et
1901 4682 2072 4725 nona-

491 4733 698 4793 decima
747 4737 953 4797 dimidii
996 4746 1277 4815 momenti,
1317 4748 1459 4806 sicut
1503 4766 1666 4823 supra
1713 4755 2071 4819 ostendimus.

491 4824 641 4919 Disc.
694 4827 966 4896 Quantum
1007 4834 1062 4894 in
1106 4836 1217 4897 uno
1245 4854 1427 4901 mense
1473 4843 1693 4904 lunari?
1729 4847 1867 4906 ΜΑο.
1903 4850 2073 4919 Quin-

488 4918 746 4989 quaginta
771 4928 827 4977 et
845 4922 948 4983 tria
970 4937 1243 4989 momenta
1270 4937 1325 4987 et
1346 4933 1584 5006 quinque
1598 4944 1829 4997 ostenta.
1860 4938 1920 4997 In
1934 4918 2061 5001 unov

488 5023 702 5085 quoque
754 5028 884 5086 ergo
911 5032 1097 5079 mense
1128 5030 1363 5091 quatuor
1394 5028 1684 5087 momentis
1730 5038 1787 5088 et
1828 5031 2070 5103 quinque

486 5104 713 5165 ostentis
758 5105 898 5164 desit
922 5111 1068 5180 quod
1106 5128 1213 5169 una
1258 5115 1466 5173 lunatio
1512 5119 1583 5175 ad
1632 5119 1825 5193 viginti
1871 5139 2069 5183 novem

486 5194 694 5289 dierum
722 5207 780 5259 et
809 5201 1092 5265 duodecim
1119 5207 1375 5269 horarum
1398 5209 1787 5281 plenitudinem
1811 5230 1922 5275 non
1941 5233 2066 5289 per-

485 5287 685 5343 veniet.
716 5289 789 5348 Et
810 5292 869 5353 in
893 5294 1117 5359 dimidio
1148 5298 1324 5359 lunari
1357 5317 1545 5361 mense
1572 5305 1681 5363 duo
1712 5287 1986 5373 momenta
2010 5318 2069 5367 et

483 5376 593 5478 duo
617 5390 830 5478 ostenta
858 5395 918 5446 et
963 5390 1241 5452 dimidium
1266 5403 1560 5457 ostentum.
1593 5399 1738 5459 Dtsc.
1792 5402 1896 5461 Ubi
1933 5418 2064 5478 ergo

482 5469 635 5567 locus
661 5469 818 5537 istius
841 5482 1012 5543 saltus
1034 5489 1155 5544 est?
1199 5488 1337 5547 MAG.
1382 5491 1668 5562 Aliquibus
1698 5509 1830 5567 ergo
1854 5469 2055 5555 duode-

480 5565 625 5626 cimo
647 5567 1005 5635 blandarum
1027 5577 1287 5649 Aprilium
1314 5582 1401 5639 die
1424 5583 1636 5642 videtur
1660 5565 1804 5642 anno
1830 5588 2058 5645 redden-

478 5661 599 5732 dus,
650 5673 872 5737 propter
896 5670 1160 5743 originem
1184 5676 1507 5734 conditionis
1536 5680 1770 5737 siderum
1797 5697 1812 5748 ;
1844 5689 1906 5737 ut
1929 5680 2059 5738 luna

474 5759 678 5817 mensis
702 5758 902 5832 lanii,
928 5780 1050 5838 qum
1074 5782 1141 5825 eo
1166 5769 1229 5826 ﬁt
1252 5771 1339 5828 die
1359 5772 1617 5830 vicesima
1640 5788 1783 5829 nona
1798 5814 1815 5841 ,
1860 5774 2058 5833 dehinc

472 5854 1047 5935 venturarum
1086 5858 1604 5947 Sedsuntquihoc
1646 5865 1804 5928 nobis
1848 5866 2053 5933 inlusa

2173 4679 2404 4749 quatuor
2436 4672 2563 4729 anni
2596 4673 2797 4744 prioris
2823 4673 3036 4730 numeri
3063 4681 3364 4745 remanent.
3396 4686 3638 4747 quartus
3666 4692 3758 4733 an-

2173 4779 2278 4821 nus
2298 4772 2384 4825 est
2401 4764 2589 4825 circuli
2615 4765 3123 4825 decennovennalis.

2719 4913 2730 4923 ο
2761 4876 2989 4935 CAPUT
3025 4876 3164 4935 LIX.

2407 4945 2485 5007 De
2519 4947 2876 5009 communibus
2906 4949 3060 5007 annis
3091 4956 3142 5004 et
3172 4948 3514 5007 embolismit.

2238 5037 2383 5097 Dmc.
2425 5037 2570 5109 Quid
2609 5039 2679 5099 de
2714 5040 3093 5103 communibus
3129 5041 3289 5101 annis
3330 5048 3391 5103 et
3414 5040 3755 5101 embolismis

2166 5131 2319 5195 dicas
2348 5140 2624 5204 exspecto.
2654 5131 2797 5196 llas.
2825 5132 3095 5195 Dividitur
3132 5141 3313 5195 autem
3341 5134 3590 5195 (it-culus
3616 5136 3755 5192 idem

2165 5225 2222 5283 in
2247 5225 2596 5285 embolismos
2633 5240 2912 5297 annosque
2947 5242 3285 5297 communes,
3312 5242 3455 5300 quos
3494 5226 3757 5287 Hebraeo-

2165 5334 2287 5377 rum
2313 5334 2527 5390 minque
2551 5319 2859 5391 priscorum
2884 5319 3209 5379 auctoritate
3235 5327 3454 5377 constat
3488 5321 3757 5379 observa-

2163 5418 2267 5473 tes.
2293 5409 2619 5471 Communes
2643 5412 2858 5482 quidem
2881 5426 3074 5480 annos,
3099 5411 3153 5469 id
3173 5419 3279 5481 est,
3300 5425 3491 5473 occur
3509 5413 3752 5480 dierum.

2163 5502 2467 5563 duodecim.
2516 5503 2869 5563 Embolismos
2917 5510 3116 5570 autem,
3174 5502 3231 5563 id
3277 5510 3381 5566 est,
3446 5516 3755 5561 cccunn

2164 5591 2375 5655 dierum
2412 5593 2710 5658 concinens,
2759 5599 2985 5664 septem.
3018 5591 3235 5651 Primus
3275 5607 3515 5665 namque
3559 5602 3614 5649 et
3663 5609 3756 5649 se-

2164 5684 2372 5743 cundus
2397 5699 2570 5739 mnus
2596 5692 2721 5741 sunt
2752 5698 3089 5750 communes,
3124 5683 3321 5740 tertius
3367 5681 3751 5744 embolismus,

2163 5784 2388 5849 quartus
2415 5784 2471 5833 et
2513 5777 2734 5848 quintus
2773 5790 3107 5841 communes,
3152 5784 3341 5832 sextus
3365 5772 3750 5835 muboﬁsmus.

2161 5869 2422 5941 septimus
2464 5867 2787 5939 communis,
2811 5875 3035 5933 octavus
3490 5879 3669 5925 nonus
3694 5870 3752 5945 ᾳ
