3946 6458
142 379 263 439 τοι

1491 363 1696 424 LIBER
1731 361 1823 420 DE
1859 360 2212 423 COIPU'I'O.

3345 357 3453 413 709

150 490 421 552 decimus
443 498 780 552 communes,
820 482 1139 542 undecimus
1165 480 1533 546 emboiismus,
1561 478 1763 534 duode—
1787 477 1842 542 Α
1867 482 2081 546 partem
2120 472 2359 531 volueris
2389 480 2702 544 supputare,
2727 442 3023 545 nonaginta
3053 469 3191 537 dies,
3219 469 3325 527 hoc
3343 480 3450 539 est,

145 587 349 643 cimus
375 592 430 638 et
459 580 656 636 tertius
685 578 930 635 decimus
968 590 1303 642 communes,
1336 579 1565 643 quartus
1610 571 1762 627 deci-

146 693 293 734 mus
320 674 690 738 embolismus,
718 671 939 742 quintus
962 669 1202 725 decimus
1230 678 1285 724 et
1310 675 1495 723 sextus
1520 667 1763 723 decimus

150 783 507 833 communes,
538 766 801 837 septimus
839 764 1079 820 decimus
1124 762 1492 828 embolismus,
1539 770 1762 818 octavus

151 864 417 920 decimus
468 859 806 925 communis,
864 872 1038 915 nonus
1084 857 1328 913 decimus
1387 855 1759 912 embolismus.

151 955 271 1023 Qui
301 954 537 1024 utrique,
575 951 717 1008 sicut
758 959 816 1007 et
857 965 1019 1021 supra
1064 951 1269 1005 dictum
1310 958 1412 1017 est,
1446 950 1514 1007 ab
1538 949 1762 1005 exordio

152 1047 334 1118 primi
376 1046 600 1112 mensis,
630 1060 792 1116 quem
835 1044 1229 1103 Hebra'eiNisan
1256 1053 1473 1112 vocant,
1523 1045 1627 1100 hoc
1655 1053 1762 1111 est,

154 1138 235 1191 ab
264 1136 591 1192 accensione
616 1136 756 1193 lunae
773 1136 1061 1206 paschalis,
1088 1137 1301 1192 initium
1332 1146 1569 1194 sumunt.
1600 1137 1764 1207 Cujus

153 1227 457 1283 exordium
498 1227 703 1283 mensis
751 1228 855 1283 hac
902 1228 1088 1299 regula
1133 1229 1295 1284 debet
1350 1229 1651 1296 observari,
1705 1237 1765 1285 ut

155 1334 451 1389 nunquam
476 1319 605 1374 luna
651 1320 876 1375 Paschas
903 1329 1099 1390 quarta
1137 1321 1347 1375 decima
1372 1336 1598 1377 vernum
1621 1336 1762 1393 prte-

156 1412 329 1466 eedat
353 1397 758 1483 aequinoctium,
800 1412 895 1468 sed
936 1414 1017 1469 vel
1047 1414 1102 1468 in
1140 1415 1260 1485 ipso
1282 1415 1628 1485 aequinoctio,
1660 1416 1765 1472 hoc
1820 1478 1821 1485 η

158 1513 276 1569 est,
330 1503 648 1561 ϐυθόεείωο
696 1505 1061 1562 Kalendarum
1103 1508 1367 1579 Aprilium
1421 1510 1528 1576 die,
1569 1510 1655 1565 vel
1698 1525 1764 1567 eo

162 1601 536 1663 transgresso,
584 1594 823 1667 legitima
853 1600 1128 1668 procedat.
1175 1599 1634 1655 Embolismorum
1669 1617 1766 1656 au—

163 1693 308 1750 tem,
326 1684 463 1741 sicut
488 1686 778 1759 Dionysius
800 1688 897 1755 ait,
928 1690 1032 1744 ista
1060 1692 1203 1747 ratio
1224 1691 1486 1762 probatur
1506 1693 1761 1759 existere,

1864 572 1977 623 tres
1996 579 2234 631 menses,
2257 563 2474 623 etticies.
2523 563 2634 621 Nec
2668 571 2853 634 tamen
2891 562 2998 621 hac
3036 560 3454 619 ratiocinatione

1862 659 1931 714 ad
1977 669 2183 715 statum
2227 657 2474 716 veritatis
2503 655 2792 727 pervenire
2825 661 3103 727 poterant.
3140 652 3298 723 Quod
3332 653 3454 709 uni-

1863 751 2059 820 cuique
2087 750 2190 807 rite
2232 748 2524 807 ealculanti
2551 756 2609 805 et
2647 747 2910 820 ogdoadis
2941 760 3039 805 seu
3068 746 3362 803 cndccadis
3385 745 3455 803 ad

1861 859 2059 914 purum
2112 843 2343 913 liquebit
2398 857 2685 903 numerum
2738 839 3009 898 veraciter
3059 838 3451 897 consideranti.

1861 935 2034 1006 Igitur
2073 950 2333 993 numerus
2382 934 2498 1005 ipse
2546 932 2850 1004 pulsandos
2899 940 3004 999 est,
3054 932 3458 1003 videndumque

1864 1031 2010 1102 quod
2054 1038 2177 1085 octo
2226 1029 2356 1087 anni
2386 1029 2592 1087 solares
2629 1028 2831 1087 habent
2873 1026 3010 1093 dies,
3059 1027 3303 1097 exceptis
3346 1024 3459 1081 bis-

1865 1125 2058 1190 sextis,
2079 1124 2382 1180 iinccccxx.
2420 1121 2602 1180 Octies
2624 1119 2923 1177 trecenteni
2952 1118 3206 1191 sexageni
3233 1127 3290 1174 et
3310 1116 3459 1188 quini

1865 1218 2074 1275 faciunt
2116 1219 2417 1274 ﬁnccccxx.
2470 1213 2607 1269 Nam
2650 1212 2873 1271 lunares
2914 1211 3043 1268 anni
3070 1211 3295 1270 totidem
3336 1208 3461 1265 vide

1979 1317 2009 1363 ιλ
2033 1308 2269 1365 habeant
2294 1306 2431 1367 dies.
2469 1304 2654 1363 Octies
2682 1302 2982 1361 trecenteni
3012 1299 3379 1373 quinquageni
3405 1306 3463 1354 et

1979 1325 2009 1363 t‘
2033 1325 2269 1365 naneant
2294 1325 2431 1367 0188.
2469 1325 2654 1363 UCtteS
2683 1325 2982 1361 trecenteni
3012 1325 3379 1373 quinquageni
3405 1325 3460 1354 υι

1864 1325 2119 1474 ΕμπΠὶ
2156 1399 2735 1459 faciunti'lncccxxxn.
2768 1396 2921 1453 Adde
2960 1395 3260 1466 nonaginta
3292 1392 3460 1450 trium

1865 1497 2135 1553 mensium
2163 1493 2625 1557 embolismorum,
2654 1491 2769 1549 dies
2793 1490 2925 1547 ﬁunt
2967 1502 3315 1547 tinccccxxu.
3351 1484 3461 1540 Sed

1868 1591 1976 1647 duo
2000 1589 2092 1659 qui
2134 1588 2314 1644 minus
2347 1587 2617 1644 habentur
2647 1585 2701 1641 in
2741 1582 2981 1655 ogdoade
3026 1580 3190 1639 solari
3230 1579 3459 1635 duorum

1858 1683 2263 1746 bissextnrum,
2292 1679 2434 1734 sicut
2468 1693 2632 1747 supra
2667 1675 3025 1740 ostendimus,
3057 1678 3280 1744 sperant
3308 1666 3458 1738 adje-

159 1776 319 1848 quod
363 1794 629 1837 annorum
677 1782 1047 1837 communium
1096 1783 1348 1839 videntur
1388 1783 1586 1849 damna
1634 1801 1762 1855 sup-
1840 1774 2048 1837 tclione
2077 1770 2335 1841 ΒΠὩΡῙθΓῘ·
2383 1769 2677 1827 Videamus
2728 1776 2786 1823 θί
2811 1764 3140 1823 endecadcm
3179 1762 3462 1855 “rivique

158 1871 343 1942 plere,
373 1883 640 1943 quatenus
667 1876 736 1930 ad
763 1875 940 1932 solare
968 1885 1178 1947 tempus
1203 1877 1408 1934 lunaris
1436 1851 1764 1949 exsequetur
1790 1878 1840 1941 Β
1868 1863 2085 1929 sideris.
2116 1863 2163 1919 si
2205 1861 2347 1916 forte
2386 1860 2462 1915 ibi
2506 1858 2585 1915 sol
2617 1856 2896 1915 bissextile
2922 1851 3458 1949 quaaratauxiliurn.

159 1965 443 2020 excursio.
491 1966 749 2034 Quamvis
787 1969 931 2023 enim
977 1969 1105 2025 solis
1159 1986 1397 2026 annuum
1426 1972 1637 2044 cyclum
1665 1988 1765 2044 per

161 2056 417 2127 singulos
453 2072 667 2116 menses
693 2060 821 2116 luna
857 2062 1173 2129 circumeat,
1221 2073 1401 2119 tamen
1440 2067 1557 2136 ejus
1585 2065 1766 2136 perfe-

163 2148 414 2204 ctionem
443 2150 725 2206 duodecim
753 2154 868 2209 suis
908 2155 1188 2212 mensibus
1229 2155 1455 2226 implere
1484 2173 1591 2211 non
1621 2172 1762 2226 prte-

163 2238 341 2293 vaiet.
375 2238 620 2310 Denique
668 2242 721 2297 in
770 2244 925 2299 annis
973 2246 1348 2301 communibus
1379 2246 1445 2301 ad
1495 2247 1763 2306 rationem

165 2329 371 2386 solaris
404 2332 532 2386 anni
558 2334 808 2390 undecim
843 2336 961 2391 dies
984 2336 1125 2391 luna:
1150 2337 1338 2394 deesse
1365 2350 1683 2395 cernuntur.
1706 2340 1765 2395 In

164 2422 508 2480 embolismis
547 2440 675 2481 vero
720 2428 905 2484 decem
952 2438 1007 2487 et
1043 2445 1236 2489 novem
1287 2435 1480 2489 diebus
1511 2434 1764 2488 eumdem

166 2527 378 2569 annum
406 2515 619 2572 videtur
668 2518 900 2578 solarum
947 2525 1072 2583 luna
1120 2529 1523 2583 transcendere.
1557 2527 1625 2581 Et
1662 2525 1767 2581 iic—

166 2604 307 2661 brtei
344 2608 578 2679 quidem,
613 2614 705 2683 qui
743 2614 887 2670 solos
928 2616 1149 2675 lunares
1177 2619 1233 2673 in
1270 2618 1387 2689 lege
1422 2625 1687 2673 noverant
1711 2625 1767 2673 et

169 2694 538 2757 observabant
566 2719 801 2770 menses,
838 2704 994 2774 juxta
1026 2708 1328 2763 naturalem
1373 2707 1515 2763 lunae
1545 2724 1766 2764 cursum

172 2791 402 2847 tricenis
444 2795 925 2867 nndetricenisque
968 2799 1156 2854 diebus
1199 2802 1566 2855 communium
1598 2817 1768 2856 anno—

88 2958 105 2965 -
170 2897 295 2937 rum
326 2898 542 2941 memes
569 2886 848 2944 duodenos
893 2889 1252 2960 explicabant,
1285 2902 1340 2947 et
1381 2893 1541 2947 tertio
1575 2893 1660 2946 vel
1684 2908 1767 2948 se-

174 2979 357 3034 cundo
383 2979 477 3035 ubi
522 2982 751 3038 decebat
797 3000 939 3041 anno
983 2988 1205 3042 tertium
1244 2989 1515 3049 decimum
1556 2991 1609 3045 in
1659 2988 1767 3047 ﬁne

173 3071 303 3127 anni
344 3087 585 3130 mensem
616 3076 837 3148 triginta
883 3078 1095 3134 dierum
1128 3086 1491 3150 apponebant,
1539 3082 1769 3139 emboli-

174 3178 376 3219 unum.
403 3164 575 3223 Porro
609 3168 857 3236 Romani,
888 3173 979 3242 qui
1007 3172 1251 3244 dispares
1291 3174 1496 3230 habent
1525 3190 1764 3241 menses,

1868 1952 2063 2013 Utt’um
2093 1953 2240 2012 enim
2266 1961 2481 2023 tempus
2507 1965 2733 2008 necesse
2761 1955 2844 2007 est
2870 1964 2982 2005 una
3015 1944 3202 2019 regula
3225 1942 3464 2013 comple-

1866 2059 2067 2108 ctatur.
2100 2049 2374 2106 Undecies
2416 2044 2712 2105 trecenteni
2749 2041 3006 2114 sexageni
3029 2048 3086 2099 et
3130 2037 3282 2109 quini
3327 2035 3466 2091 ﬁunt

1867 2145 2042 2203 ﬁiixv.
2066 2143 2197 2197 Item
2237 2140 2494 2199 undecies
2531 2135 2828 2195 trecenteni
2848 2129 3223 2204 quinquageni
3249 2136 3305 2188 et
3332 2142 3463 2200 qua,

1866 2238 2011 2296 terni
2052 2236 2187 2293 ﬁunt
2229 2249 2575 2293 innocue”.
2622 2231 2779 2289 Adde
2825 2228 3271 2287 cmbolismorum
3318 2238 3467 2279 men-

1868 2333 2011 2391 sium
2037 2332 2154 2387 dies
2180 2338 2397 2386 centum
2422 2328 2631 2401 viginti.
2671 2325 2837 2382 Fiunt
2876 2323 3082 2379 ﬁﬁxiv.
3110 2318 3263 2377 Tolle
3294 2331 3461 2373 unum

1867 2422 2041 2479 saltus
2072 2422 2236 2487 diem,
2271 2426 2557 2477 remanent
2593 2415 2876 2474 tredecim.
2906 2411 3042 2469 Vide
3078 2409 3247 2481 igitur
3273 2405 3321 2462 si
3359 2405 3463 2460 hoc

1866 2532 2005 2588 Opus
2043 2517 2244 2571 habeat
2267 2513 2501 2569 endecas
2526 2510 2658 2567 solis
2700 2503 3012 2565 subsidialis
3042 2501 3243 2567 sextili,
3276 2506 3338 2555 ut
3366 2496 3464 2553 ad-

1868 2610 1998 2665 ditis
2025 2609 2277 2664 videlicet
2301 2607 2511 2662 drtobus
2522 2604 2606 2659 vel
2631 2603 2806 2659 tribus
2829 2600 3020 2657 diebus
3044 2598 3291 2653 lunarem
3317 2607 3467 2651 com-

1866 2717 2102 2775 pensare
2126 2700 2357 2755 sulliciet
2387 2697 2739 2754 endecadem.
2773 2693 2893 2749 Non
2922 2707 3052 2763 ergo
3084 2690 3193 2747 duo
3225 2687 3340 2745 dies
3367 2684 3459 2755 qui

1870 2795 1926 2849 in
1951 2794 2193 2866 ogdoade
2214 2793 2345 2848 solis
2372 2807 2403 2846 a
2439 2791 2615 2847 lunari
2649 2787 2893 2861 ogdoade
2937 2784 3118 2841 minus
3146 2788 3293 2846 sunt,
3333 2778 3467 2837 duo-

1871 2904 1993 2943 rum
2035 2886 2451 2945 intercalatione
2478 2885 2867 2947 bissextorum,
2895 2878 2993 2936 sed
3032 2878 3263 2935 (tuorum
3288 2873 3465 2945 magis

1870 2981 2105 3045 dierum,
2128 2979 2219 3049 qui
2250 2978 2309 3035 in
2335 2976 2612 3035 endecade
2630 2975 2750 3045 ejus
2777 2988 2807 3029 a
2836 2970 3017 3029 lunari
3046 2968 3170 3041 plus
3195 2972 3341 3031 sunt,
3369 2964 3464 3025 ad-

1864 3069 2103 3141 iectione
2143 3070 2478 3140 supplentur.
2521 3066 2635 3124 Nec
2677 3072 2841 3123 nocet
2865 3062 3011 3134 quod
3052 3060 3254 3120 saltum
3301 3056 3463 3123 lunae,

1872 3179 2033 3234 quem
2061 3163 2279 3234 quidam
2303 3162 2357 3216 in
2378 3159 2638 3229 ogdoadis
2669 3157 2827 3215 initio
2843 3160 3071 3226 ponunt,
3101 3153 3157 3211 in
3187 3149 3464 3211 endecade

175 3268 284 3307 non
331 3270 439 3311 uno
467 3258 711 3327 quolibet
752 3261 807 3315 in
853 3261 974 3317 loco
1019 3264 1368 3320 embolismos
1405 3267 1768 3336 computando
1795 3255 1842 3322 C
1873 3258 2183 3328 ponendum
2224 3253 2666 3311 memoravimus.
2696 3250 3017 3318 Ubicunque
3050 3246 3196 3305 enim
3228 3244 3470 3314 interpo-

175 3344 526 3418 interponere
568 3353 878 3417 voluerunt,
936 3357 1033 3411 sed
1071 3358 1252 3426 potius
1300 3358 1529 3415 ubilibet
1573 3361 1767 3416 mediis

177 3437 311 3493 anni
341 3442 681 3512 temporibus
704 3460 936 3501 vacuum
962 3463 1368 3521 congruumque
1399 3453 1543 3507 inter
1567 3453 1765 3508 Kalen-

176 3527 280 3583 das
304 3529 484 3589 locum
527 3535 771 3593 invenire
818 3540 1141 3609 potuissent.
1193 3542 1435 3599 Primam
1465 3545 1632 3616 igitur
1654 3561 1769 3601 em-

174 3620 533 3680 holismornm
568 3627 766 3683 lunam'
789 3641 985 3700 quarto
1021 3631 1159 3687 Non.
1197 3633 1531 3703 Decembris,
1576 3653 1768 3693 secun—

175 3711 305 3768 dam
330 3724 528 3785 quarto
560 3714 697 3773 Non.
746 3719 1100 3792 Septembris,
1148 3725 1365 3781 tertiam
1404 3726 1578 3796 pridie
1626 3726 1763 3784 Non.

175 3803 396 3872 Iartii,
443 3817 694 3878 quartam
740 3813 915 3882 pridie
960 3814 1099 3869 Non.
1129 3817 1473 3886 Decembris,
1522 3821 1769 3889 quintam

177 3907 379 3970 quarto
404 3899 544 3957 Non.
576 3900 914 3972 Novembris,
956 3916 1166 3963 sextam
1195 3917 1391 3978 quarto
1426 3909 1563 3965 Non.
1592 3912 1770 3984 Augu-

180 3992 275 4058 sti,
306 3991 594 4064 septimam
616 3997 779 4053 tertio
804 3997 944 4053 Non.
985 3999 1205 4058 Martias
1244 4004 1396 4060 nasci
1423 4004 1694 4061 dixerunt.

803 4112 1032 4171 CAPUT
1062 4115 1177 4172 LX.

610 4182 689 4238 De
721 4184 958 4256 agitanda
983 4195 1032 4241 et
1056 4188 1334 4245 cndecade.

256 4270 400 4327 Disc.
440 4268 580 4340 Quia
606 4274 865 4346 ogdoadis
887 4285 944 4332 et
975 4278 1264 4336 endecadis
1290 4282 1619 4338 mentionem
1644 4282 1769 4339 bre—

183 4362 323 4418 viter
351 4365 600 4435 superius
630 4364 827 4435 fecisti,
855 4377 981 4440 peto
1006 4380 1066 4427 ut
1094 4372 1306 4444 plenius
1340 4375 1489 4432 dicas
1513 4377 1584 4433 ob
1606 4391 1770 4448 quam

184 4454 471 4513 utilitatem
501 4458 755 4529 primitus
800 4460 927 4517 talis
970 4462 1165 4519 divisio
1206 4464 1349 4520 facta
1386 4468 1487 4523 sit.
1521 4467 1661 4525 Mss.
1691 4469 1771 4525 Eo

184 4548 328 4619 quod
372 4556 565 4605 octavo
598 4558 654 4605 et
698 4551 991 4608 undecimo
1022 4554 1275 4613 videlicet
1317 4571 1462 4613 anno
1503 4559 1629 4614 luna
1671 4576 1768 4631 pa—

1870 3351 2046 3413 sueris
2070 3395 2087 3421 ,
2146 3354 2339 3409 eodem
2409 3351 2692 3425 proposita
2753 3348 2983 3421 quaestio
3033 3346 3144 3402 tino
3199 3343 3460 3403 solvetur.

1869 3446 1938 3501 Et
1966 3448 2133 3502 habet
2175 3445 2413 3501 circulus
2456 3440 2947 3501 decennovennalis
2995 3450 3211 3494 menses
3258 3434 3464 3491 salares

1867 3552 2143 3602 ccxxvur,
2188 3536 2408 3593 lunares
2449 3549 2660 3592 ccxxxv
2704 3534 2850 3599 dies,
2892 3530 3137 3601 exceptis
3180 3525 3455 3591 bissenis,

1866 3635 1929 3690 it-I
1962 3646 2289 3689 nceccnxv.
2316 3629 2470 3699 Quod
2501 3632 2581 3685 ita
2615 3636 2859 3701 apparet.
2892 3625 3033 3682 Nam
3065 3624 3244 3680 decies
3276 3620 3464 3678 novies

1868 3725 2172 3780 trecenteni
2219 3722 2475 3795 sexageni
2527 3730 2584 3779 et
2636 3720 2789 3791 quini
2835 3718 2973 3774 tlunt
3023 3714 3085 3771 ὑῒ
3131 3724 3462 3771 nccccxxxv.

1867 3816 2005 3873 Item
2048 3817 2235 3873 decies
2270 3817 2460 3872 novies
2500 3814 2803 3871 trecenteni
2833 3809 3200 3883 quinquageni
3244 3816 3301 3863 et
3327 3819 3466 3877 qua-

1869 3912 2011 3967 terni
2051 3912 2112 3967 vr
2158 3924 2406 3966 nccxxvi.
2444 3908 2599 3965 Adde
2639 3905 2989 3965 embolismos
3034 3909 3272 3974 quatuor
3311 3911 3463 3955 men-

1868 4003 2028 4068 sium,
2054 4002 2173 4058 dies
2194 4000 2411 4061 ducenti
2434 3998 2828 4058 decem.Fium
2852 3997 2911 4054 Vi
2937 4007 3289 4052 occccxxxvt.
3313 3989 3466 4065 βυδ-

1866 4096 2027 4153 trahe
2061 4110 2231 4150 unum
2272 4094 2441 4150 saltus
2489 4092 2699 4148 lunaris
2724 4091 2906 4165 diem;
2947 4098 3136 4144 etuno
3159 4085 3459 4155 eodemque

1866 4186 2079 4243 dierum
2108 4200 2337 4242 numero
2364 4185 2495 4241 solis
2513 4190 2570 4240 et
2597 4183 2740 4240 limae
2762 4195 2989 4238 cursum
3009 4180 3460 4236 decennovenna—

1867 4277 1975 4335 lem
2026 4277 2237 4350 cyctum
2284 4276 2562 4334 includere
2599 4274 2875 4348 probabis.
2926 4272 3066 4328 Item
3087 4271 3290 4343 ogdoas
3335 4267 3467 4324 solis
3549 4333 3559 4344 .

1871 4372 2034 4429 habet
2062 4387 2279 4426 menses
2315 4370 2612 4442 nonaginta
2649 4383 2768 4433 sex,
2794 4366 2937 4421 lunae
2960 4372 3140 4420 autem
3168 4362 3464 4431 nonaginta

1871 4479 2085 4520 novem.
2118 4463 2362 4519 Endecas
2390 4477 2527 4517 vero
2550 4460 2681 4516 solis
2715 4472 2931 4513 menses
2957 4456 3119 4511 habet
3147 4470 3359 4521 cxxxu,
3385 4453 3465 4509 Iu-

1873 4571 1957 4610 nae
2009 4562 2191 4609 autem
2242 4567 2463 4610 cxxxvr.
2500 4553 2579 4607 De
2622 4562 2857 4604 numero
2905 4547 3117 4602 diorum
3167 4559 3330 4616 supra
3379 4544 3464 4598 di-

185 4639 383 4695 schails
430 4655 715 4713 supremas
762 4656 875 4699 suae
915 4646 1217 4701 nativitatis
1264 4656 1435 4704 metas
1466 4623 1689 4717 subeat;
1714 4659 1771 4707 et
1794 4623 1851 4685 Β
1874 4655 2021 4705 ctum
2050 4656 2151 4703 est.

184 4739 473 4803 utrumque
517 4748 727 4802 eorum,
779 4736 1000 4793 insolito
1036 4740 1369 4796 embolismis
1418 4757 1588 4808 more,
1635 4759 1774 4801 unus

184 4825 490 4883 communis
532 4828 807 4898 praecedat
844 4846 1039 4887 annus.
1065 4832 1163 4889 Vel
1187 4841 1335 4890 certe
1362 4836 1489 4906 quia
1521 4836 1775 4908 antiquis

184 4917 363 4972 visum
384 4927 469 4975 est
492 4927 619 4976 octo
644 4935 817 4978 annos
856 4922 1063 4979 soleres
1094 4924 1318 4981 totidem
1371 4925 1651 4983 lunaribus
1679 4943 1775 4983 an~

186 5009 271 5065 nis
316 5010 524 5067 dierum
568 5026 801 5070 numero
841 5016 1065 5086 aequari.
1104 5018 1259 5085 Quod
1289 5016 1358 5073 ab
1384 5017 1774 5078 eruditioribus

186 5100 288 5157 arvi
327 5105 607 5172 sequentis
641 5106 954 5165 doctoribus
993 5116 1277 5179 expertum
1311 5119 1418 5176 est,
1461 5111 1565 5166 nisi
1612 5112 1769 5167 annis

186 5190 437 5248 undecim
460 5194 707 5266 adjectis,
755 5209 1099 5270 nequaquam
1148 5201 1471 5271 fieriposse.
1503 5202 1585 5259 Ad
1631 5204 1770 5260 indi-

188 5285 332 5343 cium
355 5300 490 5359 ergo
510 5290 795 5362 utriusque
821 5293 1218 5350 observationis
1245 5295 1579 5365 ogdoadibus
1607 5304 1689 5352 est
1717 5304 1772 5353 et

188 5379 553 5438 endecadibus
596 5390 709 5439 tota
755 5384 895 5440 lunae
938 5387 1143 5459 digesta
1197 5388 1500 5444 conversio.
1553 5387 1687 5443 Nam
1716 5399 1771 5446 et

188 5469 362 5529 (ἓηοί
409 5475 704 5544 quondam,
736 5492 872 5546 quos
911 5486 968 5532 et
1009 5480 1370 5549 antiquissimi
1402 5478 1769 5538 Romanorum

188 5568 545 5639 perhibentur
570 5569 785 5636 imitati,
812 5586 936 5626 cum
966 5574 1033 5627 ad
1067 5573 1208 5628 lunae
1231 5588 1450 5629 cursum
1477 5574 1653 5629 adhuc
1678 5590 1775 5629 an-

194 5674 294 5717 nos
316 5670 712 5733 computarent,
764 5671 888 5719 octo
916 5666 1073 5719 annis
1111 5665 1488 5722 communibus
1527 5666 1646 5737 pari
1683 5681 1775 5720 ra-

192 5758 339 5815 tione
368 5759 649 5828 confectis,
688 5760 1036 5816 embolismos
1062 5760 1228 5815 trium
1275 5762 1544 5818 mensium
1571 5762 1776 5834 pariter

194 5852 607 5912 intercalabant.
659 5850 721 5913 Si
763 5853 910 5913 enim
942 5852 1115 5911 octies
1149 5854 1400 5913 undecim
1434 5864 1489 5912 et
1525 5865 1773 5927 quartam

2466 4732 2697 4793 CAPUT
2734 4735 2871 4792 LXI.

2154 4828 2234 4886 De
2266 4829 2423 4884 annis
2452 4828 2739 4885 Domim'm
2774 4827 3155 4885 incarnationis

1944 4924 2092 4982 Drsc.
2132 4924 2270 4991 Quia
2297 4937 2429 4995 ergo
2462 4923 2957 4979 decenuovennaiis
2974 4921 3163 4980 circuli
3193 4920 3458 4974 rationem
3510 4974 3523 4979 ,

1873 5017 2085 5087 coaptati
2113 5015 2427 5087 explanare,
2474 5029 2671 5086 precor
2704 5022 2765 5070 ut
2796 5029 2896 5085 per
2935 5014 3175 5084 singulos
3214 5011 3461 5067 tramites

1877 5111 1995 5181 ejus
2015 5109 2231 5181 plenam
2257 5109 2524 5164 rationem
2551 5108 2683 5164 mihi
2714 5109 2928 5165 reddas.
2970 5107 3039 5162 Et
3064 5106 3301 5176 primum
3332 5103 3463 5174 quid

1872 5205 2083 5277 primus
2102 5217 2293 5259 versus
2320 5201 2598 5258 contineat
2629 5202 2767 5257 edic.
2801 5199 2941 5255 Mm.
2980 5198 3164 5253 Primo
3195 5195 3466 5252 decenno-

1876 5295 2121 5352 vennalis
2175 5294 2365 5350 circuli
2403 5307 2561 5349 versu
2612 5300 2917 5362 temporum
2966 5289 3103 5346 ordo
3140 5286 3458 5359 praeﬁgitur,

1879 5405 2039 5463 quem
2073 5388 2249 5444 Graeci
2275 5386 2628 5442 calculatores
2659 5400 2687 5438 a
2727 5382 3047 5438 Diocletiani
3070 5379 3333 5452 principis
3360 5393 3459 5434 en—

1878 5483 1965 5539 nis
2018 5482 2393 5536 observavcre.
2437 5475 2545 5532 Sed
2601 5474 2891 5546 Dionysius
2935 5471 3261 5529 venerabilis
3295 5470 3462 5527 abbas

1875 5575 2136 5632 Romanae
2154 5571 2324 5636 urbis,
2349 5568 2634 5637 utriusque
2662 5565 2881 5637 linguae,
2904 5565 3108 5621 Graecae
3130 5563 3382 5620 videicet
3397 5577 3462 5621 ac

1877 5668 2103 5731 Latinae,
2145 5679 2251 5719 non
2309 5659 2527 5733 ignobili
2560 5658 2820 5730 praeditus
2865 5657 3115 5723 scientia,
3176 5653 3463 5729 paschales

1877 5761 2123 5818 scribens
2148 5752 2404 5817 circulos,
2434 5750 2607 5806 noluit
2630 5751 2734 5817 eis,
2764 5750 2907 5806 sicut
2928 5751 3044 5822 ipse
3072 5756 3321 5817 testatur,
3343 5757 3435 5801 me

1876 5852 2107 5910 muriam
2147 5845 2298 5919 impii
2325 5852 2385 5905 et
2409 5843 2776 5916 persecutoris
2804 5843 3112 5913 innectere;
3144 5842 3245 5901 sed
3283 5836 3459 5913 meis
