3946 6458
517 373 624 430 703

1146 367 1208 422 B.
1246 358 1754 426 RABANI.MAURI
1790 355 2106 415 ARCHIEP.
2150 353 2457 415 MOGUNT.
2494 354 2780 413 OPERUM
2815 354 2995 413 PARS
3027 355 3069 411 I.

3681 345 3802 448 ΞΜ

517 487 680 559 elegit
699 485 766 541 ab
796 479 1167 538 incarnatione
1182 478 1395 534 Domini
1422 475 1593 531 nostri
1612 473 1740 530 Iesu
1763 471 1967 527 Christi
1993 485 2089 559 anf
2115 472 2171 532 Α
2193 483 2406 540 semper
2447 468 2681 539 adjicere
2719 477 3012 536 memento,
3053 471 3181 538 quia
3222 483 3320 540 per
3357 466 3801 559 circulosindi-

519 558 710 632 norum
741 584 978 644 tempora
1007 578 1341 642 praenotare;
1374 573 1637 637 quatenus
1668 561 1951 616 exordium
1975 558 2091 629 spei

519 676 719 724 nostrae
747 666 928 722 notius
963 663 1120 719 nobis
1145 661 1417 724 existeret,
1460 665 1514 712 et
1539 669 1702 712 causa
1732 650 2091 723 reparationis

517 759 784 823 humanm,
825 757 879 812 id
902 764 1006 822 est,
1040 754 1221 826 passio
1258 749 1617 820 redemptoris
1647 746 1835 810 nostri,
1867 744 2089 800 eviden-

519 849 623 903 tius
647 849 900 903 eluceret.
932 847 1034 915 Qui
1064 847 1119 901 in
1149 845 1326 916 primo
1363 858 1460 897 suo
1489 839 1691 895 circulo
1718 834 2086 908 quingentesi-

517 956 663 994 mum
685 941 1018 996 tricesimum
1051 937 1341 994 secundum
1380 933 1677 990 Dominicm
1702 928 2089 985 incarnationis

518 1049 715 1087 annum
738 1034 792 1088 in
818 1032 993 1103 capite
1014 1031 1262 1101 ponendo
1289 1027 1571 1083 manifeste
1593 1023 1774 1080 docuit
1795 1020 2086 1077 secundum

517 1125 598 1180 sui
626 1124 814 1179 circuli
842 1139 1042 1178 annum
1068 1124 1242 1192 ipsum
1266 1137 1385 1176 esse
1411 1135 1517 1190 quo
1543 1118 1782 1188 ejusdem
1808 1131 2090 1170 sacrosan-

517 1223 618 1270 cta:
648 1216 1032 1270 incarnationis
1053 1215 1367 1285 mysterium
1390 1213 1572 1282 cozpit.
1598 1213 1744 1266 Disc.
1768 1209 1941 1280 Ipsius
1961 1223 2089 1277 ergo

521 1309 774 1363 curriculi
810 1325 927 1379 quae
955 1309 1054 1363 fuit
1083 1325 1246 1364 causa
1271 1307 1655 1378 componendi?
1685 1306 1825 1361 MAG.
1863 1304 2091 1386 Propter

519 1397 647 1452 solis
674 1398 918 1467 lunaeque
947 1399 1377 1454 conventionem.
1417 1398 1552 1465 Quia
1580 1397 1725 1452 enim
1750 1397 1955 1451 lunaris
1985 1379 2090 1451 cii:-

518 1487 669 1543 culus
708 1489 1189 1545 decennovennalis
1215 1500 1315 1555 est,
1361 1490 1553 1545 solaris
1593 1499 1773 1544 autem
1813 1489 2001 1558 viginti
2037 1497 2090 1544 et

517 1587 641 1634 octo
667 1580 951 1634 conﬁcitur
995 1581 1170 1647 annis,
1218 1580 1588 1650 multiplicatis
1631 1597 1729 1651 per
1763 1595 1821 1636 se
1858 1581 2089 1636 invicem

518 1672 796 1737 ambobus,
827 1689 1035 1727 summa
1066 1674 1478 1744 quingentorum
1519 1671 1622 1745 trig
1648 1680 1734 1727 nta
1765 1681 1818 1728 et
1859 1671 2089 1728 duorum

516 1764 787 1836 colligitur
814 1780 1098 1820 annorum.
1128 1766 1244 1833 Qua
1277 1767 1490 1822 tandem
1518 1767 1794 1837 replicata,
1824 1777 1969 1822 totus
1995 1782 2088 1822 so-

2190 563 2423 618 ctionem
2450 563 2667 632 quaeris,
2702 570 2758 619 et
2801 563 2882 618 sic
2922 577 3093 618 annos
3123 561 3338 617 Domini
3383 561 3510 618 sine
3547 558 3684 616 iullo
3714 575 3818 616 ετ·-

2193 669 2318 712 rore
2346 656 2606 725 reperies.

2753 747 2981 804 CAPUT
3017 747 3198 803 LXIII.

2475 841 2610 907 Quot
2640 841 2742 895 sint
2770 843 2894 894 anni
2925 858 2958 894 a
2983 841 3220 911 passione
3244 839 3486 894 Domini.

2259 933 2404 988 Disc.
2446 932 2587 1000 Quot
2634 942 2759 988 sunt
2800 933 2927 987 anni
2977 947 3010 986 a
3038 933 3286 1002 passione
3325 931 3603 987 Domini?
3633 929 3792 985 llic.

2193 1026 2527 1097 Septingenti
2547 1028 2855 1098 octuaginta
2879 1038 3101 1096 septem.
3127 1027 3298 1083 Habet
3323 1028 3496 1092 enim,
3523 1026 3590 1080 ni
3614 1025 3788 1092 falbr,

2190 1119 2445 1176 Ecclesiae
2487 1119 2618 1174 ﬁdes
2665 1119 2953 1174 Dominum
2992 1120 3047 1174 in
3077 1135 3240 1176 carne
3265 1120 3430 1190 paulo
3460 1121 3602 1190 plus
3629 1135 3788 1188 quam

2192 1213 2414 1280 triginta
2439 1220 2550 1266 tres
2579 1227 2749 1267 annos
2778 1227 2952 1280 usque
2991 1213 3056 1266 ad
3091 1227 3200 1267 suae
3228 1221 3478 1282 tempora
3511 1210 3791 1281 passionis

2190 1303 2392 1358 vixisse
2417 1321 2430 1356 :
2455 1303 2581 1372 quia
2607 1302 2862 1358 videlicet
2901 1303 3121 1373 triginta
3168 1319 3442 1359 annorum
3481 1301 3670 1357 fuerit
3703 1302 3790 1357 ba-

2190 1393 2444 1462 ptizatus,
2489 1393 2629 1449 sicut
2670 1394 3002 1464 evangelista
3050 1394 3224 1450 Lucas
3261 1404 3530 1460 testatur,
3585 1401 3646 1449 et
3690 1403 3789 1448 tres

2193 1485 2358 1540 semis
2382 1500 2553 1539 annos
2586 1493 2708 1554 post
2733 1486 3000 1554 baptisma
3030 1486 3443 1554 praedicaverit,
3484 1486 3651 1540 sicut
3691 1500 3786 1539 non

2193 1578 2365 1635 solum
2407 1579 2461 1633 in
2507 1578 2800 1650 Evangelio
2832 1595 2933 1635 suo
2957 1578 3192 1636 Joannes
3231 1590 3686 1636 commemorato
3711 1596 3786 1635 re-

2193 1669 2408 1725 deuntis
2433 1669 2655 1724 Pascha:
2691 1680 2959 1740 tempore,
3002 1674 3097 1727 sed
3121 1683 3175 1726 et
3209 1673 3263 1726 in
3302 1672 3649 1743 Apocalypsi
3681 1688 3783 1737 sua,

2193 1759 2378 1814 Daniel
2425 1775 2642 1830 quoque
2691 1761 2746 1814 in
2798 1762 2911 1817 suis
2954 1762 3254 1818 visionibus
3292 1764 3636 1833 prophetice
3661 1764 3786 1818 desi-

514 1853 642 1911 laris
664 1855 972 1928 lunarisque
993 1875 1246 1915 recursus
1272 1861 1405 1915 ordo
1434 1861 1488 1915 in
1514 1878 1571 1916 se
1598 1877 1694 1916 sua
1733 1877 1828 1930 per
1862 1860 2084 1932 vestigia

2196 1860 2344 1920 gnat.
2379 1850 2646 1918 Quoniam
2669 1853 2855 1923 igitur,
2879 1861 2940 1908 ut
2966 1869 3128 1925 supra
3157 1856 3623 1921 memoravimus,
3646 1857 3786 1926 quin-

517 1948 828 2016 rcvolvitur,
854 1953 1102 2007 eumdem
1129 1953 1614 2008 decennovennalis
1643 1953 1956 2023 lunarisque
1991 1969 2086 2024 cy-

515 2041 582 2095 cli
617 2057 836 2109 annum,
864 2044 1080 2100 easdem
1114 2053 1332 2114 epactas
1357 2045 1516 2112 lunae,
1564 2043 1692 2100 solis
1720 2060 1934 2116 quoque
1973 2044 2089 2100 dies

512 2143 918 2200 concurrentes,
965 2136 1210 2191 eamdem
1258 2145 1506 2206 quartam
1563 2137 1826 2192 decimam
1882 2137 2085 2203 lunam,

512 2224 757 2279 eumdem
780 2225 1046 2282 Dominici
1075 2228 1287 2298 paschae
1317 2229 1480 2295 diem,
1529 2243 1592 2284 ac
1619 2229 1800 2283 lunam
1827 2229 1994 2300 ipsius
2023 2245 2088 2284 ex

510 2315 698 2370 ordine
729 2318 1036 2374 restituens.
1078 2318 1229 2386 Quod
1261 2336 1388 2390 ergo
1438 2323 1674 2375 secundo
1703 2336 1844 2375 anno
1876 2321 2085 2386 circuli,

509 2423 669 2478 quem
690 2410 920 2479 primum
933 2411 1218 2486 Dionysius
1242 2413 1482 2482 scripsit,
1499 2413 1964 2484 quingentesimus
1991 2414 2091 2469 tri-

510 2501 747 2555 cesimus
790 2503 979 2558 tertius
1017 2505 1085 2558 ab
1120 2505 1494 2560 incarnatione
1534 2505 1746 2560 Domini
1791 2506 2089 2576 completus

511 2597 596 2644 est
619 2605 812 2657 annus,
855 2593 1025 2649 series
1049 2610 1311 2650 annorum
1339 2595 1553 2650 Domini
1599 2595 1934 2651 manifestat.
1970 2596 2090 2667 Ipse

509 2689 590 2736 est
621 2684 896 2752 nimirum,
929 2683 1085 2754 juxta
1122 2688 1416 2743 concursus
1467 2687 1727 2753 siderum,
1777 2688 1868 2743 ille
1896 2689 1952 2743 in
1979 2704 2088 2759 quo

510 2778 725 2832 carnari
747 2778 995 2848 dignatus
1021 2787 1122 2835 est.
1141 2779 1276 2848 Quia
1293 2781 1380 2837 hic
1392 2782 1662 2837 secundus
1683 2797 1860 2836 annus
1885 2782 2084 2837 decen-

507 2872 713 2927 novalis
737 2881 963 2930 octavus
990 2877 1230 2932 decimus
1263 2886 1346 2934 est
1386 2878 1524 2950 cycli
1569 2879 1797 2946 lunaris,
1835 2879 2087 2934 undecim

507 2961 714 3017 habens
764 2976 1004 3034 epactas,
1043 2969 1281 3039 quinque
1333 2981 1718 3027 concurrentes
1773 2973 2086 3042 septimanae

506 3053 643 3119 dies,
678 3055 859 3111 lunam
885 3067 1132 3128 quartam
1158 3063 1442 3129 decimam,
1474 3079 1571 3118 vm
1609 3064 1832 3119 Kalend.
1861 3065 2081 3136 Aprilis.

506 3143 706 3200 Omnia.
731 3157 859 3204 tunc
902 3149 1052 3207 fuere
1089 3153 1378 3209 simillima.
1428 3157 1494 3210 Et
1534 3157 1580 3212 si
1626 3165 1773 3213 esset
1813 3159 1906 3228 qui
1957 3169 2084 3215 tunc

2190 1944 2370 2016 gentis
2415 1945 2634 2015 triginta
2662 1946 2872 2001 duobus
2917 1947 3073 2002 annis
3098 1947 3337 2003 circulus
3371 1949 3668 2018 paschalis
3696 1950 3784 2004 cir-

2190 2037 2514 2106 cumagitur,
2545 2037 2628 2092 his
2648 2036 2784 2092 adde
2825 2039 3044 2109 triginta
3071 2048 3198 2105 tres,
3229 2041 3317 2096 vel
3349 2043 3536 2112 potius
3571 2045 3780 2114 triginta

2189 2142 2441 2205 quatuor,
2468 2143 2528 2188 ut
2555 2134 2705 2189 illum
2741 2136 2914 2206 ipsum
2946 2152 3051 2207 quo
3080 2153 3270 2207 passus
3293 2147 3376 2192 est
3415 2139 3689 2194 Dominus
3713 2150 3782 2194 at-

2189 2227 2398 2297 tingere
2425 2228 2600 2298 possis
2628 2243 2846 2292 annum,
2875 2228 3009 2282 ﬁunt
3037 2229 3315 2298 quingenti
3349 2230 3640 2300 sexaginta
3666 2247 3776 2285 sex.

2189 2321 2306 2390 Ipse
2339 2328 2421 2376 est
2461 2337 2592 2391 ergo
2622 2337 2796 2376 annus
2820 2321 3111 2376 Dominicae
3139 2321 3411 2391 passionis
3445 2333 3502 2376 et
3538 2338 3782 2378 resurre-

2189 2415 2431 2471 ctionisa
2461 2416 2709 2471 mortuis.
2740 2414 2875 2483 Quia
2909 2415 3052 2470 sicut
3079 2414 3551 2486 quingentesimus
3579 2414 3777 2469 tricesi-

2189 2524 2310 2564 mus
2337 2509 2528 2564 tertius
2569 2510 2764 2579 primo,
2797 2509 2872 2564 ita
2901 2508 3366 2579 quingentesimus
3405 2509 3776 2578 sexagesimus

2189 2609 2376 2657 sextus
2403 2601 2678 2656 tricesimo
2709 2609 2906 2671 quarto
2930 2616 3028 2671 per
3057 2601 3340 2658 universos
3381 2599 3518 2656 solis
3547 2609 3609 2656 et
3649 2600 3773 2654 luna

2188 2692 2486 2749 concordat
2519 2691 2813 2749 discursus.

2752 2788 2980 2846 CAPUT
3017 2787 3179 2844 LXIV

2388 2881 2490 2938 Ubi
2507 2883 2681 2954 passio
2711 2881 2919 2936 Domini
2947 2883 3175 2952 primum
3204 2880 3474 2936 celebrata
3493 2881 3589 2936 sit.

2262 2973 2409 3029 Disc.
2449 2973 2566 3040 Quo
2588 2987 2774 3027 mense
2801 2978 2858 3026 et
2882 2987 2986 3041 qua
3018 2971 3105 3026 die
3152 2971 3356 3026 mensis
3382 2971 3641 3026 creditur
3662 2986 3772 3025 cru-

2189 3064 2402 3130 ciﬁxus,
2447 3073 2503 3118 et
2545 3063 2636 3119 ubi
2683 3062 3012 3118 resurrectio
3057 3061 3173 3132 ejus
3216 3063 3460 3132 primum
3510 3062 3772 3118 celebrata

2192 3160 2313 3215 est?
2343 3158 2481 3214 MAG.
2515 3156 2628 3213 Hoc
2657 3164 2834 3211 autem
2875 3157 3089 3211 diverse
3117 3171 3147 3209 a
3177 3155 3429 3210 Patribus
3471 3155 3774 3210 nuntiatum

504 3236 714 3294 Pascha
733 3256 884 3298 more
917 3261 1060 3300 nunc
1082 3245 1340 3302 Ecclesiis
1364 3248 1562 3303 usitato
1588 3249 1675 3305 die
1695 3222 1976 3306 Dominico
2011 3251 2087 3306 fa-
2114 3222 2161 3287 C
2194 3260 2297 3307 est.
2324 3249 2457 3305 Nam
2485 3249 2627 3320 quod
2653 3257 2844 3304 octavo
2869 3247 3235 3302 Kalendarum
3262 3245 3538 3316 Aprilium
3565 3246 3656 3300 die
3692 3259 3770 3299 re-

505 3339 674 3397 ceret,
707 3332 821 3402 ipsa
847 3335 1100 3391 nimirum
1125 3338 1259 3404 dies,
1297 3341 1568 3409 quomodo
1597 3342 1686 3397 hic
1714 3351 1958 3398 notatum
1980 3352 2082 3411 est,

506 3429 661 3475 sexto
692 3421 809 3478 Kal.
841 3424 1040 3496 Aprilis
1075 3430 1306 3494 veniret,
1336 3446 1401 3485 ac
1435 3431 1620 3487 lunam
1661 3434 1891 3490 haberet
1923 3450 2087 3505 quar-

510 3519 646 3568 tam.
668 3515 952 3572 decimam.
990 3518 1230 3591 Denique
1261 3523 1548 3595 Dionysius
1596 3525 1710 3596 ipse
1757 3528 1914 3583 nobis
1947 3545 2084 3599 quo-

510 3603 635 3659 dam
686 3608 844 3663 modo
874 3611 1034 3666 tacite
1061 3628 1180 3681 qua:
1215 3615 1444 3684 dicimus
1475 3616 1530 3670 in
1575 3619 1919 3686 paschalibus
1966 3636 2087 3693 quae

506 3696 722 3765 scripsit
778 3702 1108 3768 argumentis
1148 3705 1410 3771 ostendit;
1450 3707 1543 3762 ubi
1594 3711 1662 3764 ad
1705 3704 2088 3766 inveniendum

510 3796 709 3856 quotus
749 3790 819 3844 sit
867 3805 1042 3849 annus
1080 3794 1269 3850 circuli
1318 3796 1828 3867 decennovennalis,
1873 3816 2087 3857 sumere

503 3895 674 3936 annos
694 3881 927 3950 Domini,
957 3893 1012 3939 et
1037 3887 1348 3957 priusquam
1373 3890 1471 3945 hos
1489 3905 1586 3959 per
1608 3891 1794 3947 decem
1814 3901 1869 3947 et
1891 3908 2085 3949 novem

501 3972 826 4040 partiamur,
849 3992 1014 4030 unum
1056 3981 1312 4049 praecepit
1357 3980 1611 4049 adjicere,
1652 3983 1966 4056 signiﬁcans
1995 3985 2086 4040 illo

504 4061 784 4118 incarnato
813 4081 978 4121 unum
1007 4068 1197 4124 circuli
1239 4071 1724 4129 decennovennalis
1749 4091 1950 4131 annum
1971 4076 2085 4146 jam

502 4152 670 4208 fuisse
707 4157 1051 4226 completum.
1080 4160 1226 4215 Disc.
1253 4161 1393 4230 Quot
1411 4173 1540 4218 sunt
1566 4167 1692 4220 anni
1724 4169 1808 4238 .ab
1831 4168 2083 4224 incarna-

503 4244 652 4298 tione
679 4245 892 4304 Domini
931 4250 987 4304 in
1032 4254 1285 4321 praesenti
1323 4255 1581 4311 edissere.
1619 4257 1761 4314 MAG.
1791 4259 2084 4333 Octinginti

505 4339 716 4407 viginti.

1080 4436 1307 4494 CAPUT
1344 4438 1501 4495 LXII.

630 4525 1005 4596 Argumentum
1030 4529 1098 4583 ad
1131 4531 1496 4586 inveniendum
1522 4550 1685 4590 annos
1707 4535 1940 4591 Domini.

571 4617 714 4672 DISC.
757 4618 930 4674 Proba
970 4637 1098 4691 ergo
1128 4634 1445 4693 argumento
1473 4626 1616 4696 quod
1649 4627 1803 4683 dicis.
1844 4626 1984 4684 MAG.
2019 4627 2078 4684 Si

500 4708 579 4763 vis
602 4709 740 4764 scire
801 4720 932 4780 quot
977 4721 1104 4767 sunt
1139 4700 1266 4769 anni
1307 4717 1374 4772 ab
1421 4717 1793 4774 incarnatione
1845 4720 2076 4787 Domini,

498 4817 677 4870 quaere
699 4817 793 4870 per
825 4805 1056 4860 circulos
1078 4807 1449 4877 indictionem,
1479 4812 1572 4881 qui
1605 4821 1723 4868 oost
1752 4813 2081 4870 incarnatio-

497 4907 622 4946 nem
651 4891 766 4961 ejus
801 4896 1054 4966 completi
1083 4907 1226 4953 sunt.
1255 4900 1517 4970 Computa
1557 4919 1688 4973 ergo
1723 4905 2079 4976 quinquagies

497 4997 552 5038 et
591 4993 671 5039 ter
695 4987 1028 5055 quindecim,
1070 4988 1206 5044 ﬁunt
1237 5005 1464 5048 nccxcn.
1505 4995 1657 5051 Adde
1682 4997 1967 5053 duodecim
1995 5014 2081 5054 re-

497 5075 729 5145 gulares,
773 5078 900 5147 quia
935 5081 1148 5148 quando
1188 5082 1489 5138 incarnatio
1534 5086 1748 5141 Domini
1794 5087 1936 5142 facta
1973 5097 2074 5154 est,

499 5168 778 5223 duodecim
808 5171 936 5224 anni
985 5171 1050 5226 de
1095 5171 1185 5226 illo
1231 5173 1436 5227 circulo
1473 5174 1828 5231 indictionum
1882 5178 1936 5232 in
1973 5195 2080 5248 quo

500 5256 758 5314 Dominus
789 5271 1044 5316 carnatus
1074 5272 1160 5317 est
1194 5275 1587 5319 remanserunt.
1631 5266 1921 5322 Duodecim
1951 5286 2080 5340 ergo

501 5347 695 5403 additis
721 5353 788 5405 ad
828 5355 1146 5422 praedictum
1195 5371 1499 5422 numerum,
1556 5355 1694 5411 ﬁunt
1740 5359 1993 5428 nongenti
2026 5369 2081 5414 et

500 5445 728 5508 septem.
773 5443 852 5496 Ad
897 5445 1249 5502 indictionem
1301 5462 1678 5517 quamcunque
1727 5447 1981 5515 volueris,
2022 5460 2082 5506 ut

501 5542 628 5602 puta
663 5541 942 5604 praesentis
983 5544 1108 5596 anni
1153 5546 1366 5598 tertiam
1406 5545 1671 5599 decimam
1709 5546 2075 5611 indictionem,

501 5629 638 5683 [lunt
659 5645 879 5686 neccxx.
908 5633 1014 5689 Iste
1028 5645 1112 5690 est
1136 5653 1392 5691 numerus
1414 5653 1680 5692 annorum
1708 5639 1915 5692 Domini
1939 5656 2079 5693 anno

500 5725 774 5794 praesenti.
799 5725 933 5780 Cum
956 5737 1134 5782 autem
1157 5730 1223 5785 ad
1247 5731 1632 5800 plenitudinem
1657 5732 1865 5798 circuli,
1896 5734 1948 5788 id
1973 5744 2074 5800 est,

500 5818 570 5873 ad
596 5818 842 5878 auintam
867 5821 1134 5881 decimam
1155 5823 1521 5893 indictionem,
1553 5828 1887 5897 perveneris,
1912 5845 2078 5884 unum

2187 3342 2440 3406 surrexit,
2487 3341 2782 3396 multorum
2826 3339 2932 3394 late
2963 3339 3245 3393 doctorum
3279 3337 3774 3392 ecclesiasticoan

2187 3444 2400 3491 constat
2448 3433 2715 3488 sententia
2759 3432 3056 3503 vulgatum,
3087 3441 3146 3484 ut
3178 3431 3372 3486 beatus
3411 3429 3774 3500 Hieronymus

2190 3529 2244 3584 in
2284 3526 2664 3598 Martyrologio
2707 3533 2940 3580 testatur
2975 3524 3198 3578 dicens:
3226 3542 3246 3574 ‹
3274 3537 3376 3577 vm
3408 3521 3536 3575 Kal.
3585 3522 3773 3592 Aprilis

2187 3617 2555 3689 Hierosolyma
2598 3616 2857 3671 Dominus
2903 3613 3194 3670 cruciﬁxus
3232 3621 3337 3668 est.
3373 3632 3392 3665 ι
3442 3613 3518 3666 Et
3572 3630 3626 3668 vr
3667 3613 3770 3666 Kal.

2187 3709 2434 3779 Aprilis:
2483 3727 2501 3758 ‹
2537 3707 2909 3782 Hierosolyma
2957 3705 3285 3760 resurrectio
3335 3704 3563 3760 Domini
3610 3705 3770 3759 nostri

2186 3800 2315 3855 Jesu
2354 3799 2554 3856 Christi
2598 3798 2868 3854 celebrata
2909 3805 3012 3852 est.
3051 3816 3069 3847 ι
3103 3795 3437 3866 Augustinus
3477 3809 3697 3864 quoque
3727 3795 3774 3848 in

2187 3894 2325 3951 libro
2353 3894 2420 3950 de
2457 3903 2645 3950 sancta
2672 3890 2940 3946 Trinitate
2968 3899 3163 3961 quarto
3190 3889 3265 3944 ita
3312 3889 3449 3944 dicit
3477 3908 3490 3943 :
3528 3907 3549 3940 ι
3579 3888 3776 3945 Octavo

2187 3987 2333 4042 enim
2373 3984 2492 4040 Kal.
2529 3984 2730 4055 Aprilis
2761 3992 3052 4052 conceptus
3098 3980 3356 4046 creditur,
3407 3996 3525 4050 quo
3568 3989 3625 4035 et
3657 3994 3773 4049 pas-

2190 4093 2301 4133 sus.
2333 4076 2410 4130 Ita
2439 4084 2789 4131 monumento
2814 4089 2956 4128 novo
2981 4088 3088 4143 quo
3127 4071 3369 4142 sepultus
3400 4080 3508 4136 est,
3545 4071 3642 4126 ubi
3671 4071 3777 4125 nul-

2186 4171 2271 4227 lus
2315 4179 2433 4226 erat
2467 4171 2678 4240 positus
2721 4177 3081 4232 mortuorum,
3115 4181 3216 4222 nec
3260 4171 3388 4220 ante
3427 4179 3534 4220 nec
3571 4175 3772 4234 postea,

2187 4264 2436 4334 congruit
2472 4271 2659 4318 uterus
2702 4261 2952 4331 virginis,
3000 4258 3092 4314 ubi
3130 4257 3309 4312 nullus
3357 4257 3662 4313 seminatus
3696 4263 3771 4311 est

2186 4355 2512 4411 mortalium.
2558 4373 2576 4405 ι
2638 4352 2709 4406 At
2755 4360 2942 4407 contra
3001 4349 3329 4419 TheOphilus
3379 4347 3771 4412 Caesariensis,

2187 4447 2437 4516 antiquus
2474 4444 2723 4500 videlicet
2768 4443 3084 4512 vicinasque
3123 4440 3549 4510 apostolicorum
3583 4451 3774 4498 tetano-

2186 4556 2308 4594 rum
2336 4540 2546 4604 doctor,
2571 4538 2626 4592 in
2661 4535 2888 4606 epistola
2915 4534 3172 4606 synodica
3207 4548 3370 4603 quam
3399 4531 3668 4586 adversus
3689 4547 3773 4588 eos

2183 4629 2273 4700 qui
2305 4637 2498 4700 quarta
2525 4627 2734 4682 decima
2773 4625 2898 4680 luna
2927 4639 3049 4679 cum
3074 4623 3272 4679 Iudaeis
3295 4622 3507 4678 Pascha
3541 4624 3773 4679 celebra-

2183 4723 2332 4787 bant,
2374 4737 2480 4775 una
2512 4735 2634 4775 cum
2665 4717 2875 4773 caeteris
2905 4715 3201 4770 Palaestinae
3224 4715 3500 4785 episcopis
3539 4715 3769 4785 scripsit,

2183 4816 2257 4870 ita
2283 4814 2448 4869 dicit:
2479 4831 2497 4863 ‹
2527 4812 2594 4866 Ει
2626 4811 2850 4880 impium
2897 4823 3003 4862 non
3031 4815 3116 4862 est
3163 4815 3224 4862 ut
3259 4807 3446 4876 passio
3485 4807 3768 4862 Dominica

2184 4915 2392 4961 tantum
2420 4904 2743 4960 sacramenti
2790 4901 3109 4973 mysterium
3134 4899 3280 4956 foras
3314 4900 3555 4955 limitem
3591 4900 3788 4986 exclu-i

2183 4998 2359 5054 datur.
2400 4997 2598 5052 Passus
2642 5010 2877 5064 namque
2921 4993 3182 5048 Dominus
3211 4993 3278 5047 ab
3324 4993 3621 5047 undecimo
3659 4991 3769 5046 Kal.

2186 5089 2404 5159 Aprilis,
2435 5104 2538 5158 qua
2569 5095 2723 5142 nocte
2755 5084 2954 5141 Iudaeis
2980 5094 3063 5141 est
3103 5084 3354 5150 traditus,
3388 5093 3449 5139 et
3481 5085 3556 5139 ab
3583 5094 3772 5139 octavo

2186 5178 2304 5234 Kal.
2329 5179 2527 5250 Aprilis
2551 5177 2866 5233 resurrexit.
2898 5176 3182 5244 Quomodo
3201 5184 3316 5231 tres
3344 5176 3465 5231 dies
3489 5175 3645 5233 foras
3665 5185 3770 5230 ter-

2187 5271 2392 5325 minum
2438 5270 2821 5325 excludentur?
2853 5288 2871 5321 ι
2915 5268 3390 5338 Constitutumque
3438 5276 3529 5323 est
3579 5271 3638 5324 in
3690 5267 3768 5324 ilh

2187 5364 2390 5435 synodo
2422 5373 2482 5416 ut
2507 5363 2573 5416 ab
2599 5363 2882 5417 undecimo
2910 5361 3028 5416 Kal.
3063 5361 3233 5432 April.
3267 5378 3441 5431 usque
3465 5363 3521 5417 in
3559 5363 3769 5419 undeci-

2187 5474 2333 5511 mum
2363 5455 2478 5510 Kal.
2510 5453 2630 5508 Maii
2661 5454 2865 5510 Pascha
2895 5456 3089 5511 debeat
3126 5457 3427 5511 observari.
3475 5455 3546 5509 Et
3593 5457 3648 5511 in
3685 5470 3771 5510 eo-

2186 5552 2305 5606 dem
2334 5549 2472 5604 libro
2495 5549 2741 5617 superius
2769 5549 3030 5617 scriptum
3069 5560 3187 5604 est:
3221 5569 3239 5601 ‹
3275 5549 3413 5603 Nam
3443 5549 3614 5615 Galli,
3642 5563 3771 5619 qua.

2186 5661 2396 5714 cunque
2421 5645 2506 5699 die
2531 5655 2723 5698 octavo
2753 5644 2872 5697 Kal.
2923 5644 3125 5714 Aprilis
3155 5643 3348 5700 fuisset
3374 5645 3600 5713 quando
3618 5641 3768 5698 Chri-

2187 5739 2254 5792 sti
2278 5739 2605 5791 resurrectio
2634 5737 2800 5791 fuissc
2829 5737 3161 5801 tradebatur,
3192 5736 3396 5791 Pascha
3434 5752 3655 5807 semper
3683 5747 3769 5790 ω-

2185 5827 2484 5884 lebrabant.
2517 5848 2535 5879 ι
2569 5827 2636 5884 ΕΙ.
2670 5827 2791 5883 ideo
2822 5827 3040 5884 circulis
3076 5827 3222 5884 beati
3252 5827 3495 5900 Dionysii
3536 5826 3765 5901 apertis,
