3946 6452
120 375 231 433 705

1432 359 1631 415 LIBER
1669 355 1760 414 DE
1794 351 2139 414 COMPU'IU.

3269 345 3378 406 706

123 497 173 553 si
201 486 689 565 quingentesimum
732 483 1127 556 sexagesimum
1164 486 1375 536 sextum
1421 477 1487 531 ab
1525 477 1700 532 incar-
1725 479 1777 541 Α
1804 488 1896 528 sus
1919 469 2241 526 indictiones
2269 477 2389 523 esse
2418 465 2680 521 conditas.
2719 461 2985 534 Incipiunt
3007 469 3189 518 autem
3229 461 3372 518 indi-

121 589 348 647 natione
385 582 597 639 Domini
645 579 960 650 contingens
996 591 1216 638 annum,
1265 580 1511 643 quartam
1557 571 1702 626 deci-

125 696 273 738 mam
295 679 476 732 lunam
501 675 555 730 in
591 688 675 738 eo,
713 680 904 746 octavo
932 670 1050 724 Kal.
1087 667 1304 738 Aprilis,
1331 666 1518 736 quinta
1545 663 1698 729 feria,

126 771 416 844 repereris,
460 775 516 823 et
561 767 705 821 diem
737 764 958 820 Paschae
1005 761 1344 816 Dominicum
1379 765 1532 814 sexto
1580 755 1698 811 Kal.

123 861 352 934 Aprilis,
383 860 508 914 luna
552 857 779 928 septima
819 853 1046 916 decima,
1067 867 1166 922 age
1195 852 1307 906 Deo
1347 849 1550 922 gratias
1575 847 1700 917 quia

125 952 273 1025 quod
300 951 603 1022 quaerebas.
635 949 790 1032 sicut.
810 948 922 1018 ipse
948 944 1221 1018 promisit,
1255 952 1308 998 te
1339 944 1580 998 invenire
1607 942 1702 997 do-

125 1045 298 1103 navit.
341 1042 476 1098 Nam
512 1042 654 1112 quod
680 1041 940 1096 Dominus
955 1039 1140 1109 quinta
1171 1037 1380 1093 decima
1412 1037 1538 1091 luna
1565 1036 1702 1091 feria

126 1144 282 1193 sexta
304 1149 522 1190 crucem
544 1131 870 1198 ascenderit,
900 1139 956 1187 et
979 1146 1087 1186 una
1119 1131 1489 1195 sabbatorum,
1519 1128 1571 1182 id
1595 1135 1698 1193 est,

126 1225 216 1281 die
241 1225 538 1290 Dominica,
567 1224 928 1280 resurrexerit
955 1238 988 1278 a
1009 1222 1257 1284 mortuis,
1285 1221 1419 1276 nulli
1457 1220 1582 1275 licet
1611 1219 1704 1273 du-

126 1316 304 1372 bitare
347 1315 634 1381 catholico,
692 1330 761 1370 ne
814 1313 940 1384 legi,
990 1328 1110 1382 quae
1155 1327 1351 1384 agnum
1391 1309 1704 1380 paschalem

128 1415 322 1478 quarta
344 1407 553 1463 decima
579 1406 663 1461 die
690 1405 848 1475 primi
880 1404 1080 1459 mensis
1105 1403 1173 1457 ad
1202 1416 1482 1471 vesperam
1514 1400 1705 1454 immo-

126 1505 228 1559 lari
256 1501 531 1575 praecepit,
568 1499 771 1572 pariter
811 1505 867 1552 et
905 1495 1213 1568 Evangelio,
1248 1495 1391 1564 quod
1415 1494 1702 1549 Dominum

125 1595 316 1651 eadem
349 1607 572 1664 vespera
606 1597 812 1645 tentum
840 1587 1061 1653 Iudaeis,
1090 1595 1146 1642 et
1181 1600 1336 1641 mane
1379 1593 1531 1641 sexta
1570 1583 1704 1638 feria

125 1685 468 1750 crucifixum,
496 1698 561 1738 ac
597 1681 860 1754 sepultum
885 1680 1058 1750 prima
1093 1679 1305 1734 sabbati
1339 1677 1704 1733 resurrexisse

124 1779 393 1850 perhibet,
431 1775 678 1830 videatur
703 1771 1028 1827 incredulus.
1059 1771 1154 1826 Sin
1188 1784 1318 1826 vero
1344 1783 1543 1823 annum
1566 1782 1704 1838 qua-

125 1869 234 1926 lem
270 1868 548 1940 quaerebas
596 1865 651 1919 in
696 1862 816 1919 loco
839 1877 998 1933 quem
1031 1861 1257 1932 putabas
1304 1859 1547 1916 invenire
1596 1873 1707 1914 non

123 1961 355 2032 poteris,
398 1956 484 2012 vel
513 1955 1042 2027 chronographorum
1091 1952 1329 2018 incuria,
1359 1951 1446 2006 vel
1478 1960 1581 2006 tua;
1608 1965 1683 2020 po

126 2053 238 2109 tius
259 2050 502 2107 tarditati
535 2048 744 2120 culpam
787 2047 1022 2112 ascribe,
1048 2051 1257 2099 tantum
1296 2041 1706 2112 diligentissime

124 2157 329 2200 cavens
357 2158 424 2197 ne
447 2141 833 2197 Chronicorum
872 2138 1072 2209 scripta
1101 2136 1447 2201 defensando,
1481 2134 1707 2190 inteme-

126 2235 304 2290 rabile
324 2233 458 2305 legis
485 2231 568 2288 vel
592 2229 863 2303 Evangelii
885 2228 1254 2284 testimonium
1279 2226 1512 2283 videaris
1534 2225 1706 2296 impu-

126 2339 316 2400 gnare.

708 2410 934 2468 CAPUT
973 2409 1134 2466 LXV.

131 2532 398 2588 Numerus
437 2544 696 2586 annorum
734 2529 798 2583 ab
821 2528 968 2583 initio
1014 2525 1194 2581 mundi
1215 2540 1376 2580 usaue
1409 2523 1466 2578 in
1509 2521 1706 2578 adven-

723 2609 832 2654 tum
869 2599 1102 2652 Domini.

197 2716 346 2771 DISC.
388 2715 531 2781 Quot
557 2722 680 2770 sunt
704 2715 832 2768 anni
856 2713 923 2768 ab
953 2712 1108 2768 initio
1133 2711 1318 2767 mundi
1341 2724 1510 2780 usque
1532 2710 1588 2764 in
1614 2709 1704 2764 ad.

127 2813 352 2860 ventum
383 2805 585 2861 Christi
612 2806 634 2858 ?
663 2804 800 2860 MAG.
852 2803 1161 2859 Secundum
1204 2802 1523 2858 Hebraicam
1567 2802 1710 2858 veri-

131 2904 298 2954 tatem
331 2899 456 2952 anni
478 2898 540 2954 ﬁt
565 2915 868 2964 nccccmn;
898 2900 1191 2954 secundum
1211 2913 1341 2953 vero
1362 2897 1708 2967 Septuaginta

125 2986 456 3058 lnterpretcs
502 2991 628 3043 anni
660 2991 693 3043 τ’
721 3006 898 3046 cxcrx.
942 2989 1276 3060 Colliguntur
1313 2978 1491 3043 autem
1521 3002 1710 3042 omnes

127 3084 258 3139 anni
289 3099 319 3138 a
347 3084 621 3139 creatione
659 3083 821 3154 primi
864 3083 1100 3140 hominis
1120 3097 1295 3152 usque
1323 3082 1380 3136 in
1421 3081 1709 3150 septimum

127 3189 335 3229 annum
365 3174 621 3230 Ludovici
650 3174 1014 3245 imperatoris,
1056 3174 1350 3229 secundum
1381 3171 1704 3226 chraicam

126 3266 438 3330 veritatem,
490 3267 555 3318 ﬁi
588 3281 891 3332 nccexxvn,
929 3265 1221 3322 secundum
1270 3261 1620 3335 Septuaginta
1650 3278 1702 3318 v1

129 3357 322 3416 decem
350 3367 404 3414 et
433 3373 645 3413 novem.

701 3474 928 3531 CAPUT
967 3473 1152 3530 LXVI.

667 3589 746 3644 De
788 3587 1177 3643 indictiom’bus.

201 3705 349 3764 DISC.
395 3706 534 3774 Quid
572 3705 627 3760 in
666 3707 905 3760 secundo
951 3704 1166 3759 tramite
1205 3701 1393 3758 circuli
1443 3700 1712 3755 decenno-

126 3797 383 3858 vennalis
413 3797 753 3852 continetur?
775 3795 914 3851 MAG.
939 3795 1264 3850 Indictiones
1289 3791 1595 3864 quindecim
1621 3806 1716 3844 an-

127 3902 333 3944 norum
355 3885 586 3941 circuitu
613 3886 668 3940 in
694 3901 790 3942 sua
815 3900 1028 3955 semper
1045 3885 1271 3955 vestigia
1299 3883 1542 3939 reduces.
1567 3882 1712 3937 DISC.

132 3980 293 4038 Unde
318 3993 451 4034 vero
479 3979 563 4033 hae
584 3978 818 4048 primum
863 3977 1210 4043 indictiones,
1234 3983 1286 4030 et
1331 3981 1552 4045 propter
1588 3971 1717 4043 quid

130 4074 400 4129 ordinatae
430 4071 590 4126 sunt?
619 4070 758 4126 MAG.
785 4070 1020 4140 Antiqua
1065 4085 1194 4140 ergo
1228 4069 1596 4124 Romanorum
1634 4067 1718 4121 in-

133 4163 345 4219 dustria
394 4161 758 4230 comperimus
819 4175 912 4214 eas
982 4159 1050 4214 ad
1115 4158 1416 4213 cavendum
1472 4171 1714 4212 errorem

135 4256 223 4324 qui
258 4255 330 4308 de
373 4253 706 4324 temporibus
747 4251 886 4307 forte
926 4251 1131 4307 oboriri
1165 4257 1378 4321 poterat
1419 4249 1714 4304 institutas.

136 4346 276 4410 Dum
325 4345 487 4409 enim,
525 4344 675 4399 verbi
707 4343 901 4414 gratia,
938 4341 1167 4412 quilibet
1211 4342 1506 4410 imperator
1540 4339 1717 4394 medio

139 4437 264 4492 anni
294 4443 536 4505 tempore
563 4435 676 4489 vita
705 4434 790 4488 vel
826 4449 992 4505 regno
1019 4433 1326 4496 decederet,
1354 4441 1567 4502 poterat
1595 4445 1718 4486 eve-

140 4530 252 4586 nire
289 4537 350 4584 ut
376 4528 626 4583 eumdem
651 4541 852 4581 annum
883 4541 1020 4581 unus
1044 4525 1334 4580 historicus
1358 4524 1596 4594 ejusdem
1625 4537 1714 4576 re-

141 4623 221 4694 gis
247 4623 551 4678 ascriberet
587 4620 940 4690 temporibus,
971 4634 1037 4675 eo
1061 4617 1206 4690 quod
1241 4616 1357 4686 ejus
1398 4623 1610 4687 partem
1635 4629 1719 4670 re-

143 4720 374 4784 gnaret;
405 4713 542 4768 alter
564 4727 694 4768 vero
733 4711 1028 4767 historicus
1055 4708 1296 4780 ejusdem
1322 4706 1622 4763 successori
1649 4705 1717 4760 il-

144 4805 243 4863 lius
291 4807 467 4877 potius
507 4807 575 4862 ad
619 4807 941 4861 titulandum
973 4812 1206 4874 putaret,
1239 4816 1305 4858 eo
1342 4801 1486 4871 quod
1529 4808 1584 4855 et
1628 4798 1718 4854 hic

144 4911 354 4970 partem
379 4915 531 4970 aeque
558 4898 675 4968 ejus
720 4899 947 4954 haberet
991 4897 1046 4951 in
1075 4911 1260 4967 regno.
1298 4892 1500 4948 Verum
1527 4907 1597 4947 ne
1624 4905 1722 4962 per

147 4993 452 5063 huiusmodi
492 4993 883 5050 dissonantiam
908 5005 1063 5046 error
1100 4988 1434 5059 temporibus
1464 4985 1723 5040 inolesce-

148 5097 248 5155 ret,
293 5097 599 5145 statuerunt
622 5087 960 5152 indictiones,
990 5077 1185 5156 quibus
1209 5090 1435 5152 uterque
1469 5080 1721 5149 scriptor,

153 5179 256 5236 imo
277 5182 438 5236 etiam
467 5180 658 5251 vulgus
680 5195 863 5245 omne,
890 5187 1193 5246 temporum
1218 5187 1436 5229 cursum
1467 5170 1724 5226 facillime

154 5280 527 5338 conservaret;
561 5287 695 5342 quas
739 5287 840 5342 pro
888 5269 1147 5326 facilitate
1172 5281 1387 5336 quoque
1424 5262 1724 5319 calculandi

155 5362 456 5431 quindecim
487 5378 609 5418 esse
636 5362 941 5425 voluerunt,
980 5368 1042 5415 ut
1069 5357 1388 5429 planissimo
1411 5368 1641 5408 numero
1669 5359 1726 5408 et

157 5453 219 5508 ad
244 5454 701 5524 multiplicandum
735 5450 1133 5522 promptissimo
1157 5443 1590 5516 compendiosius
1620 5450 1726 5495 tra-

157 5549 285 5604 ctati
331 5550 588 5618 temporis
622 5554 800 5603 status
847 5546 902 5600 in
942 5544 1257 5599 memoriam
1300 5540 1466 5611 possit
1512 5536 1720 5592 reduci.

161 5635 383 5705 Quidam
426 5646 604 5694 autem
647 5645 838 5708 putant
861 5636 985 5705 quia
1028 5633 1296 5703 quondam
1341 5631 1394 5684 in
1424 5626 1722 5698 republica,

158 5737 373 5798 propter
409 5744 630 5786 censum
660 5729 847 5798 quinto
880 5741 1020 5782 anno
1049 5732 1350 5795 peractum,
1389 5722 1519 5776 urbs
1553 5719 1724 5774 Roma

166 5809 512 5890 Initrabatur,
543 5823 609 5879 ad
635 5819 929 5879 indiculum
955 5827 1124 5876 ternae
1152 5814 1484 5874 lustrationis
1511 5820 1567 5870 et
1590 5827 1720 5870 cen-

1803 565 2010 620 ctiones
2035 561 2103 617 ab
2144 568 2336 616 octavo
2376 557 2495 612 Kal.
2539 555 2810 620 Octobris,
2845 553 3151 624 ibidemque
3182 553 3372 609 termi-

1800 665 1997 713 nantur

2347 719 2572 778 CAPUT
2609 719 2814 776 LXVII.

2149 818 2518 889 Argumentum
2547 815 2610 868 de
2648 810 3036 866 indictiom’bus.

1872 913 2016 967 DISC.
2073 911 2463 981 Argumentum
2513 914 2691 961 autem
2729 904 2795 958 ad
2847 903 3196 959 inveniendas
3232 903 3380 974 ipsas

1803 1005 2126 1060 indictiones
2171 1002 2291 1057 volo
2319 1009 2380 1055 ut
2408 998 2539 1054 mihi
2571 1012 2879 1068 componas.
2918 995 3058 1052 MAG.
3091 996 3148 1050 Si
3199 1003 3376 1051 autem

1802 1098 1936 1153 velis
1964 1105 2279 1168 argumento
2309 1107 2633 1165 cognoscere
2659 1099 2823 1162 quota
2863 1090 2933 1144 sit
2958 1088 3199 1155 indictio,
3226 1103 3382 1142 sume

1804 1207 1976 1248 annos
2004 1189 2218 1244 Domini
2244 1196 2586 1259 quotcunque
2614 1184 2836 1249 fuerint,
2865 1193 2925 1238 ut
2968 1190 3094 1253 puta
3145 1180 3201 1235 in
3243 1195 3383 1252 prte-

1805 1284 1945 1338 senti
1995 1297 2218 1338 ncccxx.
2251 1279 2400 1334 Adde
2428 1277 2705 1349 regulares
2735 1283 2865 1339 tres,
2895 1274 3024 1345 quia
3053 1272 3269 1344 quando
3301 1272 3384 1327 in-

1804 1378 2045 1434 carnatio
2081 1374 2291 1430 Domini
2334 1373 2475 1427 facta
2506 1378 2610 1436 est,
2656 1378 2767 1424 tres
2797 1368 2923 1422 anni
2956 1367 3022 1422 de
3063 1365 3154 1420 illo
3181 1364 3384 1420 circulo

1806 1469 2155 1525 indictionum
2177 1465 2269 1536 qui
2298 1472 2425 1518 tunc
2447 1463 2546 1516 fuit
2563 1466 2977 1533 praecesserunt.
3001 1456 3208 1525 Quibus
3234 1455 3385 1510 addi-

1806 1561 1877 1616 tis
1906 1561 1972 1614 ad
1997 1559 2233 1630 priorem
2263 1569 2566 1617 numerum,
2595 1553 2726 1607 fiunt
2749 1550 2907 1606 simul
2937 1548 3064 1604 anni
3093 1562 3381 1603 ncccxxm.

1807 1651 1918 1708 llos
1969 1651 2145 1705 divide
2199 1662 2296 1719 per
2343 1645 2672 1717 quindecim.
2730 1641 3026 1711 Quinquies
3085 1646 3140 1694 et
3193 1645 3386 1708 quater

1807 1743 2061 1816 quindcni
2090 1741 2294 1797 faciunt
2323 1755 2511 1804 ncccx,
2545 1746 2601 1793 et
2626 1742 2910 1791 remanent
2939 1730 3220 1788 tredecim.
3249 1727 3385 1784 Ter-

1734 1850 1784 1912 B
1811 1837 1887 1894 tia
1917 1835 2126 1893 decima
2155 1842 2239 1890 est
2269 1833 2494 1888 indictio
2535 1845 2679 1885 anno
2711 1835 2999 1900 praesente.

2338 1948 2565 2005 CAPUT
2605 1945 2831 2004 LXVIII.

2267 2043 2345 2098 De
2374 2043 2569 2114 epactis
2608 2039 2903 2096 lunaribus.

1875 2141 2020 2196 Disc.
2051 2139 2130 2194 De
2158 2137 2362 2208 epactis
2411 2149 2540 2204 ergo
2584 2132 2864 2188 lunaribus
2899 2128 3013 2198 jam
3036 2141 3202 2192 nunc,
3236 2139 3386 2191 reor,

1805 2242 2019 2304 tempus
2045 2232 2199 2288 adest
2223 2239 2285 2286 ut
2321 2229 2490 2285 dicas.
2520 2211 2667 2283 ΜΑςῖ
2689 2226 2786 2281 Est
2816 2223 3023 2294 utique,
3077 2221 3201 2290 quia
3232 2218 3391 2274 tertia

1804 2325 2018 2400 praefati
2049 2322 2238 2380 circuli
2267 2322 2406 2377 linea
2450 2319 2691 2376 continet
2728 2325 2946 2388 epactas
2992 2314 3230 2376 lunares,
3273 2323 3393 2380 qua:

1808 2421 1876 2476 ad
1904 2436 2121 2476 cursum
2150 2418 2280 2474 solis
2308 2416 2587 2472 annuatim
2613 2413 2845 2468 undenis
2858 2411 3047 2467 diebus
3077 2419 3392 2464 accrescere

1807 2513 2001 2568 solent.
2032 2512 2162 2568 Inde
2192 2511 2388 2580 quippe
2421 2515 2624 2579 epactae
2653 2504 2842 2560 Graeco
2869 2500 3163 2566 vocabulo,
3208 2498 3263 2553 id
3285 2503 3392 2564 est,

1808 2608 2155 2680 adjectiones,
2215 2611 2341 2659 sunt
2385 2603 2568 2668 dictae,
2615 2599 2758 2670 quod
2809 2612 2907 2669 per
2940 2609 3112 2651 annos
3155 2593 3395 2664 singulos

1806 2699 2058 2754 undecim
2115 2697 2358 2758 dierum,
2404 2703 2467 2748 ut
2505 2693 2742 2748 diximus
2769 2733 2787 2760 ,
2841 2687 3250 2745 accumulentur
3294 2701 3392 2740 au-

1809 2798 2066 2861 gmento;
2110 2787 2197 2842 vel
2221 2794 2370 2842 certe
2405 2785 2533 2855 quia
2577 2782 2641 2837 ad
2687 2781 3038 2836 inveniendas
3065 2786 3244 2849 quotae
3270 2785 3398 2832 sunt

1809 2881 1946 2936 luna:
1992 2879 2356 2935 Kalendarum
2400 2875 2679 2932 duodecim
2712 2889 2811 2944 per
2866 2881 3040 2928 totum
3069 2871 3399 2942 adjiciuntur

1809 2987 2031 3027 annum.
2094 2969 2162 3023 Et
2237 2967 2452 3038 quidem
2519 2981 2615 3036 per
2683 2973 2856 3019 totum
2934 2963 3062 3018 anni
3132 2959 3394 3017 vertentis

1808 3064 1996 3118 orbem
2048 3076 2174 3116 suas
2231 3075 2458 3130 quaeque
2507 3059 2622 3113 dies
2665 3057 2829 3113 habet
2878 3055 3208 3126 adjectioncs
3239 3053 3396 3108 luna-

1809 3171 1899 3211 res
1946 3154 2215 3210 undecim.
2283 3151 2442 3218 Nam,
2483 3150 2634 3206 verbi
2692 3150 2888 3221 gratia,
2942 3148 2990 3204 si
3042 3147 3224 3213 hodie,
3270 3161 3397 3202 cum

1812 3254 2012 3319 scribo,
2049 3252 2106 3306 in
2135 3251 2421 3306 undecimo
2450 3247 2569 3302 Kal.
2602 3245 2830 3318 Augusti
2859 3244 3088 3315 septima
3118 3250 3201 3298 est
3245 3241 3395 3307 luna,

1811 3353 1938 3416 post
1985 3358 2186 3397 annum
2241 3342 2297 3395 in
2339 3340 2472 3410 ipsis
2522 3337 2777 3393 Kalendis
2817 3345 3008 3391 octava
3036 3333 3243 3388 decima
3291 3340 3395 3399 est,

1811 3446 1935 3509 post
1959 3434 2095 3490 duos
2119 3447 2292 3488 annos
2317 3432 2572 3486 vicesima
2599 3444 2762 3484 nona.
2793 3427 2903 3482 Nec
2936 3426 3125 3480 eadem
3153 3424 3258 3480 huc
3277 3439 3399 3495 qua:

1815 3543 1957 3583 nunc
1983 3534 2066 3582 est
2093 3525 2244 3596 prius
2273 3539 2434 3594 quam
2469 3524 2655 3578 decem
2683 3529 2736 3575 et
2763 3535 2956 3574 novem
2984 3533 3246 3573 annorum
3274 3531 3399 3588 per-

1816 3627 1937 3674 acto
1973 3617 2177 3673 circulo
2209 3615 2369 3670 redit.
2399 3612 2507 3669 Sed
2550 3612 2768 3683 proprie
2808 3627 2926 3681 quae
2980 3610 3035 3664 in
3067 3608 3267 3664 circulo
3307 3607 3400 3663 de-

1814 3711 2029 3768 cennali
2064 3711 2335 3764 adnotata
2383 3716 2509 3764 sunt
2553 3715 2756 3778 epactae
2820 3706 3001 3760 lunam
3049 3711 3214 3775 quota
3244 3702 3303 3757 ﬁt
3341 3703 3400 3757 in

1815 3804 2102 3859 undecimo
2134 3800 2252 3856 Kal.
2300 3800 2520 3870 Aprilis,
2549 3799 2639 3854 ubi
2683 3796 2954 3868 paschalis
2982 3804 3065 3850 est
3097 3793 3220 3850 festi
3249 3792 3400 3863 prin-

1817 3895 2038 3966 cipium,
2077 3893 2312 3963 signant.
2349 3890 2499 3944 lianc
2526 3888 2805 3961 praeﬁxam
2840 3899 3130 3942 succursus
3158 3885 3401 3955 regulam

1817 4003 2033 4059 semper
2060 3987 2434 4049 observantes,
2466 3992 2527 4038 ut
2552 3983 2765 4054 quoties
2811 3981 3077 4036 minorem
3108 3986 3260 4034 sexto
3305 3977 3399 4032 de-

1816 4082 1957 4136 cimo
1979 4093 2269 4135 numerum
2292 4076 2513 4140 habent,
2539 4073 2846 4145 paschalem
2877 4071 3061 4126 lunam
3082 4068 3396 4140 praeferant,

1817 4173 2029 4244 quoties
2059 4180 2238 4227 autem
2263 4171 2546 4240 majorem,
2571 4168 2624 4221 in
2652 4172 2960 4235 sequentem
2982 4163 3162 4217 lunam
3193 4160 3403 4216 Pascha

1818 4267 2167 4337 quaerendum
2221 4265 2609 4318 demonstrent.
2655 4258 2789 4325 Quia
2829 4255 3082 4310 nimirum
3129 4253 3270 4307 lunae
3309 4266 3404 4322 pa-

1818 4360 2016 4416 schalis
2036 4359 2312 4429 plenitudo
2344 4372 2450 4410 non
2471 4352 2854 4424 mquinoctium
2881 4350 3097 4421 praeire,
3125 4347 3241 4412 sed,
3264 4346 3405 4402 sicut

1820 4451 1874 4506 in
1903 4450 2169 4521 principio
2195 4456 2572 4505 creaturarum
2621 4430 2926 4499 ordinatum
2955 4448 3077 4507 est,
3109 4438 3260 4510 sequi
3304 4452 3401 4509 po-

1740 4577 1796 4638 Β
1821 4545 1928 4600 tius
1955 4542 2132 4599 debet.

2390 4626 2615 4684 CAPUT
2653 4625 2838 4681 LXIX.

2262 4723 2638 4793 Argumentum
2676 4719 2740 4773 de
2767 4716 2982 4790 epactis.

1896 4823 2042 4878 DISC.
2070 4819 2460 4888 Argumentum
2499 4815 2566 4870 de
2597 4812 2800 4868 eisdem
2829 4809 3036 4881 epactis
3072 4807 3407 4866 inveniendis

1829 4915 2010 4970 dicito.
2043 4911 2182 4967 MAG.
2231 4909 2288 4964 Si
2327 4908 2410 4962 vis
2457 4919 2780 4977 cognoscere
2809 4911 2987 4973 quota:
3029 4910 3235 4972 epactae
3277 4902 3403 4966 sint,

1829 5023 1980 5062 sume
2011 5020 2181 5060 annos
2229 5001 2440 5058 Domini
2472 5007 2602 5070 quot
2650 4998 2871 5062 fuerint,
2920 5003 2980 5050 ut
3017 5004 3147 5065 puta
3177 4994 3232 5047 in
3269 5008 3407 5062 prte-

1826 5099 1996 5156 sentis
2047 5097 2172 5152 anni
2222 5102 2414 5166 quarta
2442 5092 2650 5147 decima
2677 5090 2970 5145 indictione
3017 5101 3242 5142 ncccxx.
3269 5084 3406 5140 Par-

1827 5192 1929 5247 tire
1958 5205 2055 5260 per
2079 5189 2266 5244 decem
2293 5195 2348 5240 et
2389 5198 2602 5239 novem.
2637 5179 2962 5249 Quadragies
3004 5186 3058 5232 et
3087 5185 3171 5232 ter
3199 5175 3324 5232 deni
3351 5183 3408 5231 et

1826 5282 2024 5339 noveni
2072 5280 2280 5334 faciunt
2313 5291 2442 5332 nccc
2487 5282 2542 5328 et
2572 5289 2669 5338 vn,
2699 5279 2752 5326 et
2780 5274 3060 5324 remanent
3085 5275 3215 5322 tres.
3270 5264 3407 5321 Illud

1826 5376 1956 5431 item
1986 5386 2084 5443 per
2128 5359 2392 5424 undecim
2428 5361 2746 5432 multiplica,
2787 5359 2910 5429 quia
2939 5358 2992 5411 in
3042 5354 3263 5412 denario
3304 5370 3407 5409 nu-

1829 5480 1982 5520 mero
2016 5469 2218 5531 epacue
2270 5464 2540 5513 crescunt.
2599 5453 2760 5506 Fiunt
2816 5449 3037 5520 triginta
3092 5457 3224 5502 tres.
3257 5445 3406 5502 Tolle

1830 5559 2081 5628 triginta,
2117 5562 2172 5610 et
2222 5558 2501 5606 remanent
2521 5556 2652 5602 tres.
2701 5545 2833 5598 Tres
2859 5549 3060 5613 epactaa
3087 5549 3214 5598 sunt
3259 5555 3402 5595 anno

1830 5657 2116 5723 prmsente.
2149 5645 2373 5713 Quando
2410 5654 2619 5709 aequam
2651 5636 2965 5692 divisionem
2985 5648 3265 5689 .annorum
3298 5632 3404 5686 Do-

1831 5742 1963 5798 mini
2007 5754 2268 5797 numcrus
2313 5733 2522 5803 recipit,
2556 5729 2713 5784 nullae
2737 5735 2862 5782 sunt
2890 5733 3112 5799 epactae.
