3946 6464
1094 464 1321 529 CAPUT
1358 469 1522 527 LXX.

1002 624 1075 687 De
1102 624 1294 697 regulis
1322 624 1619 680 lunaribus.

579 789 720 844 Disc.
757 786 837 842 llli
884 799 1017 858 ergo
1055 782 1268 839 numeri
1316 781 1409 855 qui
1448 794 1547 854 per
1579 779 1824 852 singulos
1873 792 2091 835 menses

504 882 710 953 qaactis
734 878 1020 935 lunaribus
1063 876 1424 941 associantur,
1473 873 1616 929 unde
1653 872 1919 944 originem
1947 886 2090 927 sum-

502 973 759 1045 pserunt?
789 971 931 1027 MAG.
963 970 1043 1025 Ex
1070 968 1501 1026 consideratione
1526 966 1689 1033 lunae,
1724 982 1845 1036 qua),
1865 981 1929 1023 eo
1951 981 2090 1023 anno

502 1082 610 1138 quo
636 1064 797 1122 nullae
841 1071 1045 1135 epactaa
1092 1070 1223 1118 sunt
1271 1061 1509 1134 aliquam
1550 1060 1605 1116 in
1640 1059 1899 1115 Kalendis
1939 1074 2090 1115 men-

502 1160 642 1216 sium
673 1172 896 1214 necesse
924 1164 1008 1211 est
1031 1155 1229 1211 habeat
1250 1162 1487 1209 mtatem.
1523 1152 1705 1209 Primo
1737 1168 1865 1222 ergo
1894 1151 2093 1207 decen-

500 1251 818 1310 novennalis
844 1250 1036 1307 circuli
1079 1264 1244 1314 anno,
1275 1250 1329 1303 in
1355 1263 1463 1320 quo
1497 1248 1658 1303 nullae
1695 1257 1822 1304 sunt
1850 1257 2090 1318 epactze,

501 1345 557 1401 in
582 1344 704 1399 Kal.
733 1342 978 1400 Januarii
1010 1355 1116 1395 non
1149 1348 1233 1395 est
1260 1339 1405 1404 luna,
1439 1340 1494 1394 in
1522 1339 1643 1394 Kal.
1680 1338 1965 1395 Februarii
1994 1338 2091 1393 de-

502 1436 664 1503 cima,
700 1434 759 1489 in
784 1433 903 1488 Kal.
936 1431 1116 1487 Martii
1154 1446 1317 1497 nona,
1352 1432 1407 1486 in
1447 1431 1567 1486 Kal.
1616 1431 1817 1501 Aprilis
1849 1431 2091 1496 decima,

502 1527 559 1585 in
588 1527 711 1583 Kal.
744 1525 872 1581 Πειίί
916 1524 1232 1591 undecima,
1266 1525 1321 1579 in
1352 1523 1468 1579 Kal.
1513 1522 1704 1579 Junias
1738 1522 2089 1589 duodecima,

504 1617 697 1675 inKal.
726 1615 835 1672 Jul.
862 1615 1022 1673 tertia
1045 1615 1351 1682 decima,in
1379 1614 1497 1671 Kal.
1526 1614 1757 1686 Augusti
1782 1624 1976 1684 quarta
1996 1609 2093 1669 'de-

504 1710 668 1775 cinia,
710 1707 770 1763 in
820 1707 940 1763 Kal.
997 1706 1334 1777 Septembris
1385 1714 1538 1762 sexta
1596 1706 1826 1772 decima,
1874 1707 1927 1761 in
1969 1705 2089 1761 Kal.

499 1802 751 1860 Octobris
779 1802 1011 1873 septima
1033 1802 1266 1869 decima,
1299 1801 1356 1855 in
1403 1800 1519 1856 Kal.
1551 1799 1871 1856 Novembris
1899 1809 2092 1856 octava

1154 338 1217 394 B.
1253 333 1510 394 BABANI
1544 332 1768 393 MAURI
1802 328 2086 389 arma!

2193 316 2476 395 IOGUNT.
2517 329 2805 390 OPERUM
2841 330 3022 390 PARS
3056 331 3097 388 l.

1294 422 1321 528 ί.
1358 469 1522 527 LXL
2115 458 2171 521 Α
2193 460 2294 502 nos
2320 445 2546 520 incipiat
2586 457 2645 504 et
2670 463 2844 519 usque
2871 449 2941 505 ad
2978 450 3427 512 terminumani
3460 462 3602 514 rato
3642 464 3815 531 asp

2192 540 2519 598 intemerato
2546 542 2739 599 ordine
2763 552 3073 615 procurrat.

2752 675 2984 735 CAPUT
3013 676 3201 736 LXXI.

2298 769 2376 825 De
2408 770 2838 827 concurrentibus
2860 813 2876 839 ,
2908 771 2965 827 id
3005 782 3081 828 est
3105 815 3118 840 ,
3148 776 3345 846 φαίης
3371 778 3685 834 solm-ibus.

2262 880 2408 945 DISC.
2438 887 2514 945 De
2545 889 2750 960 epactis
2780 889 3047 947 solaribus
3076 891 3208 948 ordo
3238 892 3499 965 deposcit
3522 906 3593 950 ut
3624 895 3805 963 dicas,

2193 978 2319 1051 quia
2347 980 2415 1037 de
2463 982 2745 1039 lunaribus
2787 983 2900 1055 jam
2933 984 3138 1039 dixisti.
3186 984 3329 1043 MAG.
3375 986 3608 1054 Quarto
3656 986 3809 1056 igitur

2194 1070 2679 1129 decennovennalis
2730 1073 2917 1129 circuli
2975 1075 3190 1131 tramite
3242 1077 3552 1148 signantur
3611 1092 3803 1150 epam

2194 1164 2342 1229 solis,
2381 1165 2434 1220 id
2481 1176 2584 1232 est,
2631 1178 3023 1225 concurrentes
3077 1171 3401 1242 septimana:
3437 1172 3597 1237 dies,
3658 1175 3802 1228 naias

2194 1270 2406 1325 semper
2436 1266 2617 1313 lBI’HOS
2644 1275 2738 1329 per
2768 1276 2963 1325 annos,
2989 1261 3217 1316 duorum
3250 1273 3440 1317 autem
3475 1278 3591 1333 per
3616 1279 3801 1319 annum

2192 1344 2525 1401 bissextilcm
2559 1365 2728 1420 usque
2756 1350 2821 1405 ad
2844 1350 3131 1422 septimum
3166 1368 3464 1408 numerum
3504 1354 3801 1425 adjectione

2195 1448 2542 1507 crescentes;
2575 1456 2803 1512 quarum
2832 1442 3067 1499 circulus
3098 1445 3257 1501 habet
3293 1463 3480 1502 annos
3511 1457 3716 1518 quater
3734 1468 3801 1503 δεε-

2193 1538 2407 1601 ptenos,
2436 1530 2491 1584 id
2518 1539 2620 1597 est,
2647 1532 2839 1604 viginti
2881 1545 3025 1589 octo.
3065 1534 3199 1604 Quia
3240 1536 3521 1591 nimirum
3560 1554 3675 1593 non
3700 1552 3802 1594 ante

2194 1631 2373 1694 potest
2402 1626 2771 1681 consummari
2803 1643 2965 1697 quam
2986 1626 3293 1696 bissextus,
3338 1632 3441 1702 qui
3474 1644 3694 1702 quarto
3731 1650 3801 1687 re-

2196 1714 2478 1771 dire‘solet
2509 1733 2671 1785 anno,
2705 1729 2932 1776 cunctos
2979 1722 3295 1792 septimana:
3328 1722 3455 1779 dies
3506 1726 3797 1797 contingat,

2196 1806 2532 1863 DominiCam
2571 1809 2838 1875 videlicet,
2895 1822 3103 1867 sextam
3158 1814 3377 1881 feriam,
3430 1827 3706 1887 quartam
3739 1820 3802 1872 te-

498 1896 729 1961 decima,
758 1895 816 1950 in
859 1893 979 1949 Kal.
1011 1893 1325 1949 Decembris
1355 1900 1547 1949 octava
1578 1892 1808 1947 decima.
1841 1892 1951 1947 llos
1996 1891 2092 1946 lilii
2122 1880 2172 1952 Β
2196 1900 2356 1967 riam,
2390 1900 2681 1958 secundam
2708 1904 2926 1972 feriam,
2957 1907 3265 1974 sabbatum,
3296 1908 3575 1979 quintam
3608 1910 3797 1975 ferina,

498 2005 756 2048 numeros
774 2005 875 2061 pro
894 1988 1234 2062 regularibus
1264 1990 1599 2063 singulorum
1623 1991 1893 2046 mensium
1915 2006 2089 2047 sume.

500 2082 707 2151 Quibus
738 2098 947 2137 annuas
972 2081 1174 2137 addens
1201 2090 1440 2153 epactas,
1467 2080 1653 2138 lunam
1686 2093 1850 2155 quota
1882 2085 1954 2139 sit
1993 2100 2096 2155 per

498 2172 768 2231 Kalendas
795 2189 1037 2245 quasque
1070 2174 1188 2230 sine
1222 2189 1409 2232 errore
1456 2176 1717 2247 reperies.
1750 2174 1807 2231 Si
1838 2175 1985 2231 enim
2012 2178 2093 2234 vis

497 2267 639 2324 scire
667 2274 830 2338 quota
861 2274 943 2322 est
971 2264 1101 2322 luna
1152 2267 1208 2321 in
1253 2264 1371 2327 Kal.
1404 2265 1647 2324 Januarii
1684 2285 1825 2325 anno
1854 2271 2093 2325 secundo

499 2360 690 2418 circuli
724 2360 1235 2429 decennovennalis,
1262 2370 1383 2417 tene
1406 2377 1600 2418 novem
1628 2364 1927 2435 regulares,
1956 2364 2094 2421 adde

497 2461 716 2524 cpactas
751 2454 1026 2521 undecim,
1075 2446 1212 2508 ﬁunt
1241 2453 1473 2526 viginti:
1526 2452 1783 2511 vicesima
1831 2465 1915 2511 est
1938 2455 2088 2513 luna.

500 2540 560 2599 Si
591 2544 673 2599 vis
701 2544 842 2600 scire
868 2555 1033 2615 quota
1063 2552 1148 2601 est
1171 2545 1299 2601 luna
1332 2546 1386 2601 in
1414 2544 1536 2602 Kal.
1582 2544 1705 2602 Jun.
1737 2564 1878 2605 anno
1912 2550 2087 2616 tertio,

500 2641 627 2691 tene
658 2630 936 2707 regulares
970 2632 1274 2704 duodecim,
1327 2637 1466 2694 adde
1506 2647 1723 2709 epactas
1770 2641 1897 2695 anni
1948 2641 2091 2697 illius

498 2722 689 2799 viginti
724 2724 875 2794 duas,
910 2725 1048 2783 fiunt
1093 2728 1316 2802 triginta
1351 2739 1618 2802 quatuor;
1671 2730 1799 2789 tolle
1827 2734 2048 2806 triginta
2072 2776 2086 2802 ,

500 2829 786 2876 remanent
831 2828 1065 2892 quatuor
1115 2840 1128 2877 :
1176 2831 1374 2894 quarta
1418 2834 1502 2881 est
1547 2826 1673 2882 luna
1718 2827 1774 2882 in
1819 2827 2090 2886 Kalendas

497 2918 847 2966 memoratas.
901 2908 1045 2967 DISC.
1099 2906 1353 2983 Nunquid
1384 2913 1506 2970 hrec
1548 2914 1735 2987 regula
1781 2916 2089 2989 argumenti

497 2992 608 3055 lixa
647 3008 831 3056 manet
851 3016 950 3072 per
996 3004 1169 3058 totum
1213 3003 1474 3060 circulum
1523 3007 2089 3065 decennovennalem?

498 3088 640 3148 huc.
671 3086 871 3160 Manet,
902 3101 1100 3164 praeter
1129 3110 1302 3151 annos
1334 3106 1467 3164 tres,
1502 3099 1558 3154 in
1589 3100 1786 3170 quibus
1821 3096 1962 3156 idem
1994 3118 2087 3156 ειιά

497 3188 816 3255 gumentum
863 3184 1217 3241 stabilitatem
1268 3187 1352 3243 sui
1383 3190 1589 3246 tenoris
1622 3206 1946 3261 conservare
1985 3209 2083 3249 ne-

2199 1995 2417 2048 tertiain
2471 1993 2657 2049 feriam
2695 2015 2706 2049 :
2746 1997 2851 2053 hoc
2881 1998 3083 2053 ctenim
3122 1998 3240 2054 illos
3272 2000 3474 2056 ordine
3514 2005 3797 2072 percurrit.

2196 2084 2362 2157 Cujus
2392 2087 2581 2144 circuli
2613 2088 2736 2146 talis
2765 2098 2851 2145 est
2885 2106 3079 2147 cursus
3116 2100 3173 2145 ut
3200 2107 3562 2164 quzecunque
3596 2093 3799 2149 bissexti

2196 2198 2340 2238 anno
2396 2192 2521 2238 sunt
2571 2192 2982 2250 concurrentes,
3045 2185 3174 2251 ipsae
3216 2196 3273 2241 et
3321 2193 3458 2242 ante
3500 2189 3798 2257 quinquen-

2193 2273 2345 2328 nium
2383 2272 2613 2339 fuerint,
2668 2282 2723 2329 et
2773 2283 2895 2345 post
2939 2291 3033 2331 sex
3070 2291 3241 2331 annos
3295 2276 3501 2333 futurae
3542 2279 3662 2334 sint
3700 2296 3797 2350 qu

2193 2365 2370 2435 primo
2399 2373 2520 2435 post
2560 2364 2858 2421 bissextum
2890 2382 3033 2421 anno
3060 2376 3189 2423 sunt
3214 2370 3414 2425 eadem
3447 2378 3507 2426 et
3541 2381 3679 2427 ante
3716 2389 3797 2427 ae-

2194 2474 2293 2513 nos
2321 2458 2572 2514 undecim
2603 2460 2958 2526 transierint,
3009 2469 3062 2515 et
3092 2469 3214 2531 post
3260 2478 3359 2517 sex
3415 2464 3663 2519 redeant
3697 2481 3799 2535 qn:

2196 2550 2433 2605 secundo
2468 2558 2590 2621 post
2636 2551 2938 2606 bissextum
2993 2553 3184 2606 eadem
3234 2561 3289 2607 et
3334 2560 3470 2610 ante
3511 2571 3697 2612 annos
3730 2570 3800 2612 se-

2193 2652 2343 2713 ptem
2393 2642 2597 2698 l‘uerint
2636 2652 2690 2698 et
2722 2652 2843 2715 post
2872 2643 3123 2700 undecim
3161 2645 3413 2702 redeant.
3462 2646 3610 2714 Quae
3662 2651 3800 2703 tertio

2194 2742 2319 2805 post
2344 2734 2667 2801 bissextum,
2693 2734 2824 2804 ipsa:
2850 2744 2904 2789 et
2931 2743 3056 2789 ante
3085 2747 3182 2790 sex
3206 2751 3379 2791 annos
3406 2739 3797 2808 praeterierint,

2193 2836 2249 2884 et
2276 2835 2402 2899 post
2426 2828 2666 2899 quinque
2698 2836 3062 2885 revertantur.
3112 2829 3180 2885 Et
3226 2829 3389 2898 hujus
3430 2831 3579 2887 ordo
3612 2834 3799 2889 discre-

2198 2921 2365 2976 tionis
2418 2928 2643 2975 cunctos
2697 2934 2963 2976 annorum
3015 2922 3346 2977 vertentium
3417 2925 3800 2996 complectitur

2204 3013 2339 3069 dies.
2381 3013 2525 3069 Drsc.
2563 3012 2817 3083 Nunquid
2862 3010 2953 3068 hic
3005 3012 3240 3069 circulus
3293 3021 3632 3084 epactarum
3686 3018 3799 3073 solis

2196 3102 2697 3160 decennovennales
2724 3102 2954 3160 circulos
2979 3104 3157 3177 aliquo
3183 3104 3347 3162 modo
3373 3109 3647 3164 ordinat?
3674 3108 3800 3167 me.

2190 3185 2387 3248 Etiam.
2417 3192 2554 3249 Nam
2574 3194 2740 3264 hujus
2760 3196 2879 3268 gyri
2910 3195 3120 3263 solaris,
3150 3199 3242 3268 qui
3272 3198 3473 3268 viginti
3498 3210 3633 3257 octo
3659 3204 3800 3259 annis

496 3254 683 3346 queat,
712 3283 940 3333 octavus
983 3276 1257 3347 videlicet,
1291 3281 1633 3351 undecimus,
1660 3290 1716 3339 et
1742 3298 1917 3340 nonus
1943 3285 2089 3341 deci-
2115 3254 2160 3327 c
2192 3286 2488 3357 peragitur,
2532 3298 2695 3342 causa
2740 3286 2873 3343 facit
2908 3288 3410 3346 decennovennales
3456 3291 3703 3349 circulos
3740 3293 3784 3347 vi

495 3376 661 3435 mus,
711 3368 800 3424 cui
852 3382 1076 3426 causam
1144 3368 1389 3429 mutandi
1469 3376 1623 3430 varia
1684 3375 1816 3432 facit
1877 3392 1943 3433 ac
2008 3378 2089 3433 di-

494 3470 682 3533 spersa
704 3476 803 3533 per
830 3478 1034 3519 annum
1062 3460 1506 3523 embolismorum
1527 3468 1770 3525 insertio.
1807 3466 2089 3540 Siquidem

497 3564 640 3609 anno
665 3562 858 3611 octavo
876 3554 1009 3611 luna
1034 3552 1400 3613 Kalendarum
1426 3554 1711 3627 Maiarum,
1737 3560 1895 3630 juxta
1922 3563 2088 3618 ratio-

494 3661 620 3703 nem
653 3646 870 3717 quidem
922 3650 1227 3722 argumenti
1276 3652 1535 3708 vicesima
1561 3661 1755 3709 octava
1804 3663 2086 3727 computa-

495 3745 604 3794 tur.
644 3738 752 3797 Sed
780 3750 1005 3813 propter
1033 3742 1433 3814 embolismum,
1464 3749 1557 3819 qui
1593 3748 1648 3803 in
1679 3747 1872 3806 Martio
1899 3768 2087 3809 mense

493 3831 772 3900 inseritur,
810 3835 1072 3892 vicesima
1104 3840 1335 3911 septima
1360 3842 1629 3912 probatur
1656 3843 1915 3903 existere.
1951 3846 2087 3904 Item

491 3921 548 3978 in
570 3918 689 3979 Kal.
720 3920 830 3980 Jul.
851 3924 1010 3999 juxta
1038 3943 1418 4002 argumentum
1460 3932 1737 3991 tricesima
1766 3938 1943 4009 potuit
1966 3939 2087 3996 ﬁeri

490 4014 640 4072 luna.
675 4014 783 4074 Sed
814 4030 1043 4091 propter
1073 4010 1437 4094 adjectionem
1477 4027 1583 4084 diei
1610 4046 1772 4099 quem
1804 4031 2089 4103 superﬂui-

493 4114 581 4164 tas
633 4110 940 4168 embolismi
988 4115 1267 4184 attulerat,
1315 4119 1379 4175 iit
1426 4122 1683 4179 vicesima
1741 4142 1902 4181 nona.
1950 4126 2085 4183 Item

492 4214 636 4255 anno
683 4200 990 4274 undecimo,
1024 4208 1149 4278 quia
1182 4209 1310 4265 luna
1339 4214 1646 4271 embolismi
1698 4219 1872 4288 pridie
1902 4216 2086 4278 Nonas

491 4292 806 4352 Decembris
844 4301 1176 4367 accenditur,
1231 4304 1369 4362 facit
1392 4307 1591 4379 lunam
1639 4311 1693 4365 in
1749 4311 1870 4367 Kal.
1920 4314 2079 4372 Mart.

489 4383 806 4442 vicesimam
853 4403 975 4446 esse
1021 4400 1077 4448 et
1106 4402 1374 4463 octavam,
1414 4413 1539 4453 cum
1568 4400 1711 4457 hanc
1757 4403 1896 4458 ratio
1925 4422 2085 4477 argu-

488 4474 658 4532 menti
688 4478 1002 4537 vicesimam
1026 4500 1229 4541 nonam
1257 4496 1387 4545 tunc
1424 4490 1660 4549 existere
1700 4495 1907 4552 doceat.
1950 4474 2084 4557 Item

489 4583 632 4626 anno
677 4571 889 4630 decimo
932 4591 1093 4643 nono,
1122 4580 1254 4651 quia
1280 4582 1406 4638 luna
1460 4586 1766 4645 embolismi
1808 4593 1968 4648 tertio
1993 4594 2080 4650 die

486 4660 763 4719 Nonarum
812 4665 1126 4724 Martiarum
1177 4671 1389 4743 incipit,
1443 4678 1590 4748 cogit
1629 4680 1812 4737 lunam
1862 4684 1917 4739 in
1958 4685 2078 4742 Kal.

486 4753 613 4811 Maii
642 4757 961 4815 vicesimam
1005 4771 1255 4819 octavam
1303 4771 1639 4839 computari,
1672 4788 1796 4830 cum
1824 4776 2082 4835 vicesima

486 4862 630 4903 nona
686 4848 983 4907 secundum
1034 4858 1339 4926 argumenti
1369 4859 1783 4922 calculationem
1824 4879 2074 4925 canatur.

484 4938 791 5031 Notandum
822 4951 1003 5000 autem
1033 4946 1176 5017 quod
1204 4948 1308 5006 hoc
1339 4966 1720 5025 argumentum
1760 4975 1791 5014 a
1830 4958 2079 5031 Septem-

484 5029 867 5123 brio‘qu‘idam
896 5036 1181 5108 incipiant,
1216 5050 1481 5113 ponentes
1518 5046 1694 5104 eidem
1738 5029 2079 5123 Septembrio

486 5117 762 5212 regulares
795 5126 1056 5200 quinque,
1094 5124 1352 5191 Octobrio
1380 5153 1435 5203 v,
1466 5117 1928 5212 Novembrio-vn,
1975 5147 2079 5203 De-

486 5210 724 5272 cembrio
754 5234 853 5286 vn,
881 5229 1011 5288 etc.,
1042 5228 1109 5276 ut
1139 5239 1303 5293 supra
1348 5242 1448 5282 nos
1479 5232 1776 5300 posuimus.
1810 5210 1962 5303 Quod
2007 5241 2076 5297 ob

489 5307 869 5365 auctoritatem
929 5306 1312 5387 Egyptiorum
1391 5320 1795 5382 rationabiliter
1850 5344 2078 5399 prorsus

489 5405 683 5465 agunt;
725 5408 786 5455 ut
832 5417 863 5456 a
890 5404 1087 5474 quibus
1116 5404 1269 5481 origo
1303 5417 1652 5484 computandi
1701 5429 1914 5491 sumpta
1958 5432 2077 5492 est,

492 5501 678 5542 eorum
708 5506 922 5562 quoque
946 5495 1002 5551 in
1042 5504 1407 5572 computando
1436 5508 1565 5563 anni
1593 5511 1918 5582 principium
1958 5516 2080 5574 imi-

492 5586 694 5636 tentur.
724 5580 924 5675 Verum
954 5586 1074 5648 aliis
1102 5597 1279 5666 aptius
1316 5601 1486 5657 multo
1514 5612 1571 5658 et
1602 5580 1905 5675 expeditius
1930 5612 2079 5668 vide-

491 5679 582 5726 tur
604 5680 664 5728 ut
688 5683 1125 5756 computationis,
1156 5699 1417 5760 quantum
1448 5712 1555 5751 non
1584 5702 1883 5761 necessitas
1910 5709 2078 5765 ratio-

492 5765 579 5825 nis
603 5765 890 5841 obsistitaa
915 5777 1183 5852 principio
1217 5786 1344 5841 anni
1382 5788 1486 5857 sui,
1518 5791 1680 5849 etiam
1709 5797 1849 5871 apud
1877 5799 2075 5861 Roma-

2188 3377 2321 3448 ginti
2337 3387 2462 3433 octo
2488 3378 2685 3434 debere
2700 3380 2959 3451 compleri
2974 3382 3290 3451 priusquam
3318 3381 3470 3438 idem
3502 3401 3608 3454 per
3632 3387 3800 3441 omnia

2188 3468 2461 3539 paschalis
2490 3472 2853 3527 observantia:
2879 3486 3075 3528 cursus
3110 3474 3164 3528 in
3190 3489 3251 3529 se
3282 3475 3470 3545 ipsum
3503 3478 3721 3545 redeat,
3746 3488 3797 3532 ut

2193 3562 2373 3617 omnis
2400 3563 2658 3617 nimirum
2689 3563 2852 3634 hujus
2875 3565 3069 3621 circuli
3098 3582 3277 3622 annus
3290 3576 3461 3639 caput
3487 3570 3685 3626 circuli
3715 3570 3797 3625 de-

2190 3655 2607 3711 cennovennalis
2622 3657 2890 3726 instituat,
2908 3660 3149 3731 itemque
3169 3676 3344 3717 annus
3359 3664 3605 3736 quisque
3620 3666 3796 3722 circuli

2191 3747 2674 3805 decennovennalis
2704 3750 2863 3820 hujus
2889 3762 3050 3824 caput
3078 3764 3426 3827 assequatur,
3462 3774 3532 3814 ac
3556 3776 3663 3830 per
3701 3762 3795 3816 hoc

2190 3848 2305 3896 tota
2354 3841 2626 3911 paschalis
2654 3844 3015 3901 observantiae
3044 3848 3214 3903 series
3250 3864 3363 3904 non
3416 3851 3608 3907 minus
3637 3855 3793 3923 quin-

2189 3930 2367 4003 gentis
2396 3931 2619 4003 triginta
2658 3934 2869 3990 duobus
2897 3934 3215 4006 explicetur.

2738 4044 2971 4109 CAPUT
3010 4053 3219 4110 LXXII.

2487 4138 2864 4211 Argumentum
2893 4143 2959 4199 de
2987 4146 3181 4215 spatiis
3208 4145 3500 4204 coloribus.

2258 4250 2405 4306 Disc.
2436 4248 2494 4307 Si
2526 4252 2747 4323 aliquod
2772 4256 2843 4310 sit
2872 4266 3253 4328 argumentum
3302 4260 3373 4315 de
3398 4264 3620 4332 (δμωὶς
3652 4265 3792 4321 sub

2186 4342 2359 4409 ribus,
2406 4352 2536 4415 peto
2562 4352 2623 4400 ut
2661 4347 2933 4416 proferas.
2977 4348 3118 4404 MAG.
3164 4348 3224 4405 Si
3251 4352 3338 4407 vis
3380 4353 3674 4422 cuujioere
3711 4373 3789 4410 ar-

2187 4445 2445 4507 gumento
2466 4439 2614 4508 quod
2655 4440 2768 4494 sint
2796 4440 3128 4511 adjectiones
3152 4444 3304 4510 solis,
3334 4445 3392 4500 id
3422 4454 3544 4511 est,
3571 4462 3791 4504 com

2188 4539 2369 4585 rentes
2398 4533 2712 4603 septimana
2736 4534 2876 4601 dies,
2922 4552 3080 4593 sume
3106 4554 3279 4596 annos
3306 4540 3382 4598 ab
3408 4542 3787 4601 incarnatione

2108 4621 2573 4720 DDomini-quot
2614 4624 2837 4694 fuerint,
2889 4637 2954 4684 ut
2994 4640 3128 4701 puta
3158 4633 3215 4687 in
3269 4638 3538 4704 praesenti
3586 4651 3786 4694 vcem

2186 4724 2288 4785 per
2314 4716 2666 4774 indictionem
2692 4720 2911 4776 tentiam
2948 4723 3249 4794 decimam,
3278 4732 3338 4783 et
3376 4740 3657 4786 annorum
3702 4733 3787 4803 qui

2188 4803 2393 4859 ruerint
2416 4814 2667 4877 quanam
2688 4820 2903 4881 panem
2930 4826 3147 4887 semper
3173 4816 3367 4889 adiice,
3411 4819 3468 4875 id
3500 4830 3616 4888 est,
3649 4838 3788 4878 nunc

2186 4897 2447 4956 ducentos
2472 4901 2737 4974 quinque,
2776 4907 2904 4975 quia
2940 4916 3136 4978 quarto
3158 4924 3301 4968 anno
3331 4927 3561 4984 semper
3584 4913 3787 4972 bissex-

2183 4996 2274 5045 tus
2299 4990 2461 5060 adjici
2505 4993 2665 5051 sciet.
2717 4996 2829 5052 Nec
2855 4998 3013 5055 aliter
3032 5001 3235 5060 divisio
3262 5019 3360 5076 per

2182 5087 2299 5135 ruta
2334 5083 2466 5149 erit,
2493 5084 2605 5140 nisi
2630 5087 2933 5146 bissextili‘s
2968 5094 3087 5149 dies
3137 5096 3447 5167 adjiciatur.
3499 5097 3610 5155 His
3662 5112 3784 5171 ergo

2180 5171 2401 5240 additis,
2428 5174 2570 5231 ﬁunt
2602 5178 2770 5234 simul
2809 5183 2956 5239 mille
2997 5186 3185 5257 viginti
3218 5189 3482 5261 quinque.
3525 5191 3631 5248 His
3658 5194 3781 5248 κω

2180 5261 2320 5317 adde
2356 5274 2615 5334 quatuor,
2664 5272 2795 5339 quia
2822 5284 3060 5344 quatuor
3108 5288 3501 5339 concurrentes
3564 5284 3783 5341 tum

2179 5362 2246 5409 eo
2272 5366 2418 5409 anno
2462 5360 2689 5427 quando
2714 5362 3023 5423 incamatio
3064 5370 3277 5429 Domini
3320 5374 3469 5431 facta
3494 5384 3587 5432 est
3604 5419 3621 5444 ,
3645 5377 3787 5433 ﬁuit

2182 5451 2329 5507 mille
2354 5452 2551 5537 viginti
2580 5470 2815 5524 novem;
2852 5459 3034 5517 divide
3076 5462 3222 5520 hunc
3271 5480 3568 5523 numerum
3605 5474 3783 5523 totum

2183 5556 2280 5611 per
2335 5547 2536 5615 septies
2586 5550 2850 5606 centies:
2901 5568 3032 5626 ergo
3089 5560 3299 5628 septeni
3373 5569 3503 5616 sunt
3572 5563 3785 5633 septi!!-

2182 5638 2347 5706 genti.
2396 5637 2529 5694 ltem
2583 5643 2904 5715 quadragies
2955 5651 3162 5720 septeni
3192 5667 3421 5721 cccxxx,
3462 5664 3520 5711 et
3571 5655 3783 5726 septies

2180 5728 2386 5796 septeni
2415 5744 2559 5785 xux.
2592 5730 2765 5804 Junge
2798 5748 2929 5809 ergo
2962 5738 3063 5796 hos
3088 5754 3368 5813 numeros,
3396 5746 3453 5801 id
3476 5754 3565 5803 est
3594 5760 3702 5803 nec
3724 5757 3785 5803 et

2180 5830 2393 5873 cccxxx
2425 5832 2489 5875 ac
2513 5834 2661 5893 κως,
2694 5824 2829 5883 fiunt
2854 5840 3031 5889 nsxix
3057 5848 3069 5903 ;
3094 5838 3147 5890 et
3168 5834 3295 5909 quia
3325 5836 3465 5897 nihil
3494 5848 3784 5909 remanet,
