3946 6456
565 325 663 380 7H

1215 326 1277 380 Β.
1319 326 1571 382 RABANI
1611 327 1829 386 MAURI
1865 329 2180 387 ARCHIEP.
2219 330 2528 390 MOGUNT.
2567 333 2851 395 OPERUM
2888 337 3066 398 PARS
3097 341 3138 396 ἰ.

3773 348 3864 406 7ίὲ

555 442 660 497 bus
691 409 892 496 mensis
920 458 934 495 :
966 448 1020 496 et
1047 441 1090 496 si
1123 440 1212 495 ille
1239 444 1439 497 mensis
1474 443 1804 498 tricesimam
1836 446 2014 499 lunam
2042 445 2134 500 de—
2161 456 2211 516 Α
2236 463 2360 523 vum
2399 449 2795 507 embolismum.
2839 453 3119 512 Hendecas
3142 455 3370 529 'quoque
3404 459 3569 533 cycli
3621 459 3855 529 lunaris,

557 533 894 596 bethaberc,
942 532 1149 586 dimitte
1177 534 1430 602 triginta;
1483 542 1574 587 aut
1624 535 1666 588 si
1697 536 2007 589 vicesimam
2054 551 2147 590 n0-

562 637 686 676 nam
739 621 917 676 lunam
965 623 1100 676 solet
1144 623 1365 688 habere,
1418 624 1628 678 dimitte
1674 625 1858 695 viginti
1907 640 2140 680 novem:

563 720 758 782 quotus
787 727 1045 766 numerus
1074 714 1414 778 remanserit,
1451 721 1561 768 tota
1602 715 1706 768 erit
1737 723 1924 785 epacta
1955 716 2008 768 in
2054 716 2143 770 illa

560 804 664 858 die.
701 802 757 857 Si
788 811 967 858 autem
997 803 1142 858 illum
1174 819 1459 859 numerum
1508 815 1842 875 epactarum,
1873 821 1993 876 quae
2022 822 2144 860 cur-

558 904 686 949 runt
714 896 767 949 in
813 894 1066 951 Kalendis
1104 897 1370 951 mensium
1400 907 1454 952 et
1485 897 1713 964 dierum,
1747 899 2012 954 mensium
2044 915 2145 954 nu-

558 1001 742 1042 merus
788 988 947 1044 simul
993 1003 1098 1042 non
1128 990 1435 1058 pervenerit
1483 991 1550 1045 ad
1580 990 1799 1061 triginta
1831 990 1914 1045 vel
1949 991 2141 1062 viginti

556 1091 772 1144 novem,
810 1086 1008 1148 quotus
1032 1093 1291 1133 numerus
1319 1078 1506 1146 fuerit,
1550 1088 1662 1135 tota
1689 1080 1794 1134 erit
1830 1079 1955 1135 luna
2002 1095 2140 1151 prte-

555 1181 702 1225 5808.

1102 1284 1329 1343 CAPUT
1364 1286 1598 1343 LXXVI.

551 1422 632 1479 De
657 1422 826 1479 reditu
848 1432 896 1479 et
913 1433 1150 1495 computo
1169 1423 1443 1548 all-ticalqri
1467 1434 1805 1494 utrarumque
1833 1431 2133 1494 epactarum

1147 1511 1205 1548 so
1231 1512 1273 1548 ts
1297 1505 1344 1548 et
1395 1511 1530 1548 unm.

1147 1505 1273 1550 80ll8
1297 1505 1344 1549 et
1374 1505 1530 1550 ιιιηοε.

623 1623 768 1678 Βιεο.
803 1609 939 1691 Quia
969 1625 1035 1681 de
1053 1627 1256 1696 epactis
1284 1627 1413 1683 solis
1438 1638 1494 1683 et
1511 1627 1653 1683 lunae
1675 1643 1781 1684 non
1803 1643 1993 1698 parum
2015 1627 2128 1698 jam

549 1713 772 1778 dixisti,
823 1725 1064 1784 superest
1110 1725 1171 1772 ut
1206 1719 1473 1786 quomodo
1520 1718 1796 1773 articulari
1841 1719 2130 1790 digitorum

547 1815 800 1876 computo
829 1809 1152 1864 conveniant
1187 1811 1354 1866 dicas.
1399 1809 1538 1867 MAG.
1573 1811 1800 1879 Quidam
1830 1821 2034 1880 autem,
2059 1814 2129 1870 ob
2156 1817 2203 1876 B

544 1899 922 1968 compendium
960 1900 1281 1968 calculandi,
1325 1902 1607 1973 utriusque
1649 1905 1840 1960 sideris
1880 1906 2124 1962 ordinem

542 1988 750 2052 circuli,
784 1999 840 2045 et
868 1991 1064 2048 solaris
1086 1994 1337 2058 videlicet
1357 2005 1412 2050 et
1439 1996 1664 2062 lunaris,
1702 1998 2039 2054 transferunt
2067 2000 2128 2056 in

544 2081 818 2138 articulos.
847 2083 982 2139 Nam
1028 2087 1152 2155 quia
1204 2103 1396 2144 manus
1441 2089 1674 2146 humana
1732 2093 1990 2150 articulos
2022 2095 2121 2150 ha-

541 2172 634 2228 bet
662 2173 925 2243 adjunctis
954 2180 1222 2251 unguibus
1246 2181 1431 2237 decem
1452 2191 1506 2237 et
1532 2199 1742 2250 novem,
1783 2187 2012 2259 singulis
2039 2188 2127 2244 his

541 2265 780 2338 singulos
831 2279 1076 2340 aptantes
1121 2287 1307 2337 annos,
1354 2273 1598 2329 lunarem
1638 2291 1857 2333 cursum
1898 2280 1952 2334 in
1993 2279 2124 2336 lreva

538 2369 703 2410 manu
731 2357 1061 2416 intrinsecus
1101 2377 1131 2415 a
1176 2363 1358 2418 radice
1402 2364 1612 2433 pollicis
1658 2367 1944 2438 incipiunt,
1985 2380 2041 2426 et
2067 2371 2123 2426 in

538 2463 716 2517 ungue
758 2451 983 2508 minoris
1016 2454 1167 2524 digiti
1219 2456 1542 2512 intrinsecus
1579 2461 1829 2516 eumdem
1875 2477 2122 2518 consum-

539 2550 708 2593 mant.
741 2540 875 2596 Item
906 2546 1032 2614 quia
1057 2561 1250 2601 manus
1284 2549 1424 2604 binae
1449 2552 1726 2617 articulos,
1754 2555 1996 2624 exceptis
2020 2572 2122 2612 un-

538 2627 762 2696 guibus,
794 2631 996 2688 habent
1022 2635 1211 2705 viginti
1245 2647 1388 2703 octo,
1419 2640 1504 2694 his
1529 2641 1769 2712 singulos
1805 2659 1976 2700 annos
2001 2646 2117 2701 sin-

538 2717 677 2789 gulis
697 2731 904 2791 aptant,
936 2724 1252 2782 inchoantes
1282 2744 1309 2780 a
1343 2729 1566 2786 minimo
1590 2731 1735 2788 laeva:
1761 2733 1929 2805 digito
1949 2777 1962 2801 ,
1992 2737 2120 2792 etin

535 2809 739 2865 dextrae
783 2813 975 2881 pollice
1016 2818 1366 2887 complentes,
1414 2836 1520 2876 non
1559 2831 1619 2876 ut
1660 2824 1713 2878 in
1755 2824 1930 2880 lunari
1968 2829 2120 2898 cyclo

533 2903 774 2975 singulos
803 2921 867 2962 ex
899 2909 1087 2965 ordine
1119 2912 1313 2982 digitos
1335 2915 1705 2984 expedientes,
1735 2917 1828 2972 sed
1863 2920 1931 2973 ob
1956 2922 2120 2976 ratio-

530 3006 660 3046 nem
697 2997 1016 3063 quadrantis
1058 3016 1156 3071 per
1195 3012 1486 3072 quaternos
1522 3014 1890 3064 transversum
1925 3012 2119 3083 digitos

528 3084 942 3152 quadriennium
969 3105 1131 3147 omne
1153 3092 1450 3164 signantes,
1480 3097 1552 3151 ita
1579 3107 1640 3152 ut
1664 3100 2011 3157 minimorum
2030 3105 2116 3160 bis

529 3173 668 3227 terni
691 3175 904 3232 articuli
923 3179 1210 3250 digitorum
1234 3185 1455 3240 totidem
1476 3187 1780 3244 bissextiles
1805 3193 2116 3250 cont-ineant
2141 3180 2187 3243 (Σ

527 3278 734 3332 annos,
751 3268 879 3324 item
903 3273 1274 3342 proximorum
1303 3293 1333 3331 a
1355 3278 1594 3336 minimis
1619 3282 1704 3337 bis
1733 3287 1872 3340 terni
1901 3289 2113 3344 articuli

526 3355 814 3429 digitorum
835 3366 1114 3432 proximos
1144 3370 1213 3424 ab
1246 3371 1330 3426 his
1359 3375 1529 3430 ternis
1556 3375 1809 3433 bissextis
1835 3395 2006 3436 annos
2028 3390 2113 3437 to-

526 3447 692 3505 tidem
730 3455 1018 3524 explieent,
1051 3462 1272 3517 secundi
1312 3464 1560 3520 similiter
1587 3468 1858 3525 secundos
1887 3480 1941 3527 et
1967 3475 2113 3530 tertii

515 3539 679 3609 digiti
699 3545 887 3600 tertios
909 3548 1131 3605 totidem
1153 3567 1323 3609 annos
1348 3571 1500 3626 aequa
1523 3559 1733 3616 ratione
1751 3564 2113 3633 complectan-

528 3637 639 3694 tur,
662 3647 824 3701 porro
850 3639 1110 3706 septimus
1131 3643 1425 3701 bissextilis
1447 3663 1568 3702 cum
1595 3650 1768 3706 tribus
1791 3668 1848 3708 se
1883 3670 2110 3725 sequen-

526 3721 668 3778 tibus
695 3728 851 3782 annis
873 3730 958 3786 bis
983 3732 1138 3789 binos
1160 3737 1264 3792 sibi
1283 3740 1535 3808 pollicum
1563 3745 1803 3801 vindicet
1831 3721 2106 3806 articulos.

520 3811 648 3870 Haec
689 3817 801 3873 sive
841 3822 943 3877 hoc
984 3824 1097 3881 sive
1129 3828 1235 3884 alio
1268 3833 1496 3903 quisque
1544 3835 1646 3890 sibi
1690 3839 1984 3897 calculator
2020 3859 2110 3899 or-

521 3905 707 3966 dicare
749 3912 978 3971 voluerit
1012 3920 1191 3983 modo,
1226 3923 1580 3983 nihilominus
1621 3930 1880 3988 circulum
1905 3936 2107 3992 utrius-

518 4014 625 4069 que
683 4004 875 4061 sideris
911 4009 1142 4067 libenter
1181 4017 1394 4084 capient
1445 4035 1654 4076 manus.
1710 4022 1816 4079 Sed
1862 4026 2106 4083 inumera

518 4090 680 4161 hujus
708 4096 1020 4170 disciplinae,
1057 4106 1196 4160 sicut
1227 4117 1281 4163 et
1309 4122 1626 4170 cmterarum
1649 4118 1848 4172 artium
1871 4160 1885 4183 ,
1915 4123 2107 4180 melius

517 4183 655 4238 viva:
689 4189 837 4244 vocis
877 4191 1111 4264 alloquio
1150 4213 1310 4267 quam
1355 4205 1478 4274 styli
1520 4208 1784 4276 signantis
1821 4213 2107 4271 traduntur

517 4273 716 4332 cilicio.

1049 4399 1278 4459 CAPUT
1305 4403 1561 4464 LXXVII.

1075 4529 1154 4587 De
1170 4534 1314 4605 cyclo
1333 4535 1530 4592 lunari.

583 4653 730 4711 Disc.
757 4656 903 4730 Cycli
927 4658 1133 4720 lunaris
1153 4666 1294 4733 volo,
1311 4679 1364 4724 et
1388 4670 1660 4730 inhiantcr
1678 4678 1854 4747 cupio,
1879 4695 1908 4734 a
1933 4690 1983 4733 te
2008 4697 2095 4737 ra-

513 4745 717 4841 tionem
766 4750 971 4841 audire.
1029 4755 1170 4812 MAG.
1235 4757 1428 4831 Cyclus
1480 4779 1611 4835 ergo
1660 4745 1863 4824 lunaris
1909 4773 2096 4841 quinta

513 4837 735 4906 regione
768 4840 954 4896 circuli
982 4845 1468 4909 decennovennalis
1500 4855 1807 4922 includitur,
1842 4875 1872 4914 a
1902 4873 2096 4931 quarto

509 4924 626 4995 ejus
661 4928 944 5002 incipiens,
971 4945 1025 4990 et
1057 4941 1216 4994 tertio
1244 4945 1543 5014 completur
1574 4948 1626 5002 in
1653 4966 1824 5017 anno;
1852 4924 1941 5022 qui
1971 4971 2095 5024 pro-

504 5020 621 5089 prie
649 5019 1014 5082 Romanorum
1046 5039 1131 5085 est
1149 5071 1164 5096 ,
1196 5041 1252 5086 et
1280 5035 1346 5088 ad
1371 5052 1609 5093 mensem
1630 5039 1946 5098 Januarium
1974 5062 2096 5116 per-

506 5112 705 5169 tinens.
745 5115 882 5171 Nam
926 5120 1067 5175 sicut
1122 5137 1294 5178 annus
1332 5126 1558 5195 quisque
1607 5112 2093 5194 decennovennalis

505 5202 692 5258 circuli
733 5216 956 5278 propter
1004 5210 1226 5281 legalem
1271 5212 1620 5272 Hebrmorum
1659 5222 2091 5284 observationem

505 5307 535 5345 a
571 5297 809 5362 paschali
847 5315 1033 5356 mense
1067 5303 1314 5371 inchoat,
1345 5307 1651 5378 ibidemque
1688 5313 1901 5381 ﬁnitur,
1932 5320 2006 5373 ita
2036 5329 2091 5375 et

508 5385 594 5440 hic
616 5387 980 5449 Romanorum
1023 5397 1360 5454 institutione
1399 5418 1426 5455 a
1457 5403 1579 5458 luna
1616 5407 1854 5466 Januarii
1884 5417 2085 5473 mensis

507 5477 745 5544 inchoat,
779 5472 942 5553 atque
984 5487 1054 5542 ibi
1103 5490 1318 5545 desinit.
1381 5493 1532 5549 Sicut
1566 5497 1684 5564 ille,
1738 5503 1817 5558 sic
1859 5514 1915 5561 et
1959 5508 2082 5576 iste,

503 5569 734 5639 primum
781 5585 836 5630 et
889 5581 1183 5636 secundum
1235 5600 1548 5645 communes
1603 5605 1803 5659 annos,
1865 5598 2082 5654 tertium

503 5660 667 5717 habet
695 5667 1090 5739 embolismum,
1118 5689 1369 5747 quartum
1391 5691 1444 5737 et
1469 5685 1718 5752 quintum
1746 5702 2081 5759 communes,

504 5766 717 5816 sextum
761 5765 1157 5837 embolismum,
1204 5777 1488 5846 septimum
1531 5797 1894 5854 communem,
1933 5796 2080 5844 octa-

2247 540 2420 595 instar
2459 542 2948 602 decennovennalis
2984 549 3189 615 circuli,
3231 563 3439 622 septem
3472 569 3687 609 annos
3720 570 3856 610 com-

2246 649 2436 688 munes
2463 644 2517 690 et
2562 645 2794 706 quatuor
2835 641 3179 698 embolismos
3209 647 3474 700 continet.
3537 647 3628 700 Et
3668 649 3852 704 habent

2244 741 2556 781 communes
2595 730 2720 783 anni
2763 744 2977 786 menses
3021 733 3234 790 lunares
3273 737 3619 804 duodecim,
3672 739 3732 794 id
3765 753 3851 806 δι,

2245 820 2361 876 dies
2389 830 2662 877 trecentos
2690 825 3079 897 quinquaginta
3106 839 3356 898 quatuor,
3392 822 3744 888 embolismi
3767 851 3847 890 as-

2245 919 2351 968 tem
2391 929 2604 969 menses
2631 915 2908 984 tredecim,
2933 919 3048 974 dies
3071 920 3319 978 videlicet
3341 932 3657 981 trecentos
3679 937 3845 981 (κείω.

2242 1003 2390 1073 ginta
2421 1013 2670 1074 quatuor,
2704 1018 2902 1078 praeter
2931 1026 3094 1066 unum
3122 1013 3388 1071 duntaxat
3418 1018 3747 1089 septimum
3767 1022 3841 1076 de-

2242 1095 2438 1149 cimum
2471 1097 2605 1168 cycli
2635 1098 2795 1169 hujus
2829 1115 3029 1156 annum
3048 1144 3064 1169 ,
3092 1106 3182 1175 qui
3211 1116 3294 1161 est
3332 1108 3840 1168 decennovennal’s

2239 1187 2465 1256 primus,
2498 1190 2552 1243 in
2588 1205 2695 1260 qua
2729 1209 2867 1248 unus
2896 1195 3012 1252 dies
3052 1198 3260 1254 ratione
3291 1200 3475 1256 saltus
3510 1201 3743 1258 lunaris
3774 1206 3836 1258 ia-

2239 1280 2544 1350 tercipitur.
2571 1282 2874 1340 Notandum
2898 1296 3080 1342 autem
3105 1291 3248 1360 quod
3269 1291 3499 1361 primus
3521 1293 3684 1364 cycli
3709 1295 3836 1348 luna-

2238 1371 2315 1427 ris
2342 1387 2516 1429 annus
2535 1374 2656 1429 ideo
2677 1376 2731 1430 in
2750 1391 2946 1447 quarto
2967 1381 3460 1439 decennovennalis
3487 1385 3703 1441 circuli
3723 1402 3834 1442 anno

2237 1463 2442 1535 incipit,
2483 1467 2609 1537 quia
2645 1468 2876 1538 primam
2904 1471 3070 1526 habet
3097 1481 3225 1530 tunc
3266 1475 3462 1530 lunam
3489 1475 3558 1530 in
3601 1475 3832 1532 Kalean

2235 1552 2521 1613 Ianuariis.
2561 1558 2629 1613 Et
2667 1560 2748 1615 sic
2780 1578 2880 1632 per
2906 1564 3118 1620 diversa
3144 1567 3264 1623 loca
3291 1569 3526 1624 caeteris
3561 1570 3728 1624 annis
3768 1573 3828 1625 in»

2239 1647 2473 1715 choans,
2515 1651 2731 1707 tandem
2781 1663 2905 1725 post
2963 1657 3150 1714 decem
3203 1668 3260 1714 et
3299 1675 3515 1717 novem
3573 1676 3752 1718 annos
3779 1669 3829 1718 δέ

2237 1742 2487 1798 eumdem
2537 1743 2712 1800 locum
2741 1748 3053 1804 revertitur.

2736 1899 2964 1958 CAPUT
3008 1890 3287 1959 LXXVII].

2621 2033 2997 2104 Argumentum
3033 2033 3235 2090 lunaris
3261 2037 3422 2106 cycli.

2297 2169 2443 2226 Dtsc.
2486 2169 2878 2242 Argumentum
2916 2170 3157 2240 ejusdem
3190 2171 3328 2243 cycli
3369 2171 3661 2243 exprime.
3700 2171 3817 2228 lic.

2228 2260 2286 2316 Si
2310 2262 2394 2317 vis
2424 2277 2582 2318 nosse
2604 2263 2788 2335 cyclus
2806 2263 2946 2320 luna:
2968 2275 3231 2334 quantum
3260 2280 3474 2320 annum
3493 2276 3646 2347 agat,
3677 2282 3818 2322 sum:

2225 2368 2395 2408 annos
2433 2353 2667 2419 Domini,
2697 2363 2758 2408 ut
2796 2362 2924 2425 puta
2951 2371 3175 2410 ncccxx.
3217 2354 3315 2410 His
3357 2357 3638 2413 subtrahe
3682 2359 3814 2420 ducs,

2225 2445 2347 2514 quia
2378 2447 2594 2516 quando
2632 2446 2892 2501 Dominus
2936 2447 3248 2502 incarnatus
3279 2456 3401 2512 est,
3451 2450 3570 2505 duo
3609 2453 3736 2505 anni
3765 2454 3815 2506 de

2225 2536 2374 2608 cyclo
2413 2537 2583 2592 lunari
2633 2541 3008 2594 remanserint.
3054 2539 3359 2597 Subtractis
3393 2557 3532 2613 ergo
3585 2544 3810 2611 duobus,

2223 2636 2510 2682 remanent
2542 2629 2835 2699 octingenti
2883 2630 3068 2685 decem
3099 2638 3155 2686 et
3175 2639 3318 2686 octo.
3353 2630 3472 2687 Hos
3497 2635 3716 2704 partire
3735 2653 3811 2706 per

2225 2716 2410 2772 decem
2430 2727 2485 2773 et
2509 2735 2740 2774 novem:
2771 2723 3092 2794 quadragies
3118 2724 3241 2780 deni
3268 2733 3326 2780 et
3353 2729 3590 2793 noveni,
3624 2745 3805 2794 pecu;

2233 2807 2360 2862 item
2390 2820 2472 2864 ter
2502 2799 2623 2865 deni
2650 2819 2706 2865 et
2734 2813 2948 2879 noveni,
2977 2829 3096 2880 LVI;
3131 2815 3223 2885 qui
3246 2817 3642 2887 superioribus
3660 2821 3806 2890 juncti

2221 2897 2427 2954 faciunt
2451 2894 2578 2956 nccc
2601 2910 2657 2956 et
2678 2918 2812 2970 xvii,
2835 2912 2888 2960 et
2912 2915 3156 2962 remanet
3177 2923 3368 2964 unus:
3406 2911 3636 2981 primus
3659 2929 3807 2969 annus

2221 3003 2305 3047 est
2347 2993 2485 3065 cycli
2520 2992 2742 3051 lunaris.
2791 2997 3015 3062 Quoties
3055 3009 3235 3056 autem
3271 3002 3414 3058 nihil
3470 3008 3803 3074 remanserit,

2219 3097 2396 3138 nonus
2415 3084 2655 3142 decimus
2676 3097 2757 3143 est
2783 3102 2976 3144 annus.

2757 3243 2985 3302 CAPUT
3020 3247 3256 3304 LXXIX.

2216 3380 2592 3451 Argumentum
2627 3391 2788 3453 quota
2831 3385 2899 3442 sit
2945 3385 3071 3440 luna
3109 3387 3164 3440 in
3211 3386 3477 3444 Kalendis
3515 3391 3799 3449 Ianuariis.

2285 3518 2342 3575 Si
2372 3536 2498 3576 vero
2528 3522 2662 3578 velis
2699 3540 2858 3579 nosse
2883 3535 3046 3596 quota
3078 3526 3243 3582 fuerit
3273 3527 3401 3585 luna
3443 3531 3798 3590 Kalendarum

2210 3615 2611 3684 Ianuariarum,
2627 3619 2775 3673 verbi
2790 3621 2981 3688 gratia,
3001 3637 3142 3677 anno
3153 3626 3794 3692 priesentidecennovai-

2210 3709 2320 3762 nali
2351 3719 2565 3779 quarto,
2606 3710 2780 3765 lunari
2823 3711 3019 3782 primo,
3063 3728 3215 3768 sume
3255 3715 3473 3787 cyclum
3519 3717 3666 3774 luna:
3700 3722 3794 3790 pri-

2209 3818 2388 3866 mum,
2423 3802 2717 3873 multiplica
2750 3818 2848 3872 per
2877 3805 3144 3860 undecim.
3179 3805 3452 3864 Undecies
3491 3825 3639 3866 unus
3677 3811 3796 3864 ﬁunt

2208 3896 2486 3964 undecim;
2531 3897 2666 3951 adde
2692 3898 3212 3968 unum'regularem,
3248 3899 3350 3955 hoc
3381 3911 3494 3964 est,
3524 3904 3668 3958 diem
3695 3903 3790 3958 Ka-

2207 3986 2489 4041 lendarum
2527 3984 2930 4054 Januariarum,
2963 3989 3099 4042 ﬁunt
3121 3990 3404 4046 duodecim
3433 4011 3448 4046 :
3481 3994 3790 4049 duodecim

2207 4075 2332 4128 luna
2375 4075 2476 4128 fuit
2513 4075 2565 4129 in
2600 4075 2854 4132 Kalendis
2892 4076 3184 4134 Januariis.
3221 4080 3356 4134 Item
3390 4082 3435 4136 si
3465 4083 3606 4138 velis
3643 4100 3790 4138 nosse

2206 4182 2348 4222 anno
2369 4167 2542 4220 lunari
2565 4169 2754 4237 quinto
2775 4177 2939 4239 quota
2971 4170 3041 4225 sit
3068 4171 3194 4226 luna
3223 4173 3277 4227 in
3301 4172 3567 4230 Kalendis
3592 4170 3790 4231 ilanua-

2204 4260 2330 4322 riis,
2377 4259 2672 4329 multiplica
2707 4262 2942 4332 quinque
2985 4279 3083 4333 per
3129 4265 3416 4330 undecim,
3447 4266 3587 4321 ﬁunt
3635 4270 3788 4340 quin-

2203 4353 2461 4422 quaginta
2506 4354 2778 4422 quinque;
2827 4354 2962 4409 addc
3005 4373 3169 4411 unum
3209 4373 3430 4430 semper
3460 4362 3787 4434 regularem,

2205 4443 2340 4497 ﬁunt
2372 4445 2762 4516 quinquaginta
2790 4461 2918 4511 sex;
2962 4449 3165 4516 partire
3191 4464 3292 4518 per
3321 4453 3548 4522 triginta
3567 4495 3584 4520 ,
3623 4471 3787 4510 rema-

2125 4546 2178 4604 D
2206 4547 2334 4592 nent
2359 4539 2545 4608 viginti
2591 4555 2686 4594 sex
2721 4559 2733 4594 :
2765 4541 3025 4596 vicesima
3059 4553 3208 4599 sexta
3243 4552 3327 4599 est
3354 4545 3484 4601 luna
3517 4549 3574 4603 in
3603 4549 3787 4604 Kalen-

2205 4629 2289 4682 dis
2325 4627 2595 4684 Januariis
2625 4648 2766 4688 anno
2804 4635 2992 4703 quinto
3031 4636 3168 4707 cycli
3209 4637 3435 4695 lunaris.
3481 4641 3616 4697 Item
3645 4659 3783 4698 sume

2202 4729 2408 4790 septem
2435 4760 2449 4787 ,
2503 4722 2797 4792 multiplica
2843 4738 2940 4792 per
2982 4727 3231 4782 undecim
3258 4769 3274 4794 ,
3332 4730 3473 4784 ﬁunt
3521 4734 3782 4804 octoginta

2200 4821 2324 4866 octo
2350 4829 2365 4876 ;
2398 4813 2535 4868 adde
2565 4830 2732 4868 unum
2757 4816 3081 4887 regularem,
3115 4829 3168 4875 et
3192 4821 3398 4890 partire
3416 4838 3520 4892 per
3551 4825 3781 4894 triginta,

2200 4912 2480 4958 remanent
2510 4905 2698 4976 viginti
2747 4923 2941 4962 novem
2989 4928 3002 4963 :
3050 4911 3306 4966 vicesima
3353 4929 3502 4968 nona
3543 4926 3628 4970 est
3667 4916 3782 4969 luna

2203 4995 2256 5049 in
2293 4997 2544 5052 Kalendis
2568 5013 2729 5069 supra
2765 5001 2983 5071 scriptis
3004 5019 3148 5058 anno
3169 5005 3304 5076 cycli
3334 5005 3551 5061 lunaris
3574 5017 3779 5063 octavo.

2203 5088 2433 5143 Tantum
2463 5107 2669 5146 memor
2699 5101 2816 5148 esto
2854 5095 3066 5151 decimo
3104 5099 3362 5167 septimo,
3411 5108 3610 5156 octavo

2201 5199 2322 5249 mo,
2386 5192 2441 5238 et
2487 5186 2695 5241 decimo
2743 5203 2885 5242 nono
2937 5189 3072 5260 cycli
3115 5192 3397 5247 memorati
3444 5207 3624 5257 anno,
3679 5207 3780 5246 non

2199 5295 2388 5340 unum,
2425 5287 2484 5332 ut
2525 5279 2578 5333 in
2622 5280 2860 5352 reliquis,
2903 5285 2998 5338 sed
3036 5285 3169 5340 duos
3199 5286 3435 5356 adjicere
3462 5287 3776 5358 regulares:

2197 5380 2252 5423 et
2283 5369 2459 5424 lunam
2495 5371 2856 5428 Kalendarum
2897 5372 3269 5430 Januariarum
3306 5379 3426 5433 sine
3462 5394 3650 5435 errore
3697 5392 3778 5436 re-

2191 5464 2386 5535 perics.

3326 6449 3354 6454 —.
3438 6447 3490 6454 ——
3538 6445 3604 6454 ———
3658 6447 3702 6454 Ἦ
3766 6443 3936 6456 -—_-——|
