3946 6460
102 396 111 401 ’
158 403 272 463 713

707 515 955 589 {CAPUT
986 502 1200 573 LXXX.

485 652 568 711 De
586 662 779 724 quarta
802 655 1005 712 decima
1027 657 1154 712 luna
1185 657 1443 730 paschali.
1468 662 1473 677 ‘

237 786 393 843 Drsc.
426 784 579 843 Nunc
596 785 733 857 jam,
764 789 820 846 ni
843 787 1019 857 fallor,
1054 789 1203 846 locus
1222 792 1426 864 expetit
1445 800 1501 848 et
1524 792 1659 849 ordo
1688 800 1751 847 ut

157 883 229 937 de
265 889 473 951 quarta
500 881 710 937 decima
752 882 877 938 luna
911 883 1123 953 pascha
1163 885 1332 953 dicas,
1366 902 1489 957 qua
1512 896 1759 944 nostrum

86 982 97 989 “
159 969 379 1027 Pascha
422 972 782 1029 demonstrat.
829 973 967 1031 Msa.
996 975 1164 1048 lgitur
1208 978 1286 1033 ita
1312 986 1497 1041 estut
1535 980 1755 1037 asseris.

161 1061 371 1119 Sextus
432 1063 703 1135 saepedicti
765 1065 949 1122 circuli
1009 1066 1159 1125 locus
1203 1070 1549 1141 amplectitur
1604 1071 1760 1128 lunas

157 1162 396 1225 quartas
438 1155 677 1212 decimas
716 1157 878 1227 primi
920 1159 1159 1228 mensis,
1197 1162 1391 1232 quibus
1433 1172 1644 1220 veteres
1675 1179 1760 1221 se-

158 1247 408 1301 cundum
443 1247 615 1318 legem
656 1246 827 1319 Moysi
862 1248 1068 1306 Pascha
1102 1253 1481 1322 celebrabant;
1522 1255 1759 1326 ipsaque

156 1335 392 1393 Pascha
435 1339 653 1394 Domini
695 1339 837 1395 diem
878 1341 1107 1414 singulis
1154 1345 1311 1400 annis
1354 1345 1557 1417 absque
1608 1348 1757 1402 omni

158 1433 528 1504 ambiguitate
566 1434 945 1490 demonstrant
980 1434 1322 1493 Christianis.
1363 1437 1607 1511 Namque
1634 1448 1759 1512 post

90 1530 99 1535 ‘
156 1534 421 1597 quartam
467 1527 733 1583 decimam
780 1527 966 1584 lunam
1009 1528 1293 1587 Dominica
1327 1530 1442 1589 dies
1495 1534 1756 1601 occurrit,

155 1617 277 1689 ipsa
333 1626 425 1674 est
468 1618 741 1688 paschalis
792 1619 1087 1677 Dominica
1148 1623 1566 1680 resurrectionis
1618 1625 1755 1684 dies.

1449 406 1653 465 LIBER
1691 404 1782 465 DE
1816 406 2159 508 (.iOMPUTO.

3339 410 3441 471 7M

1787 496 1844 592 Α
1864 521 2065 576 mirum
2112 520 2407 578 undecimi!
2426 520 2815 579 Kalendarum
2862 536 3029 595 supra
3080 496 3403 596 scriptarum
3423 571 3438 595 ,

1862 612 2005 669 sicut
2042 627 2184 684 sape
2226 613 2429 670 dictum
2460 621 2563 681 est,
2606 614 2860 686 proprius
2889 623 2973 673 est
3019 616 3261 673 omnium
3291 617 3444 677 locus

1860 712 2193 776 epactarum.
2231 703 2329 761 Sin
2375 713 2558 762 autem
2593 706 2876 777 pauciores
2923 713 3052 763 sunt
3095 716 3317 780 epacta,
3363 710 3445 766 di-

1861 797 2039 871 mittat
2059 812 2153 854 eas
2181 812 2429 855 crescere
2458 813 2557 870 per
2588 799 2703 855 dies
2732 814 2903 870 usque
2928 800 3056 856 dum
3075 809 3328 872 quartum
3352 802 3448 858 de-

1861 889 2062 945 cimum
2093 891 2356 962 impleant
2379 906 2698 959 numerum;
2730 901 2786 949 et
2811 893 2888 949 ibi
2911 908 2971 949 se
3006 893 3191 949 lunam
3222 894 3446 952 Pascha

1860 973 2115 1055 quartam
2148 986 2416 1042 decimam
2445 986 2650 1044 habere
2673 1002 2784 1043 non
2814 986 3041 1043 dubitet.
3072 986 3244 1044 Porro
3260 988 3445 1059 plures

1860 1079 2219 1156 quindenario
2258 1096 2487 1137 numero
2531 1082 2578 1137 si
2623 1082 2875 1138 habuerit
2932 1090 3183 1154 epactas,
3243 1092 3299 1139 et
3347 1082 3447 1139 has

1860 1185 2035 1241 usque
2058 1173 2127 1227 ad
2151 1172 2487 1229 tricesimum
2514 1188 2818 1240 numerum,
2850 1174 2908 1230 id
2935 1182 3033 1241 est,
3064 1175 3234 1247 ipsius
3255 1175 3445 1231 termi-

1860 1280 1992 1320 num
2031 1266 2257 1332 mensis,
2289 1280 2387 1336 per
2426 1266 2542 1323 dies
2564 1280 2812 1322 crescere
2845 1266 3007 1322 sinat.
3047 1266 3116 1321 Et
3141 1267 3221 1323 sic
3244 1283 3277 1322 a
3307 1282 3447 1323 nova

1860 1356 1987 1413 iuna
2025 1357 2307 1425 inchoans,
2362 1369 2525 1428 atque
2564 1373 2735 1429 usque
2776 1358 2845 1413 ad
2886 1366 3138 1429 quartam
3183 1360 3451 1415 decimam

1861 1462 1931 1504 ex
1952 1449 2149 1505 ordine
2172 1464 2519 1521 percurrens,
2553 1451 2698 1506 diem
2728 1450 2870 1506 votis
2894 1451 3241 1522 paschalibus
3264 1458 3453 1521 aptum

1862 1546 1966 1601 rite
1991 1547 2241 1617 reperiet.
2284 1546 2391 1603 Sed
2420 1556 2474 1603 et
2506 1548 2611 1603 hoc
2648 1547 2947 1602 notandum
2975 1546 3101 1617 quia
3133 1558 3330 1616 quarta
3360 1546 3455 1602 de—

1862 1634 2003 1690 cima
2028 1634 2188 1703 luna,
2218 1637 2266 1692 si
2295 1637 2600 1694 communis
2629 1645 2715 1693 est
2739 1652 2948 1704 annus,
2980 1637 3232 1693 undecim
3260 1636 3452 1692 diebus

153 1709 289 1777 Qua
332 1710 557 1780 quidem
596 1720 793 1781 quarta
831 1712 1039 1767 decima
1072 1712 1200 1770 luna
1230 1714 1461 1785 primum
1494 1715 1551 1770 in
1589 1702 1756 1787 ωῐιιιί-
1858 1726 2043 1796 prius;
2086 1728 2130 1782 si
2158 1702 2287 1785 vero
2312 1728 2684 1794 embolismus,
2726 1730 2911 1785 decem
2934 1702 3001 1783 et
3038 1742 3236 1784 novem
3264 1728 3456 1785 diebus

153 1804 369 1867 noctio,
404 1803 457 1859 id
491 1814 595 1870 est,
627 1805 683 1858 in
720 1804 1038 1862 duodecima
1069 1805 1433 1862 Kalendarum
1466 1806 1753 1879 Aprilium,

1861 1820 2075 1876 tardius
2095 1836 2259 1891 quam
2280 1823 2622 1893 pracedente
2646 1837 2790 1879 anno
2814 1822 3107 1879 transierat
3131 1835 3348 1892 semper
3369 1836 3457 1876 re-

152 1894 415 1951 ultimum
457 1896 715 1986 vicesimo
760 1898 887 1952 anni
915 1898 984 1953 ab
1012 1897 1141 1955 hinc
1171 1898 1279 1966 die,
1317 1899 1373 1955 id
1410 1908 1517 1968 est,
1561 1911 1757 1972 quarta
1786 1900 1835 1962 B
1863 1914 1979 1970 dire
2010 1916 2309 1982 consuevit,
2355 1922 2583 1986 excepto
2610 1930 2719 1972 uno
2756 1915 3024 1971 duntaxat
3056 1914 3231 1985 primo
3267 1910 3458 1968 circuli

154 1984 377 2041 decima
420 1985 787 2043 Kalendarum
828 1988 1123 2057 Maiarum,
1161 2006 1321 2046 suum
1365 2007 1591 2063 vespere
1636 2008 1762 2063 pro-

152 2091 381 2133 cessum
405 2078 459 2135 in
486 2080 646 2135 terris
668 2080 925 2136 ostendit.
958 2081 1165 2149 Quibus
1187 2082 1436 2139 terminis
1464 2099 1563 2156 per
1589 2100 1761 2142 annos

100 2234 103 2237 _
155 2168 335 2226 denos
386 2178 444 2226 et
493 2186 732 2235 novenos
769 2170 931 2243 legali
978 2180 1223 2245 tempore
1257 2175 1533 2245 paschalis
1572 2177 1763 2234 obser-

153 2261 364 2316 vantia
400 2262 675 2319 discursus
721 2272 939 2320 constat
975 2280 1098 2322 esse
1133 2268 1576 2337 comprehensus.
1606 2269 1676 2325 Et
1715 2270 1763 2326 si

159 2352 282 2409 fieri
306 2355 486 2426 possit
511 2363 571 2410 ut
603 2357 794 2413 eadem
827 2358 1080 2415 omnibus
1107 2359 1265 2415 annis
1293 2361 1507 2417 sabbati
1527 2362 1613 2417 die
1634 2362 1763 2417 luna

155 2456 355 2516 quarta
406 2447 621 2504 decima
668 2450 1005 2523 contigisset,
1053 2452 1189 2508 nihil
1236 2463 1439 2510 nostra
1488 2456 1761 2527 paschalis

154 2538 528 2595 observantia
551 2551 768 2612 tempus
795 2557 828 2596 a
856 2540 1016 2613 legali
1038 2542 1393 2614 discreparet.
1417 2543 1555 2600 Nam
1580 2554 1636 2602 et
1656 2546 1761 2616 ipsi

151 2630 313 2702 juxta
356 2631 497 2704 legis
533 2632 714 2688 edicta
742 2648 959 2704 semper
986 2642 1182 2705 quarta
1204 2635 1414 2691 decima
1440 2635 1567 2692 luna
1596 2637 1766 2713 primi

157 2721 367 2778 mensis
392 2723 464 2777 ad
490 2737 777 2794 vesperam
804 2724 1149 2781 immolantes
1175 2734 1233 2781 et
1259 2725 1608 2783 comedentes
1636 2729 1764 2799 agni

157 2811 429 2869 immolati
459 2830 714 2882 carnem,
749 2816 1175 2887 sanguinemque
1211 2816 1359 2874 illius
1396 2819 1465 2874 ad
1494 2819 1764 2889 repellen-

159 2904 290 2961 dum
334 2908 822 2964 exterminatorem
864 2910 1067 2965 nostris
1102 2910 1352 2981 postibus
1394 2920 1762 2983 aspergentes,

159 2996 216 3052 id
245 3008 355 3066 est,
386 3000 647 3069 baptismi
674 3008 730 3055 et
759 3001 1097 3070 paschalium
1127 3002 1470 3059 celebrantes
1496 3002 1764 3060 solemnia

160 3088 483 3158 missarum,
518 3092 819 3163 spiritalem
848 3109 1227 3165 superaremus
1256 3095 1575 3168 IEgyptum,
1601 3106 1765 3168 atque

162 3177 521 3238 illucescente
574 3198 732 3240 mane
778 3185 835 3241 in
887 3185 1017 3241 luna
1059 3187 1248 3257 quinta
1302 3189 1509 3245 decima
1560 3190 1766 3246 mensis

1863 2005 2355 2064 decennovennalis
2392 2023 2536 2063 anno
2556 2049 2572 2075 ,
2629 2008 2686 2063 in
2728 2022 2838 2078 quo
2860 2046 2878 2075 ,
2915 2015 3140 2077 propter
3188 2005 3458 2061 rationem

1864 2099 2036 2156 saltus
2067 2100 2274 2157 lunaris
2293 2143 2307 2166 ,
2341 2101 2625 2158 duodecim
2654 2101 2848 2157 diebus
2878 2100 3201 2156 annotinum
3231 2114 3456 2154 cursum

1861 2206 2187 2265 percurrere
2213 2193 2368 2249 solet.
2405 2192 2705 2261 Quaerenda
2726 2201 2811 2250 est
2829 2192 2999 2264 igitur
3023 2191 3282 2247 nativitas
3317 2189 3461 2244 luna

1864 2293 2074 2356 quarta
2116 2285 2341 2341 decimae
2369 2284 2438 2340 ab
2473 2293 2667 2341 octavo
2707 2284 2896 2342 Iduum
2943 2283 3259 2339 Martiarum
3288 2295 3461 2351 usque

1863 2378 1921 2434 in
1945 2378 2131 2433 Nonas
2150 2378 2374 2449 Aprilis,
2395 2393 2517 2448 qua
2542 2378 2706 2448 primi
2725 2378 2934 2434 mensis
2954 2390 3219 2433 novorum
3245 2373 3464 2429 initium

1861 2469 2119 2527 ostendit.
2150 2469 2195 2523 A
2224 2469 2545 2526 duodecimo
2570 2483 2703 2525 vero
2724 2468 2843 2524 Kal.
2873 2467 3077 2539 Aprilis
3104 2481 3277 2536 usque
3297 2480 3461 2536 quar-

1863 2568 1982 2615 tum
2014 2561 2281 2616 decimum
2316 2559 2438 2615 Kal.
2481 2560 2637 2625 Maii,
2682 2562 2738 2615 in
2774 2574 3100 2631 quacunque
3128 2565 3325 2628 quarta
3366 2558 3460 2612 de-

1866 2651 2008 2706 cima
2046 2650 2175 2707 luna
2216 2650 2536 2718 occurrerit,
2579 2651 2698 2723 ipsa
2738 2649 2808 2705 ad
2836 2649 3259 2707 celebrationem
3286 2648 3462 2705 sancti

1863 2740 2089 2799 Pascha
2115 2747 2393 2815 perducet.

2389 2875 2621 2933 CAPUT
2656 2875 2915 2932 LXXXII.

2292 2983 2425 3039 Item
2464 2983 2613 3039 aliud
2650 2993 3038 3056 argumentum.

1937 3096 2035 3152 Est
2070 3098 2236 3153 etiam
2274 3097 2377 3152 alia
2418 3098 2560 3154 ratio
2604 3097 2861 3179 qualiter,
2881 3096 3149 3153 terminus
3185 3095 3458 3167 paschalis

1869 3189 2101 3245 inveniri
2122 3191 2314 3261 possit.
2342 3191 2568 3247 Martius
2596 3191 2762 3247 habet
2787 3190 3069 3262 regulares
3097 3189 3317 3262 triginta
3342 3204 3458 3255 sex,

162 3278 409 3348 ejusdem
423 3280 659 3352 primum
672 3299 989 3356 azymorum
1008 3284 1152 3340 diem
1170 3285 1519 3353 intraremus,
1536 3296 1767 3359 septem-
1792 3262 1838 3328 (ἶ
1866 3280 2071 3351 Aprilis
2091 3283 2312 3352 triginta
2337 3283 2594 3353 quinque.
2627 3282 2684 3337 Si
2708 3282 2790 3338 vis
2818 3282 3063 3338 invenire
3092 3282 3382 3338 terminum
3402 3281 3460 3336 in

162 3384 270 3439 que
328 3371 449 3427 dies
505 3371 750 3442 ejusdem
802 3375 1141 3432 celebritatis
1199 3377 1466 3449 legitimos
1517 3395 1549 3433 a
1607 3396 1768 3436 mane

163 3463 341 3533 quinti
377 3465 574 3522 decimi
604 3468 711 3523 diei
736 3483 908 3538 usque
934 3469 989 3524 in
1017 3485 1304 3540 vesperam
1335 3470 1578 3526 vicesimi
1605 3473 1768 3543 primi

162 3558 374 3614 mensis
406 3559 597 3628 ipsius,
629 3560 683 3615 id
722 3569 841 3627 est,
873 3577 904 3615 a
934 3559 1219 3618 Dominico
1248 3562 1474 3618 Pascha
1510 3578 1683 3633 usque
1711 3565 1766 3619 in

163 3648 513 3706 Dominicum
570 3659 822 3707 octavum
880 3653 1108 3708 Pascha
1174 3654 1357 3709 debita
1414 3656 1767 3712 veneratione

162 3746 592 3817 compleremus.
626 3747 733 3803 Sed
763 3749 1022 3819 quoniam
1053 3749 1193 3805 luna
1220 3751 1336 3807 dies
1374 3752 1563 3807 eadem
1592 3751 1768 3806 diver-

160 3853 254 3893 sas
292 3838 615 3909 septimana
648 3840 954 3898 devolvitur
989 3844 1042 3898 in
1091 3842 1278 3911 ferias,
1321 3845 1376 3901 id
1411 3854 1525 3913 est,
1575 3855 1635 3901 ut
1673 3848 1768 3917 qui

162 3936 394 3999 propter
416 3932 869 3990 resurrectionem
898 3935 1070 3992 nostri
1090 3935 1469 4008 Redemptoris
1497 3938 1552 3993 in
1580 3938 1767 3993 Domi—

165 4022 354 4078 nicum
376 4024 519 4080 diem
549 4025 772 4083 Pascha
804 4028 1019 4085 initium
1047 4046 1328 4087 reservare
1352 4032 1631 4097 docemur,
1668 4031 1768 4087 ali-

167 4114 384 4184 quoties
418 4125 603 4172 nostra
640 4117 909 4176 festivitas
939 4121 1174 4192 septimo
1204 4131 1327 4193 post
1352 4123 1608 4196 legalium
1638 4139 1768 4194 azy-

169 4219 386 4263 morum
422 4208 704 4265 exordium
733 4210 819 4268 die
845 4221 1026 4269 sumat
1057 4213 1385 4285 ingressum.
1420 4213 1538 4270 Non
1581 4224 1766 4271 tamen

174 4310 415 4369 unquam
436 4300 718 4372 contingat
737 4311 797 4357 ut
816 4319 923 4358 non
945 4312 1129 4359 nostra
1152 4306 1468 4362 solemnitas
1491 4308 1766 4378 paschalis

174 4386 409 4459 aliquem
434 4389 686 4462 legalium
709 4392 933 4451 Pascha
956 4395 1188 4464 dierum,
1219 4412 1362 4469 sape
1386 4405 1566 4456 autem
1588 4399 1765 4456 omnis

173 4478 315 4537 intra
344 4497 406 4540 se
435 4483 847 4555 complectatur.

709 4617 939 4677 CAPUT
985 4619 1205 4677 LXXXI
1212 4662 1224 4676 .

313 4728 698 4799 Argumentum
722 4729 787 4785 de
816 4731 1000 4785 eadem
1029 4730 1156 4787 (una
1184 4742 1377 4804 quarta
1399 4734 1620 4791 decima.

248 4836 393 4897 DISC.
435 4841 570 4898 Cum
609 4852 818 4914 quarta
849 4845 1074 4901 decima
1108 4846 1249 4902 luna
1285 4848 1551 4904 rationem
1587 4848 1769 4916 dares,

182 4942 436 5003 exspecto
492 4936 636 5006 quod
684 4937 1017 5009 argumentis
1069 4953 1192 4993 eam
1237 4940 1559 5010 comprobes
1607 4948 1771 5010 atque

185 5026 492 5084 conﬁrmes.
534 5029 673 5087 MAG.
728 5031 971 5101 Denique
1023 5031 1347 5101 multiplicia
1388 5032 1515 5089 inde
1553 5039 1773 5089 exstant

187 5126 524 5185 argumenta.
557 5119 663 5175 Sed
685 5121 923 5191 primum
942 5129 1159 5193 Oportet
1176 5122 1561 5180 calculatorem
1586 5138 1773 5195 quem-

189 5217 288 5273 que
328 5210 565 5279 peritum
612 5221 833 5282 quartas
870 5215 1109 5270 decimas
1147 5215 1305 5271 lunas
1344 5217 1506 5286 primi
1546 5219 1773 5287 mensis,

190 5295 325 5354 sicut
362 5309 418 5360 et
448 5310 666 5372 epactas
706 5302 847 5359 luna
877 5320 1117 5373 annuas,
1159 5306 1401 5362 retinere
1433 5308 1772 5365 memoriter.

191 5386 294 5447 Sed
318 5403 376 5450 et
406 5395 452 5452 si
481 5396 603 5466 quis
632 5396 731 5452 has
752 5411 968 5467 quoque
992 5406 1314 5471 argumento
1351 5399 1598 5455 invenire
1627 5399 1773 5455 desi-

192 5481 359 5555 derat,
390 5487 575 5546 videat
603 5498 735 5561 quot
764 5490 873 5546 sint
916 5500 1117 5563 epacta
1164 5493 1385 5549 lunares
1416 5493 1542 5549 anni
1590 5492 1771 5562 cujus-

197 5587 403 5652 cunque
429 5592 744 5655 computare
781 5585 1030 5643 voluerit.
1066 5588 1136 5645 Et
1172 5589 1220 5647 si
1247 5590 1464 5662 quidem
1507 5599 1773 5662 quatuor-

198 5663 365 5728 decim
403 5673 488 5730 vel
532 5674 839 5746 quindecim
890 5685 1033 5743 sunt,
1083 5680 1366 5735 undecima
1411 5679 1774 5735 Kalendarum

200 5756 456 5829 Aprilium
487 5767 572 5822 vel
600 5768 917 5824 duodecima
944 5767 1307 5827 Kalendarum
1337 5773 1652 5829 earumdem
1690 5773 1777 5829 die

201 5857 443 5924 Quartam
476 5859 737 5917 decimam
767 5861 949 5917 lunam
977 5862 1164 5920 venire
1193 5871 1500 5936 cognoscat.
1531 5864 1668 5933 Quia
1694 5864 1775 5921 ui-

346 5971 381 6033 ς
442 5946 717 6014 Ριτιωι..
773 5950 964 6020 CVII.

1789 4624 1844 4684 D

1870 3374 2066 3431 Martio
2100 3383 2195 3429 aut
2227 3375 2442 3446 Aprile,
2478 3376 2739 3431 subtrahe
2765 3376 2829 3430 de
2863 3376 2997 3446 ipsis
3024 3374 3366 3447 regularibus
3406 3374 3464 3429 in

1870 3481 1977 3535 quo
2022 3480 2210 3522 mense
2258 3482 2291 3521 e
2339 3466 2550 3523 duobus
2584 3476 2902 3537 computare
2934 3466 3016 3522 vis
3057 3473 3303 3538 epactam
3341 3480 3463 3536 qua

1869 3555 2059 3612 eodem
2086 3573 2230 3613 anno
2256 3559 2459 3625 currit;
2492 3568 2547 3615 et
2567 3558 2612 3614 si
2637 3558 2759 3629 plus
2788 3558 3009 3630 triginta
3035 3558 3310 3625 habueris,
3334 3557 3463 3615 tolle

1869 3651 2033 3706 etiam
2067 3650 2320 3721 triginta;
2350 3661 2406 3707 et
2432 3652 2623 3722 quanti
2663 3649 3057 3722 superiuerint,
3090 3649 3317 3705 totidem
3347 3650 3464 3705 dies

1870 3742 2011 3798 infra
2051 3743 2228 3812 ipsum
2256 3758 2500 3799 mensem
2532 3741 2758 3797 habebis
2783 3741 3096 3796 terminum.
3133 3740 3298 3796 Verbi
3332 3755 3461 3812 gra-

1869 3835 1945 3889 tia
1985 3853 1997 3888 :
2035 3849 2178 3890 anno
2211 3835 2465 3904 prasenti
2511 3835 2775 3891 terminus
2803 3834 3077 3905 paschalis
3117 3832 3220 3887 fuit
3267 3841 3464 3903 quarto

1870 3925 2011 3982 Non.
2036 3926 2272 3997 Aprilis;
2301 3926 2507 3982 mensis
2526 3925 2731 3998 Aprilis
2754 3926 2919 3982 habet
2940 3924 3215 3997 regulares
3236 3924 3464 3995 triginta

1869 4019 2108 4089 quinque
2141 4036 2153 4072 :
2185 4017 2311 4073 tolle
2336 4032 2405 4074 ex
2430 4018 2515 4074 his
2546 4025 2794 4088 epactam
2820 4033 2941 4088 qua
2969 4018 3074 4072 hoc
3096 4030 3239 4072 anno
3278 4021 3381 4081 est,
3409 4012 3465 4069 id

1867 4119 1952 4167 est
1988 4119 2120 4179 tres,
2155 4122 2208 4168 et
2239 4121 2523 4169 remanent
2562 4112 2785 4185 triginta
2826 4113 2964 4178 duo;
3005 4112 3187 4168 recide
3217 4112 3461 4182 triginta,

1868 4213 1922 4261 et
1953 4214 2162 4269 restant
2188 4206 2296 4261 duo
2322 4224 2334 4259 :
2366 4209 2604 4263 secunda
2641 4207 2729 4263 die
2754 4205 2957 4263 mensis
2988 4205 3190 4277 Aprilis
3224 4204 3327 4259 fuit
3357 4212 3465 4261 ter—

1869 4299 2049 4354 minus
2072 4299 2363 4368 paschalis.
2397 4300 2531 4356 ltem
2555 4316 2697 4357 anno
2714 4299 2921 4367 futuro,
2948 4300 3166 4371 quando
3190 4300 3460 4355 terminus

1868 4388 2139 4460 paschalis
2159 4391 2265 4445 erit
2287 4405 2341 4445 ιι
2368 4389 2486 4445 Kal.
2518 4391 2737 4461 Aprilis,
2764 4392 2839 4447 ita
2859 4398 3179 4463 argumento
3203 4390 3465 4461 conjicies

1869 4483 2018 4538 illum
2050 4502 2063 4538 :
2098 4481 2327 4540 Martius
2368 4485 2534 4541 habet
2564 4486 2842 4556 regulares
2880 4485 3102 4551 triginta
3133 4498 3263 4550 sex;
3308 4483 3465 4538 aufer

1870 4577 1939 4633 ab
1968 4580 2048 4633 eis
2076 4586 2327 4648 epactam
2363 4577 2535 4648 ipsius
2572 4578 2718 4643 anni,
2762 4577 2866 4631 hoc
2903 4585 2986 4630 est
3023 4575 3460 4644 quatuordecim,

1871 4676 2160 4724 remanent
2184 4667 2376 4737 viginti
2410 4668 2517 4723 duo
2548 4685 2562 4721 :
2594 4667 2854 4723 vicesima
2881 4666 2968 4722 die
3000 4666 3235 4722 secunda
3259 4666 3465 4722 mensis

1872 4760 2051 4815 Martii
2078 4760 2183 4814 erit
2202 4758 2471 4813 terminus
2501 4757 2773 4829 paschalis
2791 4772 2934 4813 anno
2959 4756 3162 4812 futuro.
3195 4756 3252 4812 Si
3280 4764 3463 4812 autem

1871 4849 2064 4904 feriam
2102 4856 2422 4919 argumento
2467 4846 2927 4918 comprehendere
2961 4846 3099 4903 velis
3131 4846 3189 4902 in
3217 4861 3324 4918 qua
3354 4853 3465 4900 ter-

1873 4944 2055 4999 minus
2089 4942 2363 5015 paschalis
2412 4950 2645 5010 constet,
2695 4959 2848 5000 sume
2889 4942 3169 5017 regulares
3221 4942 3463 5011 ipsorum

1874 5037 2145 5093 mensium
2180 5036 2249 5091 ad
2276 5036 2379 5092 hoc
2409 5036 2733 5107 dispositos,
2769 5044 2825 5092 et
2862 5037 2943 5092 sic
2969 5037 3085 5091 sine
3112 5046 3300 5088 errore
3332 5030 3466 5086 illud

1878 5130 2138 5201 reperies.
2183 5128 2321 5197 Quia
2370 5127 2598 5184 Martius
2644 5128 2811 5184 habet
2865 5126 3141 5197 regulares
3184 5131 3423 5194 quatuor
3444 5163 3461 5190 ,

1878 5222 2080 5293 Aprilis
2104 5237 2235 5277 vero
2276 5231 2512 5293 septem,
2547 5230 2689 5286 tene,
2719 5220 2986 5290 conjunge
3022 5217 3143 5272 illos
3169 5217 3238 5273 ad
3274 5232 3466 5273 nume-

1879 5332 2001 5371 rum
2027 5316 2241 5372 dierum
2260 5316 2466 5372 mensis
2486 5314 2629 5369 illius
2648 5314 2715 5369 de
2736 5327 2843 5384 quo
2865 5309 3115 5380 inquiris,
3138 5325 3275 5381 quos
3297 5311 3463 5367 habet

1882 5422 2055 5477 usque
2068 5407 2135 5463 ad
2158 5407 2450 5463 terminum
2468 5403 2804 5477 pasehalem,
2821 5400 2987 5472 junge
2998 5410 3055 5457 et
3073 5409 3465 5458 concurrentes

1883 5498 2045 5554 simul
2064 5540 2079 5565 ,
2110 5498 2315 5569 partire
2343 5496 2525 5553 omnia
2556 5510 2655 5567 per
2680 5491 3046 5564 septenarium
3067 5508 3385 5560 numerum,
3412 5499 3468 5549 et

1880 5595 2011 5658 quot
2041 5588 2397 5652 remanserit,
2426 5585 2549 5641 talis
2581 5583 2717 5639 feria
2748 5584 2892 5650 erit;
2936 5582 2981 5639 si
3010 5590 3191 5640 autem
3218 5583 3353 5640 nihil
3380 5599 3466 5639 re—

1882 5680 2166 5746 manserit,
2202 5680 2489 5736 sabbatum
2521 5684 2624 5732 est.
2670 5674 2832 5732 Verbi
2877 5676 3052 5748 gratia
3088 5696 3102 5731 :
3142 5692 3285 5732 anno
3327 5690 3465 5746 pm

1884 5768 2024 5825 senti
2061 5776 2185 5824 tene
2215 5770 2349 5824 duos
2378 5768 2494 5822 dies
2519 5766 2722 5822 mensis
2745 5764 2966 5838 Aprilis,
2988 5764 3155 5838 junge
3187 5765 3464 5837 regulares

1883 5870 2088 5932 septem
2133 5858 2303 5931 ipsius
2351 5860 2553 5915 mensis
2611 5867 2664 5914 et
2711 5868 3128 5916 concurrentem
3178 5857 3463 5927 septimum

2988 5952 3067 6012 23
