3946 6452
472 347 576 407 715

1143 345 1201 405 Β.
1244 344 1497 401 RABANI
1513 340 1752 402 °MAURI
1786 344 2053 401 ABCHIE]

2155 344 2455 402 MOGUNT.
2494 342 2778 403 OPERUM
2810 345 2989 403 PARS
3025 344 3065 402 ἰ.

3643 338 3764 407 71's

469 462 756 535 praesentis
780 460 928 529 anni,
954 461 1088 519 ﬁunt
1108 462 1414 530 sexdecim;
1446 460 1623 516 divide
1644 436 1823 514 omnia
1846 473 1943 529 per
1967 473 2053 513 se-
2078 462 2133 523 Α
2156 457 2273 513 sine
2303 457 2463 512 dubio
2485 457 2756 527 paschalis
2780 456 2906 513 festi
2930 456 3053 515 erit.
3084 455 3163 525 lta
3184 465 3247 523 et
3262 471 3614 531 quascunque
3644 463 3769 518 Do-

473 562 622 627 ptem
650 569 664 608 :
695 553 781 608 bis
806 562 1032 623 septem,
1063 552 1495 624 quatuordecim,
1528 562 1582 607 et
1605 557 1887 606 remanent
1906 549 2013 603 duo
2038 566 2051 604 :

474 646 710 704 secunda
736 645 871 703 feria
897 644 1000 702 fuit
1020 662 1163 711 anno
1186 648 1290 704 hoc
1316 646 1582 703 terminus
1610 643 1897 716 paschalis.
1922 643 2058 699 ltem

476 755 619 796 anno
656 737 901 812 proxime
934 737 1115 794 futuro
1158 745 1281 796 tene
1308 738 1493 809 viginti
1537 736 1678 792 duos
1702 736 1818 803 dies
1852 734 2058 790 mensis

476 830 651 889 Martii
676 830 769 902 qui
792 839 917 885 sunt
946 846 1117 902 usque
1143 831 1211 887 ad
1234 832 1523 886 terminum
1545 827 1887 902 paschalem;
1919 827 2057 882 adde

472 929 529 978 et
557 921 833 995 regulares
862 930 1096 992 quatuor
1132 932 1187 978 et
1216 929 1632 978 concurrentem
1662 935 1830 976 unum
1867 919 1960 990 qui
1999 918 2057 973 in

473 1018 592 1090 ipso
629 1026 715 1074 est
760 1033 920 1085 anno,
963 1018 1097 1073 ﬁunt
1128 1017 1288 1073 simul
1330 1017 1521 1088 viginti
1562 1025 1807 1088 septem;
1853 1014 2057 1086 partire

472 1125 573 1182 per
593 1119 797 1193 septem
824 1129 837 1164 :
873 1118 954 1167 ter
970 1120 1195 1183 septem,
1224 1109 1412 1193 viginti
1433 1117 1487 1163 et
1509 1123 1670 1177 unus,
1695 1114 1750 1162 et
1774 1110 2058 1163 remanent

408 1226 419 1235 ·
472 1215 571 1259 sex
595 1220 609 1256 :
637 1210 788 1260 sexta
817 1200 952 1258 feria
975 1200 1081 1257 erit
1101 1200 1367 1257 terminus
1389 1197 1660 1270 paschalis
1685 1212 1827 1252 anno
1852 1196 2053 1252 futuro.

471 1295 621 1352 Disc.
678 1294 935 1367 Nunquid
998 1293 1217 1365 aliquod
1273 1293 1399 1349 inde
1450 1298 1630 1347 exstat
1679 1297 2058 1363 argumentum

472 1389 617 1447 unde
653 1389 781 1445 sciri
819 1388 991 1459 possit
1019 1396 1204 1442 utrum
1241 1387 1297 1443 in
1338 1385 1535 1443 Martio
1570 1392 1664 1440 aut
1691 1383 1745 1438 in
1786 1382 1955 1455 Aprili
1987 1381 2061 1437 sit

474 1479 739 1535 terminus
763 1479 1071 1552 paschalis?
1096 1477 1236 1535 MAG.
1265 1476 1347 1534 Ex
1368 1476 1573 1551 epactis
1596 1472 2059 1545 utiquejl’acillime

472 1585 771 1644 agnoscere
814 1570 1037 1645 poteris,
1083 1585 1314 1642 quarum
1353 1570 1571 1642 proprie
1606 1566 1757 1623 locus
1790 1574 1872 1623 est
1909 1565 1964 1621 in
2000 1579 2056 1619 ιι

471 1660 590 1717 Kal.
633 1660 854 1733 Aprilis,
898 1672 1080 1718 utrum
1127 1662 1183 1717 in
1214 1660 1406 1716 Martio
1452 1677 1520 1716 an
1554 1660 1607 1715 in
1632 1660 1817 1739 Aprile
1858 1665 2056 1729 quarta

471 1752 681 1809 decima
726 1751 851 1807 luna
891 1753 1104 1809 eveniat
1150 1771 1163 1806 :
1201 1752 1327 1824 quia
1373 1755 1417 1807 si
1460 1751 1582 1825 plus
1623 1750 1931 1823 quindecim
1963 1757 2057 1805 aut

2156 547 2357 604 minica
2408 557 2657 603 assecuta
2712 546 2877 602 fuerit
2916 545 3225 626 secundam
3287 549 3477 605 lunam
3539 554 3770 609 mensis

2158 640 2365 708 Martii,
2398 641 2613 698 initium
2648 642 2757 699 erit
2784 641 3239 713 Quadrageaim.
3270 642 3341 701 Et
3365 645 3519 700 sicut
3550 656 3768 716 quarta

2158 735 2368 791 decima
2410 735 2535 791 luna
2570 735 2840 809 paschalis
2871 735 3035 791 habet
3076 737 3263 793 decem
3299 746 3355 793 et
3390 753 3600 795 novem
3644 737 3771 795 dies

2160 828 2303 883 inter
2333 828 2466 883 duos
2497 844 2709 883 menses
2731 828 2858 884 solis
2895 844 2991 900 per
3018 828 3202 884 decem
3231 837 3288 885 et
3314 845 3520 887 novem
3560 846 3766 897 annos,

2157 920 2248 992 qui
2277 919 2531 975 dicuntur
2558 919 2777 976 termini
2806 919 3107 995 paschales,
3136 920 3239 978 hoc
3267 930 3385 990 est,
3414 921 3563 978 Non.
3596 922 3769 994 Apri-

2156 1013 2254 1081 lis,
2282 1030 2377 1069 vm
2409 1013 2526 1070 Kal.
2559 1013 2789 1086 Aprilis,
2828 1022 2883 1068 et
2912 1012 3143 1086 reliqua,
3189 1015 3269 1071 sic
3297 1016 3466 1070 etiam
3501 1018 3768 1071 accensio

2157 1104 2297 1161 lunae
2317 1107 2478 1178 primi
2508 1107 2707 1163 mensis
2731 1122 2829 1193 per
2850 1106 3036 1163 decem
3058 1115 3113 1164 et
3131 1124 3321 1164 novem
3349 1109 3470 1165 dies
3496 1109 3640 1165 solis
3665 1111 3769 1166 dis-

2159 1205 2369 1264 curret;
2412 1197 2504 1268 qui
2557 1206 2683 1253 sunt
2732 1198 2941 1256 decima
2990 1195 3109 1267 Kal.
3143 1200 3374 1275 Aprilis,
3428 1210 3643 1273 quarto
3690 1202 3763 1259 1d.

2160 1289 2367 1358 Martii,
2395 1298 2451 1346 et
2482 1290 2707 1361 reliqua.
2740 1289 2845 1345 Tot
2866 1290 3031 1347 etiam
3060 1293 3324 1349 terminos
3354 1309 3460 1381 per
3492 1295 3695 1351 decem
3714 1306 3767 1353 et

2159 1399 2353 1439 novem
2385 1383 2501 1440 dies
2531 1384 2736 1440 mensis
2764 1383 2931 1441 habet
2962 1386 3197 1453 secunda
3224 1385 3352 1441 luna
3389 1385 3588 1443 Martii
3620 1404 3765 1445 men-

2158 1474 2256 1542 sis,
2284 1491 2315 1530 a
2344 1489 2451 1546 qua
2474 1474 2750 1548 regulatur
2770 1475 2982 1541 initium
3014 1475 3477 1549 Quadragesimat,
3516 1479 3635 1535 hoc
3665 1488 3761 1548 est,

2158 1574 2352 1635 octavo
2380 1566 2499 1623 Kal.
2539 1566 2736 1637 Martii,
2779 1569 2940 1625 tertio
2971 1566 3047 1625 ld.
3088 1567 3399 1637 Februarii,
3437 1578 3498 1626 et
3528 1570 3759 1641 reliqua.

2158 1658 2225 1715 Et
2266 1658 2561 1715 secundum
2597 1659 2845 1716 ordinem
2870 1676 2978 1732 quo
3021 1660 3208 1732 scripti
3242 1669 3373 1717 sunt
3403 1662 3641 1717 termini
3677 1680 3762 1734 pa-

2158 1752 2370 1808 schales
2399 1754 2584 1809 decem
2610 1760 2664 1808 et
2696 1769 2917 1825 novem,
2952 1752 3032 1809 sic
3069 1761 3126 1811 et
3154 1753 3378 1810 termini
3413 1756 3761 1810 accensionis

471 1845 651 1900 minus
691 1845 931 1917 quinque
973 1845 1181 1917 epactis
1220 1844 1510 1911 habueris,
1553 1843 1607 1898 in
1639 1842 1912 1931 prabdictis
1944 1842 2056 1899 Ka-
2083 1836 2132 1899 B
2159 1851 2299 1909 luna;
2326 1854 2485 1925 primi
2533 1854 2735 1911 mensis
2771 1854 2958 1911 decem
2994 1862 3050 1911 et
3086 1869 3282 1911 novem
3318 1861 3375 1911 ει
3413 1856 3653 1912 termini
3684 1872 3761 1911 se.

469 1934 643 1991 [endis
664 1934 869 2009 Aprilis
885 1944 1079 2008 quarta
1110 1934 1319 1991 decima
1349 1934 1475 1989 luna
1504 1933 1812 2005 deputatur.
1840 1933 1898 1989 Si
1926 1948 2057 1991 vero

467 2026 648 2080 minus
708 2026 1015 2096 quindecim
1072 2032 1167 2081 aut
1218 2022 1339 2096 plus
1384 2027 1622 2098 quinque
1685 2024 1873 2093 habes,
1932 2041 2057 2082 cum

469 2117 684 2174 Martio.
712 2118 857 2176 DlSC.
882 2118 1033 2190 Ipsos
1068 2133 1197 2193 ergo
1225 2119 1505 2193 regulares
1534 2134 1673 2189 quos
1703 2118 1887 2174 dixisti
1907 2109 2055 2174 Mar:-

467 2214 544 2269 tio
581 2228 701 2269 esse
745 2212 962 2287 triginta
1006 2227 1125 2281 sex,
1172 2211 1345 2285 Aprili
1376 2227 1509 2269 vero
1539 2211 1763 2283 triginta
1794 2213 2053 2284 quinque,

466 2304 661 2362 vellem
693 2312 755 2360 ut
791 2320 1018 2361 enarres
1051 2305 1195 2360 unde
1224 2303 1491 2360 venirent.
1524 2302 1666 2360 MAG.
1703 2302 1785 2358 Ex
1821 2301 2056 2358 auctori-

468 2405 581 2453 tate
630 2394 1040 2470 Egyptiorum,
1086 2397 1179 2470 qui
1228 2398 1465 2469 quinque
1514 2396 1628 2452 dies
1675 2411 1812 2465 quos
1856 2412 2056 2468 epago-

470 2504 659 2548 menos
678 2500 895 2556 vocant,
916 2498 1041 2563 post
1061 2488 1222 2544 finem
1247 2487 1526 2545 novissimi
1551 2488 1753 2543 mensis
1772 2486 2053 2558 adjiciunt.

468 2584 545 2639 lta
568 2583 713 2639 enim
739 2581 828 2639 hic
855 2584 1095 2654 quinque
1122 2582 1237 2638 dies
1263 2581 1330 2636 ad
1369 2595 1654 2637 numerum
1683 2580 1892 2636 dierum
1920 2594 2057 2650 quos

468 2684 697 2747 uterque
735 2676 938 2731 mensis
965 2675 1131 2730 habet
1157 2674 1488 2746 adjiciuntur
1511 2715 1527 2738 ,
1562 2671 1813 2729 videlicet
1837 2670 2055 2740 Martio,

467 2768 559 2839 qui
603 2767 828 2841 triginta
874 2775 931 2822 et
975 2783 1165 2834 unum,
1214 2775 1269 2823 et
1312 2766 1508 2839 Aprili,
1551 2766 1643 2837 qui
1685 2765 1907 2837 triginta
1941 2765 2056 2821 dies

465 2862 725 2929 continet,
750 2868 831 2929 ut,
860 2861 1054 2918 ablatis
1076 2854 1286 2932 epactis
1319 2860 1558 2931 ejusdem
1583 2860 1709 2915 anni
1742 2860 1809 2915 dc
1838 2874 1946 2930 quo
1969 2859 2052 2913 in-

464 2956 659 3026 quiris,
695 2963 880 3011 certus
912 2963 1192 3017 remaneat
1213 2971 1474 3015 numerus
1497 2955 1591 3025 qui
1624 2953 1919 3010 terminum
1952 2966 2053 3021 pa-

464 3046 706 3101 schalem
742 3047 1094 3103 demonstret.
1139 3046 1305 3103 Verbi
1333 3046 1506 3118 gratia
1532 3063 1545 3099 :
1568 3044 1748 3117 primo
1777 3059 1921 3099 anno
1943 3042 2055 3097 cir-

461 3138 567 3195 culi
611 3139 1103 3219 decennovennalis
1147 3140 1291 3221 quod
1332 3139 1642 3197 tricesimus
1679 3145 1763 3194 est
1792 3152 2052 3193 numerus

460 3238 777 3309 epactarum
823 3234 1005 3291 recide
1046 3249 1078 3289 a
1107 3231 1444 3305 regularibus
1470 3231 1674 3309 Aprilis
1708 3230 1913 3286 mensis
1953 3229 2050 3285 tri-

460 3326 631 3399 ginta,
670 3337 955 3397 remanent
978 3330 1218 3401 quinque
1256 3349 1269 3385 :
1298 3330 1492 3403 quinta
1517 3328 1606 3386 die
1633 3328 1877 3407 ejusdem
1898 3342 2052 3385 men-

460 3418 537 3476 sis
558 3427 644 3481 est
671 3420 938 3487 terminus
961 3421 1252 3496 paschalis.

990 3573 1218 3633 CAPUT
1245 3575 1527 3633 LXXXIII.

462 3702 597 3782 Item
631 3705 781 3763 aliud
818 3719 1185 3782 argumentum
1215 3711 1279 3765 de
1317 3712 1555 3771 terminis
1593 3710 1929 3782 paschalibus
1949 3749 1964 3775 ,
1992 3719 2044 3767 et

528 3775 593 3829 de
641 3775 1125 3853 accensiohehlttnw
1156 3781 1314 3853 primi
1351 3784 1566 3849 mensis,
1593 3775 1649 3837 ἐι
1699 3782 1763 3836 de
1807 3782 2042 3853 terminis

526 3846 1070 3973 nggzggesimalibua
1094 3892 1110 3919 ,
1156 3846 1387 3925 qualiter
1430 3846 1769 3909 concordiam
1806 3852 1944 3909 inter
1988 3869 2045 3908 se

530 4038 685 4113 Sicut
725 4048 1005 4119 regulatur
1030 4051 1311 4108 Dominica
1350 4054 1465 4110 dies
1504 4054 1627 4111 festi
1655 4055 1929 4128 paschalis
1972 4056 2042 4112 ad

459 4143 710 4205 quartam
741 4137 1007 4195 decimam
1042 4141 1222 4197 lunam
1255 4144 1416 4215 primi
1448 4147 1651 4202 mensis
1671 4188 1685 4215 ,
1725 4147 1799 4201 ita
1829 4147 2046 4202 initium

461 4226 897 4301 Quadragesimm
940 4234 1216 4304 regulatur
1269 4243 1325 4292 et
1375 4238 1700 4294 observatur
1751 4242 2046 4297 secundum

458 4319 643 4377 lunam
694 4327 898 4386 mensis
941 4324 1139 4384 Martii.
1183 4329 1529 4403 Quaecunque
1573 4332 1720 4389 enim
1766 4332 2046 4390 Dominica

457 4421 644 4471 secuta
670 4414 837 4481 fuerit
862 4430 1116 4494 quartam
1136 4421 1404 4481 decimam
1423 4420 1607 4481 lunam
1629 4424 1794 4516 primi
1816 4427 2047 4500 mensis,
2070 4416 2126 4480 D

2160 1944 2348 2001 cundze
2363 1944 2503 2001 luna:
2524 1944 2711 2001 decem
2732 1954 2787 2002 et
2814 1961 3009 2003 novem
3028 1946 3129 2004 sibi
3157 1946 3393 2005 invicem
3420 1949 3761 2031 respondent

2158 2045 2213 2092 et
2246 2036 2572 2093 conveniunt
2601 2045 2658 2094 et
2689 2037 2744 2095 in
2775 2036 2900 2095 luna
2938 2046 2992 2094 et
3029 2039 3084 2094 in
3120 2038 3257 2096 feria
3297 2048 3353 2097 et
3390 2039 3451 2095 in
3493 2039 3759 2111 regulari-

2156 2127 2278 2184 bus.
2312 2125 2479 2183 Sicut
2504 2126 2647 2184 enim
2677 2127 2805 2184 luna
2834 2128 3105 2200 paschalis
3143 2130 3309 2187 habet
3339 2130 3538 2186 decem
3570 2139 3629 2184 et
3668 2145 3757 2184 no-

2157 2233 2278 2273 vem
2305 2217 2612 2293 regulares,
2646 2220 2738 2293 qui
2766 2219 2926 2275 simul
2965 2228 3020 2277 et
3050 2232 3446 2278 concurrentes
3472 2220 3759 2290 cujuslibet

2159 2311 2285 2367 anni
2327 2312 2612 2382 praesentis
2654 2311 2930 2385 conjuncti
2978 2312 3355 2369 demonstrant
3399 2313 3542 2369 diem
3586 2312 3757 2383 septi-

2158 2419 2328 2460 manae
2363 2403 2415 2458 in
2445 2412 2641 2475 quarta
2683 2405 2887 2462 decima
2919 2403 3045 2467 luna
3069 2407 3350 2479 paschali,
3383 2407 3463 2463 ita
3502 2407 3651 2462 idem
3675 2422 3755 2462 rc-

2157 2498 2371 2571 gulares
2417 2499 2663 2554 terminis
2711 2499 2852 2555 initii
2905 2492 3233 2579 superpositi
3269 2508 3325 2559 et
3353 2510 3751 2557 concurrentes

2156 2590 2438 2660 praesentis
2483 2589 2771 2663 cujuslibet
2812 2592 2939 2647 anni
2978 2592 3353 2649 demonstrant
3400 2592 3557 2649 diem
3599 2594 3753 2663 septi-

2157 2692 2341 2738 mana?
2362 2682 2417 2737 in
2441 2683 2676 2741 secunda
2705 2682 2835 2738 luna
2872 2684 3028 2740 initio
3056 2684 3521 2757 Quadragcsimae.
3555 2685 3749 2743 Notan-

2157 2773 2281 2828 dum
2312 2782 2492 2831 tamen
2522 2776 2665 2845 quod
2693 2775 3181 2847 quadragesimalis
3210 2780 3508 2845 terminus,
3535 2781 3748 2850 quando

2156 2874 2281 2922 ante
2306 2874 2519 2923 sextum
2546 2865 2664 2922 Kal.
2704 2866 2925 2925 Martias
2952 2868 3135 2933 fuerit,
3165 2878 3221 2925 et
3249 2869 3535 2927 bissextus
3564 2872 3750 2926 eodem

2155 2972 2298 3013 anno
2329 2958 2589 3025 evenerit,
2624 2974 2733 3015 non
2769 2959 3024 3015 observat
3048 2960 3370 3041 praescripta
3410 2960 3533 3018 loca
3570 2962 3748 3017 tenni-

2155 3067 2374 3119 norum,
2416 3065 2637 3133 propter
2671 3052 2969 3110 bissextum
2997 3038 3059 3109 in
3085 3052 3231 3120 luna,
3267 3038 3435 3135 quem
3473 3053 3748 3110 februario

2156 3144 2279 3200 addi
2311 3144 2506 3200 debere
2546 3146 2797 3201 diximus.
2843 3145 2911 3200 Et
2936 3146 3005 3201 ob
3026 3145 3144 3202 'hoc
3168 3147 3223 3203 in
3250 3155 3579 3227 sequentem
3609 3147 3747 3203 diem

2158 3233 2534 3289 tranferendus
2557 3242 2661 3302 est,
2689 3242 2749 3289 ut
2773 3236 3068 3292 concordet
3088 3252 3209 3301 cum
3238 3237 3479 3299 termino
3505 3236 3747 3307 paschali

2156 3327 2211 3382 in
2247 3325 2401 3382 feria.
2442 3324 2605 3383 Verbi
2649 3327 2825 3399 gratia
2860 3346 2873 3381 :
2910 3327 2965 3383 in
2999 3327 3253 3399 praesenti
3291 3342 3441 3385 anno
3487 3329 3748 3384 terminus

2154 3414 2609 3489 Quadragesimte,
2643 3417 2734 3489 qui
2760 3417 3102 3491 conscriptus
3122 3427 3208 3475 est
3229 3420 3284 3473 in
3313 3419 3614 3474 undecimo
3634 3418 3742 3473 Kal.

2155 3505 2412 3575 Martias,
2449 3508 2748 3564 translatus
2780 3520 2863 3564 est
2888 3508 2943 3564 in
2973 3508 3092 3565 Kal.
3124 3509 3354 3565 Martias
3375 3520 3613 3582 propter
3647 3511 3746 3565 bis-

2155 3608 2369 3655 sextum
2388 3641 2403 3667 ,
2439 3616 2600 3672 quem
2632 3599 2688 3656 in
2726 3600 2854 3657 luna
2882 3601 3084 3657 mensis
3107 3600 3392 3657 Februarii
3422 3603 3745 3658 duodecimo

2149 3692 2268 3749 Kal.
2313 3694 2534 3749 Martias
2572 3694 2922 3751 inseruimus.
2970 3693 3081 3751 Hos
3113 3704 3296 3750 autem
3326 3694 3603 3751 terminos
3624 3711 3744 3766 qua-

2150 3784 2565 3857 dragesimales,
2604 3793 2660 3842 et
2694 3786 3071 3841 accensionem
3116 3784 3258 3841 lunae
3300 3785 3467 3856 primi
3518 3788 3740 3849 mensis,

2149 3885 2205 3935 et
2232 3879 2497 3935 terminos
2518 3877 2823 3950 paschales,
2854 3885 2910 3934 et
2930 3893 3120 3934 eorum
3148 3878 3446 3950 regulares,
3480 3888 3533 3935 et
3558 3879 3743 3934 tenui.

2150 3989 2249 4030 nos
2292 3972 2659 4045 rogationum,
2707 3973 2799 4049 qui
2836 3979 2965 4030 sunt
3003 3971 3059 4028 in
3095 3972 3359 4029 vicesima
3398 3972 3575 4044 prima
3611 3972 3738 4027 luna

2150 4066 2354 4121 mensis
2385 4064 2529 4130 Maii,
2572 4072 2626 4120 et
2648 4062 2715 4120 ad
2741 4071 2957 4119 aetatem
2986 4061 3127 4119 luna:
3154 4063 3208 4118 in
3236 4071 3484 4142 tempore
3508 4060 3736 4117 letanio-

2153 4173 2271 4211 rum
2304 4165 2360 4211 et
2387 4155 2728 4211 ascensionis
2765 4154 2978 4210 Domini
3005 4153 3407 4219 inveniendam,
3442 4153 3739 4227 promptis-

2153 4247 2275 4303 simi
2297 4248 2557 4303 existunt.
2591 4245 2717 4303 Haec
2749 4253 2931 4302 tamen
2956 4246 3138 4301 omnia
3171 4242 3413 4315 subjecta
3440 4244 3735 4318 descriptio

2153 4338 2485 4397 demonstrat
2515 4337 3003 4412 congruentissime
3023 4354 3120 4415 per
3140 4336 3264 4395 illas
3288 4335 3633 4395 Columellas.
