3946 6464
455 452 562 508 719

952 559 1180 617 CAPUT
1227 558 1513 617 LXXXIV.
1540 620 1545 625 Α

447 660 584 718 Item
636 658 701 715 de
740 655 922 714 eadem
976 671 1032 711 re
1087 664 1455 780 azgumentum
1507 652 1737 710 versibus
1798 666 2032 723 compre-

1161 742 1361 780 ensum.

1161 742 1361 781 ensum.

520 841 631 898 Hos
672 840 889 911 quidem
940 838 1215 912 regulares
1231 879 1246 905 ,
1304 837 1396 909 qui
1447 837 1697 908 superius
1741 834 2035 905 conscripti

450 939 597 999 sunt,
625 930 787 988 simul
811 946 936 986 cum
966 930 1215 987 terminis
1251 928 1621 1001 paschalibus,
1662 928 1883 999 quidam
1911 942 2037 981 ver-
2062 957 2065 960 ν

445 1023 595 1081 sibus
640 1021 1070 1093 comprehendit,
1121 1035 1230 1092 quo
1251 1020 1465 1078 facilius
1505 1020 1564 1078 in
1591 1019 1901 1077 cantatione
1936 1031 2034 1088 pa-

448 1115 585 1172 riter
615 1117 1079 1190 dignoscerentur,
1115 1116 1192 1172 ita
1222 1135 1236 1170 :

596 1210 735 1265 Non.
775 1209 976 1282 Aprilis
1005 1216 1208 1265 norunt
1227 1208 1443 1280 quinos.

589 1300 808 1358 Octenae
836 1300 1105 1356 Kalendas
1133 1300 1240 1356 assi
1268 1299 1617 1371 depromunt.

588 1393 716 1450 ldus
738 1391 942 1464 Aprilis
965 1393 1130 1451 etiam
1153 1392 1318 1449 sexis.

590 1483 762 1540 Nonae
786 1490 1066 1555 quartana:
1100 1500 1334 1555 namque
1361 1484 1636 1557 dipondio.

590 1574 729 1631 ltem
756 1575 985 1631 undenm
1013 1575 1258 1631 ambiunt
1286 1576 1501 1647 quinos.

589 1668 837 1737 Quatuor
859 1669 984 1725 ldus
1006 1668 1228 1740 capiunt
1249 1677 1452 1725 ternos.

588 1759 797 1818 Ternas
819 1760 1088 1817 Kalendas
1119 1761 1337 1817 titulant
1366 1776 1531 1819 senae.

587 1850 834 1932 Quatuor
862 1853 1015 1909 denae
1036 1853 1237 1910 cubant
1260 1855 1317 1909 in
1348 1853 1594 1925 quadris.

590 1942 858 2016 Septenas
881 1946 1006 2002 ldus
1039 1954 1225 2017 septus
1254 1946 1492 2019 elegunt.

590 2036 749 2093 Senae
774 2036 1031 2094 Kalendae
1058 2038 1293 2093 sortiunt
1326 2046 1532 2095 ternos.

590 2127 774 2184 Denas
795 2136 1050 2199 septenas
1074 2130 1404 2185 danamassi.

587 2218 773 2275 Pridie
794 2218 1069 2275 Nonarum
1092 2236 1255 2292 porro
1279 2219 1581 2293 quaternis.

586 2311 825 2368 Novenae
850 2318 1110 2368 notantur
1141 2327 1376 2383 namque
1406 2310 1665 2382 septenis.

587 2405 802 2462 Pridias
831 2406 955 2463 ldus
982 2406 1240 2478 panditur
1268 2407 1468 2477 quinis.

589 2496 791 2567 Aprilis
816 2496 1085 2553 Kalendas
1112 2513 1255 2553 unus
1278 2499 1556 2569 exprimit.

588 2588 876 2646 Duodenas
905 2605 1141 2661 namque
1168 2591 1326 2647 docte
1356 2592 1657 2662 quaternis.

589 2681 841 2753 Speciem
865 2684 1111 2755 quintam
1141 2699 1421 2755 speramus
1447 2687 1658 2744 duobus

591 2777 879 2847 Quaternse
906 2779 1162 2837 Kalendae
1188 2783 1426 2853 quinque
1449 2781 1747 2838 coniciunt.

519 2869 616 2926 His
643 2886 773 2944 ergo
801 2873 1143 2945 regularibus
1185 2874 1382 2931 additis
1417 2874 1543 2930 anni
1576 2873 1864 2945 praesentis
1904 2888 2039 2930 con-

447 2963 814 3031 currentibus,
859 2972 1079 3036 totaque
1125 2982 1336 3022 summa
1380 2966 1435 3022 in
1475 2973 1683 3037 septem
1727 2966 2035 3033 distributa,

446 3061 643 3123 quotus
666 3068 927 3111 numerus
970 3057 1317 3123 remanserit,
1363 3063 1481 3113 tota
1524 3055 1663 3112 feria
1700 3056 1809 3112 erit
1840 3058 1896 3112 in
1931 3065 2041 3113 ter-

449 3145 600 3201 mino
623 3145 887 3216 paschali.
912 3145 971 3202 Si
996 3155 1177 3204 autem
1205 3154 1381 3203 totum
1401 3161 1689 3204 numerum
1706 3162 1807 3219 per
1828 3155 2038 3218 septem

446 3239 684 3310 partitus
711 3238 895 3306 fuerit,
929 3240 1156 3297 sabbato
1182 3240 1290 3296 erit
1318 3240 1411 3296 ille
1443 3239 1711 3299 terminus
1737 3239 2030 3310 paschalis.

1123 445 1187 499 B.
1223 442 1482 499 RABANI
1517 439 1739 499 MAURI
1774 437 2092 496 ARCHIEP.
2133 435 2445 496 MOGUNT.
2487 432 2777 492 OPERUM
2810 430 2993 490 PARS
3026 432 3072 488 Ι.

2054 560 2110 621 Α
2134 571 2278 611 anno
2304 555 2371 611 de
2413 569 2522 624 quo
2560 552 2791 625 inquiris
2818 557 2951 622 quot
2977 556 3181 621 epactse
3209 550 3321 606 sint
3361 547 3422 605 in
3465 548 3751 608 Kalendis

3620 429 3741 487 720

2136 646 2446 713 Ianuariis;
2476 652 2533 700 et
2574 650 2740 715 quota
2768 642 2893 698 luna
2926 641 3121 709 fuerit,
3163 648 3248 697 tot
3289 639 3493 697 diesin
3534 639 3747 698 Martio

2134 753 2323 797 mense
2344 756 2376 796 a
2406 741 2513 797 ﬁne
2544 749 2694 797 retro
2727 741 3036 797 subtrahas.
3080 739 3149 796 Et
3182 738 3275 795 ubi
3306 739 3624 808 deveneris,
3665 740 3769 796 ibi

2135 828 2349 886 initium
2381 830 2545 902 primi
2586 830 2789 887 mensis
2826 830 3104 897 invenies;
3134 829 3383 902 exceptis
3409 830 3593 886 tribus
3620 845 3749 886 em—

2134 920 2405 988 bolismis,
2439 922 2497 979 id
2523 930 2626 990 est,
2656 923 2713 977 in
2746 921 3044 978 novissimo
3087 919 3411 977 embolismo
3446 919 3750 989 ogdoadis,

2135 1021 2192 1067 et
2210 1013 2387 1083 primo
2415 1013 2735 1070 embolismo
2762 1011 3110 1079 hendecadis,
3137 1019 3195 1067 et
3219 1010 3529 1068 novissimo
3554 1012 3751 1067 embo-

2134 1106 2296 1163 lismo
2351 1107 2695 1164 hendecadis.
2745 1108 2805 1162 In
2860 1107 3158 1163 novissimo
3210 1106 3359 1162 enim
3408 1105 3748 1163 embolismo

2133 1203 2395 1273 ogdoadis
2429 1203 2644 1259 initium
2671 1202 2834 1273 primi
2863 1203 3067 1259 mensis
3112 1202 3168 1257 in
3198 1199 3368 1259 Nonis
3410 1200 3632 1273 Aprilis
3659 1201 3748 1255 in-

2134 1295 2368 1352 venitur.
2395 1297 2455 1351 ln
2491 1296 2670 1367 primo
2692 1302 2875 1350 autem
2901 1294 3246 1362 bendecadae,
3280 1294 3336 1349 in
3361 1302 3578 1365 quarto
3607 1291 3748 1349 Non.

2134 1385 2337 1458 Aprilis
2367 1388 2662 1445 invenitur.
2690 1388 2750 1443 In
2789 1385 2978 1444 ultimo
3003 1402 3136 1444 vero
3171 1386 3507 1443 embolismo
3544 1383 3753 1441 hende-

2137 1480 2308 1548 cadis,
2355 1480 2414 1536 in
2469 1480 2707 1537 secundo
2761 1480 2899 1537 Non.
2947 1478 3149 1551 Aprilis
3196 1479 3539 1551 principium
3590 1475 3752 1548 primi

2136 1574 2342 1632 mensis
2367 1573 2693 1633 invenietur.
2734 1572 2863 1630 Haec
2891 1573 3203 1657 observatio
3228 1586 3528 1645 nunquam
3554 1568 3721 1628 falliL

2650 1683 2881 1741 CAPUT
2933 1683 3221 1742 LXXXVI.

2539 1757 2612 1812 De
2642 1757 2726 1812 die
2751 1755 3032 1812 Dominica
3066 1754 3313 1813 Pascluz.

2208 1850 2356 1907 Drsc.
2407 1852 2488 1907 De
2520 1858 2712 1907 nostro
2745 1865 2877 1923 ergo
2910 1849 3121 1907 Pascha
3168 1848 3327 1906 valde
3371 1848 3650 1906 desidero
3690 1858 3749 1904 ut

2065 1939 2115 2001 B
2141 1942 2358 2014 plenam
2405 1942 2677 1998 rationem
2710 1942 2945 1999 'reddas.
3002 1941 3141 2010 Quia
3187 1940 3411 2007 taliter,
3469 1949 3539 1995 ut
3595 1955 3752 2005 reor,

2143 2046 2352 2110 quartae
2403 2038 2630 2094 decimae
2662 2036 2804 2093 lunae
2858 2036 3069 2107 antiqui
3117 2034 3369 2091 videlicet
3431 2032 3753 2090 Μύκοι-ιω

2143 2128 2366 2184 Paschte
2396 2128 2663 2184 rationem
2700 2125 2909 2183 utiliter
2931 2134 3181 2182 tenemus
3203 2123 3250 2181 si
3279 2123 3501 2180 Pascha
3534 2137 3752 2187 verum,

2144 2217 2443 2274 secundum
2465 2216 2805 2288 Apostolum,
2833 2216 2978 2287 quod
3014 2216 3325 2272 immolatus
3354 2222 3448 2270 est
3468 2212 3749 2281 Chrisms,

2142 2312 2411 2367 veraciter
2453 2320 2511 2366 et
2560 2326 2801 2381 congrua
2849 2311 3111 2384 religione
3160 2312 3552 2367 observemus.
3611 2307 3749 2364 Mss.

2143 2402 2223 2459 ita
2247 2411 2332 2459 est
2375 2412 2437 2458 ut
2472 2405 2704 2471 asseris;
2753 2404 2883 2476 quia
2909 2403 3033 2460 ﬁnis
3082 2403 3216 2475 legis
3243 2401 3505 2460 Christus
3554 2410 3649 2458 est
3688 2400 3754 2457 ad

2142 2494 2407 2552 iustitiam
2434 2497 2582 2552 omni
2623 2496 2885 2554 credenti.
2926 2495 3168 2568 Septimo
3197 2511 3329 2569 ergo
3357 2495 3749 2551 decennoven-

2143 2591 2287 2649 nalis
2330 2593 2521 2651 circuli
2552 2593 2712 2649 titulo
2736 2593 2852 2648 dies
2896 2592 3119 2649 Paschae
3147 2591 3471 2648 Dominicus
3495 2605 3750 2661 compre-

2143 2685 2421 2756 henditur,
2460 2687 2554 2760 qui
2589 2688 2657 2743 de
2684 2686 2967 2744 Dominica
3004 2685 3178 2742 nostri
3220 2681 3532 2740 Salvatoris
3573 2698 3754 2737 resur-

2146 2781 2392 2840 rectione
2435 2797 2470 2837 a
2521 2781 2751 2838 mortuis
2797 2780 3083 2838 exordium
3122 2778 3284 2851 cepit.
3336 2775 3483 2832 Nam
3535 2792 3671 2832 cum
3700 2776 3752 2830 in

2144 2870 2331 2929 Veteri
2390 2871 2742 2930 Testamento
2802 2873 2976 2929 tribus
3027 2878 3480 2944 argumentorum
3535 2869 3755 2924 indiciis

2143 2966 2400 3036 paschale
2425 2974 2640 3038 tempus
2674 2967 2747 3022 sit
2787 2965 3068 3021 observari
3105 2971 3465 3036 praeceptum,
3498 2961 3754 3017 videlicet

2146 3066 2208 3114 ut
2230 3066 2353 3129 post
2377 3060 2783 3130 aequinoctium,
2814 3068 2875 3115 ut
2902 3073 3088 3115 mense
3117 3058 3319 3129 primo,
3350 3065 3411 3111 ut
3442 3057 3613 3111 tertia
3644 3056 3752 3125 ejus

2146 3151 2473 3221 septimana,
2507 3151 2564 3208 id
2589 3160 2692 3218 est,
2737 3166 2770 3205 a
2799 3165 3028 3222 vespera
3071 3156 3278 3220 quarta:
3316 3147 3549 3205 decimae
3584 3162 3754 3217 usque

2146 3243 2204 3299 in
2232 3258 2537 3315 vesperam,
2556 3243 2611 3299 id
2646 3252 2730 3300 est
2750 3243 3043 3299 terminum
3072 3241 3346 3297 vicesimae
3368 3240 3570 3311 primae
3613 3239 3753 3295 cele-

447 3305 603 3385 Scias
628 3338 810 3386 autem
836 3330 1058 3387 eosdem
1084 3331 1362 3404 regulares
1395 3345 1517 3387 esse
1541 3330 1597 3385 in
1625 3305 1873 3387 terminis
1910 3347 2044 3402 qua-
2070 3305 2116 3369 C
2146 3305 2361 3401 bretur,
2393 3305 2588 3417 quarta
2628 3335 2685 3389 in
2726 3332 2967 3404 ejusdem
3002 3305 3389 3390 observatione
3428 3332 3627 3404 regula
3676 3340 3753 3387 est

446 3421 917 3495 dragesimalibus,
947 3432 1003 3480 et
1023 3424 1140 3480 dies
1161 3423 1503 3481 ascensionis
1530 3423 1677 3478 lunae
1698 3423 1861 3493 primi
1888 3437 2041 3478 men-

449 3514 544 3579 sis,
570 3522 627 3571 et
649 3516 915 3572 terminus
939 3516 1231 3586 paschalis.
1263 3516 1362 3572 Est
1404 3524 1583 3579 autem
1629 3518 1852 3587 aequalis
1881 3517 2038 3583 ratio,

450 3613 508 3662 et
529 3607 754 3677 aequalis
781 3609 1093 3665 observatio
1117 3609 1259 3664 inter
1281 3608 1660 3665 accensionem
1700 3608 1841 3663 lunae
1873 3606 2039 3679 primi

450 3697 657 3754 mensis
689 3706 746 3754 et
784 3707 1031 3769 quartam
1074 3698 1346 3755 decimam
1392 3698 1580 3753 lunam
1623 3697 1935 3769 paschalem
1987 3703 2042 3752 et

449 3789 665 3846 initium
720 3792 1168 3864 quadragesimzc.
1213 3791 1367 3848 Sicut
1420 3791 1567 3849 enim
1607 3790 1857 3847 accensio
1901 3789 2042 3846 lunae

444 3881 610 3951 primi
642 3885 846 3941 mensis
890 3885 1147 3941 discurrit
1186 3885 1334 3940 inter
1358 3884 1550 3956 viginti
1581 3892 1636 3938 et
1675 3897 1873 3940 novem
1903 3882 2039 3951 dies,

447 3974 553 4030 hoc
606 3983 709 4043 est,
740 3991 772 4030 a
830 3976 998 4032 Nonis
1045 3976 1225 4031 Martii
1271 3991 1444 4046 usque
1485 3976 1540 4031 in
1578 3978 1816 4032 secundo
1860 3974 2042 4031 Nonas

444 4062 670 4134 Aprilis,
712 4066 789 4121 ita
815 4067 991 4138 prima
1018 4067 1144 4121 luna
1168 4067 1331 4137 primi
1358 4067 1562 4122 mensis
1592 4068 1661 4122 ab
1686 4074 1878 4122 octavo
1917 4058 2043 4123 ldus

450 4155 631 4214 Martii
678 4173 853 4229 usque
895 4159 963 4213 ad
1008 4158 1189 4215 Nonas
1231 4158 1432 4230 Aprilis
1480 4159 1747 4214 variatur.
1796 4159 1867 4214 Et
1901 4159 2044 4215 sicut

448 4246 596 4300 enim
644 4254 836 4317 quarta
863 4247 1074 4303 decima
1116 4247 1243 4303 luua
1275 4247 1548 4318 paschalis
1583 4248 1728 4303 inter
1759 4246 1948 4317 viginti
1984 4255 2041 4303 et

374 4369 376 4371 ›
451 4352 649 4393 novem
674 4339 791 4395 dies
821 4340 1095 4407 discurrit,
1127 4341 1183 4397 id
1207 4348 1310 4408 est,
1333 4357 1364 4395 a
1392 4342 1713 4397 duodecimo
1746 4341 1864 4398 Kal.
1881 4341 2042 4413 Apri-

451 4431 521 4488 lis
550 4447 723 4504 usque
760 4432 830 4489 ad
869 4441 1125 4504 quartum
1158 4435 1427 4491 decimum
1461 4434 1578 4492 Kal.
1610 4435 1760 4502 Maii,
1810 4437 1885 4491 ita
1911 4450 2042 4509 ergo

452 4532 508 4579 et
535 4526 786 4583 accensio
812 4527 955 4583 lunae
993 4528 1133 4584 initii
1158 4529 1584 4601 quadragesimae
1609 4529 1753 4585 inter
1771 4529 1960 4603 viginti
1986 4536 2044 4586 et

452 4632 647 4677 novem
676 4619 792 4675 dies
811 4619 1079 4686 variatur,
1110 4620 1215 4675 hoc
1240 4625 1345 4685 est,
1374 4634 1405 4674 a
1436 4618 1605 4676 Nonis
1634 4619 1916 4676 Februarii
1941 4634 2037 4675 us—

452 4722 558 4780 que
585 4710 644 4765 in
670 4711 833 4766 tertio
865 4709 1002 4768 Non.
1048 4710 1228 4766 Martii
1273 4712 1548 4768 discurrit.
1590 4711 1685 4768 Ille
1721 4721 1903 4769 autem
1931 4720 2041 4769 ter-

454 4801 637 4857 minus
659 4802 1145 4876 quadragesimalis
1176 4804 1246 4860 ab
1279 4805 1512 4876 septimo
1532 4805 1609 4861 Id.
1648 4805 1933 4862 Februarii
1958 4807 2043 4862 in-

454 4898 589 4969 cipit
620 4912 793 4973 usque
813 4897 891 4961 ad,
910 4882 1092 4959 Nonas
1116 4897 1355 4955 Martias.
1393 4899 1598 4971 Viginti
1628 4909 1683 4956 et
1707 4915 1900 4956 novem
1927 4901 2043 4957 dies

452 5003 581 5049 sunt
624 4991 764 5046 inter
793 4990 927 5046 istos
951 4991 1085 5046 duos
1112 4990 1391 5047 terminos.
1423 4990 1517 5047 Sic
1544 4992 1707 5048 etiam
1736 5000 1792 5047 et
1820 4992 2042 5048 termini

451 5081 817 5154 Rogationum
840 5081 987 5138 inter
1016 5081 1208 5153 viginti
1234 5091 1289 5138 et
1326 5097 1521 5138 novem
1551 5084 1667 5139 dies
1696 5084 2038 5151 discurrunt,

455 5172 563 5232 hoc
590 5184 695 5243 est,
732 5190 766 5231 a
796 5174 1009 5233 decimo
1034 5182 1189 5231 sexto
1214 5174 1331 5231 Kal.
1360 5174 1490 5231 Maii
1531 5190 1702 5246 usque
1742 5192 1886 5233 nono
1915 5175 2034 5232 Kal.

450 5262 662 5322 Iunias.

982 5352 1210 5413 CAPUT
1244 5351 1505 5410 LXXXV.

488 5448 869 5520 Argumentum
902 5449 971 5504 ad
992 5446 1353 5503 inveniendum
1378 5445 1589 5502 initium
1608 5447 1765 5516 primi
1791 5448 2001 5503 meum.

527 5540 677 5598 Drsc.
708 5540 766 5598 Si
788 5542 1005 5615 aliquod
1027 5541 1204 5598 adhuc
1232 5547 1399 5595 restet
1421 5546 1797 5611 argumentum
1829 5540 1895 5596 de
1933 5548 2041 5596 ter-

453 5637 607 5695 mino
633 5638 898 5710 paschali,
934 5652 1003 5692 ne
1028 5644 1100 5701 te,
1128 5648 1280 5703 rogo,
1309 5634 1499 5689 taedeat
1526 5634 1758 5689 edicere.
1795 5635 2048 5692 MAG.Est

457 5744 589 5802 ergo
621 5731 691 5787 de
714 5728 1061 5787 inchoatione
1081 5726 1245 5797 primi
1285 5726 1485 5782 mensis
1509 5724 1617 5781 tale
1645 5735 2041 5797 argumentum.

461 5822 522 5878 Si
547 5822 695 5877 enim
720 5820 857 5877 velis
893 5833 1186 5891 agnoscere
1219 5818 1431 5872 initium
1479 5817 1639 5887 primi
1678 5817 1899 5884 mensis,
1943 5821 2048 5874 hoc

460 5921 567 5982 est,
593 5913 686 5972 ubi
722 5911 1048 5986 principium
1081 5910 1156 5969 sit
1184 5909 1324 5967 lunae
1357 5908 1647 5980 paschalis,
1685 5910 1829 5969 scias
1855 5911 2048 5970 eodem

2065 4674 2120 4735 D

2146 3426 2305 3482 nobis
2335 3422 2578 3498 tempore
2605 3426 2903 3483 Dominica:
2933 3425 3355 3482 resurrectionis
3382 3426 3672 3497 imposita,
3696 3434 3750 3478 nt

2149 3531 2273 3571 cum
2325 3517 2648 3587 aequinoctio
2703 3525 3025 3573 transcenso
3069 3517 3256 3572 lunam
3301 3516 3473 3587 primi
3520 3518 3745 3581 mensis,

2145 3616 2403 3677 quartam
2431 3608 2699 3665 decimam
2729 3624 2958 3680 vespere
2983 3618 3164 3665 ortum
3204 3608 3388 3664 facere
3421 3610 3749 3675 viderimus,

2147 3718 2255 3756 non
2287 3704 2470 3760 statim
2497 3705 2567 3761 ad
2607 3703 2914 3760 faciendum
2954 3705 3164 3761 Pascha
3204 3703 3583 3776 prosiliamns,
3636 3704 3747 3767 sed,

2149 3792 2497 3851 Dominicum
2525 3796 2688 3863 diem,
2713 3813 2822 3867 quo
2850 3797 2965 3869 ipse
2984 3795 3214 3862 Pascha,
3243 3797 3297 3852 id
3317 3805 3424 3863 est,
3459 3797 3749 3853 transitura

2148 3883 2217 3940 de
2244 3895 2422 3942 morte
2452 3888 2519 3943 ad
2547 3887 2742 3955 vitam,
2791 3890 2859 3945 de
2891 3889 3241 3960 corruptione
3268 3889 3339 3944 ad
3377 3890 3749 3960 incorruptio-

2146 3991 2294 4043 nem,
2318 3978 2384 4034 de
2408 3993 2567 4048 paena
2593 3980 2663 4035 ad
2698 3980 2925 4053 gloriam
2961 3982 3294 4051 resurgendo
3320 3978 3509 4037 facere
3548 3981 3743 4054 digna-

2147 4075 2235 4125 tus
2261 4078 2365 4137 est,
2398 4078 2800 4141 exspectantes,
2851 4071 2906 4127 in
2954 4072 3071 4142 ipso
3102 4073 3319 4130 tandem
3360 4089 3624 4144 congrua:
3653 4074 3749 4129 Pa-

2147 4160 2295 4215 schae
2344 4160 2604 4217 solemnia
2643 4162 3000 4218 celebremus.
3033 4162 3186 4230 Quod
3229 4164 3276 4220 si
3311 4165 3438 4236 quis
3483 4163 3754 4233 objecerit

2145 4267 2255 4308 non
2285 4253 2597 4324 aequinoctii
2642 4253 2983 4321 memoriam,
3018 4255 3112 4310 sed
3144 4262 3356 4310 tantum
3396 4256 3561 4327 primi
3588 4270 3749 4310 men-

2146 4344 2225 4399 sis
2269 4352 2324 4399 et
2370 4336 2543 4401 tertiae
2578 4344 2635 4400 in
2674 4361 2740 4401 eo
2780 4346 3093 4416 septimanae
3128 4348 3381 4417 posuisse
3423 4346 3743 4419 legifer-um,

2146 4432 2285 4489 sciat
2311 4435 2438 4505 quia
2476 4435 2578 4491 etsi
2622 4437 3007 4506 aequinoctium
3044 4438 3368 4493 nominatim
3404 4454 3518 4494 non
3561 4438 3749 4510 expri-

2144 4524 2264 4591 mit,
2315 4525 2372 4579 in
2421 4525 2526 4582 hoc
2573 4535 2753 4582 tamen
2803 4527 2921 4598 ipso
2955 4529 3100 4598 quod
3143 4544 3175 4584 a
3229 4528 3537 4600 plenilunio
3578 4529 3746 4602 primi

2145 4616 2349 4673 mensis
2364 4616 2574 4672 Pascha
2589 4617 2898 4673 faciendum
2918 4619 3185 4690 praecipit,
3215 4621 3533 4690 aequinoctii
3567 4631 3750 4676 trans.

2152 4723 2377 4765 censum
2403 4709 2646 4781 plenaria
2689 4710 2899 4766 ratione
2927 4709 3214 4782 depromit.
3241 4710 3517 4778 Quoniam
3541 4713 3748 4784 absque

2151 4804 2262 4859 ulla
2285 4804 2562 4861 dubietate
2588 4813 2802 4860 constat
2826 4821 2947 4861 eam
2971 4821 3093 4876 quae
3116 4806 3293 4877 primo
3315 4806 3557 4861 transitu
3578 4806 3753 4875 aequi-

2149 4895 2333 4952 noctio
2359 4895 2579 4966 plenum
2601 4911 2759 4952 suum
2785 4896 3003 4967 globum
3030 4896 3349 4963 ostenderit,
3382 4896 3554 4969 primi
3594 4914 3750 4951 men-

2147 4989 2225 5044 sis
2252 4989 2487 5045 existere
2519 4988 2722 5045 lunam.
2766 4989 2990 5057 Quoties
3034 5006 3163 5064 ergo
3207 4990 3351 5047 diem
3394 4989 3749 5046 Dominicun

2147 5095 2275 5136 mox
2310 5081 2602 5137 adventare
2647 5083 2836 5152 quinta
2882 5082 3092 5139 decima
3145 5083 3271 5140 luna
3318 5084 3618 5151 habemus,
3677 5082 3751 5138 nil

2128 5181 2395 5230 nostrum
2427 5182 2639 5245 tempus
2669 5175 2927 5245 paschale
2964 5192 2996 5232 a
3024 5176 3211 5248 regula
3244 5178 3529 5245 dissonat,
3559 5192 3755 5249 quam-

2145 5264 2230 5320 vis
2258 5265 2378 5321 aliis
2406 5274 2879 5333 sacramentorum
2917 5268 3208 5341 generibus
3233 5266 3477 5337 ejusdem
3518 5268 3755 5325 Pascha

2148 5356 2411 5414 solemnia
2457 5346 2718 5415 colamus.
2759 5356 2983 5427 Quoties
3026 5375 3157 5416 vero
3185 5360 3425 5416 secundo
3455 5361 3547 5415 vel
3584 5360 3757 5416 tertio

2147 5447 2236 5508 vel
2280 5460 2477 5522 quarto
2499 5451 2584 5507 vel
2625 5451 2814 5523 quinto
2838 5451 2924 5507 vel
2958 5460 3114 5509 sexto
3144 5452 3231 5510 vel
3276 5452 3514 5523 septimo
3547 5452 3756 5507 abhinc

2148 5541 2236 5597 die
2259 5541 2402 5597 idem
2431 5541 2743 5598 Dominicus
2772 5542 3109 5609 occurrerit,
3156 5557 3260 5600 nec
3296 5542 3378 5598 sic
3408 5542 3639 5613 quidem
3671 5542 3754 5598 le-

2150 5649 2273 5707 gem
2303 5642 2398 5688 aut
2437 5634 2732 5705 prophetas
2752 5633 3033 5699 solvimus,
3066 5633 3161 5690 sed
3202 5633 3534 5705 evangelica:
3561 5633 3758 5705 potius

2151 5725 2340 5795 gratim
2371 5733 2712 5779 sacramenta
2758 5724 3135 5794 adimplemus.
3166 5724 3304 5792 Quia
3349 5725 3496 5781 enim
3532 5732 3590 5780 et
3626 5722 3756 5779 Sal-

2151 5824 2308 5870 vator
2336 5822 2542 5882 noster,
2575 5816 2716 5871 sicut
2756 5816 3085 5887 Theophilus
3124 5818 3451 5874 venerabilis
3502 5816 3735 5871 Alcm

2153 5906 2283 5965 driac
2321 5907 2605 5995 episcopus
2654 5907 2862 5979 scribit,
2916 5916 3110 5981 quarta
3139 5910 3347 5967 decima
3388 5908 3619 5981 quidem
3663 5915 3769 5968 est
