3946 6456
222 424 322 481 ’721

1514 419 1714 486 LIBER
1749 428 1838 487 DE
1875 429 2216 490 COMPUTO.

3376 447 3482 518 733

224 536 351 593 luna
383 523 642 600 traditus,
686 518 791 590 hec
812 527 914 591 'est
947 537 1134 605 quinta
1180 539 1292 632 die.
1316 547 1442 611 post
1489 541 1794 609 sabbatum,
1823 545 1872 606 Α
1901 544 2037 599 sime
2064 545 2360 602 cavendum
2391 563 2459 605 ne
2493 550 2632 609 hanc
2652 561 2803 610 sexta
2828 555 3034 610 decima
3058 554 3208 625 luna,
3251 566 3313 615 ut
3353 563 3479 632 qui-

224 630 411 700 quinta
441 627 648 683 decima
696 637 875 684 autem
911 631 1232 698 cruciﬁxus,
1274 616 1368 689 die
1414 634 1574 689 tertia
1615 651 1800 692 resur-

223 719 382 782 rexit,
416 719 520 772 hoc
566 726 672 783 est,
717 720 943 790 septima
975 722 1182 776 decima
1213 723 1360 789 luna,
1412 740 1531 795 quae
1572 733 1700 782 tunc
1742 729 1798 784 in

219 807 501 864 Dominica
529 809 616 864 die
650 809 864 865 videtur
899 811 1136 880 inventa,
1183 815 1343 870 sicuti
1368 815 1444 871 'ex
1472 817 1792 889 Evangelio-

219 917 340 956 rum
371 901 749 958 observatione
775 905 1134 978 comperimus
1156 947 1171 973 ,
1209 908 1471 965 habemus
1499 924 1627 982 ergo
1655 899 1795 966 sola;

219 993 352 1046 tium
380 1008 490 1063 quo
519 1001 667 1050 recte
691 993 870 1052 facere
897 995 1104 1054 Pascha
1131 1002 1419 1070 possimus,
1471 1005 1683 1062 etiamsi
1708 1007 1791 1063 di-

217 1082 348 1137 lat-io
388 1082 552 1160 fuerit
578 1093 884 1151 consecuta,
915 1095 1134 1159 propter
1162 1091 1529 1149 incurrentem
1557 1095 1794 1150 necessi-

216 1182 404 1239 tatem,
439 1183 499 1228 ut
527 1173 574 1228 si
603 1184 798 1244 quarta
819 1177 1026 1232 decima
1056 1180 1214 1250 primi
1244 1184 1445 1238 mensis
1473 1184 1527 1238 in
1562 1185 1790 1240 sabbato

213 1264 453 1318 evenerit
479 1264 628 1332 luna,
677 1274 772 1321 aut
792 1268 837 1322 si
869 1268 924 1322 in
963 1269 1084 1325 aliis
1120 1280 1246 1328 ante
1279 1275 1561 1330 sabbatum
1599 1277 1789 1334 diebus

210 1356 521 1422 septimana:
577 1359 852 1426 sequentis
910 1361 1202 1427 acciderit,
1274 1365 1390 1420 sine
1452 1367 1787 1424 dubitatione

213 1442 415 1496 Pascha
444 1443 815 1512 celebremus;
848 1448 893 1502 si
917 1464 1044 1505 vero
1065 1450 1119 1505 in
1149 1451 1485 1510 Dominicam
1507 1457 1782 1527 inciderit,

206 1533 427 1587 omnino
465 1533 519 1588 in
563 1537 918 1606 septimanam
967 1553 1280 1610 sequentem
1325 1545 1636 1604 differamus
1659 1566 1786 1621 pro-

206 1633 326 1692 pter
347 1639 438 1680 eas
465 1642 599 1696 quas
625 1635 888 1685 testamur
927 1645 1138 1691 causas.
1185 1635 1671 1711 Primumlquidem
1714 1656 1784 1697 ne

206 1715 364 1768 tertia
407 1717 614 1771 decima
639 1718 763 1774 luna
795 1722 1012 1779 inventa
1050 1726 1104 1780 in
1145 1727 1354 1783 sabbati
1395 1731 1480 1785 die
1507 1733 1780 1790 solvamus

196 1801 483 1871 jejunium,
512 1809 655 1877 quod
685 1825 1021 1882 consequens
1064 1831 1172 1871 non
1199 1826 1300 1884 est,
1345 1821 1488 1889 quod
1521 1837 1621 1876 nec
1664 1824 1777 1893 ipsa

201 1895 288 1950 lex
317 1900 588 1969 praecepit,
612 1904 847 1958 maxime
873 1921 993 1960 cum
1024 1917 1077 1962 et
1109 1908 1289 1964 lumen
1314 1910 1481 1980 ipsius
1511 1913 1651 1968 lunae
1675 1915 1777 1970 im—
1803 1905 1851 1966 B

199 1989 496 2057 perfectum
549 1995 724 2050 adhuc
768 1997 821 2050 in
864 2000 1083 2069 pr0prio
1133 2002 1290 2072 globo
1335 2020 1454 2061 esse
1503 2007 1769 2064 videatur.

199 2079 404 2136 Deinde
433 2098 500 2138 ne
527 2085 801 2142 Dominica
845 2089 932 2144 die
959 2091 1084 2146 luna
1111 2103 1304 2163 quarta
1333 2096 1541 2152 decima
1573 2101 1776 2155 consti-

200 2178 314 2225 tuta
356 2173 602 2242 jejunare
646 2193 920 2250 cogamur,
971 2183 1308 2241 indecentem
1348 2204 1465 2244 rem
1500 2189 1772 2247 illicitam-

195 2278 302 2330 que
330 2263 606 2323 facientes.
649 2269 762 2327 Hoc
803 2275 948 2329 enim
980 2275 1399 2337 Manichaeorum
1449 2293 1596 2339 recte
1644 2300 1774 2339 con-

193 2355 420 2410 suetudo
453 2361 708 2427 possedit.
739 2363 1004 2430 Quoniam
1029 2370 1191 2439 igitur
1211 2388 1312 2428 nec
1337 2383 1530 2444 quarta
1563 2377 1772 2433 decima

191 2444 319 2498 luna
358 2449 606 2506 veniente
649 2453 704 2506 in
741 2454 1082 2515 Dominicum
1127 2462 1271 2519 diem
1303 2464 1554 2534 jejunare
1605 2469 1768 2524 debe-

190 2552 331 2603 mus,
364 2555 540 2609 neque
574 2559 909 2617 consequens
935 2561 1102 2608 estut
1133 2556 1178 2610 si
1207 2557 1263 2611 in
1302 2558 1511 2614 sabbati
1554 2560 1640 2616 die
1664 2572 1771 2619 ter-

191 2627 260 2681 tia
291 2630 496 2687 decima
542 2638 774 2706 eveniat,
805 2642 1076 2702 solvamus
1113 2647 1402 2718 jejunium,
1457 2657 1769 2712 necessario

189 2719 480 2777 asscrimus
536 2725 637 2780 hoc
685 2727 740 2782 in
795 2733 1152 2800 septimanam
1202 2749 1519 2809 sequentem
1574 2746 1769 2803 debere

187 2808 407 2878 differri,
450 2815 588 2870 sicut
637 2821 798 2888 paulo
825 2826 1072 2894 superius
1107 2808 1510 2901 comprehendi,
1544 2833 1655 2892 non'
1687 2845 1769 2892 ta-

187 2913 304 2953 men
351 2917 418 2956 ex
461 2904 562 2961 hac
605 2907 866 2968 dilatione
906 2919 1350 2984 praevaricatione
1401 2925 1580 2994 aliqua
1622 2928 1768 2984 circa

185 2994 492 3059 paschalem
564 3001 830 3059 calculum
895 3018 1227 3078 perpetrata.
1301 3014 1765 3081 Quemadmodum

184 3087 324 3140 enim
351 3089 589 3148 decimus
619 3109 874 3153 numerus
902 3101 1276 3172 complectitur
1307 3107 1562 3174 primum,
1600 3108 1681 3163 sic
1710 3117 1766 3164 et

184 3180 395 3246 quoties
424 3191 618 3250 quarta
643 3185 850 3243 decima
874 3190 1001 3245 luna
1031 3193 1084 3246 in
1107 3195 1447 3253 Dominicum
1470 3199 1764 3256 incurrerit

183 3269 339 3338 diem,
375 3287 439 3334 eo
475 3277 617 3347 quod
664 3279 716 3333 in
739 3295 804 3335 eo
826 3281 1072 3350 jejunare
1103 3302 1209 3342 non
1250 3289 1431 3357 liceat,
1484 3292 1540 3346 in
1567 3295 1760 3363 proxi--
1789 3263 1834 3324 Ο

182 3378 322 3417 mam
357 3368 712 3435 septimanam
742 3373 945 3430 differri
967 3392 1189 3436 necesse
1218 3389 1303 3437 est
1341 3382 1484 3438 diem
1512 3383 1757 3443 Paschar.

180 3450 333 3507 Nulla
367 3457 508 3511 enim
534 3474 600 3513 ex
623 3461 726 3518 hoc
753 3464 1056 3523 imminutio
1099 3470 1216 3525 ﬁeri
1263 3471 1482 3528 Pascha:
1524 3474 1758 3543 videtur,

180 3543 304 3609 quia
325 3545 429 3615 ipsi
455 3561 742 3620 sequentes
765 3556 879 3611 dies
902 3560 1334 3629 complectuntur
1353 3572 1409 3619 et
1429 3565 1686 3635 reliquos.

674 3665 902 3725 CAPUT
963 3672 1265 3731 LXXXVII.

178 3742 371 3815 Opinio
398 3749 840 3840 diversorumubi
869 3779 1100 3841 primum
1127 3767 1499 3841 sit_Dominica
1540 3772 1650 3841 dies
1681 3789 1761 3827 re-

527 3829 876 3884 surrectionis
890 3831 1100 3888 Domini
1129 3837 1408 3892 celebrata.

247 3907 393 3965 DISC.
452 3912 553 3969 Ubi
607 3927 786 3975 autem
838 3923 1131 3982 Dominica:
1181 3931 1595 3988 resurrectionis
1645 3933 1760 3990 dies

175 3999 409 4066 primum
454 4001 619 4061 fuerit
669 4020 876 4067 certum
923 4015 1109 4073 haberi
1158 4021 1369 4076 vellem.
1411 4022 1552 4080 MAG.
1596 4023 1759 4083 Varie

178 4101 357 4148 autem
393 4096 449 4150 id
477 4098 729 4156 refertur.
783 4106 851 4161 Et
878 4110 1115 4178 quidem,
1143 4121 1202 4167 ut
1233 4130 1395 4185 supra
1434 4121 1757 4176 memoravi-

179 4198 312 4251 mus,
348 4187 564 4256 quidam
589 4202 782 4251 octavo
805 4199 1169 4259 Kalendarum
1197 4205 1482 4277 Aprilium,
1537 4213 1632 4267 sed
1663 4212 1755 4267 alii

178 4284 352 4344 sexto,
398 4284 640 4338 nonnulli
673 4289 863 4358 quinto
902 4292 1268 4351 Kalendarum
1307 4301 1620 4355 earumdem
1668 4303 1755 4358 die

181 4366 339 4426 fuisse
370 4386 698 4432 asseverant.
734 4380 837 4436 Ubi
871 4389 1165 4442 notandum
1199 4389 1324 4460 quia
1351 4392 1396 4444 si
1419 4401 1612 4447 octavo
1648 4393 1755 4449 Ka-

179 4457 456 4520 lendarum
503 4480 943 4540 memoratarum,
989 4487 1048 4531 ut
1083 4457 1420 4549 antiquiores
1461 4483 1748 4553 scripsere,

180 4559 504 4614 resurrectio
533 4561 745 4618 Domini
790 4565 934 4622 facta
961 4578 1064 4635 est,
1110 4574 1330 4640 quintus
1356 4573 1601 4642 profecto
1645 4577 1752 4630 cir-

181 4647 279 4699 culi
323 4648 809 4711 decennovennalis
849 4665 974 4714 tunc
1017 4663 1278 4732 agebatur
1321 4681 1494 4720 annus
1537 4667 1746 4726 habens

181 4749 560 4798 concurrentes
599 4754 804 4815 septem
851 4759 907 4804 et
950 4749 1132 4806 lunam
1169 4764 1418 4824 quartam
1463 4759 1750 4829 decimam,

182 4825 312 4913 sicut
345 4845 560 4902 semper
582 4837 868 4894 undecimo
901 4839 1018 4894 Kal.
1051 4842 1270 4913 Aprilis.
1304 4845 1363 4901 Si
1390 4856 1576 4903 autem
1597 4825 1752 4906 sexto

180 4912 289 4970 Kal.
343 4919 544 4990 Aprilis
587 4923 848 4983 Dominus
896 4912 1214 5000 resurrexit,
1269 4936 1460 4992 tertius
1512 4939 1756 4997 decimus

183 5005 363 5066 circuli
385 5013 598 5085 praefati
625 5033 798 5074 annus
826 5023 1052 5090 exstitit,
1099 5027 1336 5098 quinque
1377 5031 1582 5087 habens
1619 5050 1753 5089 con-

184 5112 457 5160 currentes
483 5114 538 5160 et
578 5107 761 5165 lunam
791 5121 1042 5181 quartam
1093 5118 1378 5188 decimam,
1433 5131 1492 5178 ut
1537 5140 1752 5196 semper

186 5206 316 5250 nono
344 5196 464 5252 Kal.
499 5199 719 5270 Aprilis.
763 5203 932 5261 Porro
955 5209 1001 5264 si
1029 5212 1220 5281 quinto
1254 5215 1624 5279 Kalendarum
1665 5241 1753 5280 su-

185 5297 272 5350 pra
326 5288 652 5360 scriptarum
700 5303 1030 5356 resurrectio
1079 5308 1350 5371 celebrata
1394 5330 1478 5376 est
1524 5322 1749 5388 Christi,

188 5381 443 5440 secundus
494 5387 683 5445 circuli
736 5393 1222 5462 decennovennalis
1277 5409 1515 5466 existens
1573 5431 1748 5475 annus

188 5476 562 5564 ccncurrentes
589 5481 821 5540 habebat
841 5500 1073 5559 quatuor
1111 5507 1169 5552 et
1196 5499 1375 5557 lunam
1413 5506 1626 5561 tertiam
1658 5509 1752 5564 de-

190 5555 395 5631 cimam,
432 5569 573 5625 sicut
596 5589 812 5645 semper
835 5591 1026 5640 oetavo
1052 5586 1169 5643 Kal.
1193 5592 1416 5662 Aprilis.
1455 5596 1584 5664 Qum
1613 5615 1751 5656 cun-

190 5657 269 5752 cla
295 5661 535 5728 septimm
559 5667 780 5727 decimae
821 5673 975 5740 Iunce,
1019 5688 1073 5734 et
1113 5683 1165 5736 in
1203 5699 1307 5753 qua
1350 5688 1437 5743 die
1469 5689 1753 5750 Dominico

190 5742 358 5840 primo
391 5765 751 5815 sacrosanctae
778 5769 1194 5826 resurrectionis
1230 5783 1355 5829 sunt
1389 5786 1508 5832 acta
1545 5792 1749 5852 myste-

194 5842 291 5894 na.
339 5854 497 5900 cursu
539 5851 848 5918 panduntur
891 5856 1128 5914 indubio.
1180 5861 1408 5921 Tantum
1451 5842 1753 5939 diligentis-

1901 634 2048 701 dam,
2070 644 2336 704 patratam
2379 642 2769 712 conﬁrmando,
2814 663 2920 702 non
2961 649 3134 704 solum
3170 651 3479 709 inevitabile

1900 733 2100 782 nostra:
2123 728 2490 787 calculationis
2515 734 2870 804 dispendium,
2900 741 2993 794 sed
3014 749 3070 795 et
3095 742 3475 813 gravissimum

1899 821 2178 899 catholicae
2204 823 2326 879 ﬁdei
2353 825 2694 886 ineurramus
2713 833 3034 902 periculum.

2383 941 2610 1000 CAPUT
2643 944 2976 1002 LXXXVIII.

1893 1025 2268 1097 Argumentum
2282 1032 2350 1086 ad
2361 1034 2721 1091 inveniendum
2735 1039 2871 1093 diem
2888 1039 3216 1096 Dominicum
3227 1041 3470 1099 Pascha.

1962 1121 2108 1179 DISC.
2154 1125 2412 1197 ,Nunquid
2452 1138 2537 1184 est
2582 1131 2797 1202 aliquod
2820 1133 2887 1188 de
2926 1132 3210 1191 Dominica
3244 1135 3468 1192 Pascha

1892 1223 2299 1283 argumentum,
2344 1219 2484 1274 sicut
2523 1228 2578 1276 et
2618 1222 2685 1277 de
2718 1231 2909 1292 quarta
2931 1225 3141 1280 decima
3182 1227 3306 1282 luna
3345 1243 3468 1284 esse

1888 1291 2208 1360 ostendisti?
2236 1307 2378 1363 MAG.
2412 1309 2546 1367 Illud
2584 1327 2683 1382 pro
2724 1291 3042 1384 argumento
3067 1327 3298 1387 ponunt,
3342 1320 3469 1388 quia

1888 1406 2019 1465 quot
2047 1398 2160 1453 dies
2190 1408 2316 1455 ante
2340 1403 2513 1472 pridie
2540 1402 2665 1460 Idus
2694 1405 2894 1476 Aprilis
2934 1409 3193 1464 habueris
3229 1410 3459 1477 Pascha,

1887 1494 1967 1542 tot
2010 1489 2199 1545 diebus
2245 1501 2370 1547 ante
2408 1493 2671 1551 Kalendas
2716 1496 2934 1554 Martias
2983 1499 3208 1556 habebis
3249 1501 3466 1556 initium

1885 1577 2339 1650 Quadragesimae.
2367 1584 2434 1638 Et
2459 1595 2590 1654 quot
2613 1587 2730 1642 dies
2761 1598 2882 1658 post
2912 1589 3084 1660 pridie
3108 1590 3233 1646 ldus
3261 1592 3464 1661 Aprilis

1883 1668 2137 1726 habueris
2162 1673 2369 1729 Pascha
2390 1715 2404 1740 ,
2439 1683 2519 1730 tot
2555 1677 2695 1732 idem
2726 1679 2914 1735 diebus
2950 1680 3221 1736 Kalendas
3243 1682 3468 1739 Martias

1881 1759 2104 1817 habebis
2120 1764 2327 1818 initium
2345 1765 2792 1838 Quadragesimae.
2809 1770 2876 1825 Et
2891 1772 2936 1826 si
2950 1772 3122 1841 pridie
3136 1773 3254 1827 idus
3266 1773 3464 1843 Aprilis

1866 1851 2086 1907 Pascha
2119 1855 2660 1922 habueris,Kalendis
2691 1860 2897 1918 Martiis
2925 1863 3137 1917 initium
3152 1863 3464 1934 Quadrage-

1878 1943 2026 1998 simae
2059 1947 2301 2003 habebis.
2336 1949 2477 2016 Quot
2509 1950 2625 2006 dies
2651 1963 2776 2008 ante
2804 1953 2922 2009 Kal.
2954 1956 3156 2026 Aprilis
3203 1956 3462 2012 habueris

1875 2034 2104 2101 Pascha,
2127 2046 2307 2094 tantos
2329 2041 2442 2095 dies
2463 2049 2588 2095 ante
2602 2043 2974 2100 duodecimum
2991 2047 3108 2100 Kal.
3129 2046 3347 2102 Martias
3363 2048 3460 2102 ha-

1874 2128 2027 2183 bebis
2050 2129 2261 2184 initium
2278 2129 2966 2206 QuadragesimaasEt'quot
2985 2137 3100 2192 dies
3124 2145 3247 2208 post
3266 2136 3459 2193 Kalen-

1875 2219 1970 2273 das
1983 2219 2181 2290 Aprilis
2208 2222 2459 2278 habueris
2481 2222 2708 2292 Pascha,
2743 2234 2819 2281 tot
2848 2225 3035 2282 diebus
3053 2237 3174 2296 post
3203 2227 3456 2282 duodeci-

1873 2323 2018 2364 mam
2045 2310 2310 2366 Kalendas
2342 2312 2561 2370 Martias
2587 2317 2808 2372 habebis
2843 2318 3055 2373 initium
3099 2318 3458 2390 Quadragesi-

1872 2418 1992 2458 mae.
2025 2403 2170 2460 DISC.
2203 2405 2262 2461 ln
2288 2415 2419 2476 quot
2445 2409 2632 2465 diebus
2671 2414 2851 2468 evenit
2883 2415 3038 2470 nobis
3061 2414 3273 2470 Pascha
3313 2417 3456 2472 cele-

1870 2493 2064 2552 brare?
2087 2497 2226 2554 MAG.
2255 2500 2494 2571 Triginta
2526 2511 2757 2573 quatuor
2774 2507 2857 2560 vel
2879 2508 3096 2580 triginta
3117 2509 3377 2580 quinque,
3401 2511 3456 2566 id

1870 2593 1971 2650 est,
2010 2586 2078 2640 ab
2099 2589 2383 2644 undecima
2409 2591 2704 2664 KaI.April.
2745 2610 2914 2666 usque
2937 2597 2991 2651 in
3028 2599 3312 2668 septimam
3328 2598 3447 2654 Kal.

1869 2675 2012 2730 Maii.
2039 2677 2106 2731 Et
2131 2678 2235 2733 hoc
2263 2679 2316 2732 in
2344 2681 2796 2737 decennovennali
2827 2685 2978 2756 cyclo
3000 2686 3061 2740 ﬁt
3081 2695 3300 2757 propter
3326 2703 3454 2743 con-

1869 2769 2107 2823 cordiam
2135 2779 2468 2839 epactarum.
2505 2774 2598 2829 Isti
2638 2778 2858 2848 triginta
2897 2779 3135 2848 quinque
3172 2781 3288 2835 dies
3325 2788 3451 2835 sunt

1868 2857 1992 2914 inde
2014 2861 2141 2930 quia
2171 2862 2223 2916 in
2246 2879 2432 2918 cccuv
2467 2866 2581 2921 dies
2607 2867 2732 2921 anni
2756 2883 3072 2925 communes
3095 2871 3451 2941 progrediun-

1869 2957 1974 3016 tur,
2026 2960 2082 3006 et
2119 2955 2247 3009 anni
2283 2956 2585 3013 embolismi
2634 2974 2805 3030 usque
2849 2961 2903 3015 in
2951 2963 3179 3018 trecenti
3226 2979 3444 3029 Lxxxw,

1865 3043 1993 3112 quia
2039 3045 2094 3099 in
2133 3049 2506 3106 communibus
2541 3052 2698 3107 annis
2722 3062 2848 3108 ante
2871 3068 3059 3110 cccuv
3096 3055 3210 3112 dies
3241 3057 3448 3111 Pascha

1866 3148 1976 3188 non
2002 3134 2129 3191 licet
2155 3138 2461 3206 celebrare,
2493 3156 2654 3212 supra
2691 3159 2820 3199 vero
2859 3144 3006 3200 licet.
3039 3146 3098 3200 In
3128 3146 3447 3202 embolismo

1867 3231 2046 3279 autem
2071 3241 2211 3282 anno
2241 3238 2367 3285 ante
2393 3235 2689 3288 cccnxxxr'v
2716 3249 2825 3290 non
2857 3235 3010 3291 decet
3035 3226 3321 3302 celebrari;
3346 3251 3442 3290 su-

1864 3330 1961 3384 pra
1985 3331 2115 3371 vero
2155 3319 2325 3374 decet.
2353 3321 2460 3378 Iste
2495 3339 2626 3394 ergo
2656 3340 2915 3382 numerus
2964 3327 3172 3382 dierum
3199 3327 3256 3382 in
3299 3342 3448 3384 com-

1863 3408 2117 3466 munibus
2141 3412 2295 3468 annis
2317 3423 2374 3469 et
2395 3415 2728 3473 embolismis
2755 3419 2810 3474 in
2837 3419 3198 3476 celebratione
3223 3418 3447 3477 Pascha:

1865 3499 2232 3558 observandus
2257 3513 2360 3559 est.

2390 3599 2617 3658 CAPUT
2642 3591 2928 3660 LXXXIX.

2249 3691 2326 3747 De
2353 3693 2479 3749 luna
2498 3695 2788 3754 Dominica:
2809 3698 3052 3756 Pascha.

1933 3779 2081 3836 DISC.
2133 3782 2210 3862 De
2244 3784 2437 3842 ultimo
2478 3791 2696 3845 tramite
2728 3793 3215 3852 decennovennalis
3255 3795 3445 3852 circuli

1861 3886 2024 3936 nunc,
2055 3873 2108 3926 ni
2136 3873 2313 3940 fallor,
2345 3877 2480 3934 ordo
2509 3881 2753 3950 exposcit
2778 3890 2838 3936 ut
2857 3883 3024 3940 dicas.
3059 3885 3439 3943 MaccUltima

1859 3974 1991 4016 sane
2024 3965 2311 4018 memorati
2347 3967 2531 4023 circuli
2576 3979 2717 4026 meta
2741 3973 3054 4042 panduntur
3092 3976 3234 4032 luna:
3261 3976 3441 4034 Domi-

1859 4055 1967 4111 nici
2008 4056 2252 4126 Paschze,
2289 4070 2514 4131 prapter
2542 4065 2838 4122 variantem
2885 4067 3126 4136 ejusdem
3175 4071 3442 4128 Dominici

1859 4160 2172 4214 occursum,
2213 4158 2417 4220 septem
2451 4152 2660 4208 dierum
2687 4157 2892 4212 ambitu
2920 4159 3159 4226 inclusae,
3189 4162 3243 4217 id
3274 4171 3376 4230 est,
3405 4178 3440 4218 a

1858 4237 2046 4306 quinta
2075 4239 2281 4294 decima
2305 4258 2477 4314 usque
2499 4246 2566 4299 ad
2590 4247 2906 4304 vicesimam
2932 4251 3185 4320 primam.
3209 4251 3312 4321 Qui
3338 4268 3438 4324 pro

1858 4335 2008 4382 certo
2052 4329 2167 4384 dies
2206 4333 2538 4390 creberrima
2581 4335 2714 4408 legis
2753 4347 2877 4393 sunt
2921 4342 3265 4398 adnotatione
3299 4359 3438 4413 pra:-

1858 4417 1970 4483 Iixi,
2005 4419 2216 4475 dicente
2254 4422 2483 4480 Domino
2514 4443 2526 4478 :
2559 4424 2741 4481 Primo
2769 4445 2960 4496 mense,
3007 4441 3199 4502 quarta
3231 4433 3438 4488 decima

1856 4507 1939 4560 die
1979 4510 2194 4576 mensis,
2240 4513 2514 4566 comedetis
2563 4532 2750 4585 azyma
2797 4534 2958 4588 usque
3004 4520 3074 4572 ad
3120 4520 3258 4573 diem
3299 4522 3439 4576 vice-

1775 4613 1829 4673 D
1855 4597 2046 4649 simum
2077 4599 2302 4666 primum
2328 4601 2564 4663 eiusdem
2592 4605 2783 4658 mensis
2811 4606 2881 4658 ad
2910 4624 3191 4678 vesperam.
3227 4608 3434 4680 Septem

1857 4686 2037 4740 diebus
2077 4688 2446 4757 fermentatum
2495 4709 2598 4747 non
2639 4695 2927 4751 invenietur
2968 4699 3025 4753 in
3064 4699 3304 4755 domibus
3349 4717 3438 4755 ve-
3472 4686 3483 4757 ἓ

1855 4778 1998 4830 stris.
2055 4776 2219 4847 Cujus
2267 4781 2430 4851 primi
2474 4785 2677 4840 mensis
2718 4794 3030 4859 septemque
3076 4788 3192 4859 ejus
3225 4789 3435 4846 dierum

1859 4885 2174 4941 azymorum
2208 4888 2350 4928 nunc
2377 4875 2562 4946 regula
2587 4876 2710 4932 talis
2736 4887 2840 4945 est,
2869 4889 2928 4934 ut
2971 4896 3090 4951 quae
3118 4891 3241 4952 post
3264 4883 3434 4952 aequi-

1858 4961 2098 5014 noctium
2140 4962 2326 5030 quinta
2357 4965 2564 5021 decima
2589 4967 2717 5023 luna
2745 4972 3006 5039 occurrit,
3032 4973 3194 5043 primi
3227 4973 3437 5029 mensis

1861 5048 2210 5121 intelligatur.
2251 5053 2317 5108 Et
2348 5055 2462 5110 haec
2495 5072 2818 5130 quocunque
2855 5070 3060 5130 septem
3105 5062 3336 5129 dierum,
3379 5063 3434 5118 id

1859 5154 1960 5210 est,
1992 5161 2024 5198 a
2053 5147 2238 5215 quinta
2269 5149 2476 5206 decima
2500 5165 2672 5222 usque
2715 5154 2782 5209 ad
2818 5155 3135 5209 vicesimam
3179 5156 3431 5225 primam,

1858 5235 2092 5304 primum
2127 5237 2468 5296 Dominicum
2514 5243 2802 5312 acceperit.
2835 5242 3112 5300 Paschalis
3149 5243 3272 5302 festi
3300 5261 3427 5316 gau-

1858 5326 1963 5382 diis
1981 5334 2166 5396 aptum
2192 5331 2450 5402 porrigat.

2455 5423 2680 5483 CAPUT
2711 5426 2801 5482 XC

2001 5511 2374 5582 Argumentum
2412 5516 2480 5569 ad
2502 5517 2668 5587 ipsam
2695 5517 2874 5573 lunam
2899 5519 3282 5580 inveniendam.

1929 5602 1986 5658 Si
2013 5605 2095 5659 vis
2134 5621 2425 5676 agnoscere
2448 5619 2609 5678 quota
2644 5611 2767 5666 luna
2793 5612 3059 5670 festivitas
3095 5617 3314 5674 Pascha:
3335 5633 3430 5675 oc-

1855 5703 2056 5758 currat,
2091 5696 2136 5750 si
2179 5697 2232 5750 in
2263 5697 2454 5752 Martio
2479 5714 2663 5756 mense
2691 5701 2896 5758 Pascha
2927 5706 3249 5775 celebretur,
3277 5724 3428 5763 com-

1854 5796 1984 5856 puta
2021 5805 2236 5845 menses
2270 5808 2300 5846 a
2331 5792 2691 5864 Septembrio,
2737 5799 2838 5856 hoc
2875 5810 2977 5869 est,
3021 5803 3089 5859 ab
3119 5804 3274 5860 initio
3299 5805 3428 5860 anni

1855 5882 2148 5938 secundum
2179 5883 2482 5955 IEgyptios,
2507 5903 2734 5957 quorum
2765 5895 3026 5949 rationem
3055 5895 3144 5951 hic
3181 5894 3426 5963 sequitur
