3946 6442
488 439 597 500 ns
1157 433 1511 491 B.'RABANI
1553 420 1770 488 manu!
1806 418 2122 487 ARCHIEP.
2166 412 2475 486 nouum.
2517 424 2799 484 OPERUM
2838 425 3017 484 mus
3056 428 3097 484 ι.
3649 420 3765 490 ῆι

485 558 800 633 Dionysius,
828 566 998 624 usque
1026 551 1093 607 ad
1118 550 1492 614 Februarium,
1526 548 1629 604 hoc
1652 552 1756 613 est,
1788 560 1958 615 usque
1989 543 2058 598 ad
2082 544 2136 603 A
2162 548 2377 598 crurum
2402 539 2566 633 etiam
2608 548 2752 593 nunc
2794 537 3046 633 Ecclesiae
3074 536 3408 597 consuetudo
3449 548 3568 599 non
3594 543 3764 616 igno—

491 629 654 708 ﬁnem
685 648 811 706 anni
834 646 1129 704 secundum
1157 644 1406 714 antiquos
1430 642 1703 698 Romanos
1727 656 1821 696 sex
1845 652 2059 694 menses
2159 633 2341 690 biliter
2360 632 2621 699 Imitatur,
2644 646 2809 686 unam
2828 629 3080 687 videlicet
3107 641 3324 689 noctem
3349 634 3627 689 transitus
3654 635 3761 691 Do-

488 752 634 800 sunt.
668 740 763 797 His
792 753 1005 808 semper
1029 737 1201 809 adjice
1228 736 1362 792 duos
1405 735 1698 806 regulares.
1726 733 1888 789 Fiunt
1909 740 2053 790 octo.
2159 726 2368 793 minici,
2397 726 2453 782 id
2493 733 2598 792 est,
2643 724 3058 781 resurrectionis
3093 724 3211 797 ejus
3254 742 3286 780 a
3332 728 3600 794 mortuis,
3646 743 3757 797 qua

484 835 637 890 Adde
658 839 899 903 epactas,
929 830 983 886 id
1008 837 1109 897 est,
1132 829 1460 901 adiectiones
1480 827 1714 883 lunares.
1745 826 1910 883 Verbi
1933 841 2058 898 gra-

484 925 559 979 tia
595 942 608 977 :
641 937 784 978 anno
829 922 1010 979 futuro
1057 930 1251 991 quarta
1300 920 1509 976 decima
1554 920 1883 984 indictione,
1940 933 2053 985 xxv,

482 1013 619 1070 ﬁunt
642 1013 831 1083 viginti
859 1014 998 1079 duo;
1025 1012 1162 1068 adde
1202 1008 1255 1067 ei
1294 1012 1410 1067 dies
1439 1011 1642 1066 mensis
1682 1009 1861 1066 Martii
1884 1023 2057 1080 usqne

482 1103 539 1163 in
578 1102 917 1162 Dotninicum
947 1103 1189 1169 Pascha,
1226 1102 1369 1176 quod
1414 1102 1475 1159 ﬁt
1495 1116 1640 1159 nono
1665 1100 1784 1157 Kal.
1832 1100 2052 1171 Aprilis,

481 1193 619 1255 ﬁunt
662 1193 823 1251 simul
864 1194 1214 1264 quadraginta
1249 1209 1377 1261 sex;
1426 1192 1554 1249 tolle
1600 1192 1840 1263 triginta,
1879 1208 2056 1255 rema-

480 1291 613 1341 nent
659 1283 1151 1345 sexdecimzscxta
1198 1285 1408 1342 decima
1451 1283 1577 1340 luna
1607 1284 1791 1340 eritin
1820 1283 2051 1349 Pascha,

480 1376 535 1435 id
561 1384 667 1443 est,
716 1392 859 1432 nono
902 1376 1021 1435 Kal.
1065 1376 1283 1447 Aprilis,
1325 1375 1539 1446 quando
1572 1376 1898 1433 resurrectio
1944 1377 2053 1432 Do.-

482 1468 612 1526 mini
653 1469 979 1526 celebratur.
1034 1466 1091 1526 Si
1136 1479 1317 1525 autem
1357 1469 1490 1525 velis
1542 1468 1840 1541 intelligere
1886 1476 2051 1538 quota

478 1561 606 1617 luna
633 1569 718 1619 est
743 1562 799 1619 in
829 1561 1057 1628 Pascha,
1098 1562 1529 1633 quandocunque
1568 1563 1620 1617 in
1650 1562 1819 1633 Aprili
1853 1576 2049 1618 'mense

476 1654 799 1721 celebratur,
831 1664 1081 1725 computa
1121 1670 1335 1710 menses
1366 1670 1395 1708 a
1427 1654 1745 1725 Septembre
1784 1669 1953 1723 usque
1979 1653 2048 1708 ad

475 1743 758 1811 Martium;
791 1745 937 1815 quia,
967 1753 1027 1801 ut
1050 1744 1141 1800 alii
1166 1745 1476 1814 opinantur,
1522 1746 1953 1816 quandocunqne
1991 1744 2048 1799 in

354 1876 359 1883 ς
472 1835 642 1908 Aprili
690 1835 897 1893 Pascha
950 1836 1276 1903 celebratur,
1329 1836 1555 1892 Martius
1607 1836 1731 1891 ﬁnis
1769 1836 1895 1891 anni
1942 1841 2044 1891 est.

2158 820 2353 891 impios
2391 818 2771 889 triumphando
2797 859 2812 886 ,
2850 814 3034 875 ﬁdeles
3082 819 3291 875 salvare
3329 820 3598 891 dignatus
3645 829 3753 887 est,

2155 910 2528 983 principaliter
2566 911 2861 967 observans
2897 910 2951 966 in
2997 909 3152 982 cujus
3188 918 3379 967 exortu
3411 912 3650 983 sanguis
3677 913 3758 984 ip-

2156 1005 2288 1071 sius,
2312 1003 2560 1061 videiicet
2603 1005 2725 1077 agni
2774 1000 3126 1071 immaculati,
3162 1005 3394 1078 populus
3438 1002 3567 1077 ejus
3600 1004 3754 1061 fonte

2154 1094 2581 1167 regenerationis
2632 1094 2870 1151 ablutum
2919 1094 3140 1152 mundat
3178 1097 3244 1152 ab
3289 1097 3440 1152 omni
3491 1106 3746 1167 peccato,

2155 1196 2221 1243 ac
2247 1187 2441 1243 deinde
2480 1186 2615 1243 alios
2655 1192 2860 1257 Septem
2891 1186 3007 1243 dies
3053 1187 3108 1242 in
3134 1188 3458 1242 memoriam
3498 1186 3749 1254 ejusdem

2152 1279 2447 1335 Dominictc
2486 1279 2899 1335 resurrectionis
2926 1295 3161 1352 congrua
3190 1276 3492 1335 festivitate
3523 1278 3751 1349 subjun-

2154 1388 2304 1444 gens.
2332 1373 2529 1429 Verum
2570 1370 2697 1444 quia
2740 1373 2855 1445 ipsa
2886 1388 3101 1443 quoque
3137 1372 3251 1429 dies
3275 1371 3514 1429 Pascha:
3566 1387 3601 1426 a
3646 1372 3750 1426 fer-

2155 1474 2338 1520 mento
2366 1464 2617 1538 castigari
2638 1464 2966 1535 praecipitur,
3009 1466 3126 1519 hare
3148 1452 3429 1536 Evangelii
3456 1463 3751 1537 Scriptura

2153 1554 2438 1625 aliquando
2459 1557 2693 1627 primum
2711 1555 3038 1629 Azymorum
3058 1558 3424 1629 cognominat.
3442 1557 3517 1610 Et
3545 1557 3744 1626 primo,

2152 1637 2423 1714 inquiens,
2436 1638 2523 1699 die
2536 1642 2884 1715 Azymorum,
2900 1644 3114 1714 quando
3128 1643 3332 1701 Pascha
3346 1645 3741 1711 immolabant,

2153 1736 2337 1792 dicunt
2363 1736 2411 1792 ei
2439 1736 2728 1807 discipuli:
2767 1738 2882 1804 Quo
2920 1738 2993 1792 vis
3033 1753 3230 1803 eamus,
3275 1746 3323 1795 et
3344 1754 3614 1812 paremus
3658 1737 3751 1792 tibi

2152 1838 2209 1884 ut
2231 1822 2513 1885 manduces
2551 1824 2808 1886 Pascha?
2850 1830 2981 1887 Item
3013 1828 3153 1887 diem
3182 1832 3433 1905 quintam
3468 1830 3749 1886 decimam

471 1927 698 1995 Quando
747 1936 927 1983 autem
972 1928 1027 1983 in
1066 1928 1259 1984 Martio
1307 1927 1514 1983 Pascha
1572 1926 1860 1991 invenitur,
1920 1919 2125 1981 tuncB
2155 1920 2352 1977 mensis
2397 1920 2601 1991 primi,
2651 1936 2681 1976 a
2730 1937 2834 1992 qua
2882 1932 3087 1992 septem
3125 1922 3238 1978 dies
3286 1920 3642 1995 Azymomm
3672 1923 3750 1978 in-

471 2018 696 2074 Martius
731 2019 938 2089 primus
975 2020 1176 2075 mensis
1223 2019 1439 2075 dicitur.
1477 2019 1522 2073 A
1568 2016 1885 2088 Septembre
1919 2032 2049 2091 ergo

468 2116 641 2179 usque
656 2110 723 2165 ad
737 2109 985 2166 Martium
1000 2119 1203 2181 septem
1225 2126 1440 2167 menses
1463 2117 1619 2176 sunt;
1642 2110 1728 2164 his
1751 2109 1886 2165 adde
1912 2125 2049 2165 sem-

466 2216 563 2270 per
588 2200 864 2272 regulares
894 2201 1046 2267 duos,
1089 2203 1224 2257 Ilum
1270 2210 1392 2258 octo
1417 2216 1434 2256 :
1464 2203 1601 2257 adde
1628 2210 1849 2272 epaetas
1890 2203 2046 2257 Iana-

465 2308 553 2347 res
581 2293 870 2363 cujuslibet
895 2296 1176 2365 prtesentis
1203 2296 1349 2361 anni,
1373 2296 1525 2351 verbi
1556 2295 1750 2365 gratia,
1773 2302 1834 2349 ut
1856 2294 1912 2349 in
1943 2295 2048 2351 hoc

467 2401 611 2444 anno
637 2395 763 2444 sunt
787 2394 916 2452 tres,
970 2388 1105 2445 ﬁunt
1129 2389 1444 2454 duodecim;
1479 2389 1616 2447 adde
1659 2396 1714 2445 et
1742 2388 1858 2444 dies
1890 2401 2044 2443 men-

464 2480 539 2535 sis
570 2480 773 2550 Aprilis
813 2483 903 2551 qui
930 2482 1043 2539 sint
1081 2497 1252 2552 usque
1278 2483 1330 2538 in
1360 2481 1600 2546 Pascha,
1649 2480 1754 2537 hoc
1781 2487 1866 2536 est
1889 2486 2045 2536 sexto

465 2569 589 2625 Idus
611 2572 843 2641 Aprilis;
873 2573 1010 2628 ﬁunt
1050 2574 1211 2637 simul
1235 2574 1422 2645 viginti
1456 2594 1467 2627 :
1500 2574 1756 2628 vicesima
1787 2572 1914 2627 luna
1942 2570 2044 2627 fuit

466 2662 571 2718 hoc
598 2676 742 2727 anno
768 2665 822 2720 in
851 2665 940 2722 die
973 2667 1390 2725 resurrectionis
1417 2665 1650 2723 Domini.

1041 2772 1270 2836 CAPUT
1321 2776 1454 2835 XCI.

884 2849 1020 2906 [tam
1049 2850 1197 2906 aliud
1230 2859 1611 2923 argumentum.

532 2941 841 3000 Notandum
869 2950 1051 2999 autem
1079 2944 1222 3015 quod
1252 2944 1428 3000 omnis
1454 2936 1724 3012 paschalis
1755 2941 1903 3007 luna,
1945 2950 2042 2997 cu-

457 3049 761 3104 tuscunquc
799 3037 977 3091 aetatis
1004 3045 1121 3104 est,
1157 3037 1203 3091 si
1234 3037 1473 3091 detrahis
1521 3035 1590 3090 ab
1629 3046 1691 3089 ea
1731 3034 2035 3100 duodecim,

461 3128 552 3184 ﬁet
580 3130 675 3185 tibi
704 3138 836 3185 etas
878 3130 1019 3185 lente
1046 3145 1166 3200 qua;
1200 3130 1261 3184 Iit
1293 3130 1347 3184 in
1386 3131 1540 3184 initio
1576 3127 2034 3197 Quadragesimte.

463 3200 621 3277 Verbi
649 3223 822 3293 gratia
854 3240 865 3275 :
896 3222 941 3277 si
984 3222 1171 3291 quinta
1220 3222 1426 3277 decima
1456 3220 1581 3274 luna
1622 3228 1707 3275 est
1738 3215 2034 3290 paschalis,

2153 2012 2371 2079 choaut,
2401 2020 2622 2084 propter
2649 2014 2902 2069 viciniam
2944 2015 3197 2082 Pascha),
3226 2016 3451 2079 nomine
3482 2023 3667 2071 vocat
3692 2015 3749 2070 il-

2150 2108 2272 2173 lius,
2307 2123 2428 2163 cum
2470 2107 2599 2163 dicit
2628 2126 2641 2163 :
2666 2106 2757 2163 sed
2782 2109 3157 2164 manducarent
3188 2108 3419 2164 Pascha.
3447 2109 3583 2166 Non
3627 2113 3747 2181 quia

2148 2196 2251 2274 legi
2280 2198 2551 2255 contraria
2580 2208 2663 2254 est
2694 2198 3000 2271 evangelica
3032 2194 3328 2271 Scriptura,
3372 2202 3475 2256 sed
3496 2202 3638 2274 quia
3670 2218 3747 2257 sa-

2149 2300 2483 2347 cramentum
2515 2290 2657 2363 quod
2687 2291 2930 2358 decebat,
2961 2293 3064 2348 hoc
3098 2294 3253 2355 nobis
3279 2294 3554 2349 societate
3588 2311 3744 2350 voca—

2148 2381 2395 2438 bulorum
2448 2379 2691 2440 vivacius
2743 2378 3017 2451 inculcare
3074 2386 3301 2445 curavit.
3366 2384 3540 2442 Salva
3599 2390 3743 2442 enim

2147 2476 2415 2533 subtiliori
2430 2470 2775 2544 discussione
2805 2494 3094 2549 possumus
3121 2477 3420 2551 intelligere
3450 2480 3604 2552 quod
3632 2497 3742 2554 my—

2146 2570 2281 2627 stica
2304 2569 2526 2626 Pascha:
2548 2562 2807 2627 solemnia
2832 2560 3026 2642 singuli
3054 2578 3302 2629 nostrum
3331 2571 3385 2626 in
3410 2572 3501 2626 die
3528 2572 3739 2645 baptis-

2143 2660 2306 2718 matis
2343 2662 2570 2732 egerint,
2619 2661 2913 2733 spiritalem
2954 2654 3205 2721 vidclicct
3251 2663 3739 2719 exterminatorem

2146 2751 2299 2824 signo
2336 2753 2559 2824 pretiosi
2589 2755 2865 2825 sanguinis
2893 2755 3186 2822 evadendo,
3228 2755 3509 2827 spiritales
3556 2764 3740 2813 trans-

2142 2844 2319 2900 eundo
2352 2844 2625 2901 tenebras.
2676 2838 2813 2902 'l‘oto
2851 2855 3031 2902 autem
3061 2847 3184 2902 vitae
3210 2847 3574 2921 proﬁcientes
3605 2858 3741 2905 tem-

2140 2949 2291 3005 pore,
2327 2936 2470 3006 quod
2498 2934 2750 3007 deinceps
2790 2934 2845 2991 in
2874 2934 2978 2993 hac
2999 2936 3442 3013 peregrinatione
3469 2939 3737 3010 gerimus,

2141 3033 2347 3098 septem
2383 3024 2497 3082 dies
2541 3025 2871 3100 Azymorum
2912 3020 3283 3095 celebremus,
3331 3018 3558 3100 quibus,
3600 3031 3738 3087 sicut

2138 3117 2428 3191 Apostolus
2457 3117 2665 3187 edocet,
2700 3136 2806 3185 non
2832 3114 2887 3179 in
2916 3119 3182 3177 fermento
3208 3119 3431 3176 malitiae
3458 3129 3518 3177 et
3545 3124 3715 3194 nequi

2137 3208 2246 3276 tite,
2274 3200 2370 3264 sed
2383 3208 2435 3263 in
2456 3208 2662 3281 azymis
2674 3209 3002 3266 sinceritatis
3016 3220 3071 3267 et
3085 3211 3332 3268 veritatis
3346 3211 3563 3282 cpulari
3584 3214 3742 3267 debe-

459 3311 586 3366 tolle
611 3314 678 3367 de
698 3313 1004 3383 quindecim
1028 3314 1333 3377 duodecim,
1359 3321 1413 3368 et
1442 3319 1725 3368 remanent
1752 3320 1898 3366 tres:
1924 3319 2033 3365 ter-
2060 3297 2104 3359 C
2136 3308 2274 3358 nius.
2302 3302 2368 3357 Et
2396 3302 2522 3373 quia
2549 3318 2649 3358 nos
2669 3303 2723 3357 in
2746 3301 3032 3373 baptismo,
3051 3310 3111 3357 ut
3137 3302 3201 3358 de
3223 3309 3500 3373 potestate
3517 3300 3739 3358 Satanz

460 3402 531 3455 tia
569 3411 654 3457 est
696 3403 821 3458 luna
863 3404 918 3457 in
967 3404 1123 3458 initio
1166 3404 1601 3475 Quadragesimaa
1640 3418 1705 3459 eo
1739 3414 1880 3458 anno
1929 3406 2037 3471 quo

457 3493 645 3563 quinta
674 3494 881 3548 decima
906 3504 991 3550 est
1014 3495 1139 3549 luna
1162 3496 1246 3551 die
1267 3496 1547 3550 Dominica
1575 3493 1815 3561 Paschae,
1846 3500 1902 3549 et
1927 3508 2034 3551 eaea

458 3593 574 3643 tera
607 3585 871 3643 similiter.

1018 3676 1246 3735 CAPUT
1291 3674 1448 3733 XCII.

728 3769 869 3838 Quid
897 3771 1050 3828 distet
1071 3773 1203 3827 inter
1238 3768 1446 3826 Pascha
1471 3779 1520 3824 et
1543 3769 1761 3847 Azyma,

528 3862 674 3920 DIBC.
709 3865 908 3922 Verum
946 3867 1074 3936 quia
1104 3866 1171 3921 de
1209 3867 1489 3937 utriusque
1532 3864 1756 3940 Paschm
1802 3865 2030 3934 ratione,

457 3963 514 4011 et
534 3956 679 4011 illius
705 3957 914 4013 scilicet
945 3958 1088 4027 quod
1118 3958 1413 4013 secundum
1440 3958 1614 4029 legem
1657 3964 1910 4030 quartam
1944 3960 2036 4015 dc-

454 4047 652 4101 cimam
698 4046 879 4102 lunam
909 4049 1153 4118 proxima
1196 4047 1475 4102 Dominica
1503 4049 1560 4104 in
1601 4051 1918 4104 memoriam
1948 4058 2034 4104 rc-

456 4137 814 4193 surrectlonis
858 4136 1069 4193 Domini
1098 4138 1325 4202 colatur,
1354 4140 1487 4194 satis
1515 4140 1647 4195 mihi
1676 4140 1871 4204 fecisti,
1902 4145 2029 4211 pete

455 4234 516 4280 ut
539 4226 671 4295 quid
703 4227 844 4282 inter
861 4226 1068 4289 Pascha
1089 4238 1143 4284 et
1167 4228 1371 4302 Azyma
1395 4231 1559 4287 distet
1583 4232 1784 4287 edicas.
1817 4231 2030 4303 Legen-

458 4325 546 4369 tur
576 4317 694 4379 ham
717 4318 913 4388 saepius
939 4320 991 4374 in
1021 4320 1126 4376 illis
1163 4321 1294 4377 locis
1336 4323 1426 4378 ubi
1457 4323 1523 4377 de
1554 4322 1774 4378 Pascha:
1794 4325 2029 4394 primum

452 4408 835 4466 observatione
867 4411 1186 4482 dispositum
1226 4421 1329 4468 est.
1354 4412 1495 4467 Mite.
1549 4413 1690 4483 Ergo
1717 4414 1870 4483 juxta
1898 4414 2029 4486 legis

453 4499 791 4573 Scripturam
816 4504 919 4558 alia
950 4503 1193 4570 Pasehm,
1221 4505 1325 4560 alia
1368 4505 1683 4562 solemnitas
1704 4515 1789 4562 est
1814 4516 2031 4579 azymo-

450 4607 592 4646 rum.
620 4586 737 4647 Una
763 4595 960 4665 quippe
985 4596 1101 4651 dies
1140 4595 1381 4660 Paschae,
1424 4597 1477 4651 id
1502 4605 1584 4652 est
1614 4598 1894 4664 transitus,
1924 4605 2027 4664 cst,

447 4691 640 4753 quarta
660 4682 868 4739 decima
889 4684 1138 4739 videlicet
1161 4686 1321 4757 primi
1341 4687 1563 4754 mensis;
1585 4687 1640 4742 in
1664 4703 1767 4757 qua
1784 4702 2028 4758 vespera-

446 4780 632 4829 scente
660 4789 831 4844 agnus
877 4776 1145 4833 immolari
1178 4777 1363 4848 jussus
1402 4787 1505 4845 est,
1537 4786 1593 4834 et
1619 4796 1742 4836 mox
1768 4791 2027 4851 sequente

444 4875 605 4923 nocte
650 4868 903 4923 transivit
947 4869 1206 4924 Dominus
1243 4869 1619 4941 Egyptiorum
1669 4872 2026 4944 primogenita

442 4961 775 5029 percutiens,
827 4966 883 5015 et
910 4959 1151 5031 signatas
1191 4963 1313 5031 agni
1354 4964 1613 5033 sanguine
1657 4965 1845 5021 domos
1888 4964 2026 5019 ﬁlio—

443 5067 563 5106 rum
584 5051 751 5108 Isra‘el
795 5052 1051 5108 liberans.
1087 5051 1386 5124 Sequentes
1412 5071 1542 5112 vero
1571 5056 1687 5111 dies
1708 5066 1939 5129 septem,
1969 5057 2027 5111 Id

443 5152 549 5210 est,
589 5159 621 5199 a
655 5151 843 5217 quinta
878 5145 1086 5200 decima
1124 5161 1294 5217 usque
1341 5148 1407 5202 ad
1444 5148 1753 5203 vicesimam
1786 5149 2017 5217 primam

442 5238 646 5293 mensis
666 5236 927 5305 ejusdem,
960 5237 1286 5310 Azymorum
1313 5238 1531 5309 proprie
1568 5250 1854 5303 vocantur,
1884 5240 2023 5295 sicut

441 5323 567 5380 libri
614 5335 881 5382 testantur
923 5330 1074 5399 legis.
1129 5330 1195 5385 Et
1241 5329 1506 5400 Josephus
1550 5331 1735 5385 scribit
1783 5330 1836 5384 in
1882 5330 2019 5387 libro

441 5416 838 5488 Antiquitatum
881 5430 1076 5491 quarto
1121 5420 1330 5477 decimo
1364 5422 1439 5476 ita
1487 5422 1671 5476 dicens
1705 5439 1716 5474 :
1752 5441 1770 5472 t
1814 5421 2015 5488 Quarta

441 5507 650 5564 decima
680 5509 805 5565 luna
824 5512 986 5581 primi
1018 5513 1220 5568 mensis
1248 5526 1418 5582 agnus
1451 5510 1781 5567 immolatur.
1815 5512 2013 5580 Quinta

440 5602 651 5657 decima
677 5611 856 5659 autem
885 5605 1123 5661 succedit
1169 5605 1434 5662 festivitas
1472 5605 1801 5678 Azymornm
1827 5648 1842 5672 ,
1894 5622 2013 5678 quae

438 5700 643 5765 septem
679 5695 869 5752 diebus
917 5697 1245 5753 celebratur.
1303 5696 1553 5754 Secunda
1601 5713 1733 5753 vero
1781 5697 2013 5770 Azymo-

438 5802 559 5843 rum
592 5790 700 5856 die,
722 5804 842 5860 qua
866 5798 952 5844 est
978 5798 1131 5844 sexta
1161 5799 1217 5844 et
1245 5791 1473 5858 decima,
1503 5789 1715 5862 frugum
1745 5789 2013 5862 primitias

440 5890 577 5950 quas
614 5886 825 5936 mantnt
859 5876 1110 5934 oﬁerunt.
1146 5899 1165 5933 ι
1192 5880 1362 5947 Quem
1389 5880 1635 5952 legalium
1678 5896 1882 5939 morem
1932 5897 2015 5937 sa-

2141 3395 2195 3450 in
2221 3402 2430 3465 partem
2469 3395 2632 3450 sortis
2660 3398 2968 3451 sanctorum
3010 3394 3243 3449 transire
3284 3410 3581 3465 queamus,
3634 3396 3739 3451 sin-

2139 3489 2419 3545 ceritatem
2445 3495 2501 3545 et
2532 3489 2815 3545 veritatem
2840 3496 3025 3547 tenere
3069 3502 3289 3545 necesse
3333 3496 3451 3554 est,
3494 3488 3737 3559 itemque

2140 3588 2254 3637 toto
2281 3588 2482 3637 nostrae
2524 3579 2972 3652 peregrinationis
3012 3587 3275 3651 tempore,
3305 3581 3450 3649 quod
3484 3588 3737 3650 septena-

2139 3676 2220 3731 rio
2250 3675 2460 3730 dierum
2500 3687 2727 3728 numero
2753 3664 3005 3739 volvitur,
3045 3668 3360 3742 quotidiana
3387 3671 3647 3742 profectu
3669 3672 3735 3726 ad

2142 3767 2363 3823 meliora
2407 3767 2642 3822 transire
2679 3766 3046 3847 praecipimur,
3099 3760 3251 3847 quasi
3306 3770 3363 3818 et
3414 3762 3472 3817 in
3520 3761 3731 3817 Pascha

2138 3858 2345 3928 azymis
2373 3858 2519 3913 vesci
2559 3865 2613 3913 et
2642 3857 2695 3912 in
2731 3857 2920 3913 diebus
2948 3854 3276 3933 Azymorum
3320 3854 3541 3912 Pascha
3573 3856 3734 3928 spiri-

2137 3948 2317 4017 taliter
2333 3968 2492 4024 agerc
2520 3952 2915 4025 cegnoscimur.

2701 4064 2929 4122 CAPUT
2968 4063 3148 4125 XCIII.

2415 4132 2495 4194 De
2523 4138 2743 4211 mystica
2778 4129 3443 4209 signiﬁcationePaschw.

2211 4220 2354 4288 Disc.
2387 4230 2521 4299 Quia
2557 4229 2624 4285 de
2668 4227 2930 4301 mysterio
2985 4216 3209 4293 Paschm
3253 4223 3437 4295 aliqua
3497 4220 3729 4290 dixisti,

2136 4332 2260 4395 peto
2283 4331 2342 4377 ut
2369 4323 2415 4377 si
2452 4320 2632 4392 aliqua
2660 4319 2837 4374 adhuc
2865 4318 3139 4389 supersint
3182 4315 3349 4371 dicas.
3404 4312 3545 4369 MAG.
3579 4308 3734 4369 Sunt

2136 4416 2340 4487 utique.
2402 4412 2539 4481 Quia
2592 4410 2841 4466 Aurelius
2885 4400 3216 4480 Augustinus
3263 4406 3318 4461 in
3372 4404 3607 4478 epistola
3660 4406 3727 4461 de

2135 4511 2341 4566 Pascha
2373 4508 2439 4565 ad
2466 4506 2784 4562 Ianuarium
2805 4504 2959 4576 plura
2982 4503 3110 4559 hinc
3137 4500 3322 4559 retulit
3340 4516 3511 4572 ;.qute
3540 4507 3725 4553 tamen

2135 4602 2223 4657 hic
2264 4596 2637 4656 tantummodo
2667 4608 3152 4665 commemorasse,
3204 4608 3310 4648 non
3346 4590 3593 4663 pleniter
3631 4606 3727 4661 po-

2134 4696 2324 4760 suisse,
2363 4699 2584 4764 propter
2608 4690 2930 4746 brevitatem
2966 4698 3164 4743 nostrae
3188 4682 3577 4757 disputationis
3596 4698 3726 4738 cen—

2129 4799 2328 4840 semus.
2383 4782 2666 4847 Primum,
2706 4779 2847 4851 quod
2891 4784 3013 4847 post
3062 4774 3477 4848 aequinoctium,
3513 4770 3571 4827 id
3593 4777 3682 4825 est
3708 4810 3724 4839 ,

2125 4884 2248 4950 post
2270 4876 2551 4932 victoriam
2581 4873 2715 4929 lucis
2745 4873 2812 4929 de
2839 4872 3031 4926 umbra
3082 4868 3275 4934 noctis,
3324 4864 3542 4929 Pascha
3572 4861 3722 4918 cele-

2126 4972 2355 5035 bratur,
2402 4966 2671 5040 signiﬁcat
2714 4964 2859 5036 quod
2907 4970 3029 5036 post
3063 4960 3347 5017 victoriam
3394 4956 3610 5021 Christi
3656 4954 3722 5009 de

2128 5067 2326 5125 morte,
2351 5057 2561 5114 Pascha
2601 5057 2704 5112 rite
2738 5054 3094 5112 celebramus.
3122 5051 3180 5109 In
3212 5065 3398 5107 mense
3420 5063 3718 5113 novorum,

2126 5151 2181 5206 id
2221 5158 2324 5217 est,
2361 5149 2415 5203 in
2445 5148 2683 5205 novitate
2710 5148 2868 5213 vitxe,
2916 5153 2972 5201 et
3011 5146 3064 5201 in
3104 5159 3254 5225 spem
3283 5139 3720 5198 immortalitatis

2124 5251 2180 5298 et
2234 5240 2649 5297 resurrectionis
2698 5246 2916 5309 nostrae.
2966 5237 3025 5293 In
3074 5234 3368 5307 plenilunio
3396 5274 3413 5305 ,
3456 5230 3549 5288 vel
3597 5237 3719 5303 post

2123 5332 2494 5405 plenilunium,
2526 5324 2580 5387 id
2606 5339 2707 5396 est,
2738 5329 2793 5399 in
2820 5327 3154 5401 plenitudine
3198 5316 3323 5385 ﬁdei
3351 5321 3436 5382 vel
3474 5339 3677 5407 sensus
3703 5363 3718 5388 ,

2122 5432 2178 5482 et
2200 5432 2318 5496 post
2348 5424 2673 5495 agnitionem
2716 5420 2905 5493 gratia:
2932 5420 3017 5476 vel
3045 5418 3430 5494 mysteriorum
3478 5415 3604 5470 Dei.
3656 5412 3714 5467 in

2122 5520 2281 5576 tertia
2312 5515 2647 5573 hebdomada
2677 5514 2916 5584 ejusdem
2950 5512 3174 5577 mensis,
3202 5504 3304 5565 hoc
3327 5512 3433 5573 est,
3465 5508 3518 5561 in
3547 5504 3716 5560 tertio

2121 5619 2361 5681 tempore
2397 5608 2555 5677 hujus
2591 5606 2787 5668 seaculi,
2822 5604 2875 5659 id
2904 5610 2989 5660 est
3013 5643 3028 5670 ,
3061 5612 3183 5675 post
3205 5592 3549 5677 patriarchas
3580 5603 3715 5650 ante

2115 5702 2287 5772 legem
2312 5741 2325 5763 ,
2356 5707 2476 5768 post
2498 5694 2791 5768 prophetas
2819 5696 2919 5752 sub
2942 5694 3063 5767 lege
3085 5736 3100 5761 ,
3143 5694 3196 5747 lu
3232 5693 3384 5747 initio
3415 5691 3608 5764 gratiae
3652 5694 3713 5742 et

2163 5792 2247 5845 ovi
2291 5789 2621 5844 Testainenti
2652 5786 2857 5855 Christi
2885 5786 3215 5856 triumphum
3242 5824 3257 5851 ,
3300 5784 3391 5855 qui
3421 5782 3586 5837 tertia
3614 5778 3710 5835 die

2115 5877 2415 5935 resurrexit
2435 5890 2465 5931 a
2495 5876 2724 5933 mortuis
2750 5917 2765 5946 ,
2793 5888 3134 5932 veneramur.
3172 5870 3325 5943 Quod
3352 5878 3532 5926 autem
3564 5870 3701 5922 tunc
