3946 6454
230 435 344 504 ’125

1533 413 1738 518 {mea
1775 463 1864 520 ne
1902 467 2252 530 conpare.

3397 479 3504 540 726

229 562 441 624 Pascha
468 559 573 619 rite
597 563 795 620 colitur
829 581 953 625 cum
976 565 1166 644 g1obus
1202 569 1550 672 lunaeglucem
1577 576 1643 672 de
1671 577 1813 634 infe-
1841 593 1895 652 Α
1922 591 2102 640 tamen
2155 587 2412 646 saeculum
2446 589 2504 648 in
2546 593 2882 667 propheticis
2935 595 3092 654 libris
3141 614 3243 672 pro
3292 604 3504 660 retento

229 654 467 713 rioribus
492 656 559 711 ad
584 658 863 734 superiora
890 661 1152 728 traxerit,
1188 662 1460 736 signiﬁcat
1485 682 1584 722 nos
1609 665 1808 724 debere

227 763 444 806 omnem
478 757 680 805 nostra:
705 753 903 808 mentis
941 753 1291 811 intentionem
1319 758 1386 811 ab
1409 757 1702 814 ambitione
1729 761 1808 814 vi-

225 841 468 898 sibilium
497 843 564 897 ad
593 843 943 900 invisibilium
965 862 1205 904 amorem
1234 857 1468 917 vertere,
1503 849 1809 906 Christum-

223 949 333 1004 que
354 950 459 988 non
485 934 536 988 in
560 942 708 993 terra
730 937 905 993 adhuc
932 941 1290 1010 praeliantem,
1319 944 1412 999 sed
1440 944 1496 999 in
1528 945 1682 1002 cadis
1691 943 1807 1015 jam
1836 1002 1842 1008 ,

223 1036 542 1097 regnantem
572 1027 856 1100 inspicere.
887 1032 1040 1101 Quod
1064 1033 1118 1087 in
1140 1035 1225 1089 die
1257 1035 1535 1092 Dominica
1557 1046 1807 1097 sanctum

224 1116 434 1175 Pascha
485 1121 820 1178 celebramus
846 1165 860 1191 ,
891 1125 946 1179 in
975 1143 1079 1198 qua
1105 1129 1340 1199 primum
1366 1129 1456 1186 lux
1489 1141 1673 1186 creata
1699 1139 1802 1200 est,

221 1211 471 1269 Christus
502 1231 717 1286 quoque
746 1221 1068 1287 resurrexit,
1118 1229 1173 1276 et
1200 1238 1320 1293 quae
1349 1232 1592 1280 nostram
1623 1239 1806 1280 resur-

219 1307 518 1361 rectionem
553 1309 866 1382 praeﬁgurat
890 1353 905 1380 ,
939 1313 1191 1370 admonet
1220 1332 1318 1371 nos
1356 1331 1452 1388 per
1476 1316 1651 1372 lucem
1680 1317 1804 1374 ﬁdei

219 1407 274 1456 et
328 1403 591 1458 bonorum
638 1421 861 1475 operum
909 1410 1152 1478 quotidie
1201 1410 1546 1484 passionihus
1598 1411 1804 1468 Christi

215 1494 681 1550 communicantes
708 1497 932 1568 gloriam
956 1516 1077 1554 cum
1097 1514 1161 1553 eo
1186 1501 1472 1555 tenendam
1494 1499 1806 1559 desiderare

216 1583 516 1638 crelestem.
561 1586 714 1653 Quod
748 1604 876 1661 ergo
901 1600 1106 1661 septem
1131 1593 1320 1647 diebus
1350 1593 1491 1647 hanc
1524 1595 1804 1649 sanctissi-

213 1689 359 1726 mam
403 1674 630 1731 colimus
658 1678 1079 1748 solemnitatem,
1107 1682 1344 1753 Spiritus
1370 1686 1541 1739 sancti
1571 1686 1803 1753 gratiam

215 1768 486 1838 signiﬁcat
535 1781 702 1826 totam
750 1775 1046 1831 Ecclesium
1095 1778 1401 1834 illustrasse
1452 1782 1799 1837 catholicam.

215 1860 346 1928 Quae
377 1864 551 1933 gratia
604 1876 726 1935 post
775 1871 1229 1928 resurrectionem
1264 1870 1465 1934 Christi
1519 1875 1804 1934 nianifeste

1910 678 2147 748 positum
2181 684 2484 754 reperimus
2504 728 2520 756 ,
2551 688 2691 745 sicut
2720 701 2806 748 est
2840 689 2974 756 illud
2996 691 3299 758 Psahuistae
3323 714 3336 752 :
3362 696 3499 752 Con-

1909 768 2133 838 ﬁtemim'
2159 771 2384 832 Domino
2410 781 2662 850 quoniam
2693 783 2858 846 bonus
2882 824 2901 853 ι
2933 787 3188 859 quoniam
3232 785 3291 842 in
3327 804 3497 846 sarcu-

1911 859 2022 918 lum
2059 867 2422 928 misericordia
2467 875 2627 946 ejus,
2672 887 2722 940 at
2774 876 3014 942 laudatio
3067 880 3186 952 ejus
3233 890 3410 948 mea
3438 881 3497 940 in

1910 957 2164 1014 surculum
2204 962 2409 1019 surculi.

2480 1057 2709 1122 CAPUT
2741 1059 2924 1128 XCVI-

2527 1157 2607 1214 De
2629 1159 2891 1224 Motibus.

1981 1241 2128 1299 Drsc.
2183 1243 2338 1305 Nunc
2383 1248 2498 1322 jam
2549 1250 2792 1310 libellum
2855 1264 3058 1318 nostrae
3113 1257 3493 1330 disputationis

1908 1333 2165 1394 claudens
2190 1379 2206 1406 ,
2237 1341 2378 1398 unde
2407 1344 2619 1400 dicatur
2663 1355 2795 1403 retas
2821 1348 3007 1420 profer
3032 1387 3050 1418 ,
3081 1358 3136 1406 et
3163 1351 3292 1420 quid
3327 1351 3496 1422 signi-

1907 1424 2054 1493 ﬁcet,
2085 1437 2140 1486 et
2167 1431 2296 1501 quid
2321 1433 2376 1490 in
2406 1449 2464 1490 se
2493 1436 2788 1502 contineat,
2834 1448 2893 1495 ut
2930 1441 3004 1496 ita
3030 1439 3255 1496 solvaris
3280 1442 3498 1498 tandem

1908 1535 1938 1574 a
1968 1537 2102 1576 meae
2133 1524 2572 1598 interrogationis
2619 1532 2836 1589 stimulo
2861 1543 2920 1594 et
2969 1541 3072 1589 tuae
3126 1533 3496 1604 responsionis

1907 1613 2108 1670 debito.
2133 1617 2272 1673 MAG.
2305 1619 2545 1675 Faciam.
2577 1623 2643 1676 Et
2669 1624 2876 1678 utinam
2901 1626 2977 1680 sic
3004 1625 3185 1680 saltim
3206 1624 3274 1678 ab
3295 1625 3498 1696 impor-

1907 1707 2136 1762 tunitate
2165 1717 2251 1762 tua
2283 1710 2550 1780 quiescas,
2581 1723 2633 1768 et
2659 1713 2909 1770 feriatum
2936 1716 3132 1787 stylum
3162 1729 3260 1786 per
3279 1713 3498 1784 aliquod

1907 1805 2120 1867 tempus
2156 1815 2240 1853 nte
2267 1802 2468 1858 habere
2493 1806 2797 1874 permittas.
2824 1807 2980 1863 {Etas
3002 1809 3320 1879 plerumque
3355 1807 3494 1862 dici-

1908 1895 1999 1946 tur
2025 1902 2079 1944 et
2104 1907 2202 1968 pro
2226 1909 2332 1948 uno
2357 1911 2516 1960 anno,
2544 1906 2604 1952 ut
2627 1899 2678 1958 in
2704 1901 3004 1966 annalibus,
3046 1910 3099 1956 et
3123 1916 3220 1972 pro
3247 1908 3452 1972 septem
3478 1939 3495 1966 ,

210 1955 472 2023 apostolis
507 1966 562 2010 et
603 1959 816 2014 caeteris
850 1961 1045 2016 collata
1091 1971 1175 2017 est
1204 1963 1470 2018 ﬁdelibus.
1523 1961 1651 2020 [hec
1701 1982 1801 2022 nos
1830 1978 1878 2037 Β
1907 1989 1968 2035 ιη
1992 1955 2224 2038 ιιοηίίηίε
2253 2027 2268 2051 ,
2314 1995 2368 2040 (τι
2404 2004 2503 2057 pro
2544 2001 2781 2056 centum,
2811 2004 2867 2048 οι
2893 2010 2991 2064 pro
3014 1994 3205 2063 qum-is
3232 2002 3494 2062 tempore,

207 2046 455 2102 breviter
482 2065 940 2110 commemorasse
971 2054 1220 2116 sulliciat.
1263 2054 1538 2118 Caeterum-
1563 2059 1657 2128 qui
1686 2058 1802 2128 pie-

209 2141 338 2195 nius
362 2143 476 2197 vult
507 2161 664 2202 nosse
693 2188 708 2215 ,
738 2147 885 2221 legat
922 2152 1235 2222 praedictam
1275 2152 1559 2222 epistolam
1579 2195 1594 2222 ,
1627 2163 1683 2210 et
1727 2155 1802 2209 ibi

207 2231 478 2291 inveniet.

779 2332 1006 2396 CAPUT
1046 2333 1228 2394 XCIV.

597 2415 675 2478 De
711 2424 909 2481 circulo
941 2445 1130 2498 magno
1154 2430 1416 2499 paschali.

275 2511 526 2568 Circulus
556 2515 781 2571 Pascha:
804 2535 1033 2589 magnus
1057 2529 1140 2575 est
1167 2523 1284 2592 qui,
1311 2521 1672 2594 multiplicato
1697 2539 1801 2596 per

204 2605 438 2662 invicem
473 2604 636 2664 sola'ri
685 2627 748 2666 ac
797 2612 972 2667 lunari
1013 2614 1184 2685 cyclo,
1215 2617 1526 2688 quingentis
1576 2617 1798 2688 triginta

203 2699 418 2756 duobus
465 2703 752 2759 conﬁcitur
793 2706 971 2760 annis.
1021 2705 1150 2762 Sive
1206 2710 1353 2762 enim
1396 2711 1576 2766 decies
1612 2713 1799 2766 novies

201 2793 380 2849 viceni
414 2804 470 2850 et
502 2799 702 2866 octeni,
752 2816 847 2855 seu
894 2801 1065 2857 vicies
1108 2803 1281 2859 octies
1323 2805 1446 2859 deni
1487 2822 1554 2861 ac
1600 2808 1803 2868 uoveni

200 2886 648 2957 multiplicantur,
692 2893 1114 2962 quingentorum
1164 2896 1384 2966 triginta
1421 2897 1650 2953 duorum
1692 2916 1796 2953 nu-

200 2991 414 3031 merum
442 2980 732 3049 complent.
762 2982 916 3038 Unde
954 2984 1014 3038 ﬁt
1045 2995 1103 3040 ut
1131 2987 1274 3050 idem
1305 2989 1542 3052 circulus
1571 3006 1799 3066 magnus

198 3066 707 3127 decennovennales
753 3073 892 3129 luna:
930 3077 1162 3134 circulos
1220 3081 1410 3150 viginti
1461 3092 1584 3138 octo
1613 3124 1628 3151 ,
1666 3085 1797 3142 solis

197 3171 379 3215 autem
414 3203 429 3229 ,
469 3163 559 3232 qui
598 3165 803 3221 vicenis
850 3170 1166 3240 octenisque
1212 3176 1581 3228 consummari
1622 3176 1800 3231 solent

197 3253 378 3319 annis,
409 3255 595 3309 decem
630 3265 686 3312 et
725 3273 922 3314 novem
949 3261 1147 3316 habeat
1185 3263 1424 3320 circulos
1452 3307 1474 3338 τ
1519 3267 1793 3322 bissextus

1911 2077 2064 2134 Unde
2091 2087 2144 2136 et
2172 2089 2304 2137 tetas
2331 2082 2526 2137 dicitur
2551 2091 2759 2154 tempus
2782 2086 2924 2154 quod
2965 2085 3030 2139 de
3056 2083 3239 2138 multis
3283 2082 3497 2137 saeculis

1907 2168 2217 2224 instruitur.
2249 2171 2316 2225 Et
2346 2172 2488 2227 dicta
2512 2184 2643 2229 {etas
2676 2175 2829 2243 quasi
2863 2174 3070 2240 zevitas,
3099 2175 3148 2228 id
3170 2182 3276 2239 est,
3304 2172 3496 2228 simili-

1908 2260 2039 2314 tudo
2060 2259 2179 2314 aevi.
2206 2260 2343 2316 Nam
2364 2278 2540 2317 aevum
2564 2274 2650 2318 est
2679 2274 2812 2320 aetas
2833 2273 3116 2336 perpetua,
3142 2263 3294 2332 cujus
3322 2277 3497 2332 neque

1905 2349 2120 2406 initium
2149 2367 2324 2424 neque
2359 2359 2660 2416 extremum
2698 2354 2959 2412 noscitur.
2995 2354 3147 2426 Quod
3177 2353 3354 2412 Graeci
3399 2367 3498 2407 vo-

1908 2449 2034 2496 cant
2085 2459 2282 2510 wonas,
2327 2445 2471 2513 quod
2507 2445 2796 2516 aliquando
2838 2448 2980 2518 apud
3014 2462 3109 2502 cos
3129 2462 3227 2517 pro
3251 2446 3448 2502 saeculo
3479 2487 3493 2512 ,

1905 2533 2196 2604 aliquando
2219 2550 2319 2605 pro
2343 2545 2547 2591 teterno
2588 2538 2826 2608 ponitur.
2868 2538 3023 2594 Unde
3062 2547 3118 2592 et
3153 2538 3296 2608 apud
3340 2535 3492 2590 Lati-

1903 2641 2002 2680 nos
2041 2627 2342 2681 derivatum
2369 2629 2472 2682 hoc
2500 2645 2696 2685 nomen
2727 2640 2831 2686 est.
2867 2630 3025 2686 {Etas
3052 2640 3230 2686 autem
3275 2629 3495 2700 proprie

1904 2715 2116 2771 duobus
2137 2719 2312 2774 modis
2336 2719 2536 2774 dicitur
2563 2739 2576 2775 :
2605 2731 2699 2776 aut
2726 2724 2870 2777 enim
2915 2724 3151 2779 hominis
3188 2723 3313 2778 vitae
3359 2731 3494 2777 tern-

1901 2808 2106 2879 poralis
2130 2809 2398 2880 signiﬁcat
2425 2813 2705 2879 articulos,
2734 2818 2874 2869 sicut
2899 2823 2983 2870 est
3009 2814 3261 2882 infantia,
3304 2813 3494 2884 juven-

1903 2907 2011 2964 tus,
2037 2909 2318 2968 senectus;
2369 2915 2462 2957 aut
2517 2907 2702 2959 mundi
2728 2921 2950 2960 cursum
2977 2947 2991 2972 ,
3019 2917 3078 2961 ut
3105 2906 3217 2962 sint
3237 2921 3332 2962 sex
3356 2915 3490 2960 teta-

1901 2999 1985 3047 tes
2037 2991 2446 3062 famosissima,
2511 3012 2648 3074 quas
2698 2997 2821 3052 libri
2883 3005 3237 3052 tractatorum
3295 2995 3496 3066 saepius

1900 3093 2226 3137 memorant.
2269 3083 2374 3139 Sed
2412 3086 2539 3155 quia
2583 3087 2648 3141 de
2694 3096 2923 3158 utraque
2970 3097 3130 3144 aetate
3158 3086 3275 3158 jam
3312 3087 3492 3160 aliqua

1897 3176 2320 3247 prmlibavimus,
2353 3180 2608 3250 deinceps
2640 3181 2798 3235 simul
2837 3181 2903 3236 de
2938 3182 3187 3252 utrisque
3224 3180 3488 3236 dicemus.

1971 3268 2015 3324 Ι.
2062 3268 2248 3324 Prima
2289 3279 2376 3326 est
2418 3288 2548 3344 ergo
2590 3274 2774 3330 mundi
2812 3273 2972 3344 hujus
3019 3283 3154 3328 aetas
3198 3275 3266 3330 ab
3313 3273 3488 3334 Adam

197 3341 381 3400 decies
417 3346 605 3406 novies
635 3357 909 3418 septenos,
942 3351 998 3405 id
1022 3361 1123 3418 est,
1154 3363 1374 3416 centum
1407 3357 1630 3429 triginta
1659 3367 1788 3427 tres,
1820 3339 1866 3404 α
1898 3377 2070 3432 usque
2110 3364 2179 3419 ad
2222 3363 2334 3418 Noe
2360 3404 2375 3432 ,
2420 3365 2703 3421 continens
2749 3380 2919 3422 annos
2966 3366 3120 3438 juxta
3168 3364 3490 3421 l’lebraicam

196 3452 417 3493 menses
445 3438 651 3498 solares
676 3442 844 3500 vicies
871 3445 1042 3500 octies
1065 3447 1324 3511 ducentos
1345 3450 1533 3524 viginti
1561 3460 1616 3508 et
1645 3463 1790 3523 octo,

195 3529 248 3588 id
272 3540 383 3597 est,
421 3549 517 3592 sex
545 3534 712 3591 millia
741 3546 1013 3594 trecentos
1036 3542 1312 3616 octoginta
1345 3555 1578 3615 quatuor
1598 3587 1613 3615 ,
1642 3564 1793 3606 men-

193 3638 280 3677 ses
297 3634 485 3680 autem
499 3625 718 3682 lunares.
733 3629 899 3684 vicies
916 3632 1088 3687 octies
1105 3634 1368 3692 ducentos
1392 3638 1612 3710 triginta
1629 3641 1790 3711 quin-

191 3729 322 3784 que,
357 3717 408 3770 id
436 3725 544 3783 est,
569 3717 814 3775 Wanxx
836 3723 973 3790 dies,
1001 3728 1244 3800 exceptis
1276 3730 1531 3787 bissextis
1559 3771 1573 3799 ,
1623 3733 1789 3790 vicies

189 3808 401 3873 octies,
438 3824 835 3880 \‘IDCCCCXXXV,
867 3815 921 3870 id
948 3825 1029 3872 est
1055 3859 1071 3884 ,
1121 3820 1482 3888 meum,
1525 3827 1788 3895 appositis

190 3907 376 3953 autem
406 3901 662 3960 bissextis
689 3946 703 3972 ,
760 3909 1153 3979 ccexvn,
1183 3916 1274 3985 qui
1307 3918 1393 3971 ubi
1427 3929 1786 3976 memoratum

191 4006 256 4044 ex
289 3992 481 4049 ordine
515 3997 779 4056 mensium
816 4001 1135 4079 dierumque
1180 4022 1450 4069 smmuam
1481 4012 1784 4083 compleve-

192 4081 285 4148 rit,
319 4099 448 4142 mox
478 4085 534 4140 in
576 4089 814 4159 seipsum
845 4093 1142 4162 revolutus,
1176 4109 1371 4158 cuncta
1405 4118 1525 4173 qua}
1555 4081 1622 4164 ad
1654 4107 1786 4163 solis

191 4175 274 4229 vel
304 4177 446 4236 lunae
471 4195 689 4238 cursum
714 4186 1014 4256 pertinent,
1047 4191 1238 4251 eodem
1267 4210 1376 4265 quo
1403 4199 1785 4266 praeterierunt

192 4280 409 4340 semper
464 4278 653 4329 tenore
708 4286 998 4340 restaurat.
1030 4280 1261 4339 Tantum
1311 4289 1441 4344 anui
1492 4292 1784 4348 Dominiae

193 4357 585 4419 incarnationis
615 4381 716 4422 suo
748 4377 897 4425 certe
926 4374 1144 4434 tramite
1187 4376 1480 4447 proficiant
1502 4380 1558 4434 in
1585 4383 1781 4453 majus,

191 4460 244 4506 et
265 4453 592 4514 indictiones
617 4474 832 4534 quoque
865 4463 1108 4522 ferantur
1138 4467 1190 4522 in
1239 4469 1431 4526 ordine
1460 4513 1476 4539 ,
1526 4474 1602 4528 nil
1647 4475 1786 4530 side-

193 4557 308 4600 rum
335 4562 554 4608 cursum
583 4559 745 4624 atque
773 4555 894 4611 ideo
921 4555 995 4612 nil
1021 4559 1293 4628 paschalis
1317 4562 1509 4620 calculi
1537 4567 1783 4622 ordinem

193 4648 427 4695 laevent.

1122 3820 1264 3827 *-

767 4737 998 4803 CAPUT
1035 4741 1194 4804 XCV.

807 4834 887 4890 De
913 4836 1142 4896 swculis.

258 4918 406 4976 Disc.
437 4920 574 4992 Quia
627 4924 695 4982 de
748 4933 1052 4998 temporum
1103 4932 1393 5002 particulis
1435 4945 1494 4999 et
1538 4941 1777 5009 computi

193 5011 400 5076 ratione
428 5014 680 5086 pleniter,
711 5032 977 5091 quantum
1002 5025 1242 5081 brevitas
1275 5028 1474 5100 dialogi
1501 5036 1674 5093 nostri
1705 5034 1777 5094 si-

191 5105 374 5174 nebat,
400 5111 739 5180 exposuisti,
772 5124 1020 5185 superest
1049 5126 1106 5172 ut
1130 5118 1198 5174 de
1227 5121 1446 5188 smculu,
1477 5126 1620 5192 quod
1653 5137 1778 5197 post

193 5208 390 5252 annum
418 5199 474 5255 in
504 5202 643 5258 serie
690 5212 994 5276 temporum
1023 5211 1251 5280 posuisti
1282 5253 1296 5278 ,
1334 5214 1574 5272 breviter
1602 5219 1771 5282 dicas.

193 5287 326 5347 Mue.
361 5293 566 5358 Sazcula
597 5301 1036 5369 generationibus
1060 5315 1330 5362 constant.
1385 5309 1453 5362 Et
1499 5310 1628 5366 inde
1679 5329 1777 5370 sa:-

193 5384 305 5441 rula
337 5388 592 5445 dicuntur
631 5393 776 5466 quod
808 5410 868 5448 se
915 5408 1233 5465 sequantur,
1264 5399 1608 5458 Abeuntibus
1632 5405 1778 5460 enim

193 5474 326 5541 aliis,
355 5480 448 5534 alii
472 5483 788 5540 succedunt.
828 5485 982 5542 llunc
1008 5489 1230 5558 quidam
1267 5493 1776 5566 quinquagesimum

195 5577 392 5626 annum
421 5572 624 5638 dicunt,
658 5590 818 5645 quem
868 5576 1080 5636 Hebraei
1117 5579 1402 5650 jubilaenm
1443 5594 1657 5644 vocant.
1695 5586 1776 5643 0b

194 5651 326 5712 hanc
355 5676 576 5719 causam
605 5674 660 5721 et
689 5665 779 5722 ille
804 5665 1066 5724 Hebraeus
1096 5672 1188 5738 qui
1217 5684 1436 5746 propter
1467 5693 1697 5734 uxorem
1721 5687 1778 5734 et

194 5740 385 5805 liberos
439 5768 628 5810 amans
677 5755 956 5814 dominum
999 5775 1157 5814 suum
1210 5776 1341 5818 aure
1388 5776 1643 5838 pertonsa
1681 5778 1775 5824 aut

192 5845 405 5902 servitio
432 5849 752 5920 subjugatus
783 5855 990 5910 servire
1025 5854 1248 5924 jubctur
1280 5860 1333 5913 in
1365 5863 1643 5930 sa’culuut,
1670 5864 1774 5920 hoc

191 5946 303 6007 est,
340 5958 510 6020 usque
550 5947 619 6002 ad
649 5963 850 6006 annum
885 5952 1412 6026 quinquagesimum.
1465 5958 1772 6030 Aliquando

1895 3455 2184 3516 veritatem
2229 3457 2377 3511 mille
2420 3469 2707 3513 sexcentos
2757 3459 3146 3530 quinquaginta
3184 3473 3299 3523 sex,
3332 3456 3488 3528 juxta

1897 3547 2252 3620 Septuaginta
2277 3549 2606 3622 lnterprctes
2628 3551 2874 3614 iicchu.
2907 3547 3298 3604 Generationes
3332 3547 3488 3626 juxta

1894 3650 2185 3714 utramque
2212 3643 2504 3700 editionem
2538 3659 2765 3699 numero
2803 3643 3010 3708 decem.
3042 3644 3173 3714 Qua:
3197 3642 3489 3700 universali

1895 3742 1978 3788 est
2015 3732 2190 3788 deleta
2237 3734 2459 3790 diluvio.

1966 3824 2120 3880 Sicut
2165 3826 2400 3897 primam
2436 3826 2699 3898 cujusque
2755 3826 2993 3884 hominis
3031 3826 3231 3884 oblivio
3273 3827 3487 3882 demer-

1890 3933 2018 3990 gere
2057 3919 2338 3982 consuevit
2365 3927 2604 3986 aetatem,
2633 3928 2832 3990 quotus
2851 3920 3080 3996 quisque
3108 3927 3192 3978 est
3217 3919 3313 3996 qui
3333 3934 3487 3984 suam

1889 4009 2207 4066 recordetur
2238 4011 2541 4073 infantiam.

1959 4101 2023 4156 ll.
2053 4101 2303 4158 Secunda
2335 4111 2465 4157 aetas
2493 4118 2523 4156 a
2553 4101 2668 4158 Noe
2693 4118 2866 4174 usque
2903 4104 2972 4160 ad
3014 4102 3296 4160 Abraham
3320 4143 3340 4174 ,_
3389 4119 3484 4176 ge-

1888 4195 2200 4250 nerationes
2224 4235 2237 4259 ,
2265 4194 2420 4266 juxta
2447 4193 2767 4250 ilebraicam
2797 4195 3177 4258 auctoritatem
3202 4194 3485 4268 complexa

1889 4288 2098 4354 decem,
2122 4303 2294 4342 annos
2325 4295 2504 4342 autem
2534 4288 2797 4343 ducentos
2838 4290 3128 4360 nonaginta
3153 4289 3310 4353 duos,
3329 4286 3484 4364 juxta

1889 4378 2243 4450 Septuaginta
2273 4378 2602 4449 lnterprctes
2629 4380 2756 4438 anui
2783 4378 2928 4442 mille
2962 4388 3299 4456 septuaginta
3336 4387 3442 4434 duo
3466 4417 3482 4444 ,

1887 4471 2268 4544 generationes
2297 4485 2425 4526 vero
2454 4470 2728 4526 undecim.

1959 4564 2084 4620 Haec
2122 4566 2277 4634 quasi
2328 4564 2561 4633 pueritia
2620 4564 2724 4618 fuit
2765 4564 2979 4642 generis
3014 4564 3198 4636 populi
3234 4563 3358 4620 Det.
3414 4563 3482 4618 Et

1889 4657 2010 4714 ideo
2036 4659 2092 4720 in
2116 4657 2298 4728 lingua
2323 4657 2540 4712 inventa
2568 4666 2652 4710 est
2677 4654 2925 4722 Hebraza,
2952 4654 3007 4710 id
3027 4663 3130 4724 est,
3163 4670 3195 4710 a
3222 4655 3478 4728 pueritia.

1887 4751 2132 4820 Namque
2178 4751 2340 4804 homo
2387 4749 2577 4818 incipit
2621 4764 2783 4804 nosse
2822 4748 2969 4820 loqui
3017 4756 3140 4819 post
3189 4747 3478 4804 infantiam

1885 4860 2004 4914 qua:
2040 4844 2165 4898 hinc
2199 4842 2461 4916 appellata
2491 4853 2572 4898 est
2595 4843 2740 4913 quod
2762 4841 2864 4898 l'ari
2892 4858 2998 4896 non
3029 4850 3229 4912 potest.

1953 4933 2038 4988 lll.
2065 4933 2248 4987 Tertia
2271 4933 2338 4986 ab
2361 4933 2637 4989 Abraham
2670 4950 2839 5004 usque
2866 4933 3058 5001 David,
3101 4933 3478 5006 generationes

1877 5026 2031 5100 juxta
2082 5036 2368 5096 utramque
2416 5027 2797 5090 auctoritatem
2823 5027 3254 5099 quattuordecim,
3305 5040 3478 5090 annos

1884 5131 2065 5176 autem
2096 5136 2370 5178 uccccxut
2402 5121 2786 5191 complectens.

1956 5213 2083 5268 Haec
2111 5212 2256 5268 velut
2281 5214 2528 5284 quaedam
2569 5212 2934 5270 adolescentia
2978 5211 3080 5266 fuit
3105 5209 3306 5288 populo
3336 5210 3433 5268 Dei
3459 5252 3472 5277 ,

1885 5323 1916 5366 ξι
1939 5324 2044 5378 qua
2070 5317 2234 5364 aetate
2277 5309 2468 5380 incipit
2507 5310 2669 5364 homo
2695 5323 2856 5378 posse
2879 5322 3161 5378 generare.
3179 5307 3473 5378 Propterea

1884 5398 2171 5456 Matthaeus
2220 5401 2551 5470 evangelista
2601 5401 3016 5471 generationum
3063 5416 3132 5458 ex
3194 5400 3469 5465 Abraham

1883 5495 2112 5565 sumpsit
2138 5495 2458 5561 exordium;
2489 5495 2582 5565 qui
2627 5495 2793 5552 etiam
2819 5504 2975 5565 pater
2994 5496 3238 5567 gentium
3270 5497 3472 5560 consti-

1882 5593 2030 5642 tutus
2065 5596 2148 5642 est
2189 5587 2408 5656 quando
2442 5595 2709 5651 mutatum
2751 5603 2950 5652 nomen
2994 5589 3223 5659 accepit.

1952 5682 2039 5737 ιγ.
2066 5683 2271 5749 Quarta
2315 5700 2347 5740 a
2385 5683 2556 5737 David
2604 5699 2778 5753 usque
2825 5685 2896 5744 ad
2935 5685 3467 5756 transmigrationem

1876 5773 2186 5844 Babylonis,
2215 5791 2389 5831 annos
2415 5777 2622 5834 habens
2639 5777 2794 5847 juxta
2818 5776 3145 5834 Hebraicam
3182 5778 3468 5838 veritatem

1876 5865 2302 5936 quadringentos
2342 5868 2684 5944 septuaginta
2731 5877 2840 5926 tres
2863 5909 2880 5938 ,
2916 5872 3074 5940 juxta
3117 5869 3467 5940 Septuaginta

1876 5961 2288 6017 translationem
2316 5959 2597 6017 duodecim
2619 5962 2868 6036 amplius,
2909 5962 3288 6036 generationes
3309 5961 3463 6034 juxta
