3946 6460
470 412 577 471 727

1145 403 1207 460 Β.
1247 401 1504 460 mem
1541 400 1765 462 MAURI
1799 376 2119 459 suam;
2154 396 2464 457 uocum.
2502 396 2790 457 OPERUM
2826 394 3010 455 pars
3042 393 3087 451 1.

3652 398 3764 456 πε

464 532 729 594 utrosque
784 518 997 578 codices
1036 520 1222 574 decem
1280 526 1335 574 et
1397 526 1603 588 septem
1628 560 1644 586 ,
1686 533 1822 589 quas
1862 528 2043 575 tamen
2071 522 2125 582 Α
2219 516 2306 575 VI.
2338 516 2501 572 Sexta
2525 556 2540 584 ,
2567 531 2688 588 qua
2712 529 2857 571 nunc
2901 514 3077 585 agitur
3103 554 3119 581 ,
3155 524 3288 572 atas
3312 553 3328 581 ,
3369 516 3530 571 nulla
3591 528 3765 587 gene-

467 614 799 686 evangelista
840 611 1121 667 Matthaus
1153 613 1289 666 certi
1316 611 1561 683 mysterii
1588 612 1762 683 gratia
1790 622 2050 682 quatuor‘

466 709 643 765 decim
683 706 864 778 ponit,
894 720 925 761 a
945 719 1072 777 qua,
1097 702 1243 760 velut
1266 703 1490 775 juvenili
1515 704 1679 760 a‘etate
1707 744 1723 771 ,
1764 704 1821 759 in
1854 703 2051 776 popqu

467 800 565 857 Dei
624 813 813 870 regum
856 805 1103 868 tempora
1157 805 1457 868 coeperunt.
1513 794 1641 852 Hac
1702 810 1937 866 namque
1995 796 2052 851 in

466 889 778 948 hominibus
843 895 971 944 atas
1036 895 1163 959 apta
1217 888 1568 960 gubernando
1630 886 1767 943 solet
1820 886 2054 943 existere

463 1000 650 1058 regno.

535 1077 600 1132 V.
643 1074 864 1143 Quinta,
893 1075 1070 1147 quasi'
1082 1074 1269 1133 senilis
1288 1082 1421 1132 atas
1447 1115 1462 1142 ,
1503 1090 1535 1130 a
1572 1072 2052 1144 transmigratione

462 1168 753 1240 Babylonis
800 1184 972 1240 usque
1035 1171 1326 1227 adventum
1380 1169 1597 1225 Domini
1649 1168 1946 1224 Salvatoris
1996 1168 2051 1223 in

462 1276 682 1317 carnem
706 1302 723 1327 ,
802 1262 1246 1332 generationibus
1312 1271 1369 1319 et
1422 1263 1539 1333 ipsa
1589 1262 1998 1333 quatuordecim
2030 1302 2047 1329 ,

460 1368 625 1423 porro
676 1353 833 1407 anuis
872 1355 1181 1426 quingentis
1233 1353 1507 1428 octoginta
1556 1370 1751 1410 novem
1789 1361 2047 1420 extenta;

462 1442 518 1497 in
548 1458 685 1512 qua,
731 1451 792 1498 ut
836 1445 988 1514 gravi
1023 1451 1298 1501 senectute
1315 1444 1481 1512 fessa,
1507 1444 1665 1501 malis
1687 1444 2053 1501 crebrioribus

460 1535 616 1606 plebs
640 1535 868 1593 Hebraea
889 1544 1199 1609 quassatur.

2156 613 2426 669 rationum
2456 611 2543 667 vel
2570 619 2871 683 temporum
2899 611 3041 667 serie
3065 617 3237 676 certa,
3267 608 3365 665 sed
3393 616 3455 663 ut
3484 615 3641 664 atas
3672 610 3765 668 de-

2159 703 2380 774 crepita,
2414 702 2528 772 ipsa
2555 702 2721 757 totius
2743 700 2923 758 saculi
2951 707 3127 756 morte
3153 700 3558 757 consumenda.

2229 794 2339 850 llas
2365 809 2697 850 arumnosas
2725 794 3020 865 plenasque
3062 792 3339 849 laboribus
3379 790 3593 847 mundi
3639 799 3762 849 aa-

2159 894 2243 944 tes
2269 887 2467 958 quique
2497 885 2639 941 felici
2662 894 2837 941 morte
2865 886 3127 941 vicerunt.

2232 977 2342 1035 VII.
2367 978 2609 1050 Septima
2629 977 2743 1048 jam
2768 978 2976 1033 sabbati
3009 977 3262 1047 perennis
3288 983 3454 1033 atate
3486 979 3755 1048 suscepti.

2226 1071 2359 1128 VIII.
2410 1071 2667 1127 Octavam
2720 1071 2894 1126 beatae
2946 1070 3362 1126 resurrectionis
3396 1078 3638 1124 atatem
3666 1111 3683 1135 ,
3708 1073 3756 1126 in

2154 1179 2262 1237 qua
2311 1179 2524 1234 semper
2557 1179 2681 1220 cum
2717 1163 2944 1218 Domino
2975 1171 3201 1234 regnent
3230 1202 3245 1229 ,
3285 1169 3649 1232 exspectant.
3686 1164 3755 1220 Ad

2157 1273 2318 1329 quam
2339 1272 2438 1313 nos
2464 1255 2693 1313 feliciter
2715 1271 2810 1311 sua
2837 1255 3010 1327 gratia
3037 1256 3322 1327 pervenire
3341 1257 3464 1327 ipse
3490 1256 3755 1311 concedat

2158 1351 2252 1423 qui
2280 1357 2472 1406 cuncta
2501 1357 2745 1420 tempora
2772 1356 3086 1414 creaverat,
3118 1357 3172 1403 et
3198 1348 3520 1403 aternitate
3551 1362 3754 1417 semper

2160 1451 2344 1499 manet
2383 1442 2651 1513 perenni,
2702 1441 2875 1496 trinus
2920 1431 2975 1496 et
3014 1456 3154 1495 unus
3188 1440 3554 1512 omnipotens
3580 1439 3753 1507 Dens,

2078 1548 2129 1609 Β
2155 1536 2248 1607 qui
2272 1540 2356 1590 est
2374 1534 2690 1590 benedictus
2717 1532 2774 1588 in
2801 1532 3020 1588 sacula.
3046 1531 3237 1587 Arnen.

1696 1699 1707 1729 :
1732 1699 1741 1729 :
1760 1700 1765 1729 Ι
1785 1687 3738 1729 ΞΕΜ-η--ἶ-ᾙ.
3498 1713 3506 1717 .

3299 1708 3443 1720 (ια-...η

1054 1862 1628 1976 BEATI
1703 1863 2060 1978 ΒΔΕ

2172 1859 2448 1975 [NI
2521 1858 3141 1980 MAUBI

1210 2077 1595 2137 FULDENSIS
1629 2076 1923 2135 ABBATIS
1957 2077 2048 2134 ET
2086 2075 2471 2136 MOGUNTINI
2506 2076 3031 2136 ARCHIEPISCOPI

463 2265 2060 2429 COMMENTARIORI

2172 2272 2271 2423 li
2352 2267 2556 2422 ΙΝ
2609 2263 3483 2426 MATTHZE

1565 2538 1781 2602 LIBRI
1824 2537 2066 2601 ocro.
2113 2538 2358 2619 (ANNO
2400 2538 2716 2603 sesama

3330 2600 3343 2609 ο

1857 2835 2391 2918 PRJEFATIO

1157 3026 1164 3043 ’
1196 3017 1294 3075 AD
1325 3013 1825 3076 HAISTULPHUM
1860 3013 2468 3075 ARCHIEPISCOPUM
2497 3011 2984 3075 MOGUNTINUM.

529 3290 762 3349 Domino
806 3289 1122 3348 beatissimo
1163 3302 1230 3344 ac
1277 3288 1477 3346 merito
1516 3286 1843 3352 venerabili,
1898 3292 1956 3342 et
1998 3286 2057 3342 in
2082 3287 2130 3355 C
2160 3285 2309 3342 naris
2359 3283 2711 3342 Laodicensis
2756 3283 3221 3359 [Apollinariique
3273 3284 3607 3360 Laodiceni]
3639 3327 3658 3354 ,
3700 3301 3756 3343 ac

463 3392 759 3457 conspectu
781 3382 997 3439 Domini
1026 3382 1238 3438 sincera
1260 3380 1528 3436 charitate
1554 3378 1878 3435 charissimo
1905 3375 2058 3433 Patri

466 3478 813 3535 HAIBTULPHO
835 3473 1264 3544 archiepiscopo,
1288 3472 1541 3527 Russus
1570 3469 1823 3540 indignus
1842 3466 2061 3539 presby-

465 3581 552 3629 ter
572 3580 790 3627 aeterna
816 3571 968 3641 pacis
999 3570 1057 3625 in
1091 3568 1311 3626 Christo
1335 3575 1490 3640 optat
1510 3566 1763 3623 salutem.

539 3664 748 3720 Memor
782 3661 926 3718 illius
948 3663 1205 3733 pracepti
1248 3662 1393 3733 quod
1438 3676 1537 3731 per
1586 3674 1685 3715 vas
1736 3657 1841 3715 sibi
1876 3665 2061 3731 aptum

463 3754 594 3811 olim
643 3752 921 3824 Sapientia
964 3752 1227 3824 protulit,
1259 3752 1451 3829 dicens
1479 3769 1493 3805 :
1522 3749 1593 3806 In
1620 3757 1733 3805 tota
1761 3750 1941 3806 anima
1968 3757 2062 3803 tua

466 3848 590 3901 time
612 3845 809 3913 Deum,
846 3855 894 3900 et
918 3845 1216 3901 sacerdotes
1243 3845 1359 3915 ejus
1384 3842 1698 3913 sanctiﬁca;
1728 3842 1914 3897 datum
1939 3840 2061 3895 bra-

464 3941 705 3996 chiorum
734 3951 947 3997 tuorum
969 3950 1019 3996 et
1038 3939 1362 4010 sacriﬁcium
1406 3939 1845 4009 sanctiﬁcationis
1874 3937 2062 4008 offeres

465 4039 623 4094 initia
646 4048 950 4094 sanctorum
974 4036 1165 4109 (Eccli.
1197 4035 1328 4107 vn),
1360 4033 1614 4098 decrevi,
1662 4041 1849 4088 sancte
1874 4029 2058 4097 Pater,

466 4145 604 4202 opus
632 4130 795 4200 quod,
832 4129 1015 4184 divina
1041 4128 1216 4198 gratia
1248 4126 1530 4198 largiente,
1580 4125 1637 4180 in
1667 4124 2061 4195 expositionem

468 4221 644 4278 sancti
683 4220 964 4291 Evangelii
1009 4219 1309 4276 secundum
1350 4217 1685 4282 Matthaum,
1712 4232 1823 4272 non
1848 4217 1966 4272 sine
1987 4216 2064 4271 la-

468 4314 604 4369 bore
654 4320 833 4368 tamen
854 4353 869 4379 ,
919 4311 1260 4368 confeceram
1280 4352 1296 4378 ,
1330 4322 1435 4367 tua
1475 4310 1751 4367 sanctitati
1787 4310 2021 4382 dirigere
2045 4351 2061 4377 ,

471 4412 535 4460 ut
561 4414 654 4460 tuo
675 4413 864 4461 sancto
883 4404 1136 4460 examine
1162 4403 1452 4474 probatum
1482 4443 1499 4470 ,
1533 4402 1581 4457 si
1614 4401 1836 4474 dignum
1859 4402 2065 4473 judica-

470 4496 617 4552 veris
643 4497 712 4551 ad
737 4496 1046 4569 legendum,
1070 4494 1329 4551 fratribus
1359 4495 1462 4550 sub
1491 4501 1587 4549 tuo
1627 4494 1892 4564 regimine
1936 4509 2065 4549 con-

470 4591 675 4647 stitutis
702 4591 832 4647 illud
858 4592 1074 4659 tradas;
1106 4605 1215 4646 non
1240 4590 1397 4663 quasi
1423 4588 1911 4661 pernecessarium,
1940 4604 2063 4644 cum

471 4683 627 4740 multi
685 4684 977 4753 scriptores
1023 4698 1113 4739 me
1156 4683 1211 4737 in
1263 4681 1355 4736 illo
1385 4681 1614 4752 vestigio
1640 4680 2058 4752 praeesserint,

468 4776 566 4831 sed
588 4775 746 4845 quasi
767 4776 941 4846 magis
959 4773 1324 4836 commodum,
1344 4789 1468 4829 cum
1492 4772 1854 4844 plurimorum
1871 4787 2063 4830 sensus

473 4885 538 4926 ac
563 4867 862 4923 sententias
899 4866 955 4921 in
983 4882 1151 4921 unum
1180 4865 1550 4921 contraxerim
1570 4905 1586 4931 ,
1617 4873 1678 4919 ut
1709 4864 1883 4921 lector
1930 4879 2065 4936 pau-

469 4960 749 5032 perculus,
772 4959 865 5029 qui
892 4958 1155 5015 librorum
1183 4958 1395 5029 copiam
1419 4972 1526 5013 non
1551 4956 1738 5023 habet,
1765 4966 1862 5012 aut
1888 4956 1977 5013 cui
2008 4956 2066 5011 in

471 5051 719 5123 pluribus
747 5050 981 5106 scrutari
999 5049 1297 5121 profundos
1321 5064 1512 5106 sensus
1539 5049 1763 5105 Patrum
1785 5064 1891 5104 non
1915 5049 2063 5115 licet,

474 5142 668 5198 saltem
694 5142 752 5198 in
779 5142 883 5198 isto
913 5139 1288 5198 sufficientiam
1319 5156 1429 5196 suae
1457 5141 1764 5213 indigentia
1804 5140 2065 5195 inveniat.

474 5230 669 5289 Plures
695 5232 842 5289 enim
878 5231 1031 5288 fuere
1074 5232 1164 5302 qui
1204 5240 1331 5286 ante
1355 5245 1455 5288 nos
1476 5232 1533 5285 in
1557 5228 1905 5300 Evangelium
1932 5228 2068 5284 Mat-

478 5321 607 5376 tbai
634 5330 901 5379 tractatus
921 5323 1210 5378 ediderunt
1237 5342 1250 5376 :
1284 5337 1410 5377 nam
1444 5318 1694 5391 Origenis
1724 5319 1851 5376 hinc
1875 5320 2067 5390 viginti

478 5415 588 5472 duo
615 5415 842 5489 [Viginti
870 5417 1153 5490 quinque],
1190 5425 1252 5472 ut
1293 5416 1654 5485 Hieronymus
1689 5415 1841 5472 testis
1886 5424 1969 5471 est
1994 5427 2022 5457 ι
2050 5456 2066 5483 ,

477 5514 701 5564 exstant
724 5507 999 5563 volumina
1029 5516 1085 5564 et
1108 5507 1333 5564 totidem
1359 5504 1603 5576 ejusdem
1633 5505 1890 5573 homilia,
1921 5520 2069 5561 com-

480 5598 852 5668 maticumque
894 5597 1358 5670 interpretationis
1386 5612 1583 5671 genus;
1632 5606 1690 5654 et
1743 5597 2070 5668 Theophili,

486 5688 837 5745 Antiochena
872 5690 1027 5747 urbis
1057 5689 1330 5760 episcopi,
1359 5688 1771 5754 commentarii;
1805 5686 2077 5759 Hippolyti

482 5794 703 5851 quoque
748 5782 1035 5852 martyris,
1060 5789 1117 5837 et
1143 5780 1415 5837 Theodori
1448 5778 1782 5836 Heracleotes
1806 5820 1822 5845 ,
1874 5777 2077 5848 Apolli-

561 5907 587 5937 ι
612 5894 669 5953 In
699 5910 932 5968 prooem.
960 5894 1019 5951 in
1042 5891 1478 5951 Commentarios
1508 5905 1672 5963 super
1695 5889 2029 5947 Matthaum.

2160 3377 2373 3450 Didymi
2414 3376 2789 3433 Alexandrini.
2819 3377 2887 3431 Et
2916 3377 3233 3432 Latinorum
3263 3418 3278 3443 ,
3334 3376 3532 3433 Hilarii
3587 3378 3757 3434 Picta-

2159 3469 2381 3535 viensis,
2420 3466 2685 3524 Victorini
2721 3476 2776 3523 et
2808 3468 3203 3524 Fortunatiani.
3258 3468 3499 3539 Scripsit
3546 3484 3755 3542 quoque

2159 3560 2450 3631 pradictus
2478 3560 2562 3614 vir
2606 3559 2800 3616 beatus
2822 3559 3202 3631 Hieronymus,
3226 3567 3449 3632 petente
3477 3560 3717 3618 Eusebio
3739 3600 3754 3625 .

2160 3655 2220 3711 in
2249 3655 2354 3710 hoc
2383 3650 2737 3724 Evangelium
2782 3652 3265 3719 commentarium,
3297 3652 3394 3708 sed
3416 3662 3482 3707 ut
3507 3668 3614 3724 pro
3640 3652 3755 3707 bre-

2161 3747 2330 3802 vitate
2352 3745 2612 3817 temporis
2656 3745 2723 3800 de
2766 3742 2883 3814 ejus
2920 3744 3261 3800 sermonibus
3298 3743 3481 3799 dicam
3505 3785 3523 3810 ,
3559 3744 3755 3800 omissa

2161 3851 2408 3900 veterum
2436 3840 2783 3907 auctoritate,
2815 3853 2952 3909 quos
2981 3854 3082 3895 nec
3110 3837 3347 3910 legendi,
3371 3852 3479 3893 nec
3502 3838 3754 3907 sequendi

2164 3934 2396 3991 facultas
2426 3933 2532 4005 ipsi
2575 3933 2699 3989 data
2750 3938 2864 4000 est,
2903 3929 3219 3987 historicam
3248 3930 3756 4001 interpretationem

2164 4025 2394 4098 digessit
2416 4023 2691 4090 breviter,
2733 4032 2790 4079 et
2823 4021 3097 4078 interdum
3131 4020 3430 4091 spiritualis
3457 4020 3757 4092 intelligen-

2168 4120 2256 4174 tia
2280 4118 2443 4174 flores
2481 4115 2805 4184 admiscuit,
2842 4114 3144 4187 perfectum
3188 4129 3325 4185 opus
3369 4128 3665 4169 reservans
3711 4114 3761 4167 in

2165 4218 2463 4281 posterum.
2512 4208 2640 4264 Haec
2692 4208 2891 4280 quippe
2932 4222 3042 4264 non
3079 4207 3138 4263 in
3173 4206 3290 4277 ejus
3324 4206 3760 4279 suggillationem

2166 4298 2388 4370 protuli,
2419 4299 2574 4371 cujus
2600 4298 2878 4370 ingenium
2920 4306 2977 4354 et
3023 4298 3262 4355 studium
3285 4298 3432 4370 quod
3466 4298 3521 4352 in
3550 4296 3761 4352 divino-

2167 4408 2288 4446 rum
2312 4392 2576 4448 librorum
2603 4390 3049 4462 interpretatione
3081 4399 3138 4446 et
3172 4388 3518 4460 expositione
3547 4386 3759 4451 habuit,

2167 4485 2406 4541 maxime
2442 4484 2612 4540 miror
2642 4526 2656 4551 ,
2688 4486 2783 4540 sed
2825 4491 2887 4538 ut
2928 4485 3215 4541 ostendam
3259 4497 3483 4539 causam
3511 4496 3639 4552 qua
3667 4494 3761 4535 nos

2169 4575 2428 4655 compulit
2466 4589 2708 4647 prasens
2754 4590 2890 4646 opus
2935 4575 3172 4647 aggredi.
3221 4572 3355 4631 Cum
3383 4572 3537 4628 enim
3566 4570 3761 4627 fratres

2087 4647 2143 4709 Ῑ)
2169 4668 2262 4738 qui
2292 4648 2576 4724 nobiscum
2606 4668 2961 4740 Evangelium
3010 4668 3189 4739 legere
3233 4664 3598 4737 disponebant
3631 4678 3757 4718 um-

2170 4767 2528 4829 quererentur
2552 4760 2696 4829 quod
2722 4761 2776 4815 in
2816 4758 3130 4815 Matthaum
3163 4772 3272 4815 non
3299 4766 3414 4812 tam
3437 4755 3662 4828 plenam
3711 4762 3761 4809 et

2170 4851 2529 4908 sufﬁcientem
2555 4852 2951 4925 expositionem
2978 4850 3244 4907 haberent
3269 4849 3414 4905 sicut
3438 4848 3500 4902 in
3537 4855 3761 4902 cateros

2173 4944 2536 5016 evangelistas
2560 4986 2576 5012 ,
2608 4944 2983 5000 laborantibus
3025 4946 3186 4999 beato
3223 4938 3516 4997 Ambrosio
3565 4937 3761 4993 Medio-

2172 5037 2383 5093 lanensi
2412 5038 2686 5109 episcopo,
2717 5045 2773 5092 et
2803 5036 3098 5093 venerabili
3122 5035 3285 5091 Patre
3306 5032 3634 5105 Augustino,
3670 5031 3762 5086 Be-

2174 5130 2350 5201 daque
2379 5130 2582 5188 famqu
2610 5131 2846 5199 Domini,
2892 5131 2959 5187 ad
3011 5130 3297 5200 legendum
3332 5126 3632 5192 habebant,
3675 5139 3763 5180 eo-

2175 5241 2298 5282 rum
2346 5228 2600 5297 precibus
2650 5237 2841 5285 coacta
2869 5236 2955 5285 est
2993 5227 3239 5299 parvitas
3287 5231 3474 5281 nostra
3521 5237 3762 5296 praesis

2172 5332 2310 5389 opus
2344 5318 2585 5389 aggredi,
2636 5334 2747 5376 non
2779 5328 2890 5376 tam
2917 5319 3152 5391 propriis
3180 5317 3388 5373 viribus
3426 5324 3523 5371 aut
3549 5316 3768 5386 ingenio

2174 5411 2454 5469 conﬁdens
2480 5454 2495 5479 ,
2537 5427 2703 5483 quam
2726 5413 2910 5470 divino
2930 5411 3200 5484 adiutorio
3221 5420 3277 5468 et
3306 5410 3567 5467 fraterna
3590 5409 3770 5469 citari.

2172 5508 2297 5573 tati,
2334 5522 2455 5577 qua
2479 5508 2656 5562 omnia
2684 5508 2869 5574 credit,
2897 5508 3073 5562 omnia
3107 5514 3306 5577 sperat,
3337 5505 3522 5563 omnia
3550 5508 3772 5563 sustinet

2179 5598 2229 5671 (I
2259 5597 2381 5654 Cor.
2430 5598 2585 5671 xm);
2618 5599 2707 5654 cui
2755 5599 3095 5655 solummodo
3144 5598 3315 5662 cessi,
3362 5592 3773 5657 detrahentium

2179 5698 2342 5759 atque
2391 5689 2762 5746 insultantium
2818 5705 2924 5746 non
2975 5704 3173 5746 curans
3218 5693 3637 5765 vaniloquium,
3678 5687 3773 5760 qui

2180 5782 2351 5853 magis
2396 5782 2800 5853 prasumptioni
2853 5796 3013 5851 quam
3042 5780 3237 5853 pietati
3264 5793 3506 5842 nostrum
3536 5781 3774 5839 forsitan
