3946 6452
264 383 374 440 729

1246 376 1599 439 COMMENT.
1635 377 1706 436 ΙΝ
1740 379 2174 438 ΜΔΤΤΗᾸΕΙΙΜ.
2215 413 2284 426 --
2321 383 2449 440 LIB.
2486 383 2533 444 l.

3405 389 3510 446 750

263 496 595 571 deputabunt
643 494 904 552 laborem.
955 494 1024 551 Et
1066 509 1173 551 non
1219 495 1438 561 mirum,
1493 511 1616 551 cum
1665 495 1837 565 magis
1863 498 1994 560 Ain
2047 499 2162 566 ipso
2217 499 2503 570 Evangelio
2539 499 2637 555 sub
2686 498 2904 557 nomine
2953 497 3189 558 Matthxi
3235 502 3509 564 titulatmn

263 591 435 664 parati
466 590 576 644 siut
607 587 783 643 aliena
827 588 1087 653 lacerare,
1121 603 1283 658 quam
1311 587 1529 659 propria
1578 588 1834 657 opuscula

263 681 514 738 condere.
545 678 783 746 Quorum
812 678 938 748 quia
982 691 1140 734 nemo
1186 685 1367 748 potest
1408 676 1732 732 calumniam
1781 685 1836 733 et

261 773 472 830 invidos
495 785 708 826 morsus
745 770 986 825 devitarc
1009 809 1024 835 ,
1059 769 1161 824 nisi
1188 769 1280 839 qui
1301 768 1520 825 omnino
1545 768 1679 822 nihil
1699 768 1835 823 scri-

256 865 358 930 bit,
400 862 571 934 magis
596 861 733 932 eligo
760 876 954 916 vanam
989 860 1152 915 surda
1181 875 1312 915 aure
1335 860 1668 932 pertransire
1701 875 1834 929 que-

259 953 546 1009 rimoniam
570 993 585 1019 ,
613 967 774 1022 quam
817 951 992 1006 otiose
1040 958 1257 1022 torpens
1307 950 1508 1006 Christi
1561 950 1832 1023 negligere

255 1044 504 1115 gratiam,
536 1043 621 1098 cui
665 1041 764 1097 soli
809 1040 1020 1111 placere
1060 1049 1326 1111 optantes,
1355 1055 1523 1096 vanos
1550 1041 1832 1096 hominum

255 1136 591 1190 rumusculos
637 1133 789 1188 nihili
842 1130 1106 1188 ducimus.
1147 1132 1464 1204 Aggregatis
1510 1132 1674 1204 igitur
1703 1131 1831 1186 hinc

252 1225 378 1280 inde
408 1224 788 1296 insignissimis
814 1237 981 1277 sacrae
1010 1221 1256 1277 lectionis
1301 1231 1464 1293 atque
1501 1221 1832 1293 dignissimis

249 1315 549 1370 artiﬁcibus
570 1355 587 1382 ,
640 1315 769 1386 quid
799 1315 854 1369 in
881 1313 1154 1384 opusculis
1180 1313 1294 1369 suis
1323 1314 1379 1368 in
1403 1314 1546 1368 beati
1594 1312 1829 1368 Matthaei

248 1410 427 1463 verbis
457 1407 748 1473 senserint,
779 1407 909 1478 quid
933 1406 1190 1472 dixerint,
1217 1405 1530 1476 diligentius
1561 1406 1829 1477 inspicere
1877 1472 1887 1484 ο

247 1499 429 1554 eiu‘avi
458 1516 469 1550 :
499 1497 830 1568 Cyprianum
858 1497 978 1552 dico
1003 1505 1163 1566 atque
1190 1497 1498 1562 Eusebium,
1523 1497 1785 1553 Hilarium
1809 1539 1824 1565 ,

243 1590 610 1655 Ambrosium,
637 1589 1439 1661 Hieronymum,Augustinum,
1464 1590 1827 1662 Fulgentium,

244 1678 581 1734 Victorinum
605 1721 620 1746 ,
676 1679 1156 1746 Fortunatianum,
1200 1681 1449 1738 Orosium
1481 1723 1497 1749 ,
1546 1682 1783 1739 Leonem
1809 1721 1825 1749 ,

240 1773 562 1844 Gregorium
588 1773 994 1831 Nazianzenum
1021 1816 1036 1843 ,
1066 1776 1388 1847 Gregorium
1408 1791 1604 1846 papam
1632 1776 1830 1833 Roma-

1937 589 2145 658 reperi;
2201 589 2452 655 alterum,
2507 606 2668 660 quem
2714 592 2842 647 huic
2886 593 3037 661 operi
3087 597 3509 665 praeponendum

1936 678 2148 733 noviter
2171 679 2405 733 condidi.
2452 679 2598 747 Quos
2648 681 2834 751 utique
2881 682 3176 750 coloribus,
3217 700 3287 740 ne
3327 686 3511 742 confu-

1933 769 2140 824 sionem
2179 767 2367 824 lectori
2394 766 2652 836 facerent,
2677 771 3009 843 distinguere
3034 773 3242 838 curavi,
3269 775 3508 845 priorem

1901 924 1905 928 ,
1933 867 2256 926 atramento,
2283 860 2510 916 alterum
2543 861 2711 917 minio
2743 864 3110 920 conscribens.
3137 865 3291 920 Illum
3316 880 3509 938 nempe

1932 951 2002 1007 ob
2032 952 2136 1007 hoc
2161 968 2366 1023 ponens
2393 961 2454 1008 ut
2484 954 2529 1008 si
2569 955 2690 1023 quis
2720 953 2858 1010 forte
2888 957 3235 1028 Evangelium
3280 957 3463 1030 legens
3489 999 3506 1026 ,

1932 1040 2202 1096 invenerit
2227 1044 2550 1098 sententiam
2576 1045 2730 1114 cujus
2753 1045 3066 1117 allegoriam
3088 1047 3344 1118 ignorans
3369 1049 3510 1104 scire

1932 1131 2226 1194 desideret,
2258 1140 2406 1189 notet
2431 1135 2723 1204 capitulum
2751 1138 2895 1206 quod
2936 1137 2991 1191 in
3019 1139 3264 1208 margine
3299 1141 3510 1210 paginae

1931 1224 2106 1278 eidem
2135 1225 2412 1279 sententia
2437 1227 2810 1296 praascriptum
2858 1237 2962 1292 est,
3007 1237 3063 1282 et
3107 1229 3291 1284 statim
3321 1245 3509 1285 recur-

1931 1329 2058 1368 rens
2086 1315 2154 1369 ad
2184 1323 2492 1380 tractatum,
2540 1317 2783 1372 revolvat
2830 1318 3057 1384 librum,
3106 1329 3161 1374 et
3200 1330 3408 1390 quaerat
3437 1321 3510 1375 ibi

1930 1407 2107 1476 ipsum
2133 1407 2423 1476 capitulum
2452 1407 2596 1477 quod
2621 1416 2746 1462 ante
2777 1409 2830 1462 in
2878 1409 3169 1480 Evangelio
3206 1411 3456 1464 adnotavi
3493 1450 3509 1475 ,

1929 1505 1985 1552 et
2011 1497 2089 1552 sic
2121 1498 2237 1552 sine
2270 1496 2379 1551 ulla
2409 1513 2563 1552 mora
2591 1498 2830 1553 inveniet
2863 1500 3007 1568 quod
3029 1499 3386 1554 desideravit.
3421 1498 3513 1553 Se-

1929 1604 2102 1661 quens
2125 1605 2257 1646 vero
2285 1590 2642 1660 capitulorum
2663 1591 2816 1658 ordo,
2861 1591 2953 1661 qui
2980 1591 3148 1646 minio
3185 1591 3416 1661 sparsim
3456 1592 3509 1644 in

1927 1683 2202 1739 volumine
2230 1684 2570 1754 conscriptus
2611 1692 2714 1750 est,
2763 1687 2831 1739 ad
2875 1684 3344 1753 superliminarem
3365 1682 3513 1754 pagi-

1929 1792 2058 1832 nam
2105 1775 2434 1846 respondet,
2467 1791 2630 1846 quam
2665 1775 2719 1830 iu
2767 1774 2942 1845 capite
2981 1774 3144 1844 hujus
3175 1775 3354 1845 operis
3377 1815 3392 1839 ,
3443 1773 3512 1828 ob

238 1870 777 1942 num,Joannemque
800 1869 1340 1943 Chrysostomum,et
1361 1880 1588 1928 caeteros
1608 1872 1820 1940 Patres,
1849 1878 1898 1939 B
1925 1867 2301 1937 compendium
2353 1866 2628 1935 quaerendi
2659 1874 2714 1921 et
2736 1866 3017 1920 commode
3052 1865 3396 1930 inveniendi,
3429 1865 3511 1919 di-
3595 1922 3602 1928 ,

235 1976 462 2029 quorum
484 1961 697 2014 nomina
723 1959 920 2030 scripta
957 1969 1078 2015 sunt
1105 1960 1158 2014 in
1189 1959 1322 2013 libro
1349 1961 1466 2014 vita:
1513 1958 1680 2032 (Phil.
1724 1963 1820 2032 Iv).

239 2050 444 2105 Horum
497 2066 624 2122 ergo
660 2051 876 2107 lectioni
921 2052 1160 2108 intentus
1189 2092 1204 2118 ,
1236 2059 1498 2123 quantum
1536 2053 1669 2108 mihi
1712 2069 1825 2124 prae

237 2144 540 2200 innumeris
585 2145 898 2200 monasticae
941 2145 1219 2200 servitutis
1274 2145 1588 2201 retinaculis
1626 2146 1820 2212 licuit,

234 2242 292 2288 et
337 2249 440 2304 pro
477 2235 810 2290 nutrimento
853 2236 1223 2305 parvulorum,
1273 2239 1418 2307 quod
1451 2254 1559 2293 non
1599 2254 1822 2309 parvam

235 2325 394 2382 nobis
420 2327 618 2399 ingerit
648 2327 949 2382 molestiam
977 2337 1032 2384 et
1058 2328 1307 2386 lectionis
1348 2329 1480 2385 facit
1517 2330 1772 2401 injuriam
1807 2373 1822 2399 ,

234 2419 350 2488 ipse
380 2420 511 2474 mihi
539 2420 772 2475 dictator
814 2421 1004 2488 simul,
1051 2430 1107 2477 et
1156 2423 1400 2478 notarius
1433 2464 1448 2489 ,
1484 2432 1541 2481 et
1569 2423 1826 2481 librarius

235 2511 500 2578 existens,
531 2511 587 2567 in
617 2513 889 2568 schedulis
915 2529 979 2568 ea
1001 2515 1259 2570 mandare
1285 2515 1474 2570 curavi
1502 2530 1622 2585 qua:
1647 2516 1718 2571 ab
1745 2517 1824 2573 eis

232 2603 475 2673 exposita
520 2612 668 2670 sunt,
705 2603 791 2659 vel
830 2604 960 2674 ipsis
999 2620 1188 2660 eorum
1233 2605 1451 2676 syllabis
1483 2647 1498 2673 ,
1551 2606 1637 2661 vel
1676 2615 1826 2664 certe

233 2695 370 2750 meis
395 2695 678 2751 breviandi
701 2711 867 2752 causa
892 2697 1256 2753 sermonibus.
1286 2696 1530 2764 Quorum
1572 2697 1826 2754 videlicet

229 2786 359 2856 quia
391 2800 680 2856 operosum
730 2795 849 2843 erat
875 2787 1138 2843 vocabula
1193 2789 1522 2844 interserere
1567 2803 1666 2859 per
1712 2789 1823 2845 sin-

227 2877 376 2948 gula,
413 2886 469 2932 et
493 2878 623 2948 quid
667 2893 698 2933 a
738 2893 847 2950 quo
887 2887 1108 2934 auctore
1148 2878 1220 2934 sit
1249 2879 1453 2934 dictum
1500 2879 1822 2935 nominatim

227 2972 539 3038 ostendere,
572 2975 915 3055 commodum
945 2975 1076 3031 duxi
1112 2975 1326 3031 eminus
1356 2989 1387 3030 e
1421 2975 1590 3031 latere
1616 2977 1822 3046 primas

225 3065 512 3121 nominum
544 3065 755 3122 litteras
791 3067 1106 3138 imprimere
1133 3107 1148 3134 ,
1187 3081 1392 3138 perque
1435 3067 1536 3121 has
1572 3067 1775 3121 viritim
1803 3107 1818 3134 ,

225 3156 319 3211 ubi
350 3157 610 3228 cujusque
630 3157 855 3212 Patrum
880 3157 1121 3228 incipiat,
1141 3158 1232 3213 ubi
1256 3171 1435 3213 sermo
1455 3171 1616 3227 quem
1643 3167 1820 3213 trans-

1923 1961 2156 2032 ligenter
2204 1959 2392 2014 lectori
2440 1972 2562 2012 cum
2619 1956 2847 2027 singulis
2904 1957 3154 2026 capitulis
3205 1956 3508 2011 distinctim

1925 2054 2241 2109 ordinantes
2288 2051 2681 2122 praeposuimus
2707 2089 2722 2115 ,
2778 2056 2839 2102 ut
2887 2063 3009 2118 qua:
3063 2047 3172 2102 illic
3210 2055 3510 2118 praenotata

1927 2155 2072 2211 sunt,
2120 2160 2309 2200 eorum
2362 2143 2561 2198 indicio
2597 2142 2649 2196 in
2682 2142 2822 2198 libro
2850 2139 3160 2209 conscripta
3202 2139 3508 2209 reperiatn.

1927 2237 2118 2296 Omnia
2149 2251 2278 2290 vero
2309 2235 2376 2289 ad
2401 2234 2686 2290 utilitatem
2717 2231 2948 2286 fratrum
2978 2240 3032 2287 et
3061 2231 3130 2285 ad
3161 2230 3514 2285 commodita-

1927 2339 2035 2385 tem
2066 2328 2358 2400 legentium
2379 2340 2572 2396 parare
2600 2323 2912 2394 sategimus,
2943 2328 3192 2392 optantes
3220 2327 3282 2375 ut
3306 2319 3373 2374 ad
3401 2317 3514 2389 plu-

1925 2421 2188 2476 rimorum
2213 2417 2530 2488 perveniant
2566 2413 2886 2485 profectum.
2919 2412 2976 2467 Si
3007 2412 3129 2482 quis
3154 2409 3295 2464 forte
3335 2409 3514 2478 despi-

1926 2512 2002 2568 cit
2031 2512 2173 2566 hunc
2202 2507 2442 2564 laborem
2480 2513 2725 2560 nostrum
2768 2501 2924 2572 quasi
2968 2498 3296 2571 superﬂuum
3322 2538 3337 2564 ,
3385 2512 3511 2552 cum

1926 2603 2081 2662 multi
2132 2601 2342 2673 plenius
2376 2607 2433 2655 et
2469 2596 2764 2669 perfectius
2799 2595 2867 2650 de
2905 2593 3098 2649 iisdem
3126 2590 3289 2646 rebus
3314 2596 3513 2643 tracta-

1925 2695 2122 2761 verint,
2149 2682 2292 2765 legat
2320 2706 2386 2746 ea
2435 2705 2556 2760 quae
2581 2688 2683 2744 sibi
2706 2685 2950 2758 elegerit,
3000 2682 3368 2752 nobiliumque
3410 2680 3510 2734 dor

1925 2798 2139 2846 ctorum
2165 2783 2518 2858 amplissimis
2543 2781 2819 2836 reticiatur
2837 2778 3029 2843 ctenis,
3051 2784 3108 2831 et
3133 2775 3369 2830 dimittat
3394 2773 3508 2826 haec

1925 2889 2132 2948 nostra,
2165 2879 2292 2934 licet
2337 2874 2663 2950 paupercula
2687 2915 2702 2942 ,
2732 2873 2838 2930 illis
2886 2871 2979 2942 qui
3007 2867 3370 2941 perfectorum
3401 2879 3508 2918 non

1923 2981 2151 3046 possunt
2181 2986 2373 3041 capere
2401 2969 2583 3025 cibum
2607 3008 2624 3034 ,
2668 2981 2901 3038 quorum
2935 2978 3043 3020 non
3068 2968 3260 3018 venter
3298 2957 3511 3029 pingui-

1923 3068 2026 3123 bus
2054 3065 2288 3137 repletus
2315 3065 2598 3118 hortorum
2621 3059 2831 3116 fastidit
2852 3057 3019 3123 olera,
3048 3055 3146 3111 sed
3179 3052 3508 3124 leguminum

1925 3157 2191 3214 assuescit
2219 3156 2502 3212 comedere
2531 3152 2738 3209 cibaria
2772 3169 2785 3204 :
2813 3150 2950 3206 sciat
2976 3159 3154 3203 tamen
3178 3159 3366 3199 verum
3389 3156 3510 3196 csse

227 3249 324 3303 tuli
370 3249 610 3315 desinat,
645 3251 901 3306 intimare
922 3291 938 3315 ,
981 3250 1244 3305 sollicitus
1273 3265 1370 3320 per
1391 3251 1572 3306 omnia
1606 3266 1675 3306 ne
1705 3266 1822 3305 ma-
1849 3239 1895 3303 C
1926 3249 2056 3304 illud
2097 3248 2258 3319 vulgo
2307 3241 2657 3318 proverbium
2686 3285 2702 3310 ,
2744 3244 2890 3314 quod
2944 3239 3122 3295 utilior
3175 3246 3260 3293 est
3303 3235 3508 3290 sitienti

219 3339 405 3410 jorum
433 3341 575 3396 dicta
603 3341 772 3396 furari
793 3351 848 3396 et
869 3343 985 3397 haec
1016 3342 1172 3412 quasi
1202 3357 1323 3396 mea
1351 3343 1568 3412 propria
1597 3358 1821 3411 compo-

226 3447 362 3487 nere
419 3432 592 3487 dicar.
640 3432 973 3503 Multumque
1006 3433 1235 3489 obsecro
1286 3441 1340 3486 et
1396 3448 1493 3501 per
1534 3433 1820 3487 Dominum

225 3523 470 3596 legentes
494 3511 741 3579 obtestor
767 3533 827 3578 ut
853 3525 899 3579 si
932 3524 1026 3594 qui
1071 3523 1213 3578 forte
1245 3531 1430 3577 nostra
1478 3523 1594 3576 haec
1618 3561 1632 3588 ,
1688 3537 1822 3591 qua-

225 3616 518 3686 liacunque
545 3617 675 3684 sint,
711 3617 969 3688 opuscula
1003 3614 1422 3686 transcriptione
1449 3615 1611 3687 digna
1644 3614 1816 3668 duxe-

226 3709 364 3772 rint,
393 3717 694 3765 memorata
715 3724 931 3780 quoque
958 3709 1239 3764 nominum
1267 3709 1440 3780 signa,
1467 3716 1524 3761 ut
1549 3707 1602 3760 in
1633 3712 1822 3763 nostro

227 3798 527 3868 exemplari
574 3800 902 3870 reperiunt,
953 3799 1172 3872 afﬁgere
1219 3798 1584 3854 meminerint.
1616 3795 1822 3852 Praeter

226 3893 351 3948 haec
389 3907 605 3963 quoque
649 3894 904 3950 nonnulla
932 3935 947 3961 ,
982 3901 1043 3949 ut
1071 3895 1189 3949 sine
1215 3893 1438 3948 laesione
1468 3892 1698 3946 aliorum
1739 3889 1818 3945 di-

229 4000 376 4049 cam,
405 3998 524 4054 qua:
555 3985 691 4041 mihi
736 3996 925 4041 auctor
971 3985 1106 4041 lucis
1154 3986 1369 4057 aperire
1416 3985 1666 4054 dignatus
1692 3993 1815 4049 est,

226 4079 436 4148 proprii
463 4077 676 4133 sudoris
712 4077 912 4133 indicia
950 4093 1049 4148 per
1099 4085 1256 4133 notas
1291 4075 1538 4132 vocabuli
1579 4077 1820 4145 agnomi-

229 4172 426 4241 nisque
473 4172 600 4237 mei,
629 4171 718 4226 ubi
756 4179 1121 4242 opportunum
1183 4171 1492 4235 videbatur,
1533 4170 1764 4226 adnexui
1801 4211 1816 4238 ,

231 4271 514 4333 totumque
534 4277 670 4332 opus
699 4261 752 4316 in
781 4261 950 4316 libros
994 4271 1116 4316 octo
1147 4262 1390 4326 distinxi,
1425 4261 1554 4316 illud
1583 4261 1818 4315 maxime

228 4353 550 4420 observans,
573 4353 879 4420 ubicunque
905 4352 1078 4420 potui,
1102 4359 1164 4406 ut
1188 4351 1280 4406 ubi
1324 4350 1654 4422 evangelista
1705 4365 1818 4405 ser-

229 4460 423 4500 mones
474 4445 684 4500 Domini
717 4452 1121 4500 consummatos
1146 4459 1266 4500 esse
1295 4444 1606 4512 referebat,
1644 4443 1718 4498 ibi
1761 4443 1822 4497 li-

1922 3354 2120 3411 parvus
2148 3355 2295 3409 pune
2325 3353 2477 3408 aquae
2505 3338 2732 3390 haustus
2755 3375 2769 3400 ,
2811 3347 2973 3404 quam
3011 3327 3296 3385 nauseanti
3319 3326 3510 3396 largis-

1923 3432 2060 3488 sima
2089 3431 2291 3485 conditi
2323 3429 2431 3483 vini
2461 3427 2677 3499 pocula.
2707 3426 2784 3482 De
2816 3433 3012 3481 caetero
3041 3436 3254 3493 quoque
3283 3421 3507 3476 obsecro

1922 3524 2326 3580 venerationem
2372 3532 2560 3589 tuam,
2609 3519 2912 3576 antistitum
2974 3515 3326 3579 charissime,
3365 3521 3422 3566 ut
3462 3511 3508 3566 si

1918 3629 2161 3685 przesens
2189 3627 2324 3682 opus
2349 3612 2571 3682 dignum
2600 3609 2788 3666 habitu
2830 3609 2999 3663 ducas
3019 3646 3035 3672 ,
3090 3603 3159 3659 ab
3196 3604 3300 3658 hoc
3325 3617 3508 3657 exem-

1918 3706 2056 3778 plari
2083 3746 2098 3771 ,
2129 3703 2269 3774 quod
2301 3703 2396 3757 tibi
2429 3701 2723 3766 transmisi,
2756 3699 3057 3755 rescribere
3097 3694 3228 3750 illud
3267 3693 3462 3764 jubeas
3489 3731 3504 3756 ,

1921 3805 1975 3852 et
2005 3796 2326 3865 rescriptum
2365 3793 2676 3863 diligentius
2721 3789 2999 3859 requirere
3039 3785 3230 3849 facias,
3265 3797 3334 3836 ne
3360 3779 3510 3836 Scri-

1919 3887 2091 3959 ptoris
2115 3887 2305 3941 vitium
2331 3884 2612 3940 dictatoris
2663 3882 3010 3952 dereputetur
3038 3875 3232 3940 errori,
3261 3871 3356 3928 sed
3386 3887 3504 3926 ma-

1919 3981 2000 4051 gis
2036 3979 2127 4049 qui
2181 3977 2451 4042 scminat,
2505 3974 2666 4030 simul
2721 3973 2996 4044 gaudeat,
3059 3976 3115 4022 et
3181 3966 3274 4036 qui
3355 3963 3510 4018 metit

1921 4070 2102 4142 (Joan.
2133 4073 2218 4138 IV)
2244 4110 2258 4132 ,
2289 4067 2635 4137 fructumque
2661 4065 2866 4136 pariter
2895 4067 3225 4131 congregent
3250 4058 3307 4112 in
3336 4055 3504 4110 vitam

1918 4170 2199 4217 :eternam.

1989 4255 2248 4312 Orantem
2285 4270 2384 4326 pro
2413 4253 2570 4309 nobis
2595 4258 2836 4308 sanctam
2859 4245 3242 4319 paternitatem
3266 4249 3507 4297 vestram

1918 4349 2092 4420 gratia
2119 4348 2335 4418 superni
2369 4345 2700 4400 Protectoris
2730 4355 3054 4398 conservare
3098 4347 3260 4406 atque
3297 4333 3365 4387 ad
3417 4333 3509 4384 de-

1916 4442 2218 4497 fensionem
2249 4439 2504 4496 Ecclesia:
2529 4453 2642 4494 suae
2673 4443 2876 4492 sanctae
2900 4447 3115 4502 semper
3149 4425 3507 4485 corroborare

229 4535 457 4591 brorum
485 4535 748 4591 terminos
776 4535 1186 4590 constituerem.
1232 4533 1483 4606 Disposui
1533 4533 1697 4589 etiam
1723 4549 1821 4603 per
1843 4606 1865 4608 ξ
1921 4538 2173 4608 dignetur

235 4627 386 4698 ipsos
407 4628 574 4685 libros
595 4628 734 4684 duos
759 4627 980 4684 ordines
1007 4626 1364 4696 capitulorum
1395 4645 1408 4681 :
1446 4642 1632 4692 unum,
1654 4641 1814 4697 quem
1840 4606 1896 4667 Ῑ)

303 4756 334 4786 ιι
367 4743 756 4814 Summarium,
801 4751 864 4801 ut
909 4744 1078 4800 moris
1107 4752 1190 4798 est
1217 4743 1414 4810 nostri,
1438 4743 1604 4813 capiti
1623 4742 1820 4813 cuique
1857 4752 2014 4795 suum
2039 4732 2451 4808 praeposuimus.
2483 4729 2640 4786 Eutr.

239 4861 3492 4907 ________________________________.____._._

1668 4985 2073 5051 lNClPlUNT

729 5159 1769 5281 COMMENTARIA
1851 5157 1996 5272 IN
2084 5144 2985 5269 MATTH/EUM.

1485 5440 1785 5518 LIBER
1860 5433 2276 5559 PRIMUS.

810 5640 1206 5701 PROCEMIUM
1212 5682 1227 5698 .

306 5735 712 5808 Expositionem
777 5738 1078 5808 scripturus
1138 5738 1194 5793 in
1253 5735 1602 5809 Evangelium
1664 5734 1815 5791 beati

239 5824 494 5896 Matthxi,
520 5841 881 5902 opportunum
925 5846 1044 5888 esse
1083 5829 1344 5898 iudicavi,
1373 5830 1558 5902 paucis
1581 5829 1815 5901 primum

1920 5639 2172 5694 intimare
2215 5650 2377 5707 quam
2420 5632 2490 5689 ob
2519 5645 2738 5689 causam
2785 5629 2926 5686 idem
2959 5625 3290 5698 evangelista
3326 5623 3504 5694 ipsum

1921 5733 2267 5804 Evangelium
2295 5744 2521 5787 exorsus
2559 5727 2630 5783 sit
2666 5725 2924 5790 scribere,
2973 5730 3029 5779 et
3069 5737 3174 5791 qua
3195 5720 3410 5788 lingua,
3450 5719 3507 5770 et

1922 5841 2030 5896 quo
2055 5825 2264 5888 ordine,
2297 5830 2357 5877 ut
2378 5821 2453 5876 illi
2474 5819 2566 5889 qui
2593 5817 2981 5892 aggrediuntur
3009 5815 3111 5869 hoc
3136 5823 3271 5880 opus
3296 5807 3498 5878 legere.
