3946 6482
433 421 534 481 751

1081 414 1141 472 B.
1183 415 1438 472 assam
1471 415 1693 474 MAURi
1729 413 2050 472 ARCHIEP.
2092 391 2402 472 uocum.
2442 393 2730 474 omnem
2767 416 2948 475 rans
2983 418 3026 474 1.

3584 413 3708 488 “is:

432 533 618 592 statim
645 515 700 589 in
730 531 904 604 capite
932 517 1098 600 ipsms
1141 525 1423 598 inveniant
1469 535 1828 598 praenotatum
1875 527 2010 583 scri-
2035 523 2217 591 Alcm
2245 534 2300 582 et
2326 526 2716 583 sacerdotalem
2738 529 2791 584 in
2814 545 2878 585 eo
2904 532 3160 602 exprimit
3183 533 3527 608 dignitatem.
3558 539 3702 602 Nam

430 639 643 712 ptorcm
681 625 850 683 sancti
900 621 1204 712 Evangelii,
1239 629 1292 676 et
1323 620 1518 712 quibus
1547 620 1680 712 illud
1701 620 2004 712 scripserit.

431 709 668 772 Narrant
696 714 909 786 quidem
953 711 1196 767 historia:
1241 711 1384 782 quod
1424 709 1527 766 iste
1565 709 1850 765 Matthzeus
1879 725 2008 780 apo-

431 807 601 862 stolus
632 814 686 860 et
711 803 1060 878 evangelista,
1089 803 1181 875 qui
1206 813 1262 859 et
1284 803 1412 860 Levi
1441 818 1738 873 cognomen
1779 801 2010 874 sumpsit

431 899 498 954 de
535 895 709 963 tribu,
749 913 813 956 ex
853 890 1370 970 publicanoieiectus
1410 913 1442 952 a
1469 895 1684 952 Christo
1728 905 1783 953 et
1813 913 1843 952 a
1875 913 2004 970 pec-

429 993 586 1043 cante
637 987 948 1054 translatus,
999 987 1234 1062 primum
1284 986 1736 1060 evangelizaverit
1781 985 2001 1043 Iudaeis.

427 1079 624 1142 Verum
660 1095 783 1135 cum
811 1085 1030 1154 pararet
1074 1079 1306 1134 transire
1338 1068 1405 1136 ad
1445 1089 1652 1152 gentes,
1693 1081 1868 1152 patria
1897 1081 2006 1150 pri-

426 1185 546 1224 mus
566 1170 765 1242 lingua,
788 1170 840 1226 id
859 1179 964 1237 est,
987 1167 1230 1226 Hebraeis
1253 1170 1472 1238 litteris,
1489 1172 1837 1244 Evangeiium
1859 1189 2006 1230 com-

423 1259 693 1328 posuerit,
735 1261 958 1329 propter
983 1274 1078 1316 eos
1105 1260 1194 1330 qui
1221 1275 1287 1314 ex
1319 1261 1731 1316 circumcisione
1756 1263 2003 1319 credide-

423 1357 573 1414 runt,
605 1348 1058 1420 dereliquei‘itque
1084 1351 1162 1406 eis
1190 1349 1318 1405 illud
1342 1352 1410 1406 ad
1437 1353 1778 1421 memoriam,
1819 1369 1849 1408 a
1883 1355 2002 1426 qui-

423 1437 524 1494 bus
548 1438 996 1509 proficiscebatur
1032 1449 1093 1495 ut
1136 1442 1386 1512 gentibus
1414 1445 1751 1516 praedicaret.
1793 1443 1852 1500 In
1893 1462 2000 1518 quo

423 1529 962 1590 animadvertendum
1009 1544 1092 1589 est
1137 1535 1279 1606 quod
1322 1536 1626 1608 ubicunque
1673 1539 2000 1612 evangelista

421 1625 545 1691 iste,
577 1625 689 1680 sive
715 1641 781 1680 ex
817 1642 1045 1696 persona
1089 1639 1204 1692 sua,
1251 1628 1364 1684 sive
1409 1644 1472 1683 ex
1511 1630 1719 1686 Domini
1753 1627 1998 1688 Salvato-

419 1718 514 1786 ris,
548 1719 746 1774 veteris
775 1719 1067 1792 Scripturze
1094 1721 1412 1778 testimoniis
1444 1724 1640 1789 utitur,
1674 1741 1781 1780 non
1809 1743 1998 1800 sequa-

417 1816 506 1862 tur
533 1805 882 1880 Septuaginta
907 1810 1288 1866 translatorum
1331 1814 1726 1880 auctoritatem,
1769 1815 1862 1871 sed
1889 1807 1995 1872 ile-

2109 612 2267 674 Iesus
2312 620 2404 690 qui
2446 619 2682 708 nominis
2728 618 2887 690 huius
2925 627 3248 698 pnesagium
3285 631 3554 700 przetuiit,
3591 637 3702 708 pri-

2107 728 2228 768 mus
2255 719 2376 784 post
2404 707 2620 786 Moysen
2662 715 2714 768 in
2750 715 2947 786 populo
2985 716 3148 775 israei
3182 719 3440 778 ducatum
3497 707 3699 800 tenuit,

2107 815 2162 862 et
2207 806 2344 862 ﬁlios
2389 805 2552 862 israei
2601 805 2654 862 in
2707 811 2906 863 terram
2953 813 3386 883 repromissionis
3432 817 3700 888 induxit,

2105 896 2286 952 Aaron
2320 913 2465 959 vero,
2497 899 2724 971 mystico
2744 903 3094 960 consecratus
3131 914 3428 977 unguento,
3483 911 3702 980 primus

2106 981 2160 1044 in
2191 987 2310 1061 iege
2346 991 2596 1046 sacerdos
2617 986 2734 1046 fuit.
2779 987 3024 1050 Salvator
3058 995 3222 1070 igitur
3261 1011 3493 1068 noster,
3535 1020 3700 1074 quem

2105 1081 2256 1134 unxit
2274 1079 2416 1137 Deus
2434 1081 2554 1137 oleo
2582 1083 2779 1140 ltetitia’
2799 1103 2908 1158 pra:
2937 1089 3176 1144 omnibus
3200 1093 3562 1163 participibus
3587 1097 3702 1167 ejus

2106 1169 2293 1250 (Psal.
2325 1190 2451 1229 xuv
2472 1173 2490 1247 )
2514 1215 2528 1242 ,
2559 1180 2614 1230 et
2649 1171 2765 1232 Rex
2810 1187 2914 1244 est,
2947 1179 3013 1235 de
3050 1192 3158 1252 quo
3195 1185 3470 1255 prepheta
3517 1189 3655 1242 dicit
3684 1209 3697 1243 :

2107 1255 2548 1334 Multiplicabitur
2567 1267 2839 1336 imperium
2862 1265 3008 1339 ejus,
3052 1281 3100 1325 et
3124 1274 3270 1344 pacis
3298 1292 3410 1330 non
3441 1275 3551 1330 erit
3577 1277 3696 1347 ﬁnis

2100 1351 2238 1424 (Isa.
2277 1353 2391 1426 ix);
2440 1363 2494 1411 et
2537 1355 2756 1428 angelus
2791 1360 2858 1415 ad
2907 1357 3150 1431 Mariam,
3179 1368 3498 1437 potentiam
3553 1373 3697 1442 regni

2103 1443 2217 1514 ejus
2243 1446 2618 1506 demonstrans
2649 1469 2662 1505 :
2693 1445 2868 1522 Dabit,
2897 1453 3091 1528 inquit,
3131 1459 3208 1514 illi
3245 1457 3526 1518 Dominus
3559 1463 3696 1520 Dens

2100 1543 2270 1598 sedem
2311 1543 2482 1601 David
2521 1549 2684 1620 patris
2731 1551 2868 1622 ejus,
2898 1561 2946 1606 et
2973 1555 3203 1626 regnabit
3243 1557 3298 1614 in
3336 1558 3508 1612 domo
3533 1559 3697 1616 Iacob

2099 1634 2154 1688 in
2208 1643 2482 1704 (rlernum,
2524 1647 2572 1692 et
2609 1640 2752 1712 regni
2778 1641 2892 1712 ejus
2919 1660 3022 1698 non
3053 1647 3151 1698 erit
3189 1646 3312 1715 ﬁnis
3342 1645 3511 1719 (Luc.
3551 1650 3614 1721 ι).
3639 1651 3698 1706 Et

2102 1727 2368 1789 Sacerdos
2411 1731 2549 1787 idem
2589 1743 2691 1801 est,
2724 1735 2789 1791 de
2819 1753 2926 1808 quo
2956 1738 3083 1793 dicit
3114 1735 3408 1797 Psalmista
3443 1762 3457 1797 :
3488 1742 3698 1798 Iurat-it

2097 1817 2376 1888 Dominus,
2425 1831 2474 1876 et
2519 1841 2622 1878 non
2650 1827 2912 1896 paenitebit
2961 1842 3099 1894 eum,
3145 1837 3201 1884 tu
3230 1848 3286 1885 es
3341 1830 3618 1887 Sacerdos
3647 1835 3696 1887 in

415 1901 654 1956 braicam
685 1919 698 1956 :
731 1916 760 1956 e
785 1903 980 1974 quibus
1007 1903 1095 1958 illa
1118 1904 1224 1960 duo
1246 1913 1370 1960 sunt
1402 1925 1414 1961 :
1442 1905 1528 1960 Ea:
1556 1906 1788 1980 /Eggpto
1818 1909 1994 1964 vocavi
2021 1898 2071 1962 Β
2099 1921 2351 1968 α’ῑενηιιηι
2411 1919 2697 1979 secundum
2757 1922 2993 1978 ordinem
3055 1917 3446 1982 Melchisedech
3503 1922 3696 2002 (Psal.

410 1991 583 2060 ﬁlium
628 2011 798 2048 meum
838 2011 858 2059 ;
900 1995 965 2051 Et
999 2015 1012 2050 :
1056 1995 1320 2063 Quoniam
1360 1998 1656 2054 Nazarwus
1681 2001 1992 2058 'vocabitur.

413 2077 598 2154 (Aug)
647 2081 782 2138 Nam
812 2082 1092 2140 Matthaeus
1121 2087 1423 2156 suscepisse
1451 2089 1769 2162 intelligitur
1816 2089 1997 2146 incar-

411 2174 686 2230 nationem
717 2177 927 2232 Domini
960 2179 1251 2237 secundum
1281 2181 1504 2252 stirpem
1534 2183 1760 2254 regiam,
1801 2192 1854 2240 et
1881 2183 1994 2256 ple-

412 2278 582 2340 raque
610 2267 905 2324 secundum
932 2267 1209 2326 hominum
1237 2280 1558 2342 praesentem
1581 2275 1749 2330 vitam
1769 2283 1824 2331 et
1848 2273 1990 2332 facta

411 2361 466 2407 et
488 2351 628 2410 dicta
659 2355 775 2426 ejus
809 2359 1062 2430 exsequi,
1096 2361 1240 2418 unde
1275 2369 1331 2418 et
1353 2364 1406 2419 in
1442 2364 1706 2438 principio
1747 2362 1991 2440 Evange-

408 2442 463 2499 lii
493 2445 577 2501 sui
609 2447 789 2506 taliter
811 2464 1057 2518 exorsus,
1086 2452 1162 2506 ait
1192 2469 1207 2506 :

923 2584 1150 2642 CAPUT
1184 2584 1474 2649 PRIMUM.

408 2669 728 2744 Genenlogia
757 2672 954 2731 Christi
981 2687 1342 2744 emeretur,
1372 2689 1422 2736 et
1454 2681 1510 2738 in
1549 2689 1656 2736 tres
1693 2685 1990 2742 tessaradac

478 2744 954 2830 cades‘dt'viditur,
978 2757 1027 2804 et
1080 2749 1144 2806 de
1191 2749 1590 2826 desponsatione
1638 2755 1823 2812 matris
1868 2757 1982 2830 ejus

478 2823 748 2872 narratur.

475 2927 565 3002 [1.]
583 2928 739 2986 Liber
760 2933 1112 3011 generationis
1125 2933 1252 2996 Iesu
1267 2931 1482 3010 Christi.
1503 2935 1685 3009 (Aug)
1700 2937 1816 3008 Quo
1829 2955 1985 2996 exor-

403 3017 492 3080 dio
533 3033 632 3074 suo
662 3021 794 3080 satis
823 3023 1058 3080 ostendit
1098 3025 1500 3096 generationem
1545 3025 1745 3084 Christi
1792 3045 1982 3086 secun-

403 3111 530 3168 dum
576 3127 816 3182 carnem,
849 3131 908 3172 se
943 3118 1244 3188 suscepisse
1274 3121 1622 3178 narrandam.
1673 3121 1979 3182 Secundum

399 3203 542 3258 hanc
590 3204 736 3262 enim
769 3205 1018 3264 Christus
1060 3208 1202 3266 ﬁlius
1233 3211 1468 3268 hominis
1504 3223 1609 3282 est,
1653 3217 1794 3288 quod
1815 3217 1974 3274 etiam

399 3295 576 3366 seipse
613 3298 910 3368 saepissime
944 3302 1198 3374 appellat,
1243 3307 1626 3364 commendans
1657 3310 1809 3366 nobis
1835 3312 1976 3382 quod

397 3387 822 3446 misericorditer
859 3390 1110 3463 dignatus
1137 3395 1208 3452 sit
1234 3411 1352 3452 esse
1380 3413 1480 3472 pro
1507 3401 1678 3455 nobis.
1721 3399 1854 3456 Nam
1885 3403 1976 3460 illa

394 3493 629 3548 superna
648 3488 704 3536 et
731 3489 933 3540 atterna
961 3487 1256 3556 generatio,
1295 3492 1589 3546 secundum
1618 3508 1778 3563 quam
1809 3493 1974 3550 Filius

393 3570 490 3625 Dei
542 3573 847 3642 unigenitus
897 3587 979 3634 est
1024 3589 1153 3637 ante
1195 3597 1416 3642 omnem
1460 3593 1805 3654 creaturam,
1849 3589 1975 3658 quia

391 3663 574 3723 omnia
599 3680 697 3734 per
718 3666 890 3738 ipsum
923 3669 1062 3726 facta
1102 3681 1250 3739 sunt,
1283 3674 1356 3728 ita
1383 3675 1671 3732 ineﬁ‘abilis
1699 3687 1804 3744 est,
1827 3687 1886 3734 ut
1907 3680 1972 3735 de

391 3753 482 3810 ilia
508 3757 712 3816 dictum
741 3774 773 3814 a
804 3763 1064 3832 propheta
1089 3762 1228 3820 lsaia
1271 3766 1636 3838 intelligatur:
1671 3767 1972 3827 Generatio-

389 3862 504 3902 nem
529 3847 642 3918 ejus
663 3851 778 3921 quis
807 3853 1115 3910 enarrabit?
1137 3854 1155 3928 (
1175 3854 1780 3931 Isa.uu.)Quanquam
1811 3871 1865 3918 et
1896 3862 1967 3919 de

389 3937 672 4006 temporali
710 3939 827 4010 ejus
869 3943 1188 4012 nativitate,
1231 3961 1338 4020 qua
1369 3948 1577 4004 verbum
1619 3967 1743 4006 caro
1767 3951 1967 4022 factum

387 4035 490 4091 est,
518 4037 575 4083 et
613 4029 765 4100 virgo
793 4031 998 4102 Spiritu
1027 4045 1216 4095 sancto
1257 4039 1478 4108 gravida
1521 4040 1688 4096 ﬁlium
1735 4044 1964 4114 peperit,

387 4123 442 4170 et
462 4117 614 4188 virgo
641 4123 962 4189 permansit,
1013 4127 1128 4181 haec
1153 4130 1468 4199 prophetica
1499 4133 1763 4188 sententia
1798 4137 1967 4204 possit

388 4223 494 4260 non
540 4208 983 4268 inconvenienter
1031 4216 1224 4288 accipi,
1271 4236 1339 4274 ne
1383 4236 1550 4275 sacrze
1595 4222 1965 4282 aediﬁcationis

385 4297 594 4354 discors
623 4315 885 4374 compago
913 4321 1020 4364 non
1050 4307 1270 4366 haereat.
1307 4310 1474 4381 igitur
1515 4311 1818 4380 Matthaeus,
1845 4332 1963 4372 cor-

387 4399 544 4460 rupto
589 4393 810 4449 humani
857 4399 1072 4470 generis
1110 4401 1264 4458 initio
1307 4419 1403 4481 per
1435 4407 1957 4478 praevaricationem,

385 4481 439 4536 in
469 4483 644 4552 primo
683 4485 816 4540 Novi
857 4487 1184 4546 Testamenti
1229 4493 1364 4549 libro
1403 4497 1736 4566 respondens
1784 4502 1960 4572 primo

383 4572 520 4628 libro
546 4577 744 4633 veteris
791 4577 945 4651 legis,
995 4581 1084 4636 ubi
1128 4585 1385 4654 scriptmn
1419 4595 1502 4643 est
1533 4606 1547 4642 :
1579 4589 1682 4644 IIic
1725 4602 1801 4646 est
1828 4591 1958 4648 liber

382 4669 728 4736 generationis
774 4672 888 4725 cceli
928 4681 976 4726 et
1017 4683 1170 4729 terra:
1201 4673 1368 4748 (Gen.
1436 4679 1543 4752 tt);
1593 4690 1648 4735 et
1700 4699 1952 4739 rursum:

383 4755 485 4812 Hic
511 4769 586 4813 est
614 4759 745 4816 liber
779 4765 1126 4834 generationis
1161 4767 1290 4823 Adti:
1317 4767 1476 4842 (Gen‘.
1499 4772 1586 4844 v);
1619 4771 1748 4829 Adze
1777 4773 1955 4831 videli-

379 4857 466 4905 cet
491 4856 694 4920 vetcri,
737 4867 836 4925 per
879 4869 1037 4926 quem
1074 4870 1219 4917 totus
1255 4873 1541 4934 corruptus
1584 4875 1670 4921 est
1695 4869 1949 4936 mundus,

377 4943 548 5000 Adam
577 4963 854 5018 opponens
877 4967 1095 5018 novum,
1128 4954 1178 5008 in
1208 4970 1314 5024 quo
1335 4965 1635 5013 restaurata
1671 4969 1796 5016 sunt
1827 4979 1946 5021 om-

381 5038 490 5103 nia,
539 5048 592 5094 ct
630 5057 748 5110 qua:
779 5043 833 5096 in
876 5043 1014 5098 curio
1045 5055 1100 5100 et
1141 5061 1260 5115 quae
1309 5047 1361 5101 in
1414 5057 1558 5103 terra
1609 5053 1942 5118 consistunt;

377 5129 524 5184 dedit
553 5131 834 5189 manifeste
869 5137 1089 5207 intelligi
1137 5140 1279 5208 quod
1329 5139 1495 5210 ipsius
1543 5143 1822 5211 scripserit
1868 5160 1952 5198 se.

2099 2004 2231 2082 (ιιι).

2169 2086 2302 2156 Filii
2333 2096 2520 2168 David,
2555 2093 2656 2174 filii
2699 2105 2988 2164 Abraham.
3035 2097 3318 2184 (Hieron)
3362 2110 3526 2170 Ordo
3561 2129 3696 2186 pm-

2093 2200 2360 2264 posterus,
2403 2195 2497 2251 sed
2538 2199 2842 2255 necessario
2878 2209 3259 2259 commutatus.
3295 2201 3354 2262 Si
3390 2205 3549 2261 enim
3591 2209 3694 2278 pri-

2093 2301 2240 2340 mum
2270 2288 2540 2360 posuisset
2565 2287 2860 2357 Abraham,
2891 2299 2946 2347 et
2971 2302 3157 2364 postea
3185 2291 3382 2360 Da‘vid,
3417 2313 3617 2354 rursus
3646 2299 3690 2352 ei

2091 2379 2414 2450 repetendus
2448 2367 2640 2436 'i‘uerat
2681 2381 2977 2451 Abraham,
3013 2391 3074 2441 ut
3109 2387 3492 2458 generationis
3526 2390 3690 2444 series

2090 2471 2387 2526 texeretur.
2418 2464 2543 2526 Ideo
2570 2480 2774 2538 autem,
2801 2475 3012 2532 caeteris
3038 2479 3451 2548 przetcrmissis,
3493 2481 3685 2536 horum

2089 2557 2257 2616 ﬁlium
2288 2564 2636 2636 nuncupavit,
2669 2566 2794 2636 quia
2837 2567 2904 2622 ad
2928 2567 3026 2624 hos
3057 2575 3266 2624 tantum
3310 2567 3466 2627 facta
3505 2580 3595 2628 est
3628 2574 3686 2629 de

2087 2651 2304 2710 Christo
2327 2657 2692 2726 repromissio.
2706 2656 2788 2716 Ad
2801 2657 3074 2714 Abraham
3101 2677 3116 2714 :
3135 2659 3204 2714 In
3222 2663 3426 2718 semine
3444 2705 3462 2730 ,
3487 2663 3682 2735 inquit,

2085 2756 2173 2802 tuo
2203 2749 2570 2806 benedicentur
2607 2764 2784 2808 omnes
2806 2761 2976 2826 gentes
3013 2747 3181 2828 (Gen.
3211 2756 3388 2830 χχιι),
3429 2759 3581 2830 quod
3606 2767 3682 2814 est

2084 2840 2349 2899 Christus.
2374 2843 2456 2899 Ad
2486 2843 2654 2902 David
2683 2859 2698 2899 :
2732 2845 2807 2900 De
2835 2843 3014 2918 fructu
3044 2847 3237 2902 ventris
3261 2847 3342 2902 tui
3364 2865 3570 2920 ponam
3596 2866 3680 2904 su-

2081 2949 2174 3004 per
2203 2930 2374 2990 sedem
2393 2943 2539 2992 tuam
2563 2931 2748 3009 (Psal.
2774 2937 2983 3013 cxxxn).

2157 3025 2424 3085 Abraham
2447 3031 2623 3102 genuit
2663 3017 2842 3098 Isaac,
2879 3029 3036 3084 Isaac
3059 3037 3232 3089 autem
3267 3022 3458 3104 genuit
3493 3030 3676 3086 Iacob.

2080 3114 2412 3192 Exsequitur
2431 3138 2559 3194 ergo
2576 3123 2864 3180 humanam
2893 3124 3297 3196 generationem
3315 3121 3531 3181 Christi
3547 3125 3676 3180 lat-

2083 3211 2276 3278 thmus,
2305 3213 2372 3268 ab
2399 3213 2514 3286 ipso
2532 3215 2905 3286 promissionis
2928 3215 3130 3273 Christi
3157 3217 3408 3283 exordio,
3441 3217 3552 3278 hoc
3575 3225 3673 3284 est,

2081 3304 2149 3359 ab
2177 3304 2449 3361 Abraham
2481 3318 2825 3378 generatores
2869 3324 3330 3376 commemorans,
3378 3321 3526 3380 quos
3549 3325 3672 3380 per-

2079 3396 2226 3452 ducit
2253 3397 2322 3452 ad
2352 3395 2550 3472 Ioseph
2575 3401 2750 3456 virum
2777 3401 2958 3458 Mariae
2976 3444 2990 3468 ,
3033 3403 3100 3458 de
3128 3418 3235 3474 qua
3270 3409 3441 3457 natus
3479 3411 3566 3459 est
3589 3399 3672 3458 Ie-

2075 3501 2189 3542 sus.
2215 3486 2504 3561 (MAURUS.)
2526 3487 2747 3563 Mystice
2771 3507 2985 3564 quoque
3012 3487 3349 3550 demonstrat
3371 3494 3668 3564 quomodo,

2077 3578 2143 3634 de
2165 3579 2482 3651 gentilitatis
2507 3583 2772 3654 caligine,
2803 3571 2959 3654 quasi
2997 3583 3062 3639 de
3088 3571 3350 3657 Egyptia
3377 3588 3666 3653 servitute,

2071 3686 2172 3744 per
2198 3674 2548 3747 quadraginta
2597 3676 2732 3732 duos
2760 3677 2929 3743 viros,
2977 3693 3038 3734 ac
3078 3679 3124 3733 si
3170 3677 3414 3747 ejusdem
3456 3681 3664 3735 numeri

2072 3767 2405 3834 mansiones,
2449 3768 2516 3822 ad
2545 3768 2806 3840 virginem
2837 3770 3061 3826 Mariam
3080 3813 3094 3838 ,
3125 3771 3286 3843 pleno
3316 3770 3503 3832 sancti
3548 3773 3660 3844 Spi-

2071 3857 2208 3914 ritus
2227 3859 2437 3934 gurgite
2466 3858 2738 3928 iluentem,
2767 3877 2832 3918 ac
2857 3863 2900 3919 si
2927 3863 3314 3938 intelligibilem
3335 3865 3656 3930 Iordanem,

2070 3947 2206 4002 duce
2243 3945 2468 4006 Domino
2513 3949 2640 4006 Iesu
2677 3949 2913 4020 Christo,
2960 3955 3106 4010 velut
3141 3951 3304 4012 Iosue
3353 3953 3472 4012 ﬁlio
3517 3955 3655 4022 Nun,

2067 4049 2285 4096 ventum
2309 4043 2410 4110 sit;
2437 4044 2720 4118 ipsumque
2739 4045 3015 4102 Christum
3039 4048 3105 4106 de
3131 4048 3294 4108 Maria
3321 4057 3515 4107 natum
3540 4061 3655 4106 esse

2069 4139 2316 4200 testatur,
2345 4135 2436 4204 qui
2466 4135 2611 4190 velut
2641 4135 2836 4193 hamus
2861 4138 2916 4193 in
2950 4139 3082 4196 retis
3117 4140 3312 4210 capite,
3358 4140 3436 4197 sic
3465 4142 3522 4195 in
3549 4137 3652 4194 line

2065 4225 2389 4296 genealogiae
2416 4227 2646 4298 positus,
2673 4237 2729 4285 et
2752 4231 2807 4285 in
2835 4246 2984 4287 mare
3011 4231 3170 4302 hujus
3197 4231 3384 4287 mundi
3413 4247 3444 4288 a
3489 4225 3648 4287 Patre

2063 4313 2303 4380 missus,
2357 4325 2655 4374 tortuosum
2703 4319 2994 4377 draconem
3050 4315 3374 4376 aduncatum
3431 4322 3644 4379 occisus

2063 4408 2278 4474 occidit,
2301 4418 2464 4480 atque
2483 4412 2703 4468 humani
2730 4413 2944 4484 generis
2969 4423 3200 4468 mortem
3223 4420 3472 4470 mortuus
3497 4429 3643 4470 mor-

2062 4497 2308 4555 tilicavit.
2352 4497 2422 4556 Et
2449 4503 2571 4558 ideo
2598 4503 2745 4560 velut
2777 4501 2903 4558 i'une
2937 4503 3228 4575 duplicato,
3273 4506 3469 4561 iterato
3495 4503 3639 4560 vide-

2062 4588 2188 4644 licet
2227 4588 2646 4666 ui‘iiuseujusque
2680 4595 2918 4662 nomine,
2965 4595 3034 4650 in'
3065 4595 3198 4650 retis
3231 4591 3636 4650 similitudinem

2061 4680 2387 4753 genealogis:
2426 4684 2560 4738 ordo
2587 4685 2922 4752 contexitur,
2958 4680 3132 4742 donec
3157 4677 3225 4741 ab
3254 4679 3414 4754 hujus
3441 4685 3636 4756 princi-

2059 4771 2169 4842 pio,
2203 4772 2304 4828 hoc
2323 4779 2430 4839 est,
2456 4774 2524 4828 ab
2543 4771 2815 4830 Abraham
2843 4777 2914 4832 ad
2934 4777 3159 4831 hamum
3184 4787 3377 4847 usque,
3409 4777 3628 4832 honest.

2059 4861 2354 4929 Christum,
2386 4865 2734 4930 adveniatur;
2774 4867 2842 4921 de
2869 4883 2976 4936 quo
3003 4867 3074 4922 ad
3099 4875 3350 4924 sanctum
3371 4863 3476 4923 Ioh
3503 4865 3630 4922 dici-

2057 4963 2146 5008 tur
2177 4973 2190 5008 :
2222 4955 2475 5028 Nunquid
2520 4958 2808 5012 aduncabis
2846 4959 3129 5014 Leviathan
3176 4961 3332 5014 hamo
3376 4970 3466 5014 tuo
3489 4965 3627 5022 ,ἀει

2023 5093 2026 5102 .
2055 5043 2263 5098 armilla
2293 5046 2586 5116 perforabis
2619 5047 2866 5104 maxillas
2905 5049 3064 5120 ejus?
3091 5049 3233 5120 (Iob.
3264 5047 3624 5121 1L.)(Greg.)

2051 5133 2108 5188 in
2134 5135 2294 5189 hamo
2319 5137 2483 5206 igitur
2511 5139 2896 5195 incarnationis
2923 5140 3125 5196 Christi
3157 5142 3259 5197 iste
3296 5149 3491 5212 captus
3519 5149 3621 5205 est.

376 5223 605 5276 cumtum
645 5241 862 5281 carnem
897 5231 1326 5298 generationem,
1372 5232 1461 5301 qui
1492 5233 1696 5288 eiectos
1734 5251 1859 5292 suos
1895 5237 1947 5293 in

2089 5227 2174 5280 uia
2205 5227 2330 5281 dum
2361 5227 2416 5282 in
2441 5229 2534 5285 ilio
2559 5231 2782 5300 appetiit
2815 5241 2997 5292 escam
3037 5231 3305 5302 corporis,
3329 5232 3621 5288 transﬁxus

377 5308 605 5365 ﬁliorum
653 5312 747 5368 Dei
803 5328 1104 5374 assumeret
1143 5321 1507 5392 adoptionem.
1549 5323 1728 5390 Quare
1767 5337 1944 5381 autem

2084 5324 2129 5370 st
2153 5317 2339 5372 aculeo
2365 5319 2678 5376 divinitatis.

373 5401 563 5454 librum
592 5404 786 5460 dixerit
808 5412 1174 5476 generationis.
1201 5428 1324 5467 cum
1355 5427 1580 5481 parvam
1627 5413 1748 5475 libri
1779 5418 1946 5486 parti-

372 5493 546 5547 culam
590 5501 768 5550 teneat
801 5503 1097 5568 generatio,
1148 5505 1248 5557 hoc
1293 5504 1609 5573 intelligitur
1640 5506 1781 5574 quod
1812 5523 1939 5561 con-

2115 5408 2289 5464 Iudas
2328 5421 2502 5466 autem
2521 5415 2696 5482 genuit
2725 5411 2926 5469 Phares
2958 5422 3008 5468 et
3039 5431 3238 5470 uarum
3267 5415 3334 5470 de
3368 5415 3614 5471 Thamar.

2047 5497 2308 5569 (Hieron.
2335 5501 2354 5572 )
2382 5499 2683 5559 Notandum
2708 5505 2764 5559 in
2797 5505 3108 5578 genealogia
3144 5505 3470 5575 Saivatoris,
3500 5509 3615 5564 nul-

371 5585 712 5642 suctuilinem
733 5591 907 5659 gentis
927 5608 1036 5646 sum
1063 5603 1278 5648 secutus
1301 5595 1390 5648 sit.
1423 5594 1765 5649 Consuetudo
1793 5595 1937 5651 enim
2040 5591 2146 5647 lam
2169 5605 2479 5651 sanctarum
2503 5599 2706 5654 assumi
2734 5600 3040 5668 mulierum,
3068 5601 3162 5656 sed
3189 5615 3284 5656 eas
3311 5617 3446 5672 quas
3473 5602 3610 5657 Scri-

371 5673 714 5731 iirimnorum
755 5691 838 5734 est
884 5689 940 5736 ut
966 5681 1322 5736 voluminibus
1351 5700 1414 5738 ex
1447 5699 1633 5738 eorum
1663 5683 1938 5753 principiis
2037 5693 2197 5756 ptura
2239 5687 2607 5756 reprehendit,
2646 5697 2704 5745 ut
2731 5689 2821 5760 qui
2864 5701 3081 5764 propter
3115 5701 3429 5765 peccatores
3456 5713 3609 5752 vene-

368 5761 641 5834 imponant
668 5769 904 5833 nomina,
945 5781 1002 5826 ut
1031 5780 1115 5826 est
1143 5771 1389 5842 Genesis,
1419 5773 1632 5828 Exodus
1679 5781 1732 5828 et
1759 5775 1936 5829 ueteri
2039 5782 2143 5842 rat,
2182 5777 2246 5833 de
2281 5779 2669 5848 peccatricibus
2699 5799 2949 5851 nascens,
2993 5787 3230 5842 omnium
3275 5795 3490 5858 peccata
3516 5787 3606 5844 de-

367 5849 488 5908 libri
518 5855 732 5928 legales.
767 5858 918 5928 Quod
962 5871 1138 5916 autem
1167 5863 1316 5930 dicit,
1345 5863 1475 5919 Iesu
1517 5861 1733 5932 Christi,
1783 5880 1935 5942 rega-

2033 5866 2190 5925 ieret.
2221 5867 2374 5926 Unde
2400 5877 2454 5927 et
2477 5872 2532 5927 in
2560 5873 3012 5949 consequentibus
3050 5873 3196 5934 Ruth
3241 5873 3484 5938 loabitis
3504 5891 3600 5936 oo-
