3946 6454
245 434 350 498 733

1220 434 1568 497 COMMENT.
1605 436 1675 493 ΙΝ
1712 424 2148 495 ΜΑΤἸἬᾹΞΠΜ.
2190 470 2259 480 ——
2296 440 2423 497 LIB.
2458 443 2500 499 i.

3375 449 3478 506 734

244 558 412 621 nitur,
441 560 497 609 et
512 538 811 609 Bethsabce
829 550 1138 626 [Bersabea]
1166 570 1301 610 uxor
1320 552 1479 610 Uriae.
1511 549 1799 626 (Μλυιιυε.)
1829 548 1879 611 Δ
1903 547 2070 605 David
2093 552 2297 621 primus
2333 555 2399 610 de
2428 524 2571 614 tribu
2597 554 2734 617 Iuda
2759 571 2855 625 rex
2884 558 3005 628 fuit,
3033 574 3132 632 per
3153 576 3315 634 quam
3342 542 3477 623 ordo

244 648 325 703 Ad
376 644 858 703 interiorem‘vero
905 644 1250 711 intellectum,
1294 645 1348 701 in
1397 644 1646 700 omnibus
1690 644 1808 700 istis

245 746 491 811 quatuor,
520 744 743 792 ventura
774 736 841 790 ad
866 735 1148 791 Dominum
1181 735 1423 793 Ecclesia
1451 737 1514 791 de
1540 736 1808 808 gentilita-

242 833 313 887 tis
346 845 532 885 errore
576 828 857 901 ﬁguratur,
902 844 1019 898 qua:
1063 829 1211 899 prius
1255 829 1448 893 aliena,
1500 826 1807 900 ignominiis

239 925 396 996 plena
421 930 475 977 et
500 921 699 978 sterilis
721 918 1040 985 habebatur,
1078 920 1170 975 sed
1200 920 1267 974 ad
1293 918 1562 974 Christum
1594 929 1654 972 ut
1675 917 1807 988 legi-

241 1016 372 1069 tima
405 1011 688 1081 conjuncta
719 1014 802 1067 est
830 1019 1095 1073 matrona,
1124 1018 1178 1065 et
1208 1010 1387 1082 plures
1412 1010 1689 1081 adoptivos
1717 1026 1806 1081 pa-

239 1108 309 1161 rit
336 1106 444 1159 Deo
474 1104 641 1171 filios,
688 1120 848 1176 quam
896 1102 1203 1175 Synagoga,
1257 1120 1375 1174 quae
1401 1102 1553 1174 prius
1590 1109 1647 1157 ut
1673 1117 1804 1173 pro-

238 1198 415 1269 prium
444 1194 727 1250 videbatur
772 1190 1051 1249 Domiuum
1092 1194 1289 1248 habere
1326 1194 1519 1249 virum.
1567 1191 1805 1248 Thamar

236 1303 366 1358 ergo
406 1289 792 1358 interpretatur
826 1286 1145 1353 amaritudo,
1188 1286 1271 1341 vel
1307 1280 1653 1352 commuldns,
1689 1285 1805 1340 sive

234 1380 445 1452 palma;
474 1388 528 1435 et
552 1383 747 1435 merito
771 1382 885 1436 haec
914 1380 1093 1435 omnia
1120 1381 1445 1436 conveniunt
1475 1389 1675 1435 sanctae
1697 1381 1802 1435 Ec-

233 1473 435 1539 clesim,
481 1486 601 1542 qua?
642 1487 825 1526 amara
850 1474 999 1544 prius
1024 1472 1123 1527 fuit
1162 1473 1217 1527 in
1254 1468 1549 1527 idololatria
1576 1479 1631 1526 et
1659 1472 1801 1542 turpi

233 1565 638 1619 conversatione
655 1606 668 1631 ,
720 1565 812 1619 sed
838 1565 995 1619 modo
1020 1564 1189 1618 dulcis
1213 1572 1295 1618 est
1321 1579 1416 1635 per
1442 1562 1625 1619 ilctum
1654 1580 1801 1619 com-

230 1655 553 1726 punctionis,
584 1665 634 1711 et
674 1657 907 1711 studium
935 1656 1005 1727 pii
1034 1656 1251 1710 laboris.
1297 1654 1421 1711 iiarc
1460 1665 1800 1713 commutans

230 1757 377 1803 recte
415 1749 632 1814 dicitur,
681 1747 805 1817 quia
842 1764 907 1803 ex
937 1747 1239 1819 peccatrice
1281 1756 1608 1805 commutata
1637 1748 1801 1802 estin

220 1838 445 1908 justam,
475 1848 529 1895 et
554 1854 619 1896 ex
646 1840 830 1896 odiosa
855 1842 908 1901 in
941 1850 1192 1905 amatam,
1221 1856 1339 1910 quae
1364 1839 1556 1911 palmae
1584 1841 1685 1896 rite
1712 1857 1801 1897 as-

226 1934 532 2001 similatur,
578 1945 798 2006 propter
845 1943 1119 1990 certamen
1165 1934 1412 1989 laborum
1458 1942 1511 1989 et
1565 1912 1874 1991 victoria:B

225 2029 528 2096 praémium.
573 2026 648 2080 De
673 2026 761 2081 illa
797 2027 993 2099 quippe
1022 2027 1156 2082 bene
1185 2043 1281 2101 per
1309 2020 1646 2083 Psalmistam
1669 2028 1800 2083 dici-

226 2126 318 2172 tur
350 2137 364 2174 :
394 2121 577 2176 Justus
615 2130 669 2181 ut
711 2120 887 2191 palma
931 2119 1155 2190 ﬂarebit,
1210 2119 1345 2174 sicut
1388 2120 1570 2173 cedrus
1610 2118 1799 2174 Libani

224 2209 659 2280 nmltiplicabitur
694 2210 877 2281 (Psal.
923 2228 1005 2266 xm
1114 2209 1262 2265 Raab
1304 2227 1519 2285 quoque
1550 2212 1796 2280 latitudo,

222 2299 307 2354 vel
330 2300 510 2369 fames,
538 2317 627 2359 seu
652 2302 891 2374 impetus,
920 2301 1341 2371 interpretatur;
1368 2312 1421 2357 et
1443 2303 1570 2377 quid
1595 2304 1648 2357 in
1672 2304 1794 2369 hoc,

221 2392 328 2447 nisi
355 2400 551 2448 sancta:
580 2392 833 2449 Ecclesim
861 2393 1113 2449 nobilitas
1138 2394 1482 2464 praedicatur,
1515 2395 1600 2449 cui
1629 2394 1795 2455 etiam

221 2500 321 2555 per
376 2483 568 2539 isaiam
620 2486 853 2542 dicitur:
887 2483 1066 2539 Dilata
1122 2484 1291 2539 locum
1345 2486 1553 2539 tentorii
1606 2485 1702 2551 tui,
1749 2494 1799 2539 et

219 2574 378 2647 pelles
426 2576 879 2631 tabernaculorum
931 2584 1139 2632 tuorum
1187 2576 1433 2641 extende;
1481 2594 1543 2632 ne
1585 2594 1795 2649 parcas,

220 2666 403 2738 longos
426 2667 510 2737 {ac
534 2666 796 2738 funiculos
818 2678 954 2735 tuos,
988 2676 1037 2725 et
1062 2669 1233 2724 clavos
1260 2679 1375 2725 tuos
1399 2669 1702 2734 consolida;
1728 2668 1797 2724 ad

219 2759 486 2814 dexteram
530 2760 667 2815 enim
714 2772 759 2815 et
812 2754 881 2815 ad
930 2760 1113 2821 lteram
1168 2760 1485 2835 penetrabis,
1529 2771 1579 2817 et
1626 2778 1797 2821 semen

218 2860 367 2905 tuum
409 2860 582 2923 gentes
623 2852 945 2908 hazreditabit
977 2853 1120 2926 (Isa.
1169 2854 1317 2925 LIV).
1350 2853 1523 2909 Habet
1555 2869 1685 2927 ergo
1717 2853 1797 2911 fa-

218 2958 363 2997 mem
406 2942 529 3009 ista,
559 2958 661 2997 non
716 2940 907 3012 famem
936 2945 1087 3014 panis
1128 2961 1288 3017 neque
1315 2944 1455 2999 sitim
1496 2959 1667 3016 aqum,
1705 2943 1796 2999 sed

219 3032 471 3088 audiendi
512 3028 855 3089 verbumﬂei
883 3032 1061 3107 (Amos
1084 3017 1225 3107 vni),
1269 3043 1322 3091 et
1347 3034 1579 3093 faciendi
1607 3035 1798 3089 volun-

220 3132 388 3183 tatem
423 3127 560 3198 ejus.
590 3129 664 3184 De
693 3126 797 3185 hac
827 3131 1040 3202 quidem
1072 3132 1304 3203 impetus
1344 3130 1635 3203 egreditur,
1670 3131 1796 3201 quia

216 3216 480 3274 velocitas
505 3218 921 3290 przcdicationls,
950 3220 1111 3277 flante
1155 3222 1356 3293 Spiritu
1388 3231 1600 3287 sancto,
1629 3221 1684 3277 in
1712 3230 1793 3276 to-

219 3316 331 3363 tam
381 3308 563 3363 mundi
610 3309 945 3365 latitudinem
991 3309 1258 3382 dirigitur.
1316 3312 1468 3368 Unde
1511 3313 1651 3366 bene
1697 3327 1795 3383 per

217 3396 556 3452 Ezechielem
598 3398 796 3453 dicitur
828 3417 840 3453 :
873 3394 972 3453 Ubi
1007 3409 1119 3453 erat
1168 3402 1385 3471 impetus
1427 3399 1689 3472 Spiritus,
1724 3400 1792 3454 il-

216 3487 302 3544 luc
354 3490 742 3559 gradiebantur,
775 3507 869 3544 nec
900 3490 1283 3545 revertebantur
1312 3507 1427 3545 cum
1465 3486 1795 3551 ambularent

215 3578 437 3653 (Ezeeh.
472 3580 532 3649 ι).
564 3580 802 3661 Denique
836 3580 1003 3643 Ruth,
1035 3596 1155 3651 quae
1177 3572 1265 3637 vel
1305 3581 1506 3648 videns,
1539 3581 1623 3636 vel
1649 3581 1795 3653 festi-

213 3684 373 3730 nans,
397 3669 509 3721 sive
542 3668 813 3736 deﬁniens,
843 3668 1247 3739 interpretatur,
1280 3672 1475 3725 merito
1497 3670 1792 3726 Ecclesiam

213 3758 509 3828 signiﬁcat,
542 3766 661 3829 qum
691 3757 741 3814 In
771 3761 1006 3829 puritate
1035 3760 1216 3817 cordis
1242 3762 1525 3818 Dominum
1559 3773 1796 3819 contem-

212 3850 400 3922 platur
422 3859 476 3906 et
502 3852 795 3907 secundum
833 3850 1193 3919 Pnalmlstam,
1228 3853 1440 3923 festinat
1470 3870 1657 3909 manus
1678 3854 1793 3924 ejus

213 3944 347 3997 dare
372 3942 480 3996 Deo
509 3940 690 4013 (Psal.
720 3944 921 4016 van).
953 3943 1079 4000 Haec
1106 3942 1312 4012 definit,
1339 3945 1393 4000 id
1431 3953 1533 4010 est,
1567 3944 1795 4000 firmiter

216 4035 269 4089 in
318 4035 423 4089 ﬁde
456 4043 509 4089 et
546 4035 832 4091 dilectione
877 4036 971 4091 Dei
1006 4039 1297 4109 persistere
1335 4038 1594 4094 decernit.
1641 4036 1794 4094 Unde

214 4132 268 4179 et
293 4124 492 4181 Paulus
518 4126 596 4181 ait
624 4138 651 4166 ι
685 4144 698 4179 :
732 4127 916 4182 Certus
949 4144 1063 4182 sum
1087 4130 1253 4195 enim,
1285 4131 1408 4200 quia
1442 4147 1602 4201 neque
1629 4145 1791 4194 mors,

215 4230 380 4287 neque
406 4217 532 4284 sita,
562 4228 723 4288 neque
761 4218 998 4289 angelus,
1036 4236 1198 4292 neque
1233 4222 1578 4292 principatus,
1627 4236 1792 4292 neque

215 4313 490 4378 instantia,
526 4328 690 4393 neque
722 4313 922 4382 futura,
971 4330 1132 4385 neque
1171 4313 1447 4383 fortitudo,
1486 4328 1648 4384 neque
1672 4314 1794 4368 alti-

215 4404 364 4468 tudo,
404 4421 567 4474 neque
609 4404 948 4475 profundum,
990 4418 1151 4477 neque
1193 4415 1433 4460 creatura
1473 4404 1580 4459 alia
1608 4407 1792 4477 poterit

216 4509 308 4547 nos
342 4508 585 4563 separare
610 4506 641 4547 (ι
666 4492 921 4548 charitate
958 4493 1075 4560 Dei,
1107 4511 1222 4567 qua:
1248 4505 1321 4550 est
1350 4513 1403 4549 τη
1431 4495 1636 4550 Christo
1666 4485 1794 4550 Iesu

219 4584 398 4657 (Rom.
430 4584 569 4654 vm).
624 4582 891 4641 Bersabea
919 4601 1065 4649 vero,
1115 4600 1235 4657 qum
1279 4586 1668 4656 interpretatur
1696 4605 1795 4659 pu-

217 4685 329 4733 teus
353 4679 630 4743 satietatis,
655 4678 739 4735 vel
760 4690 945 4750 puteus
966 4680 1233 4751 septimus,
1262 4682 1643 4737 abundantiam
1668 4698 1791 4753 gra-

216 4769 302 4824 tim
335 4769 569 4839 Spiritus
605 4770 777 4827 sancti
802 4771 855 4825 in
892 4770 1132 4827 Ecclesia
1173 4772 1289 4826 fieri
1325 4772 1587 4843 designat.
1642 4773 1792 4827 Dono

219 4863 402 4934 itaque
440 4865 728 4934 spirituali,
764 4863 867 4920 hoc
893 4876 992 4929 est,
1027 4865 1353 4936 septenario,
1399 4863 1537 4919 facta
1566 4874 1650 4919 est
1685 4865 1790 4920 Ec-
1823 4850 1838 4861 ’

219 4955 382 5011 clesia
416 4964 609 5025 puteus
658 4958 922 5013 satietatis
943 4998 958 5023 ,
998 4958 1124 5028 quia
1155 4957 1330 5013 lactus
1365 4968 1449 5013 est
1484 4958 1538 5012 in
1576 4973 1639 5012 ea
1672 4958 1790 5028 fons

218 5062 368 5115 aqua:
395 5045 629 5101 salientis
652 5048 705 5102 in
733 5049 889 5102 vitam
916 5060 1162 5103 aeternam
1193 5048 1371 5120 (Joan.
1403 5048 1502 5119 ιν).

289 5156 511 5214 Naason
548 5139 719 5215 autem
753 5163 927 5232 genuit
961 5160 1200 5227 Sqlmon.
1231 5160 1518 5235 (Ηίενοη.)
1556 5162 1672 5233 Ipse
1710 5170 1795 5219 est

218 5249 430 5308 Naason
456 5255 702 5328 princeps
730 5257 900 5314 tribus
927 5256 1084 5326 Iuda,
1121 5257 1263 5321 sicut
1287 5258 1342 5314 in
1382 5257 1634 5317 Numeris
1659 5260 1793 5332 legi-

221 5361 338 5401 mus
366 5346 383 5419 (
411 5342 574 5401 Num.
605 5349 689 5419 ιι).

289 5457 435 5512 Jesse
465 5468 637 5511 autem
666 5459 840 5529 genuit
869 5456 1040 5513 David
1079 5475 1269 5529 regem.
1299 5459 1503 5530 Regem
1534 5460 1664 5517 dicit
1689 5461 1793 5516 Da-

223 5549 341 5615 vid,
372 5566 477 5607 non
513 5552 654 5622 quod
687 5551 800 5622 ipse
835 5551 981 5605 solus
1021 5552 1074 5604 in
1115 5553 1217 5613 ista
1256 5552 1565 5623 genealogia
1602 5569 1788 5625 regum

224 5637 381 5695 fuerit
410 5642 631 5713 positus,
661 5658 782 5697 cum
808 5643 875 5697 ab
903 5643 1018 5712 ipso
1044 5659 1210 5712 usque
1250 5645 1316 5701 ad
1357 5647 1791 5717 transmigratio-

226 5742 344 5783 nem
374 5730 658 5803 Babylonis
686 5732 776 5801 qui
806 5732 1115 5786 scribuntur
1142 5735 1507 5805 regnaveriut,
1540 5736 1632 5789 sed
1664 5738 1788 5806 quia

1909 640 2145 697 decurrit
2164 646 2507 720 genealogim.

1976 760 2147 816 David
2169 771 2342 819 autem
2364 781 2454 819 rea:
2481 768 2659 836 genuit
2683 766 3019 824 Salomonem
3041 787 3105 825 ea:
3131 788 3193 826 ea
3225 789 3343 844 quae
3374 775 3475 845 fuit

1906 850 2071 925 Uriaa
2105 852 2354 927 (Meum)
2384 854 2672 925 Quaeritur,
2714 872 2838 913 cum
2869 867 2981 915 tres
3026 862 3245 932 reliqum
3289 873 3472 920 extra-

1904 959 2020 1004 nea
2067 946 2323 1003 mulieres
2364 949 2672 1005 nominibus
2698 952 2931 1021 propriis
2978 953 3086 1010 sint
3116 955 3320 1024 positae,
3372 971 3472 1010 cur

1904 1036 2017 1095 Sola
2048 1052 2154 1092 non
2180 1038 2491 1097 nominetur
2524 1038 2811 1108 Bersabee,
2852 1043 2946 1098 sed
2989 1045 3091 1100 hoc
3126 1045 3295 1100 solum
3328 1045 3474 1100 dica-

1904 1135 1993 1187 uIr
2020 1129 2164 1197 quod
2187 1145 2322 1184 uxor
2351 1128 2512 1186 fuerit
2542 1128 2729 1188 Ι]ήωῖ
2764 1134 2930 1203 igitur
2964 1136 3067 1191 hoc
3101 1137 3220 1192 ideo
3250 1145 3471 1208 putatur

1902 1218 2131 1287 factum,
2175 1222 2303 1293 quia
2343 1230 2453 1279 tres
2489 1224 2608 1279 alim
2633 1234 2796 1296 supra
2835 1228 3079 1297 scriptae,
3130 1228 3255 1284 licet
3290 1230 3473 1285 crimi-

1901 1328 2049 1369 nosa:
2073 1312 2302 1379 fuerint,
2348 1314 2404 1369 in
2432 1318 2692 1384 partubus
2721 1324 2903 1372 tamen
2933 1316 3187 1384 ﬁliorum,
3214 1333 3310 1390 per
3339 1334 3472 1388 quos

1899 1406 2070 1463 currit
2095 1407 2426 1479 genealogis,
2455 1421 2562 1463 non
2592 1409 2761 1464 solum
2785 1424 2891 1465 non
2930 1411 3160 1481 culpari,
3188 1411 3280 1466 sed
3308 1412 3466 1466 etiam

1900 1501 2108 1556 laudari
2132 1509 2459 1557 meruerunt.
2490 1501 2616 1558 Haec
2648 1508 2799 1571 vero,
2826 1501 3090 1559 adulterio
3119 1503 3351 1559 simulet
3374 1504 3470 1559 ho-

1899 1591 2117 1647 micidio
2164 1601 2490 1664 perpetrato,
2546 1594 2733 1648 Davidi
2779 1595 2889 1667 regi
2947 1595 3129 1667 genuit
3180 1592 3370 1661 illium,
3415 1595 3469 1649 in

1901 1688 2108 1738 tantum
2146 1684 2395 1755 culpabili
2428 1685 2692 1757 conjugio,
2744 1692 2804 1740 ut
2850 1687 3044 1740 merito
3079 1686 3135 1740 in
3177 1684 3471 1742 Salvatoris

1900 1774 2208 1844 genealogis
2234 1776 2482 1831 videatur
2511 1791 2619 1832 non
2646 1775 2957 1841 nominata;
2989 1790 3182 1832 nomen
3210 1793 3340 1833 vero
3368 1777 3471 1832 viri

1899 1865 2035 1934 ejus,
2070 1865 2123 1919 id
2143 1872 2247 1931 est,
2278 1866 2442 1932 Uriaa,
2477 1866 2633 1936 quasi
2645 1864 2779 1935 justi
2804 1867 3039 1922 hominis
3056 1867 3293 1937 punitur,
3324 1873 3384 1921 ut
3405 1881 3471 1922 ex

1901 1960 2005 2015 hoc
2025 1958 2189 2013 etiam
2221 1958 2445 2015 sceleris
2466 1959 2775 2015 immanitas
2801 1964 3153 2025 memoretur,
3180 1959 3307 2013 dum
3331 1973 3468 2012 uxo-

1899 2050 1974 2105 ris
2001 2064 2164 2105 causa
2207 2051 2419 2106 occisus
2458 2050 2513 2105 in
2544 2051 2865 2107 memoriam
2907 2057 3209 2106 revocatur.
3251 2049 3472 2121 Mystice

1898 2150 2078 2205 autem
2116 2142 2286 2198 David
2316 2142 2591 2198 Christum
2633 2142 2921 2215 signiticet,
2962 2141 3054 2211 qui
3086 2141 3472 2210 interpretatur

1897 2250 2059 2290 manu
2093 2235 2268 2305 fortis,
2299 2242 2353 2289 et
2376 2230 2756 2289 desiderabilis.
2806 2235 2872 2289 Et
2903 2233 3029 2305 quid
3059 2231 3250 2289 fortius
3294 2232 3467 2298 leone,

1897 2327 1991 2396 qui
2013 2326 2132 2380 uicit
2161 2326 2223 2379 de
2250 2324 2388 2379 tribu
2410 2324 2579 2391 Iuda,
2625 2325 2782 2381 radiat
2807 2325 3021 2380 David?
3042 2322 3318 2393 Quomodo
3341 2337 3472 2379 vero

1897 2420 1971 2474 sit
2007 2416 2397 2483 desiderabilis,
2446 2415 2728 2487 Scriptura
2776 2417 3033 2483 eatendit,
3079 2417 3261 2472 dicens
3294 2433 3307 2469 :
3338 2414 3471 2468 Ecce

1895 2511 2063 2573 mist
2086 2510 2410 2565 desideratus
2439 2510 2641 2564 cunctis
2664 2510 2898 2580 gentibus
2928 2508 3128 2581 (Apoc.
3157 2524 3189 2563 v
3211 2505 3252 2579 ).
3282 2506 3346 2562 Et
3365 2506 3473 2566 Pe-

1897 2609 2015 2658 trus
2052 2602 2129 2658 ait
2159 2620 2173 2657 :
2207 2602 2276 2657 In
2322 2618 2476 2675 quem
2521 2612 2570 2657 et
2618 2602 2917 2657 desiderant
2968 2600 3141 2671 angeli
3182 2600 3473 2672 prospicere

1897 2695 1961 2768 (Ι
1991 2695 2137 2751 Patr.
2162 2697 2239 2768 ι).
2291 2696 2451 2753 Urias
2496 2704 2643 2761 Vero,
2677 2695 2769 2765 qui
2796 2694 3183 2765 interpretatur
3224 2691 3317 2746 tua:
3359 2706 3472 2745 mea

1897 2787 2025 2855 Dei,
2053 2789 2321 2860 significat
2355 2786 2658 2853 diabolum,
2699 2787 2790 2856 qui
2822 2784 3174 2857 transﬁgurat
3206 2800 3265 2839 se
3298 2782 3353 2838 in
3380 2798 3475 2836 an-

1896 2878 2074 2950 gelum
2121 2879 2276 2945 lucis,
2303 2879 2506 2934 audens
2551 2878 2661 2934 Deo
2696 2879 2918 2933 dicere:
2950 2876 3066 2931 Lua:
3102 2893 3218 2930 mea
3261 2873 3379 2940 Dei,
3421 2881 3475 2928 et

1897 2968 2008 3024 Ero
2029 2969 2217 3025 similis
2260 2968 2529 3029 Altissimo
2564 2968 2739 3043 (Isai.
2781 2966 2914 3038 xw).
2942 2964 3111 3036 Hujus
3156 2972 3313 3022 erant
3349 2979 3473 3036 pes-

1898 3062 2035 3118 simo
2066 3063 2316 3134 conjugio
2337 3062 2566 3134 delegati
2592 3076 2782 3118 omnes
2800 3100 2816 3128 ,
2844 3075 2979 3131 quos
3008 3058 3181 3130 gratia
3205 3056 3306 3112 Dei
3340 3054 3474 3112 libe-

1898 3161 2003 3220 rat,
2036 3161 2097 3215 ut
2123 3153 2364 3211 Ecclesia
2410 3154 2527 3209 sine
2552 3153 2765 3213 macula
2790 3156 2845 3208 et
2876 3165 3010 3222 ruga
3048 3150 3317 3208 Salvatori
3342 3162 3471 3221 pro-

1820 3270 1865 3335 C
1896 3247 2021 3317 prio
2046 3261 2246 3317 sponsa
2277 3247 2579 3316 copuletur.

1964 3357 2151 3412 Joram
2187 3366 2361 3412 autem
2403 3359 2577 3430 genuit
2629 3356 2838 3423 Oziam,
2878 3353 3038 3411 Ozias
3077 3358 3250 3409 autem
3299 3352 3476 3425 genuit

1895 3446 2185 3503 Jonatban.
2215 3446 2508 3519 (Hierom)
2539 3446 2596 3501 in
2624 3455 2817 3518 quarto
2857 3445 3061 3517 Regum
3083 3442 3357 3499 velamine
3398 3442 3474 3498 le-

1896 3539 2074 3611 gimus
2112 3539 2179 3594 de
2210 3537 2392 3594 Joram
2437 3537 2726 3594 Ochozlam
2774 3536 2941 3591 fuisse
2980 3536 3314 3606 generatum,
3365 3546 3471 3600 quo

1895 3638 2131 3694 mortuo,
2159 3626 2415 3683 Josabeth
2454 3627 2561 3681 illia
2599 3627 2742 3698 regis
2766 3625 2971 3691 Joram,
3012 3618 3468 3686 soror'Ochozize,

1898 3717 2020 3783 tulit
2047 3718 2174 3774 Joas
2195 3718 2362 3772 lilium
2383 3718 2571 3772 fratris
2605 3718 2707 3781 sui,
2731 3722 2929 3772 etcum
2958 3712 3329 3778 internecioni,
3352 3727 3473 3782 quae

1896 3812 2251 3866 exercebatur
2277 3810 2345 3865 ab
2378 3809 2617 3875 Athalia,
2660 3809 2968 3864 subtraxit:
2999 3806 3087 3862 cui
3128 3805 3388 3861 successit
3415 3804 3469 3858 in

1896 3916 2120 3971 regnum
2162 3902 2304 3958 illius
2340 3900 2455 3970 ejus
2481 3900 2752 3965 Amasias,
2785 3906 2906 3970 post
2933 3912 3094 3969 quem
3122 3894 3369 3965 regnavit
3404 3892 3471 3949 fi-

1894 3992 1999 4047 lius
2028 3993 2145 4064 ejus
2182 3992 2439 4058 Azarias,
2479 3992 2569 4063 qui
2595 3990 2894 4061 appellatur
2926 3997 2979 4045 et
3012 3988 3192 4054 Ozias,
3237 3987 3321 4042 cui
3351 4000 3470 4042 suc-

1894 4087 2059 4142 cessit
2079 4086 2346 4143 Jonathan
2387 4087 2530 4143 illius
2560 4089 2695 4158 ejus.
2726 4075 2915 4142 Cernis
2942 4100 3089 4156 ergo,
3120 4084 3260 4154 quod
3283 4092 3474 4137 secun-

1896 4182 2022 4237 dum
2064 4182 2221 4236 iidem
2270 4183 2513 4237 historiae
2549 4186 2658 4236 tres
2703 4194 2856 4251 reges
2904 4179 2957 4233 in
2999 4177 3177 4233 medio
3224 4175 3471 4242 ﬁlerunt,

1896 4287 2033 4342 quos
2058 4272 2147 4327 hic
2168 4273 2507 4343 Evangelista
2536 4270 2898 4342 praetermisit.
2932 4267 3114 4324 Joram
3144 4267 3340 4337 quippe
3364 4282 3472 4322 non

1896 4366 2081 4436 genuit
2111 4364 2322 4429 Oziam,
2354 4365 2447 4419 sed
2478 4362 2792 4427 Ochoziam,
2823 4369 2877 4416 et
2908 4358 3144 4431 reliquos
3178 4370 3313 4428 quos
3342 4372 3470 4411 enu-

1896 4457 2241 4511 meravimus.
2299 4454 2499 4511 Verum
2556 4456 2683 4525 quia
2739 4453 3082 4524 evangelistm
3138 4446 3469 4522 preposiium

1896 4556 2033 4612 erat,
2064 4556 2177 4602 tres
2198 4547 2635 4601 tessaradecades
2675 4546 2728 4600 in
2759 4546 2973 4599 diverso
2998 4548 3299 4611 temporum
3328 4547 3468 4595 statu

1816 4627 2115 4706 Dpenere,
2163 4646 2218 4691 et
2265 4634 2445 4691 Joram
2488 4634 2671 4705 generi
2722 4648 2781 4689 se
2822 4634 3113 4687 miscuerat
3156 4630 3474 4700 impiissime

1895 4726 2132 4791 Iezabel,
2162 4727 2366 4782 idcirco
2396 4740 2568 4796 usque
2594 4725 2660 4779 ad
2695 4724 2908 4779 tertiam
2936 4722 3334 4793 generationem
3358 4717 3472 4789 ejus

1898 4819 2156 4873 memoria
2189 4818 2411 4882 tollitur,
2444 4832 2514 4872 ne
2541 4818 2593 4871 in
2619 4825 2818 4872 sanctae
2842 4815 3139 4870 nativitatis
3163 4814 3352 4869 ordine
3376 4828 3469 4882 po-

1897 4915 2137 4963 neretur.
2184 4906 2428 4980 (Hilar.)
2471 4906 2684 4961 Dictum
2723 4920 2937 4976 quoque
2968 4905 3040 4960 ita
3076 4914 3193 4960 erat
3222 4918 3317 4973 per
3350 4917 3473 4972 pro-

1896 4999 2138 5069 phetam,
2163 5002 2268 5053 bon
2296 4999 2399 5061 nisi
2426 5007 2617 5068 quarta
2641 4997 2985 5069 generatione
3015 4995 3067 5050 in
3098 4995 3291 5049 throno
3320 4992 3471 5061 regni

1895 5090 2061 5146 lsrael
2111 5104 2437 5162 quemquam
2483 5091 2549 5147 de
2588 5090 2747 5144 domo
2786 5085 2973 5142 Achab
3015 5099 3137 5140 esse
3174 5096 3466 5139 sessurum.

1894 5183 2129 5254 Purgata
2158 5184 2321 5255 igitur
2344 5181 2465 5237 labe
2496 5181 2713 5235 familia:
2739 5177 2954 5249 gentilis
2972 5215 2986 5241 ,
3038 5176 3316 5234 tribustme
3336 5184 3468 5243 prm-

1895 5275 2092 5340 teritis,
2136 5273 2248 5342 jam
2289 5273 2486 5344 regalis
2524 5274 2579 5327 in
2609 5278 2799 5342 quarta
2826 5268 3235 5340 generationem
3280 5272 3469 5320 conse-

1893 5367 2170 5438 quentium
2200 5365 2352 5435 origo
2374 5370 2707 5418 numeratur.

1967 5456 2037 5510 Et
2068 5464 2181 5525 post
2209 5454 2724 5523 transmigrationem
2745 5450 3051 5523 Babylonis,
3076 5449 3355 5505 Jeeltonias
3386 5465 3469 5519 ge-

1897 5546 2011 5601 nuit
2051 5544 2330 5603 Salathiel.
2364 5543 2618 5615 (Hieron.
2653 5546 2671 5614 )
2704 5542 2759 5597 Si
2790 5543 3116 5598 voluerimus
3157 5542 3467 5598 Jecboniam

1896 5639 1953 5694 in
1995 5638 2101 5693 line
2139 5640 2327 5708 primae
2379 5635 2801 5691 tessaradecadis
2848 5650 3077 5706 ponere,
3124 5635 3176 5688 in
3222 5632 3463 5702 sequenti

1848 5778 1859 5809 τ
1896 5746 2005 5786 non
2060 5740 2220 5786 erunt
2260 5729 2698 5802 quatuordecim,
2748 5728 2843 5784 sed
2894 5728 3169 5783 tredecim.
3223 5724 3466 5781 Sciamus

295 5877 323 5906 ι
350 5864 429 5922 Ex
453 5865 698 5924 versione
721 5868 784 5923 D.
809 5864 1122 5939 Hieronymi
1146 5864 1302 5936 juxta
1331 5866 1653 5922 iicbraicam
1689 5866 1997 5924 veritatem.
