3946 6516
431 407 540 466 735

1065 404 1130 460 Β.
1165 401 1423 461 RABANI
1460 399 1678 459 MAURI
1714 395 2033 455 ARCHIEP.
2074 393 2383 453 MOGUNT.
2427 390 2713 451 OPERUM
2749 389 2931 447 PARS
2965 389 3010 444 Ι.

3600 390 3724 447 736

434 540 563 598 ergo
589 519 904 580 Iechoniam
939 517 1176 590 priorem
1202 513 1400 588 'ipsum
1424 532 1564 582 esse,
1606 512 1847 586 quem'et
1874 512 1999 568 Ioa-
2032 514 2086 574 Α
2108 509 2400 564 Aristidem
2438 508 2723 576 quemdam
2765 507 2828 560 de
2862 503 3273 577 Evangeliorum
3320 484 3718 573 dissonantia,

433 597 575 683 kim;
607 615 903 674 secundum
937 620 1117 667 autem
1144 611 1238 682 (id
1275 619 1359 666 est
1400 609 1648 679 Ioachin)
1677 608 1862 670 tilium,
1897 621 2005 660 non
2104 602 2357 666 ostendit,
2395 600 2469 654 ita
2499 600 2680 655 dicens
2710 610 2773 650 a:
2807 617 2825 648 ‹
2846 597 3010 651 Nobis
3043 613 3172 668 ergo
3204 598 3462 654 imminet
3505 607 3718 653 osten-

434 718 664 782 patrem,
690 719 920 776 quorum
947 704 1098 775 prior
1119 717 1217 774 per
1239 726 1268 759 κ
1296 712 1352 758 et
1377 726 1437 774 μ,
1466 715 1698 772 sequens
1719 715 1815 770 per
1841 722 1884 772 χ
1905 707 1960 754 et
1979 722 2008 756 ν

435 802 718 864 scribitur,
750 798 890 867 quod
917 797 1241 867 scriptorum
1269 796 1401 852 vitio
1427 803 1482 849 et
1511 794 1841 865 longitudine
1872 801 2009 847 tem-

437 905 624 962 porum
648 890 787 960 apud
814 887 1030 944 Graecos
1068 887 1397 957 Latinosque
1423 884 1705 941 confusum
1733 892 1835 939 est.
1880 881 2009 938 Haec

436 983 624 1037 beatus
669 969 1026 1052 Hieronymus
1051 979 1332 1035 historiam
1377 991 1627 1047 sequens,
1656 977 1730 1030 ita
1763 973 2006 1043 exponit.

435 1072 699 1127 Caeterum
746 1069 1071 1125 venerabilis
1121 1068 1302 1126 Pater.
1328 1067 1662 1138 Augustinus
1707 1065 1763 1120 in
1805 1063 1897 1119 lib.
1945 1064 2012 1118 de

434 1166 713 1224 Consensu
759 1163 1211 1234 evangelistarum
1253 1158 1412 1232 (Lib.
1448 1173 1508 1224 ll,
1553 1175 1598 1211 c.
1631 1155 1706 1226 ιν)
1736 1156 1810 1210 ita
1833 1153 1964 1209 dicit
1994 1171 2007 1207 :

436 1254 588 1313 Unus
637 1256 832 1326 quippe
871 1256 926 1310 in
965 1253 1072 1308 illis
1100 1249 1533 1321 progenitoribus
1573 1254 1907 1309 numeratur,
1959 1243 2012 1298 id

435 1353 518 1402 est
555 1345 864 1412 Iechonias,
908 1359 938 1398 a
962 1358 1069 1413 quo
1095 1341 1237 1397 facta
1263 1348 1348 1395 est
1367 1340 1612 1408 quaedam
1644 1338 1697 1391 in
1721 1344 2013 1391 extraneas

437 1447 625 1509 gentes
650 1437 898 1502 deflexio,
941 1435 1158 1506 quando
1191 1435 1247 1488 in
1278 1433 1629 1503 Babyloniam
1661 1430 2013 1500 transmigra-

439 1539 553 1584 tum
582 1537 684 1583 est.
723 1528 822 1583 Ubi
866 1535 1044 1582 autem
1079 1525 1214 1580 ordo
1254 1539 1284 1578 a
1325 1522 1645 1576 rectitudine
1687 1519 2010 1586 deﬂectitur,

438 1627 602 1688 atque
638 1627 697 1672 ut
731 1626 818 1674 eat
858 1618 916 1673 in
944 1617 1235 1682 diversum,
1285 1622 1541 1684 tanquam
1566 1611 1817 1683 angulum
1858 1609 2011 1676 facit,

439 1711 569 1766 illud
597 1711 737 1780 quod
765 1712 820 1764 in
845 1708 1039 1780 angulo
1078 1717 1162 1763 est
1189 1707 1274 1762 bis
1293 1712 1629 1770 numeratur,
1660 1705 1713 1759 in
1738 1703 1845 1758 ﬁne
1871 1701 2015 1758 scili-

437 1810 542 1864 cet,
570 1801 768 1870 prioris
801 1800 1023 1863 ordinis,
1066 1807 1120 1853 et
1156 1799 1211 1854 in
1249 1799 1424 1868 capite
1467 1797 1632 1866 ipsius
1674 1795 2008 1850 deﬂexionis.

2107 696 2234 750 dere
2263 692 2529 762 quomodo
2562 691 2762 760 Ioseph
2791 690 3002 745 dicatur
3042 690 3339 746 secundum
3370 689 3720 748 Matthzemn

2109 787 2321 856 quidem
2360 792 2570 854 patrem
2618 783 2869 838 habuisse
2906 781 3090 848 Iacob,
3134 784 3226 854 qui
3259 784 3565 839 deducitur
3613 801 3723 854 per

2110 876 2482 941 Salomonem;
2508 876 2801 930 secundum
2824 875 3182 930 Lucam‘vero
3211 875 3350 942 Heli,
3384 878 3489 947 qui
3522 877 3714 932 dedu-

2109 968 2250 1022 citur
2299 982 2397 1037 per
2433 967 2849 1036 Nathan,atque
2888 967 2977 1022 isti
3007 967 3131 1036 ipsi,
3179 967 3234 1022 id
3279 976 3388 1033 est,
3436 966 3621 1023 Iacob
3660 977 3721 1023 et

2110 1063 2244 1127 Heli,
2279 1063 2368 1133 qui
2397 1072 2555 1117 erant
2599 1062 2704 1118 duo
2737 1062 2952 1128 fratres,
3000 1063 3261 1118 habentes
3289 1064 3436 1118 alius
3483 1064 3718 1134 quidem

2112 1153 2348 1219 Mathan,
2386 1154 2523 1209 alius
2551 1169 2679 1209 vero
2710 1155 2936 1208 Matthat
2961 1153 3200 1226 [Melchi]
3246 1163 3491 1224 patrem,
3523 1170 3600 1208 ex
3628 1156 3717 1208 di-

2109 1261 2265 1301 verso
2291 1261 2487 1318 genere
2508 1247 2806 1311 venientes,
2831 1247 2992 1300 etiam
3018 1246 3108 1300 isti
3137 1245 3334 1315 Ioseph
3364 1248 3456 1300 avi
3488 1261 3618 1301 esse
3641 1248 3720 1300 vi-

2113 1339 2357 1392 deantur.
2406 1337 2500 1392 Est
2547 1353 2674 1407 ergo
2710 1338 2900 1393 modus
2948 1337 3048 1392 iste
3075 1356 3088 1390 :
3119 1337 3337 1391 Mathan
3380 1345 3443 1392 et
3475 1337 3717 1391 Matthat

2113 1429 2338 1484 diversis
2363 1431 2692 1499 temporibus
2719 1431 2784 1484 de
2809 1446 2918 1484 una
2946 1430 3242 1500 eademque
3270 1445 3476 1494 uxore,
3508 1429 3714 1484 Cestha

2114 1522 2351 1587 nomine,
2389 1522 2627 1592 singulos
2665 1521 2803 1577 ﬁlios
2851 1529 3230 1591 procrearunt,
3279 1524 3408 1592 quia
3461 1522 3713 1588 Mathan,

2114 1615 2204 1684 qui
2235 1629 2331 1684 per
2370 1612 2708 1669 Salomonem
2753 1615 3046 1680 descendit,
3080 1629 3303 1668 uxorem
3344 1631 3471 1668 eam
3504 1616 3718 1685 primus

2115 1713 2416 1775 acceperat,
2469 1713 2524 1759 et
2562 1705 2751 1760 relicto
2790 1721 2899 1760 uno
2950 1706 3079 1770 ﬁlio,
3109 1704 3275 1762 Iacob
3306 1707 3564 1769 nomine,
3617 1707 3716 1759 dc-

2116 1798 2334 1853 functus
2363 1805 2464 1852 est.
2491 1797 2619 1851 Post
2649 1796 2801 1865 cujus
2828 1797 3055 1862 obitum,
3087 1798 3343 1866 quoniam
3371 1797 3466 1852 lex
3493 1797 3716 1851 viduam

435 1894 503 1948 Et
531 1895 633 1949 hoc
663 1895 836 1964 ipsum
863 1891 976 1963 jam
1006 1893 1388 1964 praeﬁgurabat
1417 1891 1690 1946 Christum
1723 1905 1751 1944 a
1785 1889 2017 1944 circum-
2044 1889 2092 1948 B
2120 1890 2209 1946 alii
2239 1892 2356 1946 viro
2382 1907 2488 1946 non
2517 1901 2663 1947 vetat
2691 1894 2914 1959 nubere,
2959 1891 3210 1957 Matthat,
3242 1893 3335 1962 qui
3357 1907 3462 1962 per
3496 1891 3714 1945 Nathan

435 1985 641 2040 cisione
684 1985 752 2039 ad
793 1984 1153 2055 praeputium,
1222 1993 1477 2053 tanquam
1522 1998 1552 2037 a
1599 1979 1896 2035 Ierusalem
1949 1979 2018 2034 ad

436 2073 784 2144 Babyloniam
826 2074 1222 2144 quodammodo
1259 2075 1635 2144 migraturum,
1681 2079 1736 2126 et
1776 2071 1903 2125 hinc
1928 2077 2014 2124 at-

439 2182 543 2234 que
572 2166 696 2220 hinc
739 2166 981 2236 utrisque
1006 2166 1065 2220 in
1108 2181 1165 2221 se
1205 2165 1548 2221 credentibus
1585 2171 1845 2233 tanquam
1875 2160 2016 2230 lapi-

439 2258 560 2312 dem
592 2257 900 2328 angularem
925 2256 1188 2311 futurum.
1227 2256 1355 2311 Haec
1380 2264 1509 2310 tunc
1540 2255 1595 2308 in
1622 2253 1849 2323 ﬁguram
1871 2266 2017 2322 prae-

435 2348 663 2418 parabat
708 2347 851 2404 Deus
888 2349 1055 2405 rebus
1096 2349 1153 2403 in
1199 2348 1430 2403 veritate
1463 2345 1728 2400 venturis.
1784 2343 1921 2398 Nam
1965 2352 2020 2399 et

437 2441 552 2511 ipse
583 2439 892 2507 Iechonias,
941 2440 1033 2496 ubi
1078 2440 1303 2512 angulus
1349 2439 1453 2493 iste
1501 2437 1878 2508 praeﬁguratus
1914 2443 2017 2501 est,

439 2533 828 2600 interpretatur
862 2533 1181 2604 prwparatio
1205 2531 1323 2585 Dei.
1355 2529 1449 2586 Sic
1467 2544 1599 2601 ergo
1612 2528 1727 2597 jam
1751 2543 1861 2584 non
1881 2541 2018 2597 qua-

438 2624 687 2694 draginta
718 2624 866 2689 duae,
910 2630 1042 2693 quot
1081 2621 1284 2677 faciunt
1325 2631 1410 2677 ter
1451 2620 1881 2690 quatuordecim,
1927 2619 2022 2674 sed

439 2721 665 2784 propter
692 2729 857 2769 unum
877 2713 961 2768 bis
995 2720 1362 2779 numeratum,
1390 2711 1751 2783 quadraginta
1777 2724 1885 2764 una
1925 2723 2018 2780 ge-

440 2805 749 2860 nerationes
792 2803 950 2869 ﬁunt,
997 2803 1042 2857 si
1070 2812 1125 2858 et
1164 2803 1338 2873 ipsum
1383 2801 1659 2857 Christum
1696 2813 2020 2854 annumere-

437 2908 583 2959 mus,
627 2894 717 2963 qui
746 2894 873 2949 huic
901 2893 1148 2963 regendae
1176 2892 1302 2947 vitm
1327 2900 1527 2947 nostra:
1549 2890 1835 2961 temporali
1861 2897 2022 2959 atque

441 2994 671 3041 terrena
718 2995 976 3056 tanquam
1028 3000 1252 3041 numero
1297 2983 1725 3055 quadragenario
1772 2981 2023 3054 regaliter

440 3077 716 3147 praesidet.

512 3187 678 3242 Iacob
703 3195 877 3242 autem
897 3188 1072 3258 genuit
1091 3187 1306 3258 Ioseph.
1337 3185 1595 3260 (Hieron.
1619 3186 1639 3258 )
1663 3185 1818 3242 Hunc
1844 3185 2023 3241 locum

2120 1998 2288 2054 genus
2315 1983 2481 2048 ducit,
2525 1999 2648 2038 cum
2675 1993 2820 2040 esset
2843 2000 2912 2040 ex
2945 1985 3134 2039 eadem
3173 1984 3341 2049 tribu,
3378 1984 3477 2039 sed
3511 2000 3622 2038 non
3651 2001 3716 2038 ex

2118 2075 2305 2129 eodem
2343 2088 2560 2145 genere,
2610 2075 2857 2130 relictam
2900 2074 3095 2129 Mathae
3119 2077 3326 2144 accepit
3359 2089 3626 2139 uxorem,
3651 2091 3716 2128 ex

2120 2182 2223 2236 qua
2253 2175 2309 2221 et
2353 2167 2468 2236 ipse
2512 2167 2749 2236 suscepit
2773 2165 2943 2220 ﬁlium
2983 2166 3202 2220 nomine
3243 2165 3405 2220 Heli:
3441 2181 3550 2235 per
3574 2165 3715 2234 quod

2121 2275 2187 2315 ex
2218 2261 2432 2316 diverso
2458 2269 2674 2330 patrum
2707 2273 2907 2331 genere
2937 2257 3246 2313 efﬁciuntur
3285 2257 3465 2314 Iacob
3505 2267 3554 2311 et
3595 2256 3718 2311 Heli

2119 2351 2318 2405 uterini
2342 2350 2561 2417 fratres,
2601 2364 2830 2420 quorum
2852 2349 3008 2414 alter,
3043 2349 3098 2403 id
3126 2357 3230 2414 est,
3269 2347 3480 2412 Iacob,
3532 2349 3718 2402 fratris

2122 2441 2239 2496 Heli
2267 2442 2384 2497 sine
2413 2442 2602 2497 liberis
2631 2440 2891 2506 defuncti,
2936 2455 3162 2495 uxorein
3191 2455 3260 2494 ex
3290 2439 3567 2494 mandato
3589 2438 3717 2508 legis

2122 2532 2416 2603 accipiens,
2468 2533 2654 2605 genuit
2686 2530 2910 2599 Ioseph,
2951 2541 3147 2586 natura
3173 2531 3397 2601 quidem
3427 2532 3715 2602 germinis,

2121 2643 2278 2682 suum
2322 2627 2492 2683 tilium
2524 2646 2536 2682 :
2572 2636 2793 2698 propter
2827 2629 2973 2700 quod
2999 2637 3054 2684 et
3079 2627 3338 2684 scribitur
3366 2647 3381 2683 :
3412 2626 3593 2681 Iacob
3629 2645 3716 2680 al-

2121 2729 2221 2774 tem
2243 2724 2418 2790 genuit
2442 2721 2672 2792 Ioseph;
2703 2722 2997 2778 secundum
3024 2734 3155 2776 vero
3187 2721 3322 2792 legis
3351 2730 3713 2792 praeceptum,

2121 2811 2240 2867 Heli
2279 2811 2508 2868 efﬁcitur
2553 2812 2715 2880 filius,
2748 2812 2900 2882 cujus
2939 2812 3126 2878 Iacob,
3177 2812 3306 2883 quia
3353 2811 3540 2865 frater
3583 2821 3714 2874 erat,

2122 2919 2347 2960 uxorem
2385 2905 2454 2959 ad
2481 2905 2850 2960 suscitandum
2877 2904 3034 2959 fratri
3077 2918 3263 2959 semen
3304 2913 3636 2972 acceperat;
3671 2913 3723 2957 et

2120 3013 2219 3068 per
2253 3000 2355 3053 hoc
2396 3012 2516 3052 rara
2552 2998 2823 3052 invenitur
2866 3007 3028 3068 atque
3065 2998 3287 3068 integra
3311 2997 3629 3066 generatio,
3670 3004 3721 3048 et

2122 3106 2186 3145 ea
2222 3105 2386 3160 quam
2420 3089 2703 3146 Matthaeus
2749 3100 3032 3146 enumerat
3068 3092 3250 3146 dicens
3279 3109 3293 3143 :
3325 3089 3498 3144 Iacob
3543 3099 3722 3144 autem

2122 3186 2301 3255 genuit
2337 3182 2573 3255 Ioseph;
2612 3193 2667 3238 et
2711 3199 2775 3238 ea
2814 3199 2978 3254 quam
3017 3183 3191 3239 Lucas
3232 3182 3564 3254 competenti
3621 3182 3720 3237 ob-

440 3277 647 3348 objecit
661 3279 817 3336 nobis
837 3276 1380 3351 IulianusAugustus
1399 3279 1468 3335 de
1497 3278 1830 3333 dissonantia
1858 3293 2022 3333 evan-
2048 3262 2094 3327 C
2128 3277 2433 3333 servatione
2482 3278 2748 3348 designat,
2799 3278 3004 3343 dicens,
3057 3279 3199 3348 quod
3249 3277 3554 3347 putabatur
3605 3290 3722 3330 esse

440 3371 771 3440 gelistarum,
811 3387 909 3426 cur
933 3371 1267 3443 evangelista
1313 3371 1596 3426 Matthaeus
1623 3368 1822 3439 Ioseph
1853 3368 2022 3423 ﬁlium

442 3461 640 3516 dixerit
663 3461 854 3530 Iacob,
879 3469 935 3518 et
955 3461 1130 3518 Lucas
1156 3462 1326 3517 ﬁlium
1357 3477 1481 3518 eum
1507 3460 1860 3532 appellaverit
1880 3459 2020 3526 Heli,

441 3568 552 3608 non
595 3554 898 3627 intelligens
937 3556 1381 3611 consuetudinem
1419 3554 1850 3625 Scripturarum,
1881 3553 2024 3622 quod

443 3644 580 3698 alter
617 3647 910 3700 secundum
935 3655 1206 3712 naturam,
1250 3648 1388 3702 alter
1427 3648 1719 3702 secundum
1758 3646 1929 3718 legem
1975 3645 2024 3702 ei

443 3744 599 3805 pater
630 3735 718 3790 sit.
759 3734 971 3791 Scimus
1015 3737 1160 3792 enim
1189 3738 1293 3792 hoc
1321 3752 1418 3807 per
1447 3737 1666 3808 Moysen
1690 3738 1918 3792 Domino
1935 3735 2024 3806 ju-

444 3825 606 3879 bente
632 3831 984 3895 praeceptum,
1020 3833 1080 3879 ut
1117 3826 1160 3881 si
1203 3825 1371 3882 frater
1399 3835 1494 3880 aut
1535 3826 1868 3897 propinquus
1900 3826 2026 3880 abs-

444 3927 549 3982 que
598 3915 782 3970 liberis
820 3923 1066 3971 mortuus
1088 3916 1285 3982 fuerit,
1327 3917 1464 3971 alius
1490 3916 1606 3985 ejus
1637 3916 1871 3986 accipiat
1893 3929 2027 3968 uxo-

444 4020 558 4060 rem
581 4007 648 4062 ad
669 4006 1043 4061 suscitandum
1074 4021 1260 4062 semen
1288 4005 1474 4061 fratris
1497 4007 1579 4062 vel
1605 4005 1893 4076 propinqui
1916 4006 2024 4060 sui.

453 4095 662 4168 (Aug.)
715 4096 949 4166 Antiqua
1017 4106 1102 4152 est
1154 4097 1301 4152 enim
1356 4099 1688 4153 consuetudo
1735 4098 2027 4167 adoptandi

447 4188 608 4241 etiam
642 4189 697 4241 in
721 4188 812 4242 illo
851 4189 1048 4259 populo
1073 4189 1189 4254 Dei,
1220 4198 1279 4244 ut
1302 4191 1404 4245 sibi
1432 4191 1570 4247 filios
1601 4191 1862 4256 facerent,
1894 4206 2030 4260 quos

449 4295 558 4333 non
581 4279 682 4350 ipsi
711 4281 1043 4351 genuissent.
1068 4281 1203 4336 Nam
1226 4290 1457 4353 excepto
1484 4285 1628 4352 quod
1661 4285 1769 4340 ﬁlia
1792 4284 2030 4339 Pharao-

448 4373 533 4427 nis
581 4372 798 4446 Moysen
855 4375 1223 4444 adoptaverat,
1296 4374 1426 4446 (illa
1477 4377 1675 4447 quippe
1728 4375 2028 4447 alienigena

450 4465 583 4538 fuit)
628 4467 742 4536 ipse
771 4466 936 4525 Iacob
963 4476 1186 4539 nepotes
1216 4482 1344 4524 suos
1370 4484 1438 4525 ex
1462 4467 1660 4540 Ioseph
1685 4477 1871 4535 natos,
1902 4483 2026 4524 ver-

448 4558 532 4612 bis
575 4559 1029 4618 manifestissimis
1075 4564 1352 4636 adoptavit
1398 4563 1584 4618 dicens
1612 4579 1625 4614 :
1653 4559 1812 4615 Nunc
1854 4560 2030 4631 itaque

449 4650 546 4719 ﬁlii
567 4653 642 4704 tui
671 4652 795 4718 duo,
825 4654 916 4724 qui
948 4656 1060 4708 nati
1086 4665 1209 4710 sunt
1231 4656 1341 4720 tibi,
1375 4653 1678 4726 priusquam
1706 4651 1777 4705 ad
1805 4660 1854 4706 te
1882 4653 2026 4706 veni-

450 4759 557 4796 rem
587 4745 686 4796 ηιεὶ
730 4753 890 4798 sunt:
923 4745 1176 4815 Ephraim
1203 4757 1249 4801 et
1282 4746 1529 4801 Manasse
1557 4755 1806 4814 tanquam
1845 4742 2029 4798 Ruben

449 4846 496 4889 et
522 4834 751 4901 Simeon,
775 4847 925 4891 erunt
945 4837 1093 4892 mihi.
1113 4838 1282 4892 Natos
1304 4848 1476 4892 autem
1500 4837 1545 4890 si
1565 4837 1805 4907 genueris
1826 4843 2027 4904 postea,

448 4924 543 4976 tibi
572 4936 726 4980 erunt
752 4924 915 4998 (Gen.
960 4943 1125 4982 xum
1151 4926 1191 4998 ).
1225 4928 1376 4983 Unde
1403 4928 1567 4982 etiam
1591 4925 1792 4980 factum
1832 4932 1934 4990 est,
1969 4932 2031 4978 ut

451 5016 732 5075 duodecim
773 5021 943 5076 tribus
984 5031 1167 5076 essent
1195 5023 1384 5087 Israel,
1429 5030 1657 5092 excepta
1701 5021 1846 5077 tribu
1876 5021 2025 5086 Levi,

453 5123 572 5178 quae
598 5110 794 5182 templo
825 5112 1112 5178 serviebat,
1157 5128 1280 5167 cum
1305 5128 1370 5167 ea
1398 5113 1594 5183 quippe
1621 5112 1882 5166 tredecim
1907 5111 2026 5166 fue-

454 5204 586 5270 rint,
615 5219 738 5261 cum
767 5207 1051 5263 duodecim
1082 5206 1311 5270 fuissent
1341 5206 1434 5261 ﬁlii
1463 5205 1649 5260 Iacob.
1682 5205 1837 5261 Unde
1863 5205 2026 5260 intel-

457 5291 640 5362 ligitur
666 5296 840 5352 Lucas
870 5306 1076 5367 patrem
1101 5296 1322 5368 Ioseph,
1356 5313 1462 5351 non
1489 5312 1518 5350 a
1545 5311 1652 5366 quo
1672 5297 1904 5366 genitus,
1935 5296 2031 5351 sed

459 5395 489 5434 a
514 5397 620 5452 quo
645 5383 819 5440 fuerat
844 5390 1149 5458 adoptatus,
1180 5388 1482 5459 suscepisse
1509 5387 1562 5442 in
1591 5387 1882 5457 Evangelio
1909 5403 2027 5443 suo.

457 5468 625 5542 Cujus
672 5478 1042 5546 progenitores
1097 5495 1313 5535 sursum
1369 5493 1559 5533 versus
1607 5488 2031 5545 commemorat,

460 5562 631 5618 donec
668 5565 840 5620 exiret
884 5571 950 5624 ad
997 5570 1184 5625 David.
1234 5570 1514 5636 Quomodo
1555 5577 1735 5624 autem
1769 5567 1926 5638 hujus
1954 5570 2032 5625 rei

462 5664 672 5711 constet
698 5658 854 5726 ratio,
882 5660 1167 5718 Africanus
1195 5663 1666 5736 historiographus
1691 5665 1935 5720 scribens
1965 5664 2032 5719 ad

2125 3371 2266 3426 ﬁlius
2293 3369 2511 3442 Ioseph,
2546 3372 2637 3441 qtti
2668 3371 2768 3425 fuit
2795 3371 2945 3438 Heli;
2976 3372 3073 3441 qui
3101 3380 3156 3427 et
3197 3372 3332 3441 ipse,
3374 3369 3717 3426 subsonante

2124 3465 2313 3519 eadem
2357 3463 2724 3530 distinctione,
2772 3463 2890 3518 Heli
2931 3479 3052 3519 esse
3087 3464 3231 3517 ﬁlius
3263 3463 3586 3533 putabatur,
3631 3462 3718 3532 qui

2125 3553 2302 3609 fuerat
2353 3554 2600 3621 Matthat,
2647 3555 2775 3624 quia
2817 3554 3042 3624 legalem
3088 3555 3229 3608 hanc
3280 3552 3714 3614 successionem,

2125 3660 2245 3718 quae
2268 3645 2414 3702 velut
2439 3645 2728 3716 ad0ptione
2765 3648 2998 3718 quadam
3024 3661 3150 3716 erga
3181 3644 3470 3701 defunctos
3500 3655 3718 3699 constat

2126 3740 2298 3812 magis
2327 3755 2492 3810 quam
2525 3740 2783 3811 germinis
2817 3740 3061 3805 veritate,
3095 3747 3278 3809 aperte
3320 3737 3458 3793 satis
3488 3751 3592 3806 per
3622 3737 3716 3791 hoc

2128 3833 2404 3898 indicavit,
2447 3833 2742 3888 observans
2790 3832 3131 3902 Evangelista
3179 3846 3249 3886 ne
3287 3830 3451 3900 plane
3490 3831 3545 3883 in
3577 3830 3718 3898 ejus-

2126 3925 2272 3980 modi
2322 3924 2756 3979 successionibus
2786 3923 3034 3994 genuisse
3083 3922 3312 3991 aliquem
3362 3920 3712 3984 nominaret;

2127 4033 2223 4087 per
2266 4016 2409 4087 quod
2454 4015 2614 4086 digna
2663 4014 3007 4070 distinctione
3050 4029 3158 4068 non
3198 3998 3568 4076 descendens,
3627 4011 3720 4065 sed

2129 4107 2446 4172 ascendens,
2479 4121 2650 4175 usque
2676 4107 2744 4161 ad
2776 4105 2970 4169 Adam,
3009 4114 3064 4160 et
3093 4105 3160 4158 ad
3191 4105 3364 4173 ipsum
3393 4118 3566 4171 usque
3598 4118 3722 4172 per-

2127 4200 2276 4255 venit
2301 4183 2496 4254 iDeum.
2539 4197 2665 4253 Haec
2692 4205 2873 4253 autem
2908 4198 3063 4252 nobis
3106 4211 3215 4251 non
3250 4195 3316 4248 ad
3349 4195 3587 4249 subitum
3633 4210 3721 4248 re—

2127 4299 2304 4361 perta,
2330 4299 2422 4343 aut
2447 4289 2649 4358 absque
2678 4287 2804 4342 ullis
2832 4288 3142 4342 auctoribus
3167 4293 3526 4340 commentata
3555 4294 3718 4347 sunt,

2131 4381 2224 4435 sed
2266 4380 2367 4450 ipsi
2416 4380 2532 4433 haec
2584 4378 2882 4433 Salvatoris
2916 4378 3086 4433 nostri
3140 4377 3436 4432 secundum
3490 4391 3714 4429 carnem

2131 4470 2456 4543 propinqui,
2505 4486 2599 4525 seu
2640 4470 2818 4524 studio
2840 4469 2977 4524 tanti
3018 4469 3240 4524 seminis
3283 4468 3718 4533 demonstrandi,

2132 4563 2245 4617 sive
2270 4559 2563 4626 edocendi,
2596 4574 2715 4629 quae
2744 4559 3039 4615 secundum
3065 4559 3347 4615 veritatem
3377 4566 3532 4628 gesta
3571 4565 3716 4619 sunt,

2133 4654 2490 4710 tradiderunt.
2525 4673 2544 4705 ι
2575 4651 2699 4707 Haec
2739 4651 3028 4707 Africanus
3066 4652 3153 4707 his
3181 4652 3311 4722 ipsis
3344 4651 3568 4722 syllabis
3595 4666 3721 4720 pro-

2130 4745 2256 4811 fert,
2289 4752 2513 4814 excepto
2546 4744 2687 4812 quod
2725 4759 2826 4812 pro
2855 4743 3078 4798 Matthat
3116 4743 3296 4814 posuit
3319 4741 3536 4805 Mela/ii,
3588 4744 3715 4811 quia

2132 4835 2362 4889 fortasse
2392 4833 2475 4887 vel
2499 4833 2668 4887 codex
2708 4832 2854 4888 illius
2902 4833 2981 4889 sic
3023 4832 3243 4898 habuit,
3289 4832 3371 4885 vel
3406 4831 3640 4885 historia
3671 4832 3717 4883 in

2133 4944 2235 4998 qua
2262 4928 2375 4984 bmc
2405 4926 2665 4981 didicerat
2686 4925 2934 4981 eumdem
2971 4923 3203 4978 Matthat
3238 4921 3438 4993 reperit
3476 4921 3716 4977 binomi-

2132 5035 2276 5074 nem.

2209 5110 2394 5165 Virum
2421 5109 2642 5183 .‘Mariaz.
2691 5107 2960 5182 (Hierom)
3010 5108 3146 5165 Cum
3191 5107 3369 5164 virum
3427 5106 3713 5164 audieris.

2131 5201 2366 5271 suspicio
2396 5201 2492 5256 tibi
2533 5215 2639 5254 non
2669 5200 2861 5255 subeat
2906 5198 3216 5267 nuptiarum
3237 5238 3252 5265 ,
3283 5197 3376 5254 sed
3413 5198 3712 5252 recordare

2132 5291 2534 5349 consuetudinis
2561 5289 2963 5360 Scripturarum
2985 5329 3000 5355 ,
3045 5290 3191 5360 quod
3220 5303 3428 5361 sponsae
3451 5298 3718 5343 vocentur

2135 5399 2355 5439 uxores.

2206 5475 2282 5530 De
2299 5492 2401 5547 qua
2421 5484 2573 5530 natus
2596 5485 2858 5544 estsesus,
2877 5477 2967 5548 qui
2982 5484 3198 5532 vocatur
3211 5475 3469 5531 Christus.
3487 5471 3715 5545 (Maus)

2136 5567 2364 5622 Pulchre
2397 5583 2502 5622 non
2527 5568 2591 5622 de
2611 5568 2818 5639 quibus,
2843 5569 2935 5623 sed
2958 5568 3020 5621 de
3043 5585 3168 5639 qua,
3196 5567 3392 5637 posuit,
3422 5575 3482 5622 ut
3510 5567 3578 5623 de
3603 5566 3711 5621 sola

2133 5661 2358 5731 virgine,
2388 5661 2504 5716 sine
2533 5661 2738 5716 semine
2768 5660 3031 5726 maritali,
3071 5667 3258 5715 natum
3293 5661 3709 5716 demonstraret.

479 5859 482 5863 -
535 5830 564 5861 ι
599 5818 734 5879 Vide
759 5821 1183 5881 ecclesiasticam
1211 5823 1504 5882 Historiam
1532 5825 1772 5892 Eusebii,
1808 5825 1902 5882 lib.
1933 5839 1975 5891 ι,
2006 5835 2124 5895 cap.
2147 5821 2214 5889 6;
2256 5829 2311 5876 et
2334 5819 2643 5890 Nicephori,
2667 5819 2759 5876 lib.
2784 5835 2825 5887 ι,
2855 5833 2974 5888 cap.
2999 5819 3085 5874 ll.
