3946 6452
181 468 288 524 737

1175 453 1522 516 COMMENT.
1563 451 1632 509 IN
1669 448 2104 508 MATTll/EUM.
2133 477 2202 489 -—-
2240 445 2368 502 LIB.
2405 445 2445 500 l.

3336 436 3441 497 758

180 580 558 652 Quod.autem
585 574 820 646 primum
844 573 1011 628 dicit:
1042 572 1121 628 De
1148 589 1254 644 qua
1291 579 1446 628 natus
1471 580 1547 626 est
1570 571 1725 626 Iesus
1745 610 1760 637 ,
1789 571 1844 631 Α
1866 542 2102 624 humano
2123 607 2138 633 ,
2167 567 2260 622 sed
2290 575 2516 634 paterno
2556 559 2762 632 Spiritu
2793 563 3104 630 perunctus.
3131 553 3235 611 Hic
3265 562 3442 611 secta-

181 682 320 738 etc.,
353 685 420 726 ac
453 666 646 724 deinde
689 665 972 736 sequitur:
1012 662 1117 731 Qui
1153 673 1371 719 vocatur
1405 661 1760 718 Christus.....

180 751 468 835 proprium
497 772 726 823 nomen,
769 756 824 811 id
863 764 967 822 est,
997 753 1174 820 Jesus,
1220 754 1374 825 prius
1405 752 1575 824 ponit,
1621 750 1764 821 quod

181 863 312 908 ante
331 857 652 921 conceptum
665 845 781 916 ejus
795 847 862 901 ab
876 845 1064 917 angelo
1077 845 1412 901 nominatum
1433 851 1518 899 est
1529 841 1681 915 (Luc.
1699 841 1761 899 il.

181 945 394 1000 Deinde
417 941 801 998 convenienter
829 945 1060 1008 aptatur,
1093 937 1236 1008 quod
1265 937 1322 992 in
1347 935 1688 1006 pontiﬁcibus
1712 941 1768 988 et

181 1035 406 1106 regibus
430 1033 583 1105 prius
602 1033 659 1088 in
683 1030 914 1103 imagine
943 1030 1302 1100 procedebat,
1332 1029 1435 1084 hoc
1459 1035 1579 1094 est,
1609 1025 1764 1081 Chri-

182 1138 316 1194 stus,
346 1136 410 1181 ut
446 1125 556 1192 ille,
601 1124 657 1178 in
685 1137 793 1193 quo
814 1123 945 1176 .hac
973 1121 1078 1177 duo
1122 1120 1340 1177 nomina
1367 1119 1596 1192 mystica
1631 1133 1764 1174 con-

180 1229 473 1285 venerunt,
502 1217 925 1286 distingueretur
953 1228 983 1267 a
1011 1213 1241 1280 cateris,
1266 1213 1358 1283 qui
1379 1212 1435 1267 in
1459 1212 1629 1283 ﬁgura
1652 1208 1768 1278 ejus

181 1313 378 1368 iisdem
427 1309 738 1366 nominibus
765 1308 861 1364 sed
886 1305 1101 1363 divisim
1134 1304 1427 1376 nuncupati
1471 1317 1763 1374 praeesse-

185 1411 332 1458 runt.
367 1415 396 1443 α
427 1403 627 1458 Verum
657 1401 733 1455 illi
768 1400 1021 1470 quoniam
1067 1399 1134 1455 ad
1176 1397 1341 1454 breve
1386 1404 1596 1466 tempus
1643 1395 1767 1450 vita

181 1496 366 1566 hujus,
400 1495 590 1552 christi
619 1493 1044 1565 appellabantur,
1085 1492 1154 1547 ad
1196 1491 1366 1547 solam
1404 1489 1520 1546 veri
1564 1487 1764 1544 Christi

183 1589 480 1660 imaginem
542 1585 1005 1652 conservandam,
1069 1583 1317 1654 quamvis
1375 1579 1766 1652 compositione

180 1680 421 1751 quadam
463 1680 695 1751 mystica
738 1677 1041 1734 consecrati
1067 1675 1200 1740 olei,
1235 1684 1412 1730 tamen
1427 1673 1609 1745 'hujus
1646 1687 1767 1743 qua

179 1769 326 1825 inter
354 1785 455 1826 nos
484 1769 675 1826 haberi
713 1769 849 1825 solet
884 1768 1125 1823 materia
1159 1761 1369 1838 liquore
1399 1764 1488 1838 [ac
1515 1762 1764 1836 liquoris]

178 1865 641 1934 perungebantur.
673 1861 846 1918 Verus
871 1870 1051 1916 autem
1078 1860 1186 1926 hic,
1214 1860 1306 1930 qui
1334 1859 1401 1915 de
1428 1857 1580 1914 calis
1604 1871 1768 1913 vene-

1864 673 2040 718 torum
2087 673 2309 716 suorum
2340 655 2567 728 populos
2592 693 2607 722 ,
2656 660 2713 708 et
2759 650 3070 706 universam
3125 661 3222 719 per
3269 653 3444 702 totum

1863 758 2122 813 mundum
2169 754 2252 809 sui
2293 751 2528 808 nominis
2571 757 2817 822 gentem,
2858 761 2926 802 ex
2962 745 3079 800 veri
3115 742 3319 800 Christi
3352 759 3447 799 vo-

1864 850 2054 906 cabulo
2101 845 2363 919 appellari
2409 843 2542 901 fecit
2589 839 2817 913 perenni
2851 838 3073 896 nomine
3107 835 3448 894 Christianos

1865 940 2164 1104 (Agis?)
2203 1030 2510 1088 Notandum
2540 1034 2720 1083 autem
2756 1023 2900 1097 quod
2940 1023 3044 1094 ipsi
3071 1021 3449 1094 progenitores

1834 1120 2086 1188 'Chrlsti,
2115 1123 2208 1193 qui
2229 1123 2285 1178 in
2315 1119 2628 1192 genealogia
2653 1116 2770 1187 ejus
2797 1113 3138 1180 adnumerati
3162 1120 3309 1179 sunt,
3334 1125 3444 1168 non

1866 1218 1984 1273 sine
2033 1215 2224 1287 grandi
2272 1212 2535 1284 mysterio
2573 1211 2642 1266 ab
2681 1207 3013 1280 evangelista
3062 1212 3446 1269 assumuntur,

1865 1305 2103 1362 maxime
2132 1319 2256 1360 cum
2281 1301 2573 1374 Apostolus
2601 1300 2782 1355 dicat:
2816 1295 3011 1352 Omnia
3039 1296 3097 1350 in
3121 1296 3296 1366 ﬁgura
3327 1310 3452 1348 con-

1863 1398 2126 1469 tingebant
2162 1395 2267 1450 illis
2291 1395 2345 1466 (Ι
2371 1393 2495 1450 Cor.
2520 1391 2576 1464 ι)
2598 1433 2612 1459 ,
2637 1392 2733 1448 sed
2758 1391 2900 1446 sicut
2926 1390 3220 1445 humanam
3250 1385 3450 1440 nativi-

1865 1499 2033 1548 tatem
2059 1490 2259 1545 Christi
2280 1491 2670 1560 pracesserant
2689 1492 2952 1553 tempore,
2977 1481 3052 1535 ita
3075 1494 3290 1550 quoque
3306 1477 3455 1532 testi-

1865 1583 2108 1637 monium
2152 1579 2228 1634 illi
2275 1579 2475 1633 dabant
2504 1591 2572 1631 ex
2601 1572 3058 1646 praﬁguratione.
3094 1568 3231 1624 Nam
3272 1567 3454 1623 nullus

1866 1689 2053 1731 eorum
2077 1681 2179 1738 est,
2211 1673 2303 1742 qui
2331 1685 2438 1727 non
2461 1677 2555 1724 aut
2581 1667 2823 1733 nomine,
2851 1674 2946 1720 aut
2973 1671 3097 1718 actu
3122 1660 3453 1717 incarnatio-

1866 1784 1990 1824 nem
2011 1767 2211 1824 Christi
2241 1765 2527 1836 signiﬁcet,
2552 1772 2606 1818 et
2634 1763 2810 1832 ipsum
2833 1773 2954 1814 esse
2983 1759 3334 1819 demonstret,
3359 1752 3453 1823 qui

1867 1860 1923 1915 in
1951 1858 2278 1930 patriarchis
2298 1856 2698 1928 praﬁguratus,
2728 1859 2784 1908 et
2818 1853 2873 1906 in
2910 1848 3187 1921 prophetis
3221 1843 3453 1916 promis-

182 1965 300 2022 rat,
351 1964 407 2012 et
452 1956 538 2012 cui
563 1955 744 2011 omnia
774 1969 892 2024 qua
929 1952 1312 2024 praecedebant
1338 1959 1488 2022 gesta
1514 1949 1764 2015 fuerunt,
1795 1952 1844 2012 B
1871 1966 1984 2016 sus,
2015 1959 2176 2019 atque
2205 1949 2261 2003 in
2300 1945 2562 2016 apostolis
2596 1942 2922 2014 pradicatus
2948 1947 3051 1995 est.
3090 1937 3258 2008 Igitur
3280 1934 3454 1989 Abra-

180 2047 436 2103 Christus
463 2063 572 2102 non
593 2046 845 2101 humanis
868 2044 1058 2114 opibus
1083 2043 1306 2113 quasita
1331 2041 1495 2098 sumit
1524 2055 1766 2111 unguen—

181 2148 261 2204 ta,
297 2138 394 2194 sed
424 2153 562 2193 novo
587 2153 651 2193 ac
673 2137 930 2210 singulari
963 2136 1123 2190 modo
1166 2145 1393 2206 paterno
1441 2133 1646 2204 Spiritu
1685 2133 1768 2187 in-

180 2228 365 2294 fusus,
399 2237 454 2283 et
477 2237 674 2284 unctus
697 2227 946 2283 Christus
970 2225 1220 2291 eﬁicitur,
1240 2272 1244 2275 .
1264 2227 1406 2281 sicut
1429 2223 1616 2280 multis
1642 2232 1768 2278 ante

181 2321 400 2376 saculis
445 2321 513 2376 de
559 2336 624 2376 eo
653 2329 806 2376 vates
832 2319 996 2376 Isaias
1023 2318 1380 2389 praedixerat,
1425 2332 1492 2371 ex
1538 2330 1767 2386 persona

180 2411 355 2482 ipsius
405 2410 638 2479 Christi,
687 2411 912 2466 dicens:
945 2409 1173 2481 Spiritus
1210 2408 1422 2463 Domini
1465 2423 1620 2477 super
1663 2423 1768 2473 me,

179 2515 392 2576 propter
415 2503 554 2574 quod
589 2503 740 2556 unxit
770 2519 869 2568 me,
900 2500 1253 2572 euangelizare
1282 2499 1595 2570 pauperibus
1629 2499 1770 2552 misit

183 2611 294 2660 me,
324 2593 619 2664 pradicare
650 2592 864 2662 captivis
902 2591 1257 2645 remissionem
1304 2598 1351 2643 et
1400 2588 1550 2643 cwcis
1602 2588 1769 2642 uisum

183 2682 339 2755 (Isai.
367 2699 461 2739 mu
480 2700 494 2750 ;
515 2682 642 2737 Luc.
672 2680 772 2754 ιν).
799 2679 910 2736 Nec
931 2679 1076 2736 solus
1096 2679 1262 2735 Isaias
1282 2678 1398 2734 hac
1421 2678 1616 2734 divinis
1637 2692 1771 2749 pra-

184 2776 319 2832 dixit
361 2774 638 2840 oraculis,
687 2773 782 2828 sed
831 2780 888 2826 et
930 2769 1099 2826 David
1150 2769 1400 2826 similiter
1437 2769 1768 2839 inspiratus,

184 2875 423 2923 testatur
472 2867 539 2921 de
575 2865 792 2920 Christo
817 2903 833 2930 ,
873 2863 1057 2919 dicens
1111 2861 1178 2918 ad
1234 2862 1410 2932 ipsum
1445 2858 1766 2916 Christum:

193 2957 351 3014 Sedes
380 2967 501 3022 tua,
525 2956 688 3022 Deus,
715 2956 772 3008 in
793 2952 1046 3009 saculum
1072 2950 1280 3018 sweuli,
1311 2952 1458 3022 virga
1483 2950 1769 3022 wquitatis,

187 3053 329 3122 virga
362 3050 513 3121 regni
539 3049 654 3102 tui:
685 3046 916 3102 dilexisti
935 3045 1224 3118 justitiam,
1256 3053 1305 3099 et
1331 3043 1488 3098 odisti
1523 3043 1772 3113 iniquita-

188 3154 287 3197 tem
304 3162 322 3208 ;
354 3153 633 3213 propterea
667 3148 712 3194 te
742 3139 892 3194 unxit
917 3137 1080 3205 Deus,
1113 3136 1256 3191 Deus
1292 3145 1411 3190 tuus
1437 3133 1548 3189 oleo
1577 3133 1772 3188 latitia:

188 3254 296 3307 pra:
319 3235 664 3308 participibus
686 3235 788 3289 tuis
805 3231 974 3305 (Psal.
990 3229 1158 3302 xuv).
1176 3229 1236 3286 1n
1259 3229 1453 3302 quibus
1471 3227 1651 3284 verbis
1669 3227 1775 3298 pri-

1869 2044 2016 2108 ham,
2047 2041 2141 2112 qui
2171 2041 2563 2110 interpretatur
2586 2045 2736 2106 pater
2757 2033 3064 2096 multorum,
3090 2028 3175 2084 vel
3204 2035 3354 2098 pater
3378 2025 3454 2078 vi-

1868 2137 1994 2192 dens
2021 2133 2292 2206 populum,
2316 2145 2477 2200 quem
2497 2126 2762 2198 signiﬁcat
2782 2125 2885 2180 hoc
2908 2121 3144 2185 nomine,
3169 2115 3275 2173 nisi
3302 2114 3454 2175 illum

1867 2229 1936 2285 de
1963 2243 2068 2298 quo
2098 2226 2198 2295 ipsi
2221 2225 2295 2278 ita
2317 2221 2647 2293 promissum
2673 2225 2785 2272 est:
2806 2214 2875 2269 In
2903 2212 3120 2276 semine,
3142 2206 3342 2276 inquit,
3364 2212 3455 2256 tuo

1870 2293 2236 2375 benedicentur
2258 2330 2434 2370 omnes
2460 2311 2798 2383 cogitationes
2818 2304 3011 2361 terra?
3025 2300 3178 2375 (Gen.
3203 2295 3368 2366 xxu.)
3386 2293 3457 2348 Et

1867 2414 2036 2470 Isaias
2060 2412 2136 2466 ait
2164 2429 2176 2464 :
2212 2407 2270 2465 Si
2300 2406 2531 2478 posuerit
2553 2420 2648 2475 pro
2669 2409 2880 2474 peccato
2904 2397 3137 2452 animam
3172 2406 3324 2447 suam
3346 2428 3360 2454 ,
3380 2387 3456 2440 vi-

1870 2505 2008 2561 debit
2053 2519 2226 2557 semen
2263 2498 2584 2569 longauum,
2616 2503 2664 2549 et
2695 2491 2934 2547 voluntas
2967 2483 3180 2541 Domini
3216 2482 3272 2534 in
3296 2491 3458 2534 manu

1871 2596 1985 2666 ejus
2033 2594 2290 2663 dirigetur
2320 2567 2475 2660 (lsai.
2503 2585 2660 2658 un);
2694 2590 2749 2639 et
2785 2582 2920 2637 item
2948 2592 3072 2634 cum
3110 2571 3321 2666 inquit:
3343 2567 3456 2624 Do-

1871 2659 2009 2741 mine
2033 2659 2415 2746 Paternoster,
2453 2687 2502 2732 et
2531 2675 2850 2745 Redemptor
2869 2678 3070 2733 noster,
3098 2683 3131 2720 a
3149 2659 3344 2719 διεσαιο
3372 2675 3462 2713 no-

1870 2797 1989 2835 men
2028 2789 2196 2832 tuum.
2237 2774 2504 2830 Abraham
2531 2770 2745 2825 nescivit
2775 2783 2896 2832 nos,
2936 2772 2985 2818 et
3008 2758 3180 2818 Israel
3205 2753 3460 2828 ignoravit

1873 2888 1968 2926 nos
2020 2868 2175 2941 (lsai.
2230 2863 2410 2936 Lxm).
2464 2859 2746 2929 Quomodo
2788 2864 2968 2912 autem
3013 2849 3290 2907 Abraham
3338 2850 3464 2941 actu

1873 2933 2260 3031 signiﬁcaverit
2307 2933 2650 3010 salvatorem
2673 2989 2688 3016 ,
2717 2954 2951 3003 testatur
2996 2940 3127 2997 illud
3169 2937 3314 3009 quod
3353 2933 3462 2988 Do-

1873 3057 2008 3112 mini
2034 3061 2302 3127 pracepto
2329 3050 2488 3107 exivit
2529 3049 2593 3102 de
2620 3056 2764 3101 terra
2806 3059 2905 3098 sua
2957 3047 3006 3094 et
3053 3038 3117 3091 de
3158 3030 3466 3104 cognatione

1875 3165 1972 3203 sua
2000 3145 2153 3219 (Gen.
2183 3142 2327 3215 xu),
2357 3150 2419 3196 ut
2458 3140 2600 3211 apud
2643 3143 2858 3191 exteros
2907 3127 3360 3200 locupletaretur,
3415 3127 3471 3173 et

1876 3247 2022 3296 esset
2048 3239 2104 3293 in
2128 3243 2341 3308 gentem
2372 3247 2649 3304 magnam,
2679 3228 2823 3300 quod
2844 3241 2990 3282 nunc
3012 3219 3286 3279 cernimus
3313 3229 3469 3269 vera-

191 3345 278 3383 mo
302 3328 523 3398 quidem
550 3342 675 3381 eum
702 3325 978 3381 evidenter
1015 3324 1187 3378 Deum
1216 3321 1481 3392 designat.
1525 3316 1774 3374 Secundo

1881 3332 2015 3386 citer
2036 3328 2336 3399 impletum,
2367 3340 2489 3380 cum
2517 3321 2785 3386 Christus,
2813 3318 3002 3373 relicta
3029 3323 3178 3368 terra
3198 3317 3252 3365 et
3274 3323 3471 3378 cogna-

190 3436 342 3486 vero,
369 3435 469 3490 per
498 3416 768 3489 aquitatis
795 3416 1005 3483 virgam
1027 3454 1041 3479 ,
1070 3419 1339 3481 sceptrum
1382 3411 1438 3464 in
1489 3423 1553 3463 eo
1596 3405 1776 3478 regale

193 3522 618 3579 commemorat;
651 3520 774 3583 post
803 3523 932 3564 vero
963 3508 1126 3563 etiam
1161 3503 1392 3574 qualiter
1424 3501 1672 3559 Christus
1701 3497 1780 3556 ef-

193 3610 372 3666 fectus
401 3610 470 3665 sit
495 3608 697 3662 indicat
721 3605 907 3660 dicens
932 3600 1076 3671 quod
1100 3607 1294 3654 unctus
1329 3597 1398 3652 sit
1422 3596 1565 3650 Deus
1591 3610 1621 3648 a
1645 3593 1776 3660 Deo,

193 3718 305 3756 non
338 3701 460 3755 oleo
497 3695 787 3760 communi,
826 3693 921 3748 sed
944 3691 1064 3746 oleo
1089 3689 1309 3754 latitia,
1337 3702 1437 3743 nec
1481 3685 1620 3741 sicut
1663 3698 1781 3754 par-

195 3793 395 3862 ticipes
417 3790 534 3856 sui,
561 3788 614 3842 id
640 3796 752 3852 est,
780 3784 855 3839 illi
880 3783 972 3853 qui
999 3783 1055 3837 in
1083 3781 1320 3852 imagine
1353 3783 1780 3850 praecesserunt,

195 3885 293 3941 sed
324 3899 442 3954 pra
465 3881 817 3952 participibus
847 3879 978 3934 suis.
998 3875 1126 3933 Oleo
1155 3890 1284 3930 vero
1308 3873 1509 3927 latitia
1533 3871 1591 3926 in
1616 3868 1786 3925 sacris

198 3978 571 4035 voluminibus
597 3974 869 4029 intellectu
890 3970 1118 4042 mystico
1140 3967 1374 4039 Spiritus
1407 3973 1626 4021 sanctus
1649 3960 1788 4018 desi-

202 4083 422 4143 gnatur.
453 4069 560 4125 Sed
591 4076 646 4123 et
666 4068 730 4123 de
755 4066 1068 4138 pontiﬁcatu
1095 4063 1210 4134 ejus
1230 4063 1376 4117 idem
1404 4059 1572 4116 David
1601 4057 1706 4112 alio
1732 4055 1788 4110 in

205 4163 322 4218 loco
349 4161 456 4216 tale
480 4144 680 4229 aliquid
707 4157 919 4213 arcanis
943 4156 1120 4227 signat
1144 4152 1372 4222 eloquiis
1395 4194 1410 4217 ,
1439 4159 1693 4220 tanquam
1721 4162 1789 4203 ex

206 4249 637 4323 persona_Patris
665 4246 887 4317 dejFilio
912 4242 1314 4316 pronuntiantis
1343 4259 1354 4294 :
1383 4240 1459 4295 De
1486 4248 1678 4304 ventre,
1705 4237 1791 4291 in-

210 4346 360 4414 quit,
392 4350 514 4397 ante
557 4339 855 4409 Luciferum
889 4337 1043 4408 genui
1085 4345 1152 4390 te.
1187 4333 1393 4388 Iuravit
1424 4332 1712 4395 Dominus,
1744 4337 1793 4383 et

211 4452 312 4490 non
339 4432 606 4506 paenitebit
631 4447 771 4497 eum,
793 4440 850 4482 tu
875 4446 926 4483 es
949 4427 1190 4483 sacerdos
1220 4429 1278 4480 in
1315 4434 1565 4480 aeternum
1609 4438 1794 4477 secun-

213 4529 334 4582 dum
369 4526 610 4582 ordinem
651 4521 1028 4578 Melchisedech
1075 4519 1248 4591 (Psal.
1295 4515 1427 4588 cxx).
1470 4516 1570 4571 Hic
1613 4523 1794 4569 autem

214 4615 604 4675 Melchisedech
633 4615 689 4670 in
722 4614 916 4670 divinis
945 4611 1306 4667 voluminibus
1349 4608 1601 4664 sacerdos
1629 4605 1796 4660 fuisse

1879 3424 2027 3479 tione
2055 3420 2362 3476 Judaorum
2382 3459 2397 3484 ,
2426 3415 2738 3486 praepollet,
2765 3421 2826 3466 ut
2854 3411 3108 3466 videmus
3126 3448 3141 3472 ,
3172 3405 3228 3460 in
3258 3400 3472 3474 populis

1880 3515 2121 3586 gentium
2151 3508 2304 3582 (Gen.
2331 3507 2464 3581 xiv).
2492 3506 2560 3562 Et
2584 3505 2714 3560 illud
2743 3502 2884 3572 quod
2906 3500 3178 3556 Abraham
3208 3509 3333 3550 cum
3359 3501 3469 3546 trc-

1881 3604 2056 3660 centis
2082 3603 2269 3657 decem
2306 3607 2360 3655 et
2405 3607 2528 3654 octo
2566 3592 2875 3651 vernaculis
2917 3590 3030 3646 suis
3062 3594 3296 3658 quatuor
3318 3597 3475 3653 reges

1884 3695 2188 3757 debellavit,
2240 3707 2305 3747 ac
2347 3691 2450 3746 Lot
2489 3686 2780 3752 liberavit,
2830 3682 2959 3753 quid
2991 3680 3138 3735 aliud
3165 3675 3473 3748 signiﬁcat,

1886 3804 2048 3860 quam
2075 3785 2218 3857 quod
2243 3799 2344 3840 nos
2369 3783 2618 3838 Christus
2644 3793 2745 3850 per
2773 3790 3011 3841 crucem,
3034 3786 3197 3842 quam
3220 3765 3478 3838 exprimit

1887 3889 1980 3936 tau
2017 3881 2232 3944 littera,
2267 3873 2724 3933 trecentenarium
2764 3882 3051 3926 numerum
3091 3863 3410 3923 continens,
3446 3873 3477 3912 a

1889 3972 2167 4028 dominatu
2193 3967 2428 4025 carnalis
2455 3981 2666 4032 sensus,
2691 3963 2783 4033 qui
2813 3975 2914 4017 nos
2942 3967 3097 4014 antea
3123 3953 3296 4009 variis
3323 3949 3472 4005 vitiis

1891 4063 2190 4133 captivatos
2223 4065 2673 4128 exsuperaverat,
2709 4050 2997 4108 liberavit?
3028 4049 3179 4103 lsaac
3227 4056 3477 4113 quoque,

1892 4155 1983 4225 qui
2013 4153 2401 4222 interpretatur
2427 4151 2588 4213 risus,
2618 4145 2704 4202 vel
2729 4143 3003 4216 gaudium,
3033 4137 3306 4209 signiﬁcat
3326 4133 3478 4188 illum

1894 4224 1960 4302 de
2001 4261 2109 4316 quo
2154 4244 2289 4299 dixit
2332 4243 2399 4297 ad
2445 4248 2691 4312 pastores
2734 4235 2956 4308 angelus
2983 4251 2996 4287 :
3023 4229 3292 4285 Annuntio
3339 4224 3484 4316 pob—is

1893 4312 2145 4407 gaudium
2167 4337 2433 4404 magnum,
2460 4331 2599 4402 quod
2629 4329 2726 4383 erit
2749 4326 2891 4380 omni
2915 4321 3108 4394 papula
3131 4317 3284 4407 (Luc.
3310 4314 3395 4385 ιι).
3418 4312 3487 4366 Ει

1897 4406 2012 4497 ipsa
2043 4425 2257 4481 Veritas
2303 4423 2417 4479 suis
2453 4418 2732 4490 discipulis
2767 4416 2844 4470 ait
2871 4433 2884 4467 :
2911 4412 3116 4466 Iterum
3142 4406 3322 4473 uidebo
3359 4419 3485 4466 vos,

1897 4525 1944 4570 et
1971 4515 2212 4586 gaudebit
2253 4530 2344 4569 cor
2383 4520 2630 4575 uestrum,
2659 4518 2710 4561 et
2757 4503 3011 4576 gaudium
3063 4508 3288 4552 vestrum
3336 4509 3485 4547 nemo

1900 4585 2042 4660 tollet
2067 4624 2099 4659 a
2131 4605 2270 4659 vobis
2292 4603 2474 4674 (Joan.
2499 4599 2635 4670 xvi).
2670 4598 2738 4651 Et
2761 4597 2893 4650 item
2920 4611 2933 4646 :
2965 4591 3165 4654 Petite,
3191 4585 3404 4656 inquit,
3438 4592 3486 4636 et

211 4672 567 4766 Dei—summi
613 4706 844 4762 refertur
894 4703 1047 4777 (Gen.
1096 4701 1230 4774 XIV),
1281 4701 1375 4757 sed
1403 4701 1495 4771 qui
1530 4714 1636 4754 non
1674 4677 1871 4753 oleoD
1897 4699 2193 4770 accipietis,
2237 4672 2587 4766 ut'gaudium
2633 4698 2862 4745 vestrum
2903 4686 2972 4740 sit
3017 4682 3229 4754 plenum
3273 4672 3486 4747 (lbid.).

217 4803 490 4858 communi
527 4806 820 4870 perunctus
866 4797 967 4863 sit,
993 4802 1180 4866 ’neque
1225 4795 1315 4864 qui
1351 4807 1418 4847 ex
1454 4791 1795 4847 successione

221 4896 438 4964 generis
474 4889 772 4962 susceperit
801 4887 1184 4951 sacerdotium,
1214 4885 1354 4940 sicut
1373 4882 1514 4952 apud
1541 4881 1796 4936 Hebraeos

225 4983 337 5040 ﬁeri
362 5001 486 5040 mos
513 4991 660 5049 erat;
690 4989 746 5037 et
771 4981 892 5036 ideo
919 4979 1215 5036 secundum
1242 4977 1486 5031 ordinem
1512 4973 1681 5045 ipsius
1706 4987 1799 5028 sa-

227 5078 418 5134 cerdos
444 5075 657 5130 futurus
677 5073 875 5129 dicitur
894 5070 1159 5136 Christus,
1186 5069 1275 5139 qui
1298 5084 1406 5125 non
1434 5067 1539 5124 olei
1566 5066 1796 5136 liquore,

229 5167 322 5238 sed
361 5167 565 5222 virtute
613 5162 851 5219 calestis
904 5160 1138 5231 Spiritus
1183 5165 1546 5214 consecretur.
1596 5156 1801 5211 Idcirco

232 5254 458 5326 denique
489 5269 613 5309 cum
637 5251 793 5307 multi
831 5258 956 5305 ante
973 5288 989 5316 ,
1016 5247 1157 5319 apud
1181 5246 1435 5302 Hebraos
1459 5243 1578 5298 oleo
1603 5243 1657 5297 in
1698 5244 1803 5297 hoc

236 5345 402 5415 ipsum
445 5345 758 5403 solemniter
799 5349 1116 5398 consecrato
1156 5340 1305 5395 uncti
1351 5339 1459 5393 sint
1495 5335 1716 5402 christi,
1749 5342 1804 5389 et

241 5439 350 5495 sive
379 5455 556 5512 reges,
588 5439 703 5494 sive
721 5436 1020 5507 propheta,
1056 5433 1170 5489 sive
1198 5431 1358 5487 etiam
1387 5426 1688 5500 pontiﬁces,
1707 5439 1805 5495 per

244 5531 341 5588 hoc
357 5533 556 5590 fuerint
581 5529 836 5595 instituti,
853 5527 1034 5582 nullus
1053 5534 1233 5581 tamen
1261 5524 1507 5595 ipsorum
1523 5518 1610 5574 vel
1636 5517 1803 5589 genti,

245 5621 326 5676 vel
367 5623 644 5694 discipulis
680 5626 773 5675 aut
802 5617 1158 5674 sectatoribus
1183 5631 1249 5670 ex
1287 5629 1383 5669 suo
1410 5610 1669 5666 vocabulo
1715 5623 1811 5664 no—

251 5728 368 5769 men
393 5716 519 5772 dare
547 5715 740 5787 potuit,
767 5721 823 5768 et
849 5709 1118 5780 appellare
1141 5705 1429 5775 discipulos
1453 5702 1810 5767 Christianos,

1898 4769 2179 4860 Quomodo
2201 4801 2330 4844 vero
2350 4785 2562 4840 actibus
2585 4782 2700 4839 suis
2721 4781 2872 4836 Isaac
2892 4774 3164 4848 signiﬁcet
3186 4769 3484 4830 Christum,

1897 4882 2118 4952 longum
2147 4886 2232 4934 est
2258 4893 2358 4947 per
2383 4883 2557 4930 totum
2582 4883 2932 4934 enumerare,
2966 4880 3091 4922 cum
3120 4875 3260 4934 pene
3298 4870 3490 4914 omnes

1902 4982 2052 5028 actus
2076 4970 2209 5039 ejus,
2241 4982 2379 5037 quos
2401 4964 2684 5035 Scriptura
2708 4967 2915 5024 narrat,
2941 4952 3268 5013 conveniant
3289 4953 3491 5017 myste-

1903 5067 1984 5121 rio
2014 5064 2081 5118 ad
2104 5037 2387 5118 Christum
2413 5098 2427 5124 ,
2458 5065 2520 5112 ut
2561 5063 2646 5111 est
2690 5053 2851 5116 illud,
2885 5063 2993 5120 quo
3025 5038 3346 5101 mactandus
3376 5037 3492 5106 ipse

1911 5157 1980 5212 ad
2008 5170 2161 5210 aram
2198 5150 2498 5224 portaverit
2524 5148 2670 5220 ligna
2698 5143 2852 5217 (Gen.
2877 5138 3016 5210 χχιι)
3037 5178 3052 5200 ,
3079 5136 3219 5192 sicut
3243 5129 3492 5224 Christus

1908 5264 2130 5306 crucem
2168 5244 2438 5318 passionis
2479 5219 2590 5297 sua
2633 5234 2854 5309 proprio
2881 5229 3114 5303 gestavit
3150 5236 3395 5294 corpore.
3423 5219 3494 5274 Et

1910 5337 2054 5408 quod
2072 5335 2127 5391 in
2154 5343 2282 5407 typo
2307 5331 2562 5388 Ecclesia
2587 5328 2888 5382 Rebeccam
2912 5319 3344 5408 duxitiuxorcml
3369 5323 3491 5408 qua

1911 5399 2245 5499 gemellos-ei
2274 5422 2485 5494 peperit
2508 5415 2659 5490 (Gen.
2685 5412 2852 5484 xxv),
2884 5411 3029 5465 sicut
3055 5405 3274 5463 Christo
3303 5399 3492 5499 Decle-

1913 5490 1994 5574 sia
2038 5532 2138 5588 per
2173 5490 2428 5584 baptismi
2454 5510 2660 5564 fontem
2687 5506 2822 5560 duos
2846 5501 2992 5574 parit
3025 5496 3272 5588 populos.
3301 5490 3488 5588 Iacob,

1913 5608 2006 5679 qui
2031 5576 2419 5676 interpretatur
2443 5597 2884 5668 superplantator,
2909 5590 2994 5646 vel
3023 5586 3396 5659 supplantans,
3421 5576 3494 5678 si:

1916 5667 2138 5771 gniﬁcat
2173 5667 2301 5753 eum
2345 5695 2410 5750 de
2449 5667 2557 5762 quo
2591 5667 2722 5746 dicit
2762 5684 3089 5771 Psalmistar:
3124 5667 3490 5771 Supplantt-tfli

251 5757 368 5769 ...νη
394 5757 519 5772 μων
585 5757 740 5779 -.....,
769 5757 823 5768 ν-
850 5757 1115 5780 ﬁrm“-
1147 5757 1343 5775 _-_-_r,
1376 5757 1389 5760 -
1410 5757 1423 5759 _
1469 5757 1513 5758 η
1600 5757 1603 5758 ν
1795 5757 1808 5767 ,
1917 5757 1948 5771 υ
2465 5757 2483 5762 _

250 5801 352 5857 nisi
390 5805 480 5859 hic
520 5757 698 5871 sglus,
731 5803 822 5873 qui
850 5814 1011 5855 verus
1039 5804 1122 5853 est
1165 5794 1412 5850 Christus
1453 5801 1511 5850 et
1552 5807 1660 5848 non
1698 5790 1816 5847 oleo
1917 5808 2094 5848 omnes
2116 5791 2437 5861 insurgentes
2461 5785 2514 5840 in
2544 5799 2648 5849 me,
2674 5779 2856 5837 subtus
2884 5791 2966 5831 me
3001 5769 3176 5844 (Psal.
3202 5761 3357 5836 xvn).
3391 5757 3494 5815 Hic

242 5987 278 6004 κν
309 5929 351 6003 ξ
377 5911 596 5995 Euseb,
619 5921 754 5982 Hist.
792 5918 1022 5989 Eccles,
1047 5915 1143 5975 lib.
1169 5930 1208 5986 ι,
1239 5928 1357 5984 cap.
1387 5915 1436 5969 1.

3493 6009 3519 6017 υ
