3946 6514
409 473 515 541 739

1069 463 1131 520 B.
1164 462 1418 520 RABANI
1456 457 1672 517 MAURI
1710 452 2007 513 ARCHIEP

2113 448 2376 521 LOGUNT.
2414 444 2699 517 OPERW
2731 440 2912 499 PARS
2948 441 2991 497 ι.

3572 433 3693 488 740

406 585 625 655 quidem
650 583 710 641 in
740 580 1014 647 creatione
1038 587 1096 634 et
1121 578 1377 639 unctione
1404 573 1637 644 “lapidis,
1660 579 1715 627 et
1744 571 1800 625 in
1824 582 1976 625 som-
2002 570 2057 633 Α
2078 572 2164 635 ter
2192 562 2468 627 Christum
2501 561 2731 641 ﬁgurat,
2760 572 2921 636 quem
2947 553 3235 655 apostolus
3262 550 3406 655 dixit
3434 548 3547 605 Dei
3572 550 3697 602 cir-

409 680 502 737 nio
528 692 626 745 suo
644 672 801 748 (Gen.
825 670 1020 744 xxviii)
1049 670 1323 742 signiﬁcat
1356 666 1665 743 passionem
1691 660 1890 718 Christi
1925 666 1983 713 et

414 765 862 833 resurrectionem
911 761 1060 839 eius,
1093 775 1256 835 quem
1296 758 1444 813 anteit
1481 754 1623 810 Deus
1648 750 1760 806 oleo
1787 749 1983 806 laetitia:

412 873 521 931 ιιι-ω
549 854 886 931 participibus
915 838 1046 909 suis.
1071 849 1259 910 Bethel
1283 848 1499 919 quippe,
1526 843 1617 900 ubi
1638 839 1803 898 Jacob
1821 838 1984 931 visio-

412 963 533 1000 nem
550 930 716 1009 ividit,
746 944 1016 1013 signiﬁcat
1040 940 1362 1004 Ecelesiam,
1384 952 1505 1007 qua:
1526 949 1654 989 vere
1676 941 1757 987 est
1797 930 1983 987 domus

416 1034 538 1101 Dei,
583 1034 710 1104 quia
758 1034 951 1089 domus
1000 1039 1085 1088 est
1131 1029 1315 1101 panis,
1361 1026 1450 1099 qui
1479 1025 1543 1078 de
1572 1020 1696 1078 cazlo
1721 1018 1987 1076 descendit

413 1122 591 1195 (Joan.
624 1123 725 1196 vi),
757 1133 804 1178 et
841 1131 993 1194 porta
1024 1120 1137 1181 caeli
1158 1158 1173 1186 ,
1204 1118 1329 1189 quia
1356 1114 1430 1171 ibi
1459 1111 1630 1170 Filius
1670 1110 1766 1168 Dei
1792 1110 1848 1165 in
1877 1118 1987 1165 ter-

415 1232 532 1270 ram
555 1213 852 1279 descendit,
886 1220 942 1269 et
970 1209 1219 1269 homines
1260 1205 1438 1263 sancti
1467 1200 1536 1260 ad
1561 1201 1759 1260 coelum
1794 1215 1986 1255 ascen-

414 1310 563 1365 dunt.
595 1307 760 1363 ludas
786 1306 1071 1376 conﬁtens,
1110 1302 1196 1359 vel
1222 1298 1556 1372 gloriﬁcans,
1584 1296 1988 1377 interpretatur,

415 1408 467 1454 et
495 1398 764 1469 signiﬁcat
786 1395 939 1450 illum
975 1394 1067 1465 qui
1106 1393 1162 1448 in
1196 1388 1485 1460 Evangelia
1526 1386 1698 1443 dixit:
1732 1383 1995 1456 Conﬁteor

416 1488 538 1553 tibi,
586 1486 769 1554 Pater,
807 1485 1032 1541 Domine
1077 1482 1190 1540 cwli
1231 1492 1281 1539 et
1329 1491 1482 1537 terra:
1527 1476 1742 1552 (Matth.
1781 1476 1879 1549 xi).
1928 1473 1997 1533 Et

420 1579 707 1637 Psalmista
732 1578 847 1634 ait:
881 1576 1154 1637 Gloriosus
1181 1575 1325 1633 Deus
1351 1576 1408 1629 in
1440 1573 1636 1628 sanctis
1678 1570 1788 1625 suis
1820 1565 1991 1640 (Psal.

420 1672 609 1746 vau),
653 1673 757 1729 hoc
801 1680 918 1738 est,
952 1669 1202 1727 Christus
1223 1668 1281 1723 in
1307 1664 1567 1722 membris
1592 1663 1726 1719 suis.
1760 1659 1992 1727 Phares,

420 1768 627 1832 divisio,
659 1766 774 1823 sive
800 1766 999 1833 diuisit,
1030 1761 1368 1819 demonstrat
1400 1775 1525 1815 eum
1548 1756 1640 1828 qui
1676 1756 1730 1809 in
1753 1753 1997 1822 Evange-

420 1857 526 1913 lico
553 1856 722 1914 dicit:
751 1854 883 1912 Cum
926 1855 1119 1911 uenerit
1162 1851 1209 1906 F
1211 1852 1335 1907 ilius
1385 1848 1611 1906 hominis
1641 1848 1696 1902 in
1724 1842 1998 1916 majestate

2084 666 2246 711 tatem
2290 663 2338 709 et
2361 652 2459 721 Dei
2481 650 2787 727 sapientiam
2814 661 2934 703 esse
2958 644 3009 719 (Ι
3022 644 3145 700 Cor.
3173 643 3238 715 ι),
3260 642 3355 717 qui
3379 643 3533 697 bene
3556 656 3694 694 sen-

2085 750 2255 819 sibilis
2270 742 2483 817 dicitur.
2507 726 2642 813 Nam
2665 743 2719 797 in
2744 738 3031 817 Evangelia
3051 738 3246 809 legitur
3268 735 3505 791 dixisse.
3540 726 3697 787 rat-

2084 843 2157 914 git
2178 858 2259 897 me
2285 832 2495 911 aliquis.
2527 835 2669 891 Nam
2691 842 2739 901 et
2760 848 2853 907 ego
2880 833 3019 889 sensi
3043 830 3107 886 de
3126 824 3209 885 me
3238 828 3497 884 uirtutem
3533 825 3693 879 exis-

2086 951 2141 991 se
2186 932 2336 1006 (Luc.
2368 929 2510 1002 vui).
2541 928 2609 983 Et
2634 928 2763 987 item
2792 942 2809 981 :
2835 922 2973 997 Quid
3016 924 3254 997 cogitatis
3282 919 3433 985 mala
3467 919 3531 973 in
3568 934 3699 971 car-

2088 1025 2241 1089 dibus
2260 1024 2441 1087 vestris
2467 1022 2492 1075 ?
2516 1018 2732 1097 (Matth.
2763 1018 2866 1091 ιιι.)
2895 1016 3035 1083 Vere
3058 1014 3349 1085 sensibilis,
3392 1010 3495 1083 qni
3534 1009 3699 1082 cogi-

2090 1124 2203 1179 tata
2246 1123 2307 1170 ut
2342 1113 2503 1180 facta,
2547 1120 2603 1167 et
2629 1109 2812 1165 futura
2838 1118 2896 1164 ut
2919 1108 3201 1183 [umentia
3232 1104 3420 1163 cernit
3449 1103 3605 1167 sicut
3626 1102 3699 1157 de

2092 1222 2158 1263 eo
2188 1206 2467 1281 scribitur,
2498 1203 2591 1281 qui
2612 1202 2740 1271 fecit
2766 1216 2885 1278 quae
2922 1199 3098 1257 futura
3128 1206 3274 1255 sunt.
3297 1197 3471 1265 Boos,
3498 1197 3561 1249 in
3585 1210 3698 1269 quo

2094 1297 2277 1364 rgbur,
2304 1297 2388 1353 vel
2411 1297 2465 1352 in
2488 1296 2599 1373 ipso
2642 1293 2923 1371 fortitudo,
2956 1292 3042 1349 vel
3063 1292 3117 1346 in
3148 1290 3495 1365 fortitudine,
3517 1290 3701 1345 inter-

2094 1400 2357 1469 pretatur,
2400 1396 2526 1467 apte
2554 1389 2621 1453 ad
2665 1387 2942 1453 Christum
2991 1382 3275 1453 transferri
3301 1388 3518 1455 potest,
3564 1381 3698 1453 qui:

2093 1485 2208 1557 ipse
2237 1492 2321 1547 est
2348 1482 2627 1541 brachium
2650 1479 2883 1547 Domini,
2928 1478 2998 1547 de
3025 1494 3133 1553 quo
3180 1479 3456 1550 propheta
3504 1476 3644 1533 dicit
3679 1495 3695 1530 :

2095 1575 2231 1635 Ecce
2258 1574 2512 1641 Dominus
2538 1574 2593 1639 in
2618 1570 2930 1647 fortitudine
2960 1572 3146 1636 ueniet,
3172 1579 3223 1633 et
3253 1569 3554 1633 brachium
3576 1568 3700 1637 ejus

2096 1663 2455 1721 dominabitur
2516 1663 2651 1739 (Isai
2679 1663 2791 1739 ιιι).
2843 1662 2914 1719 Et
2957 1663 3071 1741 ipse
3099 1662 3167 1717 de
3198 1663 3337 1729 sein
3388 1660 3699 1730 Evangelia

2099 1757 2175 1812 ait
2198 1770 2213 1811 :
2238 1755 2355 1829 Ego
2375 1757 2420 1812 si
2458 1755 2718 1812 excitatus
2750 1753 2900 1829 fuero
2927 1771 2960 1808 a
2987 1762 3150 1819 terra,
3180 1752 3361 1807 omnia
3384 1750 3608 1809 traham
3629 1749 3698 1802 ad

2098 1846 2355 1918 meipsum
2389 1846 2569 1917 (Joan.
2602 1845 2726 1917 xtl).
2758 1843 2946 1903 Omnis
2988 1842 3132 1899 enim
3159 1842 3338 1901 virtus
3363 1838 3615 1895 hominis
3642 1838 3699 1891 in

418 1967 540 2019 sua,
568 1958 618 2011 et
645 1965 820 2004 omnes
844 1946 1017 2019 angeli
1045 1962 1163 2001 cum
1190 1962 1272 2013 eo,
1295 1954 1418 1999 tunc
1436 1939 1630 1997 sedebit
1653 1954 1808 2010 super
1830 1933 2003 1990 sedem

2113 1948 2280 1995 morte
2305 1939 2521 1995 desinit.
2572 1936 2795 1993 Verbum
2823 1943 3003 1993 autem
3029 1932 3173 2013 quod
3197 1949 3325 1987 caro
3356 1932 3572 2007 factum
3599 1940 3699 1993 est,

420 2038 710 2109 majestatis
754 2054 886 2105 sum,
919 2045 966 2092 et
1011 2032 1464 2106 congregabantur
1504 2038 1625 2085 ante
1665 2039 1783 2082 eum
1823 2037 1998 2077 omnes

420 2140 615 2201 gentes,
644 2138 691 2183 et
717 2125 977 2201 separabit
1000 2142 1087 2182 eos
1108 2124 1173 2179 ab
1196 2125 1415 2179 invicem
1431 2164 1447 2190 ,
1468 2123 1601 2177 sicut
1630 2126 1811 2192 pastor
1830 2130 2001 2186 segre-

420 2228 507 2293 gat
539 2236 655 2274 oves
683 2217 747 2274 ab
780 2217 980 2286 hwdis,
1012 2226 1068 2272 et
1094 2215 1303 2286 reliqua
1342 2214 1558 2287 (Matth.
1586 2210 1735 2283 xxv).
1761 2208 1830 2265 Et
1855 2207 2002 2280 Apo-

421 2310 589 2366 stolus
616 2329 628 2364 :
678 2308 828 2365 Vivus
851 2318 960 2377 est,
991 2308 1199 2380 inquit,
1229 2323 1398 2364 sermo
1426 2305 1519 2359 Dei
1539 2315 1585 2358 et
1611 2304 1812 2374 efﬁcax,
1832 2308 1881 2355 et
1913 2314 2005 2371 pe-

422 2399 727 2455 netrabilior
765 2400 905 2455 omni
935 2398 1111 2471 gladio
1140 2397 1389 2487 ancipiti,
1427 2406 1474 2451 et
1511 2395 1804 2469 pertingens
1843 2405 2003 2463 usque

313 2559 336 2573 _
426 2489 495 2545 ad
523 2489 829 2544 divisionem
860 2489 1052 2544 anima:
1093 2506 1154 2543 ac
1184 2488 1398 2559 spiritus
1421 2530 1436 2559 ,
1471 2501 1772 2560 compligati:
1802 2496 2005 2557 quoque

427 2599 487 2641 ac
514 2581 865 2640 medullarum
888 2622 907 2654 ,
944 2591 993 2640 et
1019 2580 1271 2641 discretor
1292 2584 1662 2655 cegitationum
1691 2578 1879 2653 (Hebr.
1903 2574 2003 2652 IV).

428 2678 565 2737 Zura
585 2718 601 2745 ,
626 2694 796 2733 ortens
815 2718 830 2745 ,
858 2678 974 2733 sive
1001 2687 1169 2744 ortus,
1201 2677 1606 2759 interpretatur,
1630 2683 1685 2730 et
1715 2670 2006 2741 Zacharias

429 2770 506 2825 ait
532 2787 545 2825 :
581 2767 817 2823 Visitavit
845 2785 938 2824 nos
959 2768 1132 2823 oriens
1150 2784 1214 2822 ex
1240 2767 1346 2821 alto
1377 2764 1526 2839 (Luc.
1550 2764 1612 2840 ι).
1635 2764 1703 2819 Et
1723 2763 1848 2818 alibi
1874 2762 2006 2818 scri—

432 2871 583 2933 ptum
618 2867 739 2915 est:
773 2858 943 2928 Ecce,
980 2858 1060 2913 vir
1094 2856 1266 2912 oriens
1315 2871 1502 2910 nomen
1541 2855 1654 2925 ejus
1686 2846 1869 2926 (Zach.
1906 2850 2004 2923 vi).

428 2951 638 3015 Esroni,
667 2949 913 3020 sagittam
936 2948 1083 3015 vidit,
1113 2945 1200 3003 vel
1222 2945 1418 3017 atrium
1438 2944 1576 3018 ejus,
1592 2943 1814 2999 denotat
1833 2942 2007 3014 ipsum

438 3042 502 3097 de
532 3057 639 3112 quo
664 3041 861 3097 dicitur
889 3059 901 3094 :
934 3034 1152 3112 Sagittae
1174 3039 1397 3117 potentis
1429 3048 1597 3093 acutte
1627 3032 1799 3109 (Psal.
1824 3030 2005 3107 CXIX);

435 3131 644 3199 sagittae
673 3130 875 3187 Christi
911 3142 1037 3185 sunt
1068 3140 1337 3213 praecepta
1365 3128 1670 3202 Evangelii,
1713 3126 1799 3184 vel
1836 3122 2010 3182 vindi-

444 3219 860 3290 cantisjudicia.
886 3218 1099 3277 Atrium
1143 3237 1270 3277 vero
1317 3220 1583 3294 signiﬁcat
1622 3216 2008 3275 abundantiam

447 3312 653 3385 gratiae,
684 3321 737 3367 et
762 3312 1103 3368 latitudinem
1147 3311 1461 3378 charitatis,
1488 3326 1587 3383 per
1624 3325 1788 3381 quam
1820 3324 2008 3365 omnes
2037 3298 2084 3361 C

445 3406 680 3461 invitans
705 3405 773 3461 ad
799 3422 857 3461 se
890 3405 1007 3479 ipsa
1035 3405 1267 3471 Veritas,
1283 3404 1388 3458 ait:
1412 3396 1593 3458 Venite
1613 3403 1681 3458 ad
1708 3420 1809 3472 me,
1838 3419 2015 3457 omnes

440 3498 527 3569 qui
582 3497 833 3552 laboratis
880 3507 929 3552 et
980 3497 1183 3551 onerati
1234 3497 1377 3564 estis,
1428 3505 1476 3552 et
1523 3512 1615 3569 ego
1659 3495 1892 3566 reﬁciam
1929 3511 2016 3549 vos

439 3587 654 3661 (Matth.
682 3586 785 3661 ιιι).
815 3588 1012 3654 Aram,
1050 3586 1272 3656 electus,
1296 3588 1409 3643 sive
1435 3586 1676 3642 exclusus
1704 3587 1920 3642 dicitur.
1950 3585 2019 3640 Et

437 3678 699 3751 propheta
716 3695 783 3735 ex
803 3694 1033 3751 persona
1065 3678 1242 3735 Patris
1267 3678 1335 3734 ad
1363 3678 1560 3734 Filium
1586 3676 1822 3750 loquitur
1845 3696 1860 3733 :
1884 3676 2019 3731 Ecce

437 3787 567 3843 puer
594 3786 758 3838 meus,
787 3769 979 3825 electus
1010 3786 1187 3838 nteus,
1215 3769 1339 3824 dedi
1374 3770 1617 3840 spiritum
1657 3785 1829 3822 meum
1866 3784 2020 3844 super

436 3862 611 3937 ipsum
653 3860 809 3936 (Isai.
844 3863 1003 3937 xui).
1042 3862 1174 3932 Quis
1213 3871 1296 3919 est
1336 3860 1437 3917 iste
1485 3876 1619 3937 puer
1655 3859 1887 3928 electus,
1916 3858 2021 3914 nisi

445 3956 539 4026 qui
568 3972 599 4010 a
622 3956 855 4027 pueritia
885 3956 1193 4028 reprobavit
1222 3948 1452 4020 malum,
1491 3963 1547 4010 et
1572 3952 1732 4026 elegit
1760 3953 1904 4022 quod
1927 3951 2022 4007 bo-

445 4062 575 4100 num
599 4046 719 4102 est?
745 4045 902 4120 (Isai.
930 4045 1359 4118 vn.)Psalmista
1389 4059 1601 4117 quoque
1625 4044 1702 4098 ait
1730 4061 1742 4096 :
1770 4041 2021 4096 Excelsus

442 4154 597 4207 super
621 4154 797 4193 omnes
823 4147 996 4208 gentes
1028 4136 1313 4202 Dominus,
1342 4146 1395 4191 et
1421 4136 1629 4208 reliqua
1659 4133 1829 4209 (Psal.
1868 4131 2019 4206 cmi).

444 4228 746 4283 Aminadab
801 4237 1014 4297 autem,
1043 4231 1136 4302 qui
1178 4232 1562 4303 interpretatur
1608 4228 1830 4302 populus
1879 4244 2023 4282 meus

446 4320 771 4376 uoluntarius
790 4363 805 4390 ,
829 4322 1097 4394 signiﬁcat
1123 4339 1247 4380 eum
1286 4326 1376 4394 qui
1414 4322 1551 4378 dixit
1575 4342 1588 4376 :
1615 4322 1785 4377 Nemo
1826 4319 1960 4375 tollit
1990 4338 2024 4374 a

446 4430 526 4467 me
555 4412 788 4467 animam
810 4431 1004 4482 meam,
1033 4415 1123 4470 sed
1150 4432 1241 4491 ego
1266 4432 1400 4487 pono
1423 4432 1558 4482 eam,
1586 4424 1632 4469 et
1658 4415 1845 4468 iterum
1874 4426 2023 4467 sumo

446 4522 561 4561 eam
588 4505 768 4580 (Joan.
792 4508 871 4580 x).
896 4506 1008 4565 Iste
1028 4524 1159 4567 vero
1192 4518 1353 4581 caput
1396 4498 1479 4565 est
1524 4508 1669 4565 illius
1710 4508 1928 4579 populi,
1959 4522 2024 4561 ex

2103 2032 2169 2099 de
2196 2031 2515 2086 inﬁrmitate
2546 2027 2761 2097 fortius,
2789 2028 2854 2084 de
2893 2035 3067 2082 morte
3097 2024 3367 2093 vivacius,
3409 2024 3485 2079 de
3519 2022 3701 2077 humi-

2102 2126 2254 2182 litate
2278 2124 2542 2182 excelsius
2569 2122 2769 2189 factum
2797 2129 2901 2178 est.
2929 2120 3100 2187 Obcd,
3131 2120 3185 2175 id
3215 2126 3327 2184 est,
3368 2116 3607 2179 serviens
3628 2117 3701 2170 si-

2102 2215 2322 2291 gniﬁcat
2346 2230 2470 2271 eum
2491 2214 2585 2291 qui
2603 2215 2669 2270 de
2688 2212 2979 2290 semetipso
2993 2212 3069 2266 ait
3092 2229 3106 2266 ι
3129 2207 3304 2265 Filius
3337 2208 3575 2262 hominis
3596 2222 3703 2259 nos

2103 2311 2241 2368 uenit
2279 2310 2593 2376 ministrari,
2628 2308 2718 2365 sed
2741 2307 3042 2367 ministrare
3083 2302 3298 2378 (Matth.
3330 2304 3459 2373 xx).
3484 2300 3703 2372 Eupo-

2104 2405 2278 2464 stolus
2311 2422 2326 2460 :
2359 2402 2465 2475 Qui
2509 2417 2632 2458 cum
2675 2403 2731 2471 in
2770 2401 2942 2472 farina
2989 2397 3090 2453 Dei
3134 2405 3288 2462 esset,
3341 2394 3555 2467 inquit,
3602 2409 3705 2447 ηοω

2104 2498 2346 2571 rapinam
2366 2496 2651 2551 arbitratus
2670 2502 2872 2561 estesse
2893 2506 2949 2546 se
2970 2487 3218 2561 (aqualem
3241 2487 3383 2557 Deo,
3395 2485 3495 2543 sed
3516 2492 3705 2540 scutato

2105 2589 2278 2662 ipsum
2323 2586 2627 2653 txinanivit,
2667 2583 2894 2655 formam
2939 2580 3074 2647 serui
3113 2577 3406 2650 accipiens,
3452 2575 3519 2630 in
3565 2574 3706 2630 sinti-

2107 2686 2385 2751 litudinent
2405 2683 2673 2745 hominum
2696 2680 2889 2751 factus,
2916 2687 2966 2741 et
2984 2674 3167 2739 habitu
3190 2674 3436 2737 inventus
3456 2680 3527 2726 iss
3557 2667 3705 2723 homo

2109 2777 2335 2853 (Philip.
2360 2778 2445 2849 ιι).
2478 2775 2656 2841 Jesse,
2693 2774 3077 2842 interpretatur
3102 2766 3291 2829 insqu
3330 2766 3599 2825 libamen.
3627 2761 3706 2815 ιιιο

2109 2852 2241 2934 sulm
2263 2872 2523 2933 Ecclesia
2549 2875 2677 2927 sunt
2707 2867 2772 2927 de
2798 2863 3072 2936 gentibus,
3115 2875 3236 2930 quin
3277 2857 3333 2921 in
3369 2854 3521 2919 mari
3556 2852 3709 2917 istius

2107 2967 2295 3025 mundi
2334 2964 2545 3040 positae,
2599 2959 2896 3017 tunduntur
2954 2950 3197 3024 quotidie
3245 2945 3705 3040 persecutionum

2110 3034 2353 3122 aestibus;
2397 3056 2463 3115 de
2510 3053 2709 3124 quibus
2739 3047 2930 3108 insulis
2966 3045 3133 3107 [sales
3154 3041 3287 3101 dicit
3311 3056 3326 3094 ς
3354 3037 3429 3101 In
3446 3034 3709 3124 doctrinis

2111 3148 2402 3221 gloriﬁcate
2426 3122 2735 3207 Dominum,
2760 3140 2816 3199 in
2848 3135 3034 3197 insulis
3079 3133 3240 3193 maris
3269 3145 3464 3187 nomen
3487 3122 3711 3221 Domiti

2111 3216 2211 3299 Dei
2241 3216 2431 3297 istast.
2469 3235 2627 3309 (Itai.
2649 3230 2825 3303 xxiv.)
2853 3229 3048 3295 insula
3075 3241 3205 3296 ergo
3229 3224 3469 3287 libamen
3494 3216 3712 3275 sacriﬁ-

2117 3336 2262 3393 cium
2306 3340 2393 3390 est
2429 3331 2674 3403 corporis
2713 3336 2768 3385 et
2792 3325 3071 3396 sanguinis
3088 3320 3323 3384 Domini.
3349 3315 3500 3387 quod
3530 3311 3716 3384 quoti-

2116 3429 2203 3484 die
2221 3433 2408 3483 sancta
2428 3422 2670 3480 Ecclesia
2692 3435 2816 3478 cum
2838 3418 2983 3477 votis
3015 3424 3071 3475 et
3092 3413 3342 3473 laudibus
3367 3409 3487 3467 Deo
3506 3403 3717 3462 otl‘em

2117 3517 2277 3583 solet,
2326 3510 2902 3575 commemorationem
2950 3507 3110 3577 digne
3151 3516 3319 3574 agens
3348 3497 3637 3570 passionis
3663 3502 3714 3583 et

2118 3604 2537 3683 resurrectionis
2580 3600 2895 3661 Dominicm.
2962 3596 3155 3662 David,
3207 3587 3586 3657 desiderabilis
3632 3582 3715 3640 vel

2121 3680 2285 3772 fortis
2302 3716 2487 3764 manu,
2518 3696 2652 3755 nulli
2674 3694 2898 3753 dubium
2941 3690 3071 3760 quin
3092 3687 3372 3744 Christum
3411 3680 3710 3753 signiﬁcet,

2119 3793 2189 3857 de
2216 3808 2325 3863 quo
2358 3788 2646 3849 Psalmista
2666 3787 2743 3846 ait
2772 3800 2787 3843 ι
2829 3782 3108 3854 Speciosus
3129 3780 3301 3850 forma
3321 3791 3434 3847 pra:
3462 3774 3597 3843 ﬁliis
3623 3772 3709 3825 Ito-

2120 3880 2550 3954 minum.(Psal.
2606 3878 2778 3951 xuv),
2844 3874 2913 3941 et
2951 3876 3121 3933 item:
3150 3870 3412 3929 Dominus
3441 3907 3457 3933 ,
3510 3865 3709 3936 inquit,

2123 3977 2298 4048 fortis,
2323 3974 2579 4037 Dominus
2600 3982 2781 4044 potens
2810 3971 2867 4027 in
2906 3967 3090 4040 prwlio
3113 3964 3286 4039 (Psal.
3312 3961 3478 4033 xxiii)
3517 3979 3529 4014 :
3555 3960 3713 4029 cujus

2121 4078 2274 4140 gesta
2298 4066 2568 4137 quomodo
2617 4063 2896 4121 Dominica
2921 4061 3064 4119 facta
3094 4054 3418 4129 signiﬁcent,
3452 4058 3714 4106 tractato—

2124 4175 2214 4221 res
2242 4166 2552 4215 sanctarum
2602 4155 3007 4224 Scripturarum
3046 4146 3375 4205 suﬁicienter
3406 4146 3711 4212 exponunt.

2124 4249 2381 4307 Salomon
2436 4262 2649 4318 quoque
2671 4262 2765 4305 rex
2788 4254 2844 4300 et
2873 4243 3015 4298 ﬁlius
3052 4239 3219 4311 regis,
3264 4236 3361 4309 qui
3387 4235 3714 4303 interpreta-

2127 4351 2216 4399 tus
2239 4342 2447 4405 Latine,
2496 4347 2654 4395 sonat
2691 4337 2964 4409 paciﬁcus,
3005 4333 3092 4388 vel
3124 4338 3349 4403 pacatus
3393 4327 3508 4391 erit,
3550 4323 3712 4377 illum

2126 4437 2348 4492 denotat
2368 4437 2434 4493 de
2462 4449 2572 4504 quo
2595 4432 2868 4500 Propheta
2887 4435 3161 4498 precatur,
3189 4423 3376 4479 dicens
3398 4418 3597 4479 :Deus,
3623 4416 3711 4486 ja-

2126 4527 2321 4583 dicium
2349 4534 2497 4579 tuum
2535 4524 2663 4593 Regi
2709 4523 2803 4588 da,
2846 4531 2895 4575 et
2926 4518 3189 4589 justitiam
3217 4525 3366 4569 tuam
3401 4510 3518 4583 ﬁlio
3556 4507 3711 4577 Regis

448 4602 599 4716 ξξύξιε
616 4620 846 4705 Periit)“
864 4604 1153 4706 Ρξδιωίδιᾶ
1176 4606 1411 4676 ιοίιυὶιυι·
1434 4606 1684 4673 θοωίηοο
1708 4605 1785 4660 ita
1805 4605 2018 4659 dicens;
2049 4655 2103 4716 υ
2128 4614 2299 4689 (Psal.
2326 4614 2498 4686 uxr).
2522 4614 2591 4668 Et
2615 4611 2775 4683 paulo
2800 4618 2923 4681 post
2960 4626 2974 4663 :
3012 4606 3246 4671 Orietur,
3279 4602 3482 4675 inquit,
3517 4600 3574 4652 in
3603 4598 3710 4651 die-

522 4713 527 4716 .
559 4703 760 4716 _-.‘a-____
795 4696 1093 4716 _-A___t_‘AA,L_
1132 4695 1220 4716 .3L.‘
1292 4702 1328 4716 ΑΔ
1375 4696 1644 4716 _-__C._LA_-
1681 4694 1875 4716 __..__-_'_-.'
1914 4704 1997 4716 ι---
2136 4709 2146 4716 .
2291 4707 2301 4716 .
2424 4706 2436 4716 ι
2513 4705 2585 4716 Α...
2687 4713 2695 4716 -
2789 4701 2799 4716 ι
2911 4701 2921 4716 l
3002 4700 3037 4716 .0
3142 4715 3148 4716 ,
3175 4697 3233 4716 Α-
3308 4694 3465 4716 Δ----
3500 4689 3690 4716 --.ΑΗ-

458 4692 761 4748 Voluntarie
786 4696 1098 4765 sacriﬁcabo
1127 4695 1251 4764 tibi,
1280 4702 1328 4750 et
1364 4696 1644 4765 conﬁtebor
1677 4694 1876 4749 nomini
1912 4704 2022 4761 tuo,

448 4782 690 4850 Domine,
711 4787 960 4857 quoniam
984 4786 1174 4841 bonum
1200 4795 1273 4841 est
1298 4784 1468 4859 (Psal.
1496 4786 1636 4863 L111).
1658 4786 1896 4853 Naason,
1919 4802 2028 4841 ser-

445 4877 709 4945 pentinus,
732 4875 1139 4948 velaugurium,
1163 4877 1359 4950 ﬁgurat
1380 4893 1505 4933 eum
1530 4877 1621 4949 qui
1652 4878 1708 4933 in
1733 4876 2028 4948 Evnngelio

449 4965 622 5021 dixit:
652 4965 800 5022 Sicut
819 4966 1283 5041 Moysesexaltavit
1313 4981 1601 5041 serpentem
1623 4971 1677 5026 in
1703 4970 1928 5035 deserto,
1952 4969 2029 5022 ita

449 5057 673 5113 exaltari
702 5069 901 5131 oportet
927 5058 1098 5128 ﬁlium
1118 5060 1344 5117 hominis
1370 5061 1552 5131 (Joan.
1590 5059 1694 5137 ιιι).
1728 5060 2027 5132 Augurium

451 5166 581 5221 ergo
608 5151 697 5206 hic
720 5166 818 5223 pro
844 5150 1097 5206 vaticinio
1126 5151 1210 5206 vel
1236 5151 1563 5209 revelatione
1587 5151 1811 5229 intelligi
1837 5150 2022 5214 debet,

453 5244 607 5313 cujus
636 5243 950 5300 vaticinium
978 5242 1033 5299 in
1053 5243 1155 5301 tria
1172 5244 1469 5317 prophetia:
1504 5253 1747 5315 tempora
1786 5240 2025 5313 respicit.

454 5332 511 5393 lu
540 5336 872 5405 praeteritum
891 5377 909 5411 ,
934 5344 996 5392 ut
1018 5344 1139 5393 est:
1176 5332 1315 5391 Vidit
1355 5336 1623 5392 Abraham
1656 5335 1793 5392 diem
1823 5351 2026 5404 meum,

452 5432 502 5481 et
524 5424 729 5494 gauisus
755 5436 831 5481 est
858 5426 1041 5500 (Joan.
1071 5425 1214 5501 vui).
1237 5426 1296 5481 in
1323 5441 1565 5498 praesens
1584 5466 1603 5494 ,
1642 5436 1702 5483 ut
1731 5436 1815 5485 est
1840 5445 1854 5482 :
1888 5426 2029 5493 Quid

458 5514 696 5586 cogitatis
722 5518 862 5571 mala
876 5519 933 5572 in
949 5518 1192 5574 cordibus
1208 5520 1388 5587 uestris
1404 5519 1429 5576 2
1451 5519 1663 5592 (Matth.
1688 5517 1786 5592 ιι.)
1807 5520 1867 5576 ιιι
1886 5520 2029 5575 futu-

458 5621 602 5675 rum,
632 5614 694 5660 ut
713 5616 798 5663 est
819 5607 922 5665 hoc
946 5627 962 5663 :
990 5609 1162 5666 Erunt
1183 5612 1323 5667 enim
1350 5614 1485 5668 sicut
1506 5613 1675 5685 angeli
1697 5613 1794 5668 Dei
1820 5614 1877 5667 in
1903 5611 2029 5668 ctelo

461 5696 681 5769 (Matth.
710 5701 869 5772 xxii).
912 5701 983 5757 Et
1009 5701 1178 5760 illud:
1210 5702 1404 5761 Soluite
1445 5705 1693 5779 templum
1737 5706 1865 5773 hoc,
1890 5715 1938 5765 et
1976 5706 2033 5760 in

459 5789 623 5885 tribus
646 5789 827 5845 diebus
855 5793 1089 5849 excitabo
1122 5794 1253 5850 illud
1287 5795 1469 5869 (Joan.
1516 5797 1601 5871 ιι).
1637 5795 1888 5864 Salmon,
1941 5796 2032 5869 qui

463 5888 845 5951 interpretatur
878 5898 1079 5948 sensus,
1106 5885 1187 5938 vel
1216 5885 1495 5943 sensibilis.
1529 5906 1631 5941 non
1662 5886 2036 5951 inconvenien-

2128 4709 2223 4767 bus
2252 4707 2367 4779 ejus
2405 4705 2621 4777 justitia
2649 4713 2697 4758 et
2746 4700 3072 4757 abundantia
3090 4697 3259 4769 pacis,
3300 4694 3465 4748 donec
3492 4689 3714 4744 extolla-

2126 4808 2213 4854 tur
2234 4798 2405 4863 luna,’
2458 4805 2504 4851 et
2525 4794 2881 4850 dominabitur
2927 4810 2959 4846 a
2993 4789 3130 4845 mari
3159 4804 3321 4859 usque
3364 4784 3432 4838 ad
3462 4799 3637 4845 mare,
3670 4788 3711 4832 ct

2129 4907 2163 4947 α
2186 4889 2402 4960 ﬂumine
2424 4902 2587 4956 usque
2620 4884 2689 4941 ad
2712 4884 2961 4943 terminos
2986 4881 3125 4938 orbis
3151 4889 3301 4934 teme
3328 4874 3546 4950 (lbid.).
3564 4869 3717 4960 Quod

2129 4958 2313 5037 autem
2340 4985 2493 5048 gesta
2554 4974 2786 5045 plurima
2840 4970 3167 5037 Salomonis,
3217 4977 3272 5027 et
3303 4966 3543 5029 maxime
3574 4958 3714 5034 quod

2130 5067 2389 5139 templum
2436 5066 2667 5124 Domino
2708 5080 2833 5131 cum
2896 5064 3047 5121 omni
3093 5061 3274 5132 studio
3324 5067 3383 5115 et
3432 5056 3714 5129 diligentia

2133 5158 2444 5226 mdiﬁcavit,
2497 5157 2727 5230 ﬁguram
2774 5156 3076 5223 Salvatoris
3119 5153 3293 5221 nostri
3334 5160 3393 5209 et
3455 5151 3717 5207 Ecclesia:

2136 5258 2374 5319 teneant,
2420 5264 2525 5311 non
2550 5259 2637 5307 est
2662 5252 2923 5322 ignotum.
2971 5249 3236 5314 Romam.
3285 5248 3510 5317 ίαρακδ
3537 5243 3717 5318 Ρορκίί

2134 5345 2237 5403 mei
2260 5345 2666 5415 interpretatur,
2701 5352 2758 5401 et
2803 5341 3074 5415 signiﬁcat
3111 5340 3349 5401 velocem
3388 5347 3716 5395 conventum

2135 5436 2455 5513 populorum
2473 5437 2545 5493 ad
2566 5437 2727 5499 ﬁdem
2751 5436 2955 5492 Christi
2974 5443 3097 5506 post
3120 5433 3556 5495 incarnationem
3584 5434 3713 5502 eius.

2139 5527 2293 5595 Quod
2331 5527 2605 5598 Propheta
2650 5528 2706 5583 in
2742 5527 2951 5598 Spiritu
2989 5524 3296 5597 prmi/ideas
3338 5524 3412 5589 ait
3468 5541 3483 5578 :
3525 5522 3715 5577 0m

2138 5627 2313 5690 gentes
2361 5634 2698 5691 quascunque
2753 5618 2940 5690 fecisti,
2988 5617 3259 5673 uenientet
3284 5612 3583 5669 adorabunt
3627 5626 3717 5663 co-

2141 5724 2256 5764 ram
2274 5717 2345 5777 te,
2368 5708 2609 5777 Domine,
2632 5718 2681 5764 et
2702 5708 3122 5779 honoriﬁcabunt
3148 5722 3336 5763 nomen
3367 5716 3519 5760 tuum
3540 5698 3713 5772 (Psai.

2142 5799 2363 5870 Lmv).
2411 5800 2569 5867 Abia,
2592 5801 2649 5861 in
2671 5811 2916 5857 nostram
2951 5799 3195 5869 linguam
3216 5795 3552 5854 convertitur
3573 5800 3717 5862 pater

2144 5891 2405 5954 dominus,
2457 5894 2801 5964 ostenditque
2840 5892 2986 5947 illum
3018 5892 3084 5947 de
3126 5906 3233 5961 quo
3282 5887 3543 5959 prepheta
3591 5880 3710 5936 ait:
