3946 6460
216 418 311 479 7“

1165 414 1516 481 COMMENT.
1554 416 1625 475 IN
1660 417 2096 489 ΜΑΤΤΗΑΞΗΜ.
2119 448 2188 463 --
2221 419 2350 489 LIB.
2383 415 2428 489 ι,

3353 414 3459 487 7ᾧῖ

211 527 467 587 Pumilus
495 535 649 587 natus
674 535 751 587 est
787 527 956 596 nobis,
984 537 1035 585 et
1070 527 1216 600 ﬁlius
1241 532 1396 589 dotus
1424 539 1501 587 est
1522 532 1690 599 nobis,
1731 542 1779 593 et
1805 534 2155 607 Anitentiam
2181 533 2248 596 ab
2286 532 2523 597 omnibus
2541 530 2764 602 peccatis
2778 488 2915 606 suis,
2935 548 3060 607 qua:
3084 541 3327 604 aperatus
3358 545 3457 602 est,

212 622 377 695 factus
415 619 741 690 principatus
770 620 887 690 ejus
905 635 1059 691 super
1076 621 1349 681 humerum
1369 624 1507 694 ejus,
1533 634 1582 680 et
1629 641 1781 680 uaca-

215 714 348 770 bitur
379 728 568 768 nomen
588 712 702 783 ejus
736 713 1083 781 admirabilis,
1114 716 1470 785 consiliarius,
1498 717 1639 773 Deus
1670 718 1782 788 for-

217 808 300 872 tis,
334 814 484 875 pater
528 804 701 876 futuri
746 805 947 871 ποιαί,
996 809 1234 880 princeps
1270 810 1433 879 pacis,
1473 818 1528 866 et
1572 810 1782 883 reliqua

216 898 367 972 (Isai.
394 897 496 968 ix).
528 898 656 965 Asa,
684 897 869 954 tollens
893 899 1008 956 sive
1044 902 1311 968 attollens,
1340 903 1611 975 signiﬁcat
1653 918 1780 959 eum

215 991 277 1047 de
296 1005 401 1060 quo
424 987 659 1051 Joannes
686 990 819 1047 dicit
845 1008 858 1044 :
882 989 1017 1049 Ecce
1038 1009 1203 1063 agnus
1244 992 1367 1060 Dei,
1395 1010 1510 1053 ecce
1532 995 1622 1066 qui
1645 992 1781 1055 tollit

213 1093 421 1159 peccata
452 1083 635 1140 mundi
665 1082 850 1156 (Joan.
888 1083 950 1155 ι).
984 1086 1051 1153 Et
1088 1088 1352 1158 propheta
1406 1088 1657 1145 Ezechiel
1713 1104 1782 1144 ex

213 1191 438 1248 persona
474 1176 691 1233 Domini
716 1177 784 1232 de
832 1179 1219 1236 convocatio'ne
1242 1180 1483 1252 gentium
1533 1180 1779 1251 loquens,

213 1269 322 1325 ait:
358 1267 564 1327 Talium
617 1285 704 1325 vos
741 1270 806 1326 de
830 1272 1086 1342 gentibus,
1138 1282 1190 1328 et
1243 1273 1564 1344 cangregqba
1592 1289 1680 1328 uas
1718 1273 1783 1328 de

216 1358 462 1423 universis
508 1358 686 1424 terris,
715 1367 765 1417 et
794 1359 1041 1417 inducam
1089 1378 1177 1417 vos
1210 1363 1267 1417 in
1299 1371 1494 1421 terram
1537 1372 1781 1428 uestram,

214 1451 286 1505 at"
331 1450 589 1517 Domitius
621 1452 764 1514 Deus
829 1452 1044 1525 (Electa.
1086 1455 1296 1528 ιιινι).
1344 1454 1622 1528 Iosophat,
1678 1457 1783 1528 ipse

207 1541 478 1612 judicans,
520 1544 617 1607 sed
647 1543 841 1607 melius
882 1544 1140 1605 Dominus
1176 1547 1460 1618 judicabit,
1510 1550 1782 1620 interpre-

219 1633 313 1688 tari
340 1640 515 1703 potest
544 1653 559 1693 ε
592 1635 736 1705 quod
761 1635 839 1695 illi
869 1639 1102 1697 maxime
1124 1642 1396 1708 convenit,
1428 1641 1497 1697 de
1522 1656 1632 1711 quo
1650 1641 1785 1698 scri-

216 1734 361 1795 ptum
383 1733 466 1782 est
492 1742 509 1781 :
537 1726 755 1789 Paravit
774 1729 829 1791 in
849 1729 1055 1800 judicio
1086 1732 1261 1788 sedem
1286 1750 1459 1800 suam,
1492 1743 1542 1788 et
1570 1736 1678 1805 ipse
1692 1734 1785 1804 ju-

216 1816 404 1871 dicabit
440 1818 615 1883 orbem
647 1829 801 1883 terra:
833 1822 886 1883 in
903 1825 1145 1894 wquitate
1180 1823 1353 1897 (Psal.
1386 1826 1486 1898 Ix).
1518 1826 1585 1880 Et
1612 1827 1780 1882 item:

1878 634 1930 689 et
1965 623 2271 689 custodierit
2300 624 2540 687 universa
2570 634 2829 696 pra’cept-a
2874 640 3012 695 mea,
3037 633 3085 680 et
3113 624 3293 699 fecerit
3307 626 3461 701 judi-

1879 714 2019 781 cium
2056 723 2101 768 et
2116 714 2401 786 justitiam,
2429 716 2531 771 vita
2565 714 2712 780 vivet,
2737 724 2783 767 et
2805 731 2909 779 non
2932 715 3202 785 morietur,
3227 718 3460 773 omnium

1878 814 2206 875 peccatorum
2252 805 2388 877 ejus,
2443 822 2560 881 quw
2599 815 2840 877 operatus
2884 818 2979 875 est,
3017 824 3120 862 non
3147 810 3462 865 recordabar

1881 894 2097 967 (Ezech.
2146 911 2300 963 xvm,
2356 895 2573 967 xxxiii).
2600 896 2668 952 Et
2695 897 2750 953 in
2794 897 3089 970 Evangelia
3119 899 3236 975 ipse
3267 901 3334 965 ad
3359 916 3453 972 ρει-

1881 984 2167 1057 ralyticum
2195 988 2272 1042 ait
2309 986 2578 1061 :Conﬁde,
2605 988 2710 1061 fili,
2760 990 3103 1061 dimittuntur
3126 991 3221 1047 tibi
3244 1003 3460 1064 peccata

1880 1083 1972 1130 tua
1999 1074 2214 1149 (Matth.
2244 1080 2342 1149 ix).
2380 1078 2558 1136 Aman
2575 1080 2748 1151 ﬁdelis
2785 1083 2899 1147 sive
2950 1085 3233 1155 nutricius,
3267 1084 3356 1141 ille
3381 1093 3465 1141 est

1883 1167 1949 1231 de
1997 1185 2105 1240 quo
2127 1170 2257 1225 dicit
2280 1171 2605 1228 Psalmista:
2639 1171 2843 1230 Fidelis
2894 1175 3152 1243 Dominus
3186 1178 3244 1255 in
3294 1179 3464 1235 omni-

1884 1259 1976 1314 bus
1999 1261 2163 1317 uerbis
2208 1264 2340 1330 suis,
2384 1273 2431 1317 et
2455 1273 2669 1319 sanctus
2713 1266 2768 1321 in
2797 1266 3036 1337 omnibus
3062 1267 3303 1340 operibus
3353 1268 3465 1325 suis

1885 1348 2058 1421 (Psal.
2087 1354 2291 1425 cxuv).
2327 1353 2528 1413 Fidelis
2565 1365 2744 1413 autem
2776 1357 2903 1417 inde
2949 1359 3166 1427 dicitur,
3192 1360 3318 1437 quia
3350 1358 3467 1431 ejus

1885 1454 2012 1499 sunt
2047 1446 2318 1516 promissa
2365 1462 2580 1520 semper
2605 1463 2754 1521 vera,
2798 1464 2921 1521 quae
2949 1450 3007 1506 in
3035 1452 3300 1515 utramvis
3353 1452 3466 1509 sint

1883 1545 2121 1609 partem,
2158 1541 2427 1612 speranda
2459 1549 2587 1603 sunt
2611 1546 2820 1614 pariter
2839 1550 2896 1603 et
2928 1543 3284 1613 pavescenda.
3318 1542 3464 1611 Quo-

1885 1631 2048 1689 modo
2100 1646 2231 1703 ergo
2269 1633 2536 1693 nutricius
2588 1632 2679 1702 sit,
2735 1633 2973 1697 ostendit
2997 1634 3132 1705 ipse,
3180 1634 3367 1701 dicens
3400 1634 3466 1688 ad

1888 1720 2076 1787 urbem
2121 1725 2481 1793 peccatricem
2529 1743 2543 1781 ι
2592 1725 2912 1793 Jerusalem,
2959 1725 3280 1795 Jerusalem,
3349 1744 3467 1798 qua:

1887 1815 2081 1873 occidis
2108 1818 2406 1887 prophetas,
2436 1828 2483 1883 et
2523 1817 2727 1890 lapides;
2752 1836 2837 1874 eos
2855 1819 2947 1890 qui
2976 1819 3045 1875 ad
3073 1829 3123 1881 te
3149 1820 3296 1875 missi
3321 1827 3466 1886 sunt,

219 1905 467 1964 Dominus
505 1911 773 1982 judicabit
798 1913 927 1982 tim.
957 1922 1133 1973 term,
1164 1918 1231 1973 Ει
1258 1918 1376 1989 ipsa
1399 1918 1613 1976 veritas
1634 1919 1705 1976 de
1726 1934 1785 1976 se
1812 1915 1862 1979 Β
1889 1909 2087 1979 quaties
2115 1908 2256 1972 uolui
2311 1927 2624 1983 congregare
2671 1911 2813 1981 ﬁlias
2848 1922 2987 1980 tuos,
3029 1914 3469 1983 quemadmodum

216 2000 292 2057 ait
319 2020 332 2057 :
365 2002 525 2058 Pater
546 2022 651 2065 non
668 2006 879 2077 judicat
896 2012 1332 2081 quemquam,sed
1358 2028 1510 2068 omne
1522 2013 1786 2083 judicium

214 2093 354 2147 dedit
385 2094 497 2164 ﬁlia
543 2094 724 2168 (Joan.
759 2100 835 2172 v).
873 2097 1078 2168 Joram,
1120 2102 1208 2157 ubi
1247 2111 1322 2157 est
1369 2102 1652 2159 excelsus?
1695 2112 1789 2160 aut

215 2185 329 2255 quis
358 2195 433 2240 est
454 2187 726 2244 excelsus?
750 2190 843 2255 sed
868 2193 1060 2251 melius
1077 2193 1468 2264 sublimabitur,
1506 2212 1669 2267 quem
1708 2198 1787 2254 si-

212 2281 454 2350 gniticet,
483 2284 587 2340 nisi
615 2285 763 2343 illum
787 2288 853 2343 de
874 2304 984 2358 quo
1015 2290 1091 2344 ait
1134 2290 1338 2347 Isaias:
1370 2290 1501 2346 Hcce
1544 2291 1678 2347 dixit
1699 2308 1790 2348 eto-

212 2373 395 2441 celsus,
431 2384 478 2437 et
500 2377 755 2443 sublimis,
785 2379 1026 2436 habitans
1051 2381 1108 2435 in
1147 2384 1457 2451 wternitate,
1483 2392 1789 2438 etsanctum

214 2483 399 2525 nomen
428 2471 568 2541 ejus,
596 2472 653 2527 in
685 2470 910 2539 excelsa,
938 2482 986 2528 et
1008 2474 1064 2528 in
1084 2484 1271 2529 sancta
1294 2476 1559 2543 habitam,
1591 2486 1643 2532 st
1670 2491 1790 2531 cum

210 2563 432 2618 contrito
457 2565 704 2631 ethumili
726 2567 934 2636 spiritu,
976 2576 1032 2621 ut
1074 2567 1290 2638 uiui/icet
1319 2568 1561 2640 spiritum
1613 2566 1789 2623 humi-

208 2653 334 2709 lium
353 2666 405 2712 et
417 2674 508 2712 car
530 2660 873 2715 cantritorum
890 2658 1083 2731 ?(Isai.
1106 2660 1260 2733 Lvn.)
1280 2662 1346 2717 Et
1370 2661 1655 2719 Psalmista
1681 2661 1786 2717 ait:

212 2744 337 2812 Quis
362 2749 503 2803 sicut
528 2747 783 2804 Dominus
820 2750 960 2805 Deus
984 2760 1178 2819 noster,
1228 2753 1319 2824 qui
1341 2753 1399 2807 in
1422 2751 1545 2808 altis
1566 2752 1789 2819 habitat,

211 2847 256 2891 et
283 2839 509 2895 humilia
552 2843 761 2913 respicit
802 2843 860 2901 in
894 2843 1020 2899 ctela
1039 2854 1085 2898 et
1110 2846 1167 2901 in
1191 2854 1331 2902 terra
1354 2846 1380 2900 2
1430 2843 1605 2919 (Psal.
1631 2844 1790 2918 extr.)

211 2927 276 2982 Et
300 2930 421 3001 ipse
443 2933 701 2988 Dominus
725 2936 781 2990 in
808 2935 1100 3008 Evangelia
1123 2937 1198 2992 ait
1225 2955 1238 2992 :
1270 2936 1443 2993 Nemo
1471 2937 1710 2993 ascendit
1735 2939 1792 2996 in

212 3020 419 3089 etclam,
454 3025 557 3078 nisi
579 3027 669 3097 qui
695 3025 959 3082 descendit
979 3029 1044 3083 de
1070 3028 1217 3097 caelo,
1270 3028 1412 3099 filius
1437 3031 1662 3086 hominis
1701 3029 1794 3101 qui

211 3111 361 3165 estin
402 3111 532 3171 ctela
574 3112 756 3186 (Jaan.
788 3116 895 3188 ιιι).
936 3115 1117 3185 Ozias,
1174 3117 1229 3174 id
1266 3128 1374 3186 est,
1412 3119 1656 3175 robustus
1676 3119 1789 3175 Da-

214 3201 362 3267 mini,
394 3202 483 3260 vel
508 3204 760 3274 fortitudo
791 3208 1019 3278 Domini,
1053 3210 1143 3267 ille
1169 3219 1272 3278 est,
1300 3212 1368 3267 de
1388 3226 1498 3282 quo
1528 3213 1647 3284 ipse
1673 3212 1791 3267 Sal-

1889 2000 2090 2072 gallina
2118 2011 2396 2075 congregat
2435 2002 2605 2074 pullas
2633 2020 2755 2069 suos
2780 2003 2873 2069 sub
2903 2004 3017 2069 alas
3038 2020 3184 2071 suas,
3217 2014 3265 2067 et
3299 2004 3467 2059 nolui-

1889 2093 2000 2149 sti?
2031 2091 2245 2164 (Matth.
2282 2094 2465 2168 χχιιι.)
2510 2094 2707 2163 Josias,
2744 2096 2839 2166 qui
2870 2097 3261 2167 interpretatur
3278 2097 3367 2152 ubi
3393 2105 3468 2153 est

1890 2184 2160 2241 incensum
2190 2185 2424 2254 Domini,
2456 2186 2540 2243 vel
2574 2188 2631 2243 in
2687 2205 2790 2260 quo
2823 2198 2899 2244 est
2946 2189 3213 2253 incensum
3230 2189 3467 2257 Domini,

1891 2276 1974 2332 vel
2014 2277 2229 2341 Domini
2254 2278 2418 2345 salus,
2458 2279 2607 2343 illum
2632 2280 2901 2352 signiﬁcat
2945 2282 3013 2343 de
3062 2296 3169 2352 quo
3193 2281 3250 2341 in
3293 2281 3470 2337 Evan-

1890 2368 2031 2438 gelia
2082 2369 2342 2440 scriptqu
2395 2380 2495 2435 est,
2549 2371 2684 2441 fugit
2722 2372 2778 2429 in
2833 2382 3058 2429 montem
3109 2370 3254 2429 solus
3308 2388 3461 2427 orare

1892 2458 2090 2532 (Matth
2119 2476 2208 2516 XIV
2234 2478 2248 2528 ;
2278 2461 2387 2517 Luc
2411 2463 2511 2535 ιχ).
2550 2464 2618 2519 Ει
2644 2465 2775 2521 item
2799 2465 2865 2520 de
2896 2481 2959 2525 eo
3004 2465 3171 2527 dicit:
3201 2465 3371 2535 factus
3393 2474 3471 2520 est

1890 2552 1949 2615 in
1993 2554 2260 2623 agoniam,
2316 2562 2364 2609 et
2401 2554 2659 2626 prolixius
2701 2557 2881 2617 orabat
2928 2554 3080 2627 (Luc.
3123 2555 3279 2629 xm).
3319 2556 3474 2625 Quod

1891 2659 2021 2703 vero
2056 2645 2336 2709 incensum
2381 2648 2684 2707 orationem
2723 2647 3011 2718 signiﬁcet,
3068 2646 3353 2710 Psalmista
3394 2655 3474 2703 te-

1890 2744 2068 2797 statur
2095 2739 2278 2795 dicens
2305 2738 2619 2811 :Dirigatur
2646 2741 2813 2797 oratio
2838 2755 2953 2796 mea
2972 2740 3107 2799 sicut
3129 2741 3393 2795 incensum
3419 2739 3475 2793 in

1891 2836 2167 2902 conspectu
2205 2841 2295 2891 tua
2341 2832 2514 2905 (Psal.
2556 2832 2701 2894 est).
2750 2833 2882 2901 Quis
2919 2841 3101 2891 autem
3146 2833 3218 2887 sit
3258 2832 3472 2889 Domini

1892 2924 2042 2983 salus
2071 2925 2239 2982 Isaias
2262 2941 2329 2982 ex
2357 2940 2591 2997 persona
2614 2926 2827 2983 Domini
2856 2926 3103 2997 loquens,
3139 2925 3371 2982 ostendit
3398 2925 3478 2980 di-

1892 3034 2066 3076 cens:
2099 3017 2263 3075 Terra
2292 3020 2425 3074 sicut
2470 3021 2830 3077 vestimentum
2873 3028 3141 3087 atteretur,
3172 3029 3220 3074 et
3267 3019 3478 3074 habita-

1894 3119 2034 3183 tores
2079 3113 2193 3184 ejus
2237 3114 2375 3170 sicut
2419 3116 2529 3170 hac
2563 3116 2886 3182 interibunt;
2941 3115 3086 3171 salus
3136 3124 3311 3170 autem
3351 3131 3467 3170 mea

1892 3207 1951 3265 in
1995 3208 2369 3278 sempiternum
2394 3209 2492 3266 erit
2517 3209 2653 3281 (Isa.
2678 3209 2783 3281 LI);
2811 3208 2900 3264 ille
2926 3209 3113 3280 utique
3134 3209 3249 3279 qui,
3279 3207 3469 3279 angelo

218 3300 370 3349 valor
399 3293 454 3349 in
479 3295 768 3369 Evangelia
790 3301 866 3354 ait
894 3315 911 3355 :
939 3300 1073 3356 Cum
1099 3302 1252 3373 fartis
1276 3314 1514 3358 armatus
1561 3303 1791 3358 custodit
1818 3294 1866 3359 C
1900 3306 2058 3364 teste,
2107 3299 2311 3357 saluum
2332 3301 2489 3373 faciet
2518 3300 2767 3372 populum
2801 3317 2958 3358 suum
2989 3319 3022 3356 a
3042 3301 3268 3372 peccatis
3298 3314 3477 3354 eorum

216 3386 411 3443 atrium
432 3404 610 3457 suum,
635 3391 689 3446 in
714 3409 843 3463 pace
867 3404 989 3448 sunt
1010 3396 1188 3449 omnia
1216 3412 1334 3466 qua:
1362 3395 1619 3467 possidet;
1642 3397 1688 3452 si
1703 3413 1795 3451 au-

213 3481 313 3531 tem
351 3477 542 3547 fortior
576 3480 667 3536 illa
715 3487 1098 3554 superveniens,
1142 3488 1321 3542 vicerit
1376 3504 1516 3555 eum,
1552 3490 1795 3544 universa

212 3568 329 3638 ejus
358 3588 511 3627 artua
531 3575 733 3645 auferet
754 3578 808 3639 in
838 3578 1024 3649 quibus
1042 3580 1355 3649 conﬁdebat,
1381 3589 1429 3635 et
1451 3582 1617 3653 spolia
1648 3582 1794 3637 illius

212 3657 491 3717 distribuat
554 3663 705 3735 (Luc.
765 3665 829 3739 ι).
880 3668 998 3739 Ipse
1035 3670 1235 3739 quippe
1285 3671 1587 3741 principem
1634 3672 1795 3744 hujus

214 3752 405 3807 mundi
426 3752 584 3821 ejecit
607 3754 772 3823 foras,
795 3758 923 3829 quia
953 3778 968 3813 :
1001 3760 1226 3816 Dextera
1251 3760 1464 3817 Domini
1487 3762 1607 3832 fecit
1627 3764 1792 3817 uirtu-

213 3850 339 3908 tem,
357 3854 406 3903 et
421 3846 672 3915 fortitudo
687 3868 749 3905 ac
773 3851 1008 3908 laudatio
1024 3865 1223 3921 nostra,
1242 3856 1501 3911 Dominus
1526 3857 1698 3927 factus
1718 3866 1796 3912 est

216 3934 366 3988 nobis
413 3937 469 3992 in
506 3941 726 3997 salutem
758 3943 933 4017 (Psal.
990 3948 1175 4022 cxvii).
1214 3949 1465 4006 Joatham
1490 3967 1639 4018 vero,
1672 3968 1795 4006 ean-

214 4039 526 4098 sammatus,
557 4033 641 4087 vel
658 4036 936 4106 perfectus,
965 4039 1232 4111 signiﬁcat
1252 4043 1402 4099 illum
1435 4045 1502 4099 de
1524 4060 1631 4115 qua
1663 4045 1796 4101 dicit

215 4117 506 4191 Apostolus
537 4142 550 4178 :
586 4120 988 4205 Consumntatus
1027 4132 1199 4203 factus
1221 4146 1295 4191 est
1325 4138 1563 4192 omnibus
1598 4138 1796 4193 obtem-

216 4215 514 4305 pertrntibus
534 4219 635 4272 sibi
664 4234 824 4277 causa
845 4224 1031 4281 salutis
1058 4238 1264 4285 wternte
1288 4230 1472 4302 (Hebr.
1496 4232 1572 4305 v).
1599 4230 1665 4289 Et
1681 4234 1797 4304 ipse

218 4300 268 4355 in
318 4302 610 4378 Evangelia
647 4310 725 4364 ait
756 4329 769 4365 :
797 4312 921 4369 Non
974 4326 1051 4370 est
1099 4300 1386 4389 discipulus
1437 4300 1593 4392 super
1628 4300 1797 4394 magi-

216 4400 379 4448 stram
408 4395 622 4467 (Matth.
674 4399 755 4475 ιι).
785 4400 1055 4475 Perfectus
1102 4418 1277 4465 autem
1302 4406 1470 4465 omnis
1512 4410 1632 4480 erit,
1655 4412 1699 4467 si
1726 4413 1795 4466 sit

217 4483 349 4538 sicut
391 4491 644 4559 magister
691 4492 806 4564 ejus
835 4494 985 4567 (Luc.
1024 4497 1123 4571 VI).
1156 4501 1361 4569 Achaz,
1398 4503 1453 4557 id
1490 4511 1592 4571 est,
1619 4507 1791 4559 conti-

217 4592 362 4645 nens,
409 4580 529 4638 sive
566 4586 1023 4656 comprehendens,
1073 4588 1163 4646 ille
1212 4594 1478 4650 veraciter
1530 4602 1641 4662 est,
1698 4598 1794 4667 qui

1900 3391 2121 3465 (Matth.
2164 3394 2226 3466 ι).
2270 3392 2579 3461 Jechonias,
2616 3410 2942 3465 praeparans,
2993 3394 3109 3450 sive
3160 3393 3477 3465 prceparatia

1899 3483 2069 3550 dicit;
2113 3492 2169 3540 et
2210 3484 2360 3540 illum
2394 3485 2671 3555 signiﬁcat
2703 3486 2772 3542 de
2792 3500 2900 3555 quo
2930 3484 3097 3540 Isaias
3126 3485 3203 3540 ait
3251 3498 3266 3538 :
3300 3482 3361 3537 In
3385 3500 3473 3538 na-

1899 3576 2122 3631 uissimis
2159 3576 2340 3632 diebus
2368 3587 2468 3632 erit
2508 3586 2837 3649 prwparatus
2866 3592 3015 3632 mons
3049 3577 3236 3632 damus
3260 3575 3477 3631 Domini

1899 3669 1956 3723 iu
1975 3669 2163 3725 vertice
2201 3671 2479 3737 montium,
2513 3682 2561 3725 et
2597 3669 2879 3726 elevabitur
2904 3686 3061 3740 super
3079 3668 3256 3735 colles,
3283 3677 3332 3723 et
3353 3684 3477 3721 con-

1900 3763 2064 3833 ﬂuent
2095 3763 2166 3818 ad
2210 3779 2329 3818 eum
2379 3778 2558 3818 omnes
2599 3772 2776 3833 gentes
2823 3760 2975 3835 (Isai.
3018 3760 3102 3833 ιι).
3142 3761 3213 3815 Ει
3258 3760 3372 3830 ipse
3426 3758 3480 3813 iu

1901 3855 2198 3927 Evangelia
2222 3855 2501 3926 discipulis
2530 3856 2644 3911 suis
2664 3854 2742 3910 ait
2773 3871 2787 3909 :
2820 3853 2882 3910 Si
2902 3853 3099 3918 abiero,
3129 3859 3180 3906 et
3208 3866 3477 3922 prcrpara—

1901 3966 2022 4005 vero
2049 3950 2193 4007 vobis
2235 3951 2430 4016 locant,
2470 3950 2659 4003 iterant
2680 3948 2904 4012 veniant,
2943 3956 2991 4000 et
3014 3945 3268 4016 accipiam
3296 3959 3382 3997 vos
3411 3943 3479 3995 ad

1901 4044 2181 4114 meipsum,
2222 4052 2283 4099 ut
2325 4044 2413 4099 ubi
2460 4057 2552 4111 ego
2598 4056 2735 4108 sum,
2782 4050 2829 4097 et
2852 4055 2939 4094 vos
2963 4037 3077 4093 sitis
3118 4040 3304 4105 (toan.
3341 4035 3476 4107 xiv).

1901 4136 2207 4194 Notandum
2248 4147 2451 4204 autem,
2501 4138 2644 4208 quod
2677 4135 2724 4191 si
2762 4134 2972 4190 Joakim
3009 4140 3066 4187 et
3103 4130 3328 4186 Jaachin
3373 4129 3482 4184 dis-

1901 4229 2238 4301 tinguantur,
2262 4224 2315 4284 id
2332 4236 2434 4295 est,
2463 4236 2617 4298 pater
2641 4234 2695 4282 et
2717 4224 2880 4291 illius,
2897 4225 3046 4295 prior
3072 4221 3283 4276 Domini
3313 4237 3485 4274 resur-

1899 4322 2082 4391 rectio,
2107 4338 2339 4394 sequens
2371 4319 2586 4376 Domini
2611 4319 2928 4391 prwparatio
2953 4314 3169 4380 dicitur,
3199 4326 3319 4383 quae
3335 4319 3484 4365 utra-

1898 4431 2006 4488 que
2046 4415 2276 4471 Domino
2304 4414 2524 4470 Christo
2550 4408 2688 4467 bene
2714 4409 3058 4470 conveniunt,
3089 4402 3214 4475 quia
3239 4404 3353 4473 ipse
3374 4412 3479 4468 est,

1899 4508 1995 4576 qui
2030 4505 2325 4561 secundum
2348 4504 2737 4575 prophetarum
2764 4500 2930 4563 dicta,
2961 4507 3015 4551 et
3042 4496 3338 4552 secundum
3364 4510 3484 4564 pro-

1900 4601 2217 4656 missionem
2263 4614 2439 4664 suam,
2481 4596 2639 4653 tertia
2684 4596 2769 4651 die
2820 4610 2851 4648 ει
2884 4591 3112 4648 mortuis
3162 4590 3479 4655 resurrexit,

216 4668 349 4758 dixit
378 4686 396 4727 :
430 4670 627 4731 Omnia
691 4693 1013 4751 quwcunque
1055 4678 1207 4737 habet
1270 4680 1468 4751 Pater,
1518 4701 1635 4740 mea
1673 4694 1792 4741 sunt
1817 4674 1879 4737 D
1900 4704 2059 4746 nasa
2088 4696 2433 4758 peccatorum
2487 4690 2660 4739 morte
2708 4695 2995 4754 resurgere
3030 4679 3180 4747 fecit,
3211 4688 3267 4735 et
3312 4680 3367 4734 in
3398 4679 3484 4735 die

217 4756 398 4828 (Jaan.
449 4764 583 4837 ιη).
627 4764 697 4821 Ει
731 4768 1067 4825 item:Data
1088 4779 1164 4827 est
1186 4768 1337 4840 mihi,
1383 4774 1580 4846 inquit,
1621 4779 1792 4833 omnis

217 4863 447 4921 potestas
480 4856 537 4912 in
579 4858 709 4915 ccela
752 4869 802 4916 et
846 4862 904 4915 in
944 4872 1086 4918 terra
1130 4862 1351 4937 (Matth.
1402 4866 1619 4939 xxvm).
1671 4867 1793 4941 Ipse

216 4945 411 5017 quippe
442 4956 528 5004 est
555 4965 747 5008 manus
781 4952 897 5019 Dei,
937 4954 1117 5010 omnia
1142 4944 1446 5024 continens,
1483 4958 1550 5013 de
1576 4972 1682 5028 qua
1710 4958 1792 5015 di-

218 5036 288 5091 cit
313 5040 851 5109 propheta:C¢elum
868 5046 1043 5116 palmo
1090 5048 1327 5115 metitur,
1370 5057 1419 5103 et
1457 5057 1655 5104 terram
1698 5067 1793 5121 pu-

217 5126 336 5196 gillo
364 5130 632 5188 concludit
672 5132 829 5206 (Isai.
860 5136 970 5209 XL).
1012 5137 1295 5208 Ezechias,
1335 5144 1644 5215 eonfartaoit
1683 5146 1793 5201 Do-

218 5222 412 5292 minus,
470 5224 555 5281 vel
603 5226 860 5296 fortitudo
888 5229 1125 5300 Domini,
1172 5232 1588 5305 interpretatur,
1640 5236 1794 5293 illum

220 5313 601 5375 demonstrans
627 5320 721 5390 qui
742 5320 1021 5392 discipulis
1051 5324 1166 5380 suis
1191 5326 1269 5380 ait
1300 5345 1315 5382 :
1343 5326 1413 5382 In
1436 5329 1632 5383 mundo
1650 5346 1796 5400 pres-

220 5421 397 5464 suram
437 5408 721 5476 habebitis;
755 5413 845 5468 sed
886 5415 1155 5484 conﬁdite,
1190 5417 1316 5488 quia
1366 5434 1461 5488 ego
1502 5419 1603 5474 cici
1641 5436 1797 5475 nsun-

220 5495 341 5551 dum
392 5498 576 5571 (Jaan.
630 5501 764 5574 ινι).
806 5503 875 5559 Et
932 5507 1227 5562 secundum
1272 5508 1590 5564 Danielem:
1633 5507 1796 5581 Lapis

221 5587 451 5647 abscisus
479 5592 728 5649 demonte
757 5594 868 5650 sine
886 5596 1127 5652 manibus
1162 5597 1326 5669 (Dan.
1360 5598 1446 5670 ιι),
1471 5601 1797 5655 comminuit

224 5685 439 5750 ιθδιαιιι,
472 5685 696 5752 ferrum,
724 5702 817 5753 ass.
843 5696 1127 5758 argentum
1155 5699 1212 5746 et
1240 5706 1452 5748 aurum.
1494 5692 1792 5759 Monaeses,

223 5768 524 5843 obliuiosus,
542 5775 659 5847 ejus
683 5784 866 5849 typum
885 5780 1103 5837 nomine
1125 5788 1271 5837 tenet
1296 5798 1359 5838 ex
1385 5782 1540 5853 cujus
1564 5799 1795 5855 persona

224 5862 479 5937 Ezechiel
502 5872 763 5945 propheta
791 5874 960 5941 dixit:
990 5874 1052 5932 Si
1080 5885 1255 5932 autem
1279 5876 1471 5950 impius
1500 5880 1659 5950 egerit
1694 5894 1800 5950 ρω-
1832 5950 1856 5970 ἐ

1551 6019 1651 6037 ,ι’μμ

1899 4780 2092 4853 judicii
2116 4794 2307 4836 omnes
2335 4776 2538 4834 electos
2590 4791 2717 4832 suos
2762 4772 3087 4847 generaliter
3129 4773 3481 4839 resuscitans,

1907 4874 1977 4929 ad
2007 4888 2231 4945 regnum
2257 4870 2447 4927 invitat
2467 4876 2752 4936 mternum,
2786 4867 2969 4924 dicens
2994 4884 3008 4922 :
3045 4856 3247 4932 Venite,
3277 4865 3483 4920 benedi-

1909 4966 1984 5020 cti
2017 4964 2198 5021 Patris
2242 4964 2365 5031 mei,
2394 4961 2643 5034 percipite
2670 4974 2884 5033 regnum
2896 4959 3035 5031 quod
3077 4956 3218 5014 vobis
3236 4966 3481 5029 paratum

1906 5068 1984 5114 est
2010 5057 2075 5113 ab
2102 5057 2302 5128 origine
2334 5054 2517 5110 mundi
2547 5052 2760 5127 (Matth.
2794 5050 2942 5124 xxv).
2972 5044 3252 5117 Salathiel,
3284 5049 3339 5103 in
3376 5047 3481 5102 La-

1906 5151 2080 5208 tinum
2108 5150 2433 5207 transfertur
2455 5150 2635 5221 petitio
2658 5166 2774 5204 mea
2803 5148 2968 5213 Deus,
3014 5155 3068 5202 et
3088 5140 3219 5200 nulli
3242 5140 3344 5200 hoc
3356 5159 3484 5199 con-

1904 5242 2188 5312 gmentius
2240 5257 2402 5311 quam
2433 5238 2782 5309 Redemptori
2825 5245 3013 5292 nostra
3069 5234 3339 5300 convenit,
3391 5233 3486 5303 qui

1905 5331 2128 5387 Patrem
2174 5347 2276 5403 pro
2301 5330 2579 5401 discipulis
2613 5328 2728 5384 suis
2772 5334 2983 5397 petens,
3035 5320 3214 5380 taliter
3266 5322 3481 5380 locutus

1903 5433 1991 5484 est
2014 5445 2028 5481 :
2053 5423 2216 5481 Pater
2263 5434 2460 5490 sancte,
2512 5438 2658 5477 serva
2678 5437 2764 5475 eos
2788 5420 2843 5474 in
2874 5418 3080 5474 nomine
3100 5427 3208 5485 tuo,
3238 5428 3367 5489 quas
3395 5417 3487 5471 de-

1904 5518 2034 5574 disti
2053 5518 2203 5585 mihi,
2231 5527 2288 5571 ut
2310 5518 2412 5571 sint
2443 5530 2628 5577 unum,
2652 5512 2786 5565 sicut
2815 5520 2863 5565 et
2888 5525 2982 5564 nos
3025 5506 3208 5581 (Ioan.
3239 5505 3392 5579 Xvn).
3422 5507 3488 5561 Et

1908 5617 1972 5666 ut
2002 5609 2252 5667 edoctum
2272 5604 2595 5678 deprecandi
2615 5603 2945 5668 ostenderet,
2973 5598 3133 5671 paulo
3153 5606 3274 5671 post
3301 5594 3487 5656 subdi-

1911 5700 2015 5767 dit,
2041 5700 2230 5755 dicens
2255 5711 2272 5751 :
2301 5696 2427 5751 Non
2457 5710 2551 5764 pro
2582 5692 2661 5746 his
2706 5699 2878 5745 autem
2906 5704 3029 5761 rogo
3056 5696 3276 5752 tantum,
3312 5684 3402 5741 sed
3433 5694 3483 5739 et

1910 5808 2006 5864 pra
2018 5792 2095 5846 eis
2107 5790 2196 5862 qui
2209 5786 2456 5843 credituri
2468 5793 2589 5840 sunt
2602 5800 2692 5843 per
2705 5783 2910 5838 verbum
2926 5799 2984 5836 ea
2991 5776 3170 5836 rum'in
3183 5792 3285 5841 me,
3305 5785 3361 5830 ut
3373 5791 3457 5864 om

1910 5860 2002 5934 nes
2016 5860 2179 5933 unum
2191 5878 2316 5944 sint,
2355 5877 2487 5930 sicut
2515 5882 2571 5927 tu
2585 5869 2813 5945 Peterin
2825 5887 2924 5938 me,
2939 5878 2987 5924 et
3001 5885 3095 5939 ego
3106 5870 3159 5921 in
3170 5874 3242 5934 te,
3254 5871 3311 5918 ut
3322 5872 3371 5919 et
