3946 6464
437 438 544 496 ’145

440 558 498 610 in
518 553 664 610 nobis
679 551 784 607 sint
802 562 963 604 unum
977 543 1160 627 (Joan.
1178 544 1337 614 xvu).
1371 538 1671 598 Zorobabel
1683 552 1815 594 vero
1856 533 2022 590 inter—

441 652 686 718 pretatur
698 642 806 713 ipse
824 638 1077 710 Magister
1099 633 1405 706 Babylonis,
1426 633 1478 688 id
1499 638 1604 698 est,
1627 629 2023 700 magister'con—

446 738 475 809 f
471 736 688 793 usionis.
703 732 771 790 Et
782 732 911 804 quid
929 728 1169 802 Babylon
1184 727 1378 785 melius
1398 740 1559 797 quam
1585 723 1747 779 istum
1761 718 2023 809 mundum

447 827 736 901 signiﬁcat,
760 824 873 895 qui,
906 829 1032 894 post
1056 827 1341 893 peccatum
1376 815 1542 888 primi
1572 813 1830 878 hominis,
1855 808 2024 901 variis

448 898 714 974 idolorum
734 913 970 970 cultibus
988 919 1044 967 et
1067 910 1314 966 humana:
1331 907 1467 961 vitae
1484 903 1761 961 erroribus
1787 898 2024 970 implica-

448 1016 537 1064 tus
556 1015 613 1063 et
624 1003 883 1063 confusus
895 1002 1046 1059 erat?
1059 1000 1164 1057 Sed
1177 999 1539 1068 Redemptore
1554 1004 1739 1052 nostro
1750 991 2024 1055 veniente,

449 1116 514 1158 ac
533 1099 771 1173 regimen
792 1097 851 1153 in
872 1112 938 1153 eo
951 1094 1307 1165 suscipiente,
1323 1090 1410 1147 cui
1430 1090 1596 1146 Pater
1618 1086 1787 1143 dixit:
1805 1081 2029 1139 Postula

449 1213 484 1251 a
504 1211 610 1261 me,
632 1202 682 1248 et
699 1191 838 1247 dabo
866 1189 959 1245 tibi
981 1196 1155 1259 gentes
1183 1184 1540 1241 [nereditatem
1558 1190 1729 1244 tuam,
1760 1186 1809 1232 et
1829 1191 2031 1247 posses—

451 1286 648 1339 sionem
673 1293 820 1337 tuam
844 1279 1091 1336 terminos
1121 1286 1274 1332 terra:
1324 1272 1496 1347 (Psal.
1522 1271 1619 1344 ιι),
1655 1269 1938 1327 confestim
1963 1266 2032 1323 ad

453 1379 613 1434 unius
639 1377 738 1432 Dei
765 1374 968 1431 cultum
1006 1381 1064 1428 et
1084 1371 1153 1426 ad
1175 1368 1399 1440 justltite
1426 1382 1590 1438 opera
1611 1379 1905 1421 conversus
1926 1369 2031 1427 est,

420 1520 427 1525 η
458 1479 513 1525 ct
541 1467 706 1537 coepit
729 1466 829 1521 sub
849 1462 1036 1519 ordine
1054 1461 1256 1527 vivere,
1287 1458 1378 1530 qui
1408 1457 1560 1529 prius
1590 1454 1798 1511 solebat
1826 1467 1924 1523 per
1947 1466 2037 1506 er-

460 1572 648 1614 rorum
686 1553 962 1610 anfractus
991 1551 1225 1608 deviare.
1268 1548 1468 1614 Abiud,
1508 1545 1602 1617 qui
1646 1545 2038 1614 interpretatur

455 1657 607 1719 pater
627 1661 770 1701 meus
794 1643 912 1710 iste,
934 1641 1019 1696 vel
1045 1649 1196 1712 pater
1218 1654 1365 1694 meus
1396 1645 1494 1703 est,
1525 1633 1640 1704 ejus
1668 1634 1871 1704 optime
1898 1629 2039 1703 gerit

458 1740 685 1808 ﬁguram
710 1735 775 1791 de
799 1749 906 1805 quo
934 1733 989 1789 in
1012 1731 1219 1803 psalmo
1261 1727 1522 1798 scriptum
1570 1736 1656 1781 est
1696 1739 1764 1779 ex
1806 1735 2037 1793 persona

457 1830 633 1886 Patris
654 1827 882 1884 dicentis
909 1844 923 1881 :
949 1825 1070 1896 Ipse
1094 1821 1351 1878 invocabit
1377 1836 1479 1886 me,
1506 1817 1672 1873 Pater
1694 1832 1841 1871 meus
1865 1831 1917 1869 es
1944 1821 2037 1878 tu;

459 1931 505 1977 et
529 1938 621 1993 ego
650 1918 1055 1991 primogenitum
1078 1929 1270 1986 ponam
1293 1911 1467 1976 illum,
1490 1908 1752 1965 excelsum
1773 1922 1883 1978 pra:
1904 1902 2040 1974 regi—

464 2013 558 2068 bus
601 2022 754 2067 terra:
805 2006 997 2082 (Psal.
1030 2004 1336 2077 Lxxxvm).
1381 2002 1610 2059 Eliacim
1661 1993 1895 2071 quoqde,
1947 1994 2043 2066 qui

462 2105 654 2161 Latine
679 2111 836 2158 sonat
855 2101 953 2157 Dei
974 2098 1308 2164 resurrectio,
1328 2095 1414 2151 vel
1439 2094 1578 2151 Deus
1607 2092 1941 2154 resuscitans,
1959 2086 2045 2143 vel

464 2199 606 2253 Deus
637 2195 985 2262 resuscitabit,
1011 2193 1161 2249 illum
1194 2192 1375 2263 topice
1399 2189 1648 2261 designat
1667 2188 1758 2258 qui
1783 2186 1840 2241 in
1870 2184 2045 2240 Evan-

467 2288 607 2361 gelio
628 2288 740 2343 ait:
774 2287 889 2359 Ego
920 2302 1037 2340 sum
1064 2282 1375 2340 resurrectio
1403 2288 1451 2336 et
1486 2280 1613 2346 vita,
1649 2278 1738 2350 qui
1786 2274 1947 2331 credit
1989 2274 2048 2329 in

467 2397 570 2447 me,
604 2378 809 2434 etiamsi
824 2386 1062 2433 mortuus
1086 2375 1268 2445 fuerit,
1290 2374 1419 2428 vivet
1451 2370 1633 2443 (Joan.
1657 2368 1758 2441 χι).
1785 2367 1855 2424 Et
1877 2369 2043 2423 item:

471 2469 600 2524 Ilaec
626 2480 719 2537 est,
742 2469 937 2540 inquit,
964 2467 1207 2523 voluntas
1231 2464 1411 2520 Patris
1431 2463 1555 2529 mei,
1581 2461 1672 2532 qui
1702 2476 1783 2515 me
1805 2460 1968 2526 misit,
1991 2467 2049 2513 ut

471 2561 638 2617 omnis
666 2563 755 2633 qui
783 2560 919 2616 videt
944 2557 1166 2625 Filium,
1180 2566 1229 2612 et
1254 2556 1417 2612 credit
1438 2556 1496 2610 in
1518 2570 1657 2621 eum,
1677 2552 1863 2609 habeat
1892 2551 2051 2606 vitam

472 2662 753 2718 (sternam;
795 2660 844 2706 et
891 2668 984 2724 ego
1024 2648 1341 2705 resuscitabo
1381 2663 1498 2703 eum
1541 2647 1598 2700 in
1641 2643 1926 2701 novissima
1966 2641 2051 2697 die

474 2741 657 2814 (Joan.
690 2741 787 2815 vn).
812 2741 976 2809 Azor,
1002 2742 1107 2798 hoc
1132 2748 1236 2808 est,
1262 2738 1460 2805 aditus,
1487 2737 1647 2808 plane
1682 2751 1807 2792 eum
1849 2731 2053 2806 signiﬁ-

473 2840 580 2895 cat,
613 2833 702 2903 qui
745 2831 884 2892 dixit
915 2850 927 2886 :
963 2831 1067 2899 Qui
1101 2847 1184 2885 me
1220 2828 1383 2895 misit,
1410 2844 1611 2882 mecum
1645 2834 1742 2890 est,
1769 2834 1817 2881 et
1843 2842 1947 2880 non
1972 2840 2053 2879 re-

472 2921 622 2993 liquit
650 2939 732 2978 me
757 2925 951 2990 solum,
978 2923 1103 2993 quia
1133 2938 1226 2992 ego
1255 2936 1372 2992 qua:
1423 2918 1619 2991 placita
1657 2926 1777 2972 sunt
1823 2917 1871 2971 ei
1914 2915 2053 2986 facio

472 3032 673 3086 scmmr
698 3015 878 3089 (Joan.
919 3015 1062 3090 vni).
1095 3015 1164 3070 Et
1213 3015 1342 3070 item
1385 3030 1399 3068 :
1446 3011 1642 3079 Pater,
1669 3011 1877 3082 inquit,
1908 3025 2055 3064 meus

474 3124 638 3177 usque
679 3107 834 3162 modo
875 3117 1141 3180 operatur,
1180 3115 1230 3161 et
1275 3121 1370 3177 ego
1416 3119 1604 3175 operor
1654 3100 1835 3174 (Joan.
1868 3099 1945 3173 v).
1989 3099 2061 3156 Et

479 3196 762 3255 Psalmista
812 3213 879 3254 ex
927 3214 1159 3270 persona
1212 3195 1600 3255 incarnationis
1648 3194 1766 3266 ejus
1808 3194 2054 3266 loquens,

1082 426 1437 509 BJ‘ABANI
1470 421 1691 483 MAURI
1724 418 2044 478 ARCHIEP.
2084 410 2397 473 MOGUNT.
2435 404 2721 465 OPERUM
2756 399 2935 457 PARS
2970 396 3013 453 Ι.

2048 531 2103 594 Α
2126 526 2323 584 dicitur
2350 521 2572 585 donum,
2596 515 2723 587 quia
2746 513 2916 585 gratia
2938 508 3188 566 etveritas
3209 522 3303 579 per
3326 503 3520 562 Jesum
3545 503 3721 561 61ιή-

3599 392 3719 448 744

2123 627 2262 672 stum
2290 612 2435 682 facta
2467 616 2543 663 est
2567 604 2748 677 (Joan.
2780 601 2842 674 ι),
2872 609 2927 656 et
2954 600 3069 669 ipse
3097 598 3165 653 de
3191 612 3251 653 se
3293 598 3348 651 in
3397 596 3721 668 Evangelia

2123 706 2292 762 dicit:
2323 700 2410 757 Sic
2430 699 2566 754 enim
2590 696 2772 752 dilexit
2792 692 2934 748 Deus
2953 689 3226 756 mundum,
3254 697 3309 743 ut
3342 687 3521 757 ﬁlium
3552 704 3721 742 suum

2124 797 2447 868 unigenitum
2500 792 2647 847 daret
2697 786 2880 859 (Ioan.
2931 785 3036 859 ιιι).
3084 784 3321 851 Donans,
3351 784 3487 855 quia
3540 782 3720 839 Deus.

2126 889 2282 955 Ecce,
2328 885 2522 956 inquit,
2565 882 2686 937 dedi
2731 880 2870 936 vobis
2905 887 3207 950 potestatem
3257 874 3505 931 calcandi
3556 893 3726 947 super

2126 990 2383 1055 serpentes
2412 988 2462 1034 et
2488 976 2810 1048 scorpiones,
2833 983 2881 1031 et
2904 990 3060 1045 super
3095 988 3296 1027 omnem
3324 973 3579 1025 virtutem
3628 971 3727 1023 ini-

2128 1074 2251 1128 mici
2279 1071 2429 1145 (Luc.
2461 1069 2539 1143 x).
2569 1068 2830 1134 Donatus,
2843 1065 2969 1137 quia
3000 1067 3180 1120 homo.
3207 1062 3345 1118 Ecce
3366 1079 3491 1130 ego.
3522 1062 3726 1132 inquit,

2130 1172 2178 1219 et
2197 1164 2346 1235 pueri
2365 1163 2466 1217 mei
2478 1178 2609 1233 quos
2634 1159 2764 1214 mihi
2786 1158 2927 1213 dedit
2947 1157 3088 1213 Deus
3113 1155 3415 1230 (Isai.v1u;
3436 1152 3616 1208 Hebr.
3644 1158 3724 1226 ιι).

2132 1253 2352 1326 Ioseph,
2381 1253 2643 1324 apposuit,
2665 1252 2779 1306 sive
2799 1266 3081 1321 apponens,
3123 1247 3274 1304 illum
3311 1246 3586 1302 nimirum
3636 1246 3731 1301 de-

2133 1354 2401 1405 monstrat
2428 1346 2521 1416 qui
2547 1344 2791 1400 ﬁdclibus
2828 1343 2941 1398 suis
2982 1343 3057 1397 ait
3089 1358 3105 1396 :
3135 1340 3249 1413 Ego
3296 1340 3417 1395 veni
3461 1349 3529 1394 ut
3571 1339 3733 1393 vitam

2136 1439 2376 1507 habeant,
2391 1447 2438 1493 et
2466 1437 2819 1492 abundantius
2841 1434 3067 1490 habeant
3091 1432 3275 1507 (Joan.
3293 1433 3375 1507 ι).
3397 1434 3474 1489 Et
3494 1433 3733 1489 iterum:

2138 1532 2273 1604 Ego,
2296 1531 2493 1602 inquit,
2514 1548 2633 1585 sum
2659 1539 2841 1601 pastor
2870 1528 3055 1595 bonus,
3079 1536 3128 1583 et
3152 1544 3411 1599 cognosco
3440 1543 3570 1583 oves
3595 1544 3737 1581 ms

2138 1634 2189 1681 et
2226 1633 2542 1698 cognoscunt
2568 1641 2651 1678 me
2674 1640 2807 1679 mea:
2828 1621 3041 1695 (υἱώ).
3063 1620 3131 1677 Et
3152 1620 3314 1692 paulo
3340 1627 3477 1689 post
3507 1620 3588 1674 ita
3612 1621 3739 1674 sub-

2133 1716 2310 1788 jungit
2343 1734 2357 1769 :
2386 1714 2458 1770 Et
2480 1714 2615 1771 alias
2640 1732 2756 1770 oves
2781 1713 3098 1785 habeo,qua:
3112 1729 3217 1767 non
3230 1721 3355 1767 sunt
3378 1728 3447 1766 ex
3473 1712 3582 1766 hoc
3602 1712 3739 1777 erili,

2142 1819 2191 1866 et
2217 1807 2339 1864 illa's
2366 1818 2565 1879 oportet
2594 1826 2676 1863 me
2704 1808 2984 1873 adducere,
3013 1815 3061 1862 et
3088 1823 3263 1862 vocem
3290 1823 3472 1861 meam
3500 1808 3737 1871 audient,

2067 1897 2117 1959 Β
2143 1913 2193 1959 et
2220 1903 2317 1958 erit
2350 1900 2679 1976 unumgovile
2701 1910 2751 1956 et
2772 1917 2908 1954 unus
2934 1899 3129 1955 Pastor
3148 1897 3367 1969 (Ibid.).
3400 1898 3587 1955 Maria
3610 1914 3739 1969 (luo—

2145 2012 2251 2067 que
2293 1996 2680 2067 interpretatur
2717 1991 2884 2048 Stella
2932 1994 3094 2049 maris
3112 2033 3128 2059 ,
3155 2008 3272 2049 sive
3295 2008 3557 2047 amarum
3582 2009 3741 2055 mare,

2145 2086 2332 2144 ethoc
2366 2100 2565 2143 nomen
2600 2092 2725 2156 apte
2749 2083 3012 2154 competit
3036 2083 3196 2140 matri
3241 2082 3585 2140 Salvatoris.
3635 2084 3744 2154 ipsa

2147 2177 2345 2249 quippe
2371 2176 2524 2233 stella
2550 2175 2720 2231 maris
2742 2182 2892 2231 recte
2924 2182 3167 2240 vocatur,
3198 2176 3327 2245 quia
3369 2175 3509 2231 huic
3552 2175 3746 2229 mundo

2149 2269 2389 2325 tenebris
2437 2267 2675 2339 perﬁdiae
2719 2274 2777 2322 et
2812 2273 3159 2336 peccatorum
3197 2266 3524 2330 obscurato,
3565 2280 3749 2320 veram

2148 2362 2324 2418 lucem
2353 2357 2545 2425 edidit,
2560 2359 2626 2414 de
2654 2373 2759 2429 qua
2787 2355 3025 2413 Joannes
3045 2350 3122 2411 ait
3148 2374 3161 2410 :
3196 2356 3331 2411 Erat
3357 2356 3462 2411 lux
3488 2373 3612 2410 vera
3637 2372 3748 2425 qua:

2148 2452 2414 2508 illuminat
2436 2466 2641 2506 omnem
2662 2449 2928 2504 hominem
2943 2451 3227 2505 venientem
3246 2449 3303 2503 in
3324 2449 3473 2503 hunc
3496 2447 3746 2502 mundum

2153 2541 2338 2616 (Joan.
2370 2540 2431 2613 ι).
2468 2539 2595 2597 Huic
2615 2549 2671 2596 et
2692 2556 2934 2596 amarum
2965 2554 3115 2595 mare
3139 2540 3244 2595 rite
3263 2538 3375 2595 dici
3404 2540 3747 2610 potest,qnia

2150 2632 2455 2704 voluptates
2503 2632 2659 2686 istius
2712 2631 2897 2687 mundi
2946 2646 3009 2687 ac
3069 2630 3310 2686 libidinis
3361 2630 3590 2698 luxum,
3648 2647 3748 2701 qua

2153 2737 2327 2789 mare,
2351 2723 2405 2778 id
2430 2730 2533 2790 est,
2560 2721 2886 2788 amaritudo,
2909 2730 3057 2777 recte
3081 2730 3494 2792 nuncupantur,
3521 2737 3599 2778 eo
3624 2720 3750 2793 quod

2154 2812 2223 2868 ad
2254 2812 2672 2868 amaritudinem
2702 2820 3023 2882 perpetuam
3047 2813 3310 2883 gehennae
3354 2828 3420 2868 se
3463 2821 3751 2884 sequenla

2154 2905 2494 2976 pertrahunt,
2521 2902 2650 2959 fecit
2677 2904 2814 2959 bene
2839 2917 3202 2970 amarescere,
3226 2918 3351 2959 cum
3371 2918 3477 2959 suo
3508 2903 3753 2974 exempla

2158 2998 2339 3055 docuit
2360 2998 2428 3054 ab
2456 2996 2725 3053 illecebris
2751 2993 2910 3064 hujus
2931 2994 3113 3050 saeculi
3141 2994 3444 3051 abstinere.
3473 2994 3626 3050 Nam
3646 3010 3753 3049 cum

2158 3106 2190 3145 a
2218 3090 2515 3161 primordio
2551 3089 2737 3144 mundi
2773 3088 2973 3159 nuptia:
3022 3088 3284 3143 institutae
3330 3095 3495 3153 sunt,
3526 3097 3591 3144 et
3620 3098 3757 3143 totus

2160 3184 2393 3239 mundus
2422 3189 2544 3253 post
2568 3179 3039 3251 concupiscentias
3059 3195 3183 3237 suas
3209 3179 3362 3246 abiit,
3386 3180 3499 3236 ista
3520 3180 3583 3235 in
3602 3180 3757 3237 corde

479 3293 557 3347 ait
587 3291 773 3350 :'Eece
794 3294 941 3351 Deus
968 3296 1185 3366 adjuvat
1208 3312 1307 3361 me,
1332 3304 1382 3351 et
1410 3294 1667 3351 Dominus
1695 3302 1962 3364 susceptor
1986 3299 2055 3347 est

2166 3292 2264 3333 suo
2287 3291 2505 3331 servare
2533 3274 2902 3345 virginitatem
2927 3290 3080 3329 suam
3116 3274 3338 3340 statuit,
3363 3283 3421 3330 et
3456 3275 3649 3330 carnis
3676 3275 3759 3329 de-

477 3389 670 3444 anima:
714 3407 859 3445 mew.
904 3390 1119 3447 Sadoch
1148 3405 1363 3461 quoque
1390 3388 1720 3460 justi/icatus
1759 3386 1980 3451 dicitur,
2006 3392 2062 3440 et

482 3478 629 3533 illum
665 3480 919 3549 exprimit
962 3481 1027 3536 de
1070 3495 1179 3550 quo
1206 3479 1474 3551 Propheta
1504 3478 1582 3533 ait
1614 3496 1627 3531 :
1666 3475 1855 3531 Justus
1876 3474 2063 3528 Domi-

486 3586 607 3636 nus,
631 3579 677 3623 et
702 3570 965 3640 justitiam
1009 3570 1223 3636 dilexit,
1258 3569 1553 3641 wquitatem
1584 3569 1714 3622 vidit
1747 3566 1918 3621 vultus
1947 3566 2062 3636 ejus

485 3657 657 3729 (Psal.
682 3659 760 3730 ι).
802 3659 973 3715 Isaias
998 3676 1129 3716 vero
1163 3676 1228 3716 ex
1255 3674 1487 3737 persona
1517 3657 1615 3712 Dei
1660 3656 1841 3711 Patris
1883 3654 2066 3709 taliter

483 3749 724 3819 loquitur
767 3750 833 3806 de
871 3749 1089 3807 Christo
1118 3749 1479 3820 :Justiﬁcabit
1520 3748 1629 3819 ipse
1672 3748 1852 3818 justus
1893 3762 2065 3801 servos

391 3899 399 3907 ,
484 3859 624 3897 meos
648 3842 860 3912 multos,
887 3852 935 3899 et
959 3845 1261 3917 iniquitates
1284 3859 1466 3899 eorum
1494 3843 1604 3913 ipse
1630 3841 1855 3913 portabit
1906 3839 2064 3912 (Isai.

486 3930 626 4004 LIII).
653 3932 866 4000 Achim,
892 3935 946 3989 id
966 3942 1071 4000 est,
1101 3936 1267 4005 frater
1291 3951 1435 3990 meus
1465 3935 1582 3999 iste,
1616 3932 1764 3987 illum
1800 3929 2071 4003 signiﬁcat

488 4022 581 4090 qui
619 4030 819 4079 nostrae
844 4023 1180 4080 inﬁrmitatis
1212 4024 1382 4080 voluit
1405 4038 1527 4080 esse
1562 4023 1859 4093 particeps,
1885 4030 1946 4076 ut
1972 4022 2059 4076 ha-

488 4111 642 4166 beret
680 4112 896 4178 fratres,
919 4114 987 4168 de
1024 4114 1221 4183 quibus
1261 4114 1327 4168 ad
1353 4112 1572 4168 Patrem
1601 4113 1782 4168 dicere
1822 4121 2006 4182 posset
2051 4130 2066 4169 :

496 4201 741 4256 Narrabo
762 4219 952 4258 nomen
973 4213 1120 4258 tuum
1153 4204 1405 4274 fratribus
1431 4205 1582 4271 meis,
1612 4204 1668 4258 in
1692 4204 1863 4258 medio
1891 4204 2072 4260 Eccle-

494 4291 587 4345 sia:
610 4290 837 4346 laudabo
861 4302 911 4347 te
942 4292 1117 4363 (Ρδαι.
1147 4295 1283 4366 χιιι).
1316 4294 1383 4349 Ει
1412 4280 1466 4349 in
1494 4294 1785 4365 Evangelio
1814 4296 1880 4351 de
1906 4295 2075 4351 ﬁdeli-

493 4380 596 4434 bus
621 4380 733 4437 suis
753 4382 868 4452 ipse
890 4383 964 4437 ait
995 4400 1010 4437 :
1039 4383 1347 4457 Quicunque
1363 4385 1540 4456 fecerit
1562 4384 1875 4439 voluntatem
1895 4383 2075 4442 Patris

491 4470 629 4536 mei,
658 4471 748 4542 qui
774 4472 830 4526 in
857 4472 996 4527 cazlis
1024 4482 1123 4540 est,
1146 4474 1254 4544 ipse
1281 4490 1425 4529 meus
1454 4474 1652 4544 frater,
1682 4491 1861 4541 soror,
1884 4485 1934 4529 et
1961 4494 2074 4530 ma-

497 4569 577 4613 ter
606 4568 680 4614 est
713 4559 929 4632 (Matth.
952 4561 1074 4635 xu).
1102 4562 1260 4619 Eliud
1288 4578 1420 4637 vero
1443 4563 1586 4619 Deus
1606 4581 1748 4619 meus
1776 4565 1873 4620 iste
1901 4566 2075 4622 inter-

2165 3366 2363 3422 sideria
2386 3366 2439 3420 in
2468 3381 2526 3421 se
2557 3365 2920 3431 mortiﬁcare,
2955 3364 3343 3434 caelestemque
3385 3366 3763 3422 conversatio-

2165 3474 2299 3514 nem.
2322 3458 2376 3511 in
2409 3457 2568 3512 terris
2600 3458 2824 3522 habere,
2854 3464 2915 3511 ut
2943 3455 2992 3510 ei
3039 3471 3137 3525 per
3161 3455 3346 3512 omnia
3374 3455 3659 3527 placeret,
3684 3457 3761 3512 cui

2167 3566 2227 3606 se
2253 3549 2458 3606 servire
2482 3549 2751 3619 probavit.
2790 3548 3082 3604 Sciendum
3106 3562 3322 3618 quoque
3348 3555 3437 3605 est
3472 3550 3631 3619 quod
3658 3549 3761 3603 Ia-

2168 3645 2269 3709 ria,
2298 3657 2546 3699 sermone
2576 3640 2715 3713 Syro
2758 3639 2987 3695 Domina
3030 3649 3288 3707 vocatur;
3339 3648 3394 3695 et
3443 3643 3653 3696 merito
3684 3641 3762 3695 illa

2170 3736 2387 3793 domina
2409 3742 2653 3801 Vocatur,
2672 3748 2792 3804 qua:
2815 3733 3102 3788 Dominum
3123 3747 3387 3805 generare
3412 3735 3630 3788 meruit
3649 3733 3763 3790 creti

2170 3837 2225 3884 et
2253 3837 2435 3885 terrm.
2450 3829 2594 3884 sicut
2617 3835 2673 3883 et
2698 3825 2894 3885 nobilis
2916 3826 3005 3881 ille
3026 3825 3365 3883 versiﬁcator
3384 3827 3446 3883 in
3468 3827 3641 3884 laude
3657 3828 3765 3898 ejus

2170 3923 2250 3977 ait
2288 3940 2301 3977 :

2297 4010 2533 4073 Conderis
2558 4012 2608 4060 in
2628 4009 2770 4073 solio,
2794 4008 2909 4060 felix
2931 4008 3144 4073 Regina,
3164 4020 3432 4073 supremo;

2298 4071 2527 4134 Cingeris
2557 4080 2611 4123 et
2641 4071 2821 4133 niveis,
2851 4073 3004 4121 lactea
3029 4071 3201 4151 Virgo,
3220 4073 3399 4122 choris.

2172 4174 2242 4230 Et
2266 4173 2518 4231 Sedulius
2543 4174 2599 4229 in
2619 4174 2862 4230 carmine
2885 4173 3134 4230 Paschali
3164 4173 3239 4229 ita
3268 4174 3623 4246 proloquitur
3652 4192 3671 4230 :

2301 4292 2482 4355 Gaudia
2509 4294 2678 4341 matris
2698 4291 2855 4355 habes
2876 4304 2988 4342 cum
3019 4292 3317 4355 virginitatis
3338 4292 3552 4353 honore,

2298 4353 2406 4417 Nec
2426 4355 2631 4415 primam
2657 4353 2870 4417 similem
2894 4355 2995 4402 visa
3020 4366 3084 4417 es_
3098 4353 3193 4417 nec
3213 4354 3404 4417 habere
3424 4363 3753 4417 sequentem,

2301 4416 2415 4467 Sola
2429 4414 2542 4466 Sine
2563 4414 2799 4478 exemplo
2817 4414 3043 4478 placuisti
3064 4414 3250 4465 femina
3269 4414 3483 4467 Christo.

2250 4541 2489 4597 Decursa
2515 4539 2680 4611 igitur
2707 4538 3021 4612 genealogia
3048 4540 3371 4607 Salvatoris,
3385 4542 3519 4612 quid
3543 4545 3769 4615 quisque

490 4630 765 4734 pretatur;
796 4652 914 4707 sine
934 4630 1096 4709 dubio
1121 4668 1244 4709 eum
1275 4634 1609 4709 demonstrat
1636 4655 1702 4710 de
1737 4670 1844 4725 quo
1868 4657 1924 4711 in
1952 4671 2055 4711 can

2178 4646 2246 4686 ex
2274 4631 2721 4701 interpretatione
2749 4630 2985 4685 nominis
3019 4630 3225 4701 proprii
3248 4632 3480 4703 mystice
3503 4634 3771 4706 signiﬁca-

494 4739 601 4795 tico
623 4740 793 4797 Exodi
820 4743 1080 4814 scriptum
1121 4752 1207 4799 est
1231 4760 1243 4798 :
1277 4742 1387 4799 Iste
1426 4743 1566 4799 Deus
1594 4761 1760 4811 meus,
1788 4755 1836 4799 et
1866 4746 2078 4800 honori-

493 4830 662 4900 ficabo
690 4849 840 4898 eum;
874 4832 1016 4889 Deus
1042 4834 1209 4905 patris
1238 4836 1363 4901 mei,
1389 4842 1438 4889 et
1459 4834 1701 4890 exaltabo
1722 4852 1841 4890 eum
1878 4834 2076 4909 (Exod.

496 4922 610 4992 xv).
638 4921 845 4994 Cuique
864 4924 1032 4981 Isaias
1059 4926 1137 4981 ait
1164 4941 1178 4980 :
1226 4925 1349 4982 Vere
1376 4935 1432 4981 tu
1463 4943 1515 4982 es
1549 4927 1691 4982 Deus
1720 4927 2078 4995 absconditus,

495 5012 637 5068 Deus
660 5013 831 5069 Israel
857 5013 1107 5072 Salvator
1128 5016 1285 5089 (Isai.
1310 5015 1459 5088 ην).
1489 5017 1556 5072 Et
1584 5018 1671 5072 cui
1696 5017 1933 5073 Thomas
1960 5026 2082 5088 post

496 5108 954 5166 resurrectionem
981 5110 1100 5181 ejus
1124 5109 1244 5166 loca
1282 5109 1561 5166 clavorum
1606 5118 1857 5181 tangens,
1896 5110 2081 5165 excla-

500 5217 654 5257 mans
676 5202 894 5258 aiebat':
923 5203 1066 5259 Deus
1093 5220 1238 5259 meus
1257 5245 1273 5271 ,
1298 5214 1346 5259 et
1391 5203 1649 5259 Dominus
1696 5219 1843 5258 meus
1889 5201 2081 5274 (Joan.

501 5291 614 5363 xx).
639 5292 864 5349 Eleazar
882 5292 1026 5350 Deus
1048 5310 1194 5350 meus
1226 5295 1440 5365 adjutor
1468 5294 1687 5349 dicitur.
1721 5295 1788 5349 Et
1814 5294 2086 5365 PrOpbeta

502 5393 568 5433 cx
610 5389 763 5450 parte
807 5384 1167 5441 humanitatis
1213 5384 1417 5441 Christi
1446 5385 1515 5440 ad
1549 5384 1767 5441 Patrem
1802 5386 2083 5457 loquitur:

502 5469 1105 5546 Diligam,inquit,te,
1134 5476 1385 5543 Domine,
1437 5477 1598 5533 virtus
1649 5495 1783 5543 mea,
1829 5478 2085 5535 Dominus

500 5562 891 5633 ﬁrmamentum
927 5586 1123 5637 meum,
1150 5580 1199 5626 et
1227 5570 1508 5643 refugium,
1536 5581 1584 5628 et
1626 5570 1876 5627 liberator
1918 5590 2082 5628 meus.

503 5654 648 5712 Deus
668 5672 839 5726 meus,
862 5660 1079 5731 adjutor
1101 5678 1277 5730 meus,
1303 5670 1351 5717 et
1373 5662 1591 5733 sperabo
1632 5663 1688 5717 in
1736 5679 1853 5716 eum
1895 5661 1914 5734 (
1938 5660 2084 5721 Psal.

505 5749 665 5824 xvu).
716 5751 976 5821 Matham,
1013 5754 1228 5819 donum,
1278 5755 1365 5811 vel
1409 5754 1646 5817 donans,
1678 5756 1790 5810 sive
1837 5758 2087 5820 donatus,

2179 4731 2285 4791 ret,
2311 4725 2551 4781 breviter
2580 4722 2886 4779 divinorum
2932 4723 3197 4780 librorum
3241 4727 3573 4783 testimoniis
3601 4744 3770 4783 anno-

2182 4820 2433 4876 tavimus.
2467 4819 2620 4875 Nunc
2652 4821 2720 4875 ad
2754 4828 2952 4877 caetera
3002 4836 3123 4892 quae
3167 4821 3307 4876 idem
3338 4820 3682 4891 evangelista
3714 4819 3772 4872 de

2182 4912 2371 4968 eadem
2396 4912 2707 4984 genealogis
2746 4914 3125 4985 subsequendo
3154 4913 3366 4969 dixerat
3393 4913 3771 4984 exponendum

2181 5019 2482 5060 veniamus.

2258 5114 2370 5188 [ιι]
2400 5115 2610 5182 Omnes,
2638 5116 2831 5186 inquit,
2845 5119 3201 5188 generationes
3224 5117 3290 5171 ab
3314 5115 3590 5170 Abraham
3616 5130 3773 5184 usque

2187 5209 2256 5264 ad
2293 5209 2496 5276 David,
2527 5210 2885 5280 generationes
2927 5209 3343 5280 quatuordecim.
3404 5206 3479 5262 Et
3531 5224 3569 5261 α
3612 5206 3773 5260 Dauid

2188 5318 2350 5369 usque
2394 5301 2463 5355 ad
2506 5301 3023 5373 transmigrationem
3072 5299 3388 5370 Babylonis,
3411 5303 3777 5370 generationes

2186 5389 2601 5462 quatuordecim.
2625 5389 2695 5444 Et
2722 5407 2755 5444 a
2787 5389 3251 5460 transmigratione
3286 5388 3586 5460 Babylonis
3619 5402 3780 5460 usqu

2188 5483 2258 5536 ad
2302 5480 2589 5545 Christum,
2638 5482 2996 5553 generationes
3042 5481 3458 5552 quatuordecim.
3517 5477 3780 5553 (Nam)

2192 5573 2431 5642 Quarum
2459 5573 2783 5629 divisionum
2814 5574 2956 5629 ratio
2984 5573 3058 5628 ita
3094 5573 3387 5638 constabit,
3415 5573 3462 5629 si
3505 5574 3581 5628 ab
3606 5574 3785 5628 Abn-

2192 5666 2319 5720 ham
2344 5665 2520 5735 prima
2544 5664 2913 5720 tessaradecas
2934 5665 3218 5734 incipiens,
3252 5665 3306 5719 in
3326 5664 3495 5719 David
3521 5664 3781 5730 ﬁniatur;

2195 5757 2432 5813 secunda
2461 5772 2591 5812 vero
2616 5772 2646 5811 a
2673 5755 2840 5811 David
2858 5796 2873 5822 ,
2902 5757 3006 5811 hoc
3040 5765 3143 5822 est,
3166 5755 3323 5824 juxta
3361 5755 3536 5811 David
3565 5772 3596 5809 a
3633 5755 3787 5810 Salo—

498 5839 902 5935 .laliiegsonat,
929 5851 987 5902 et
1008 5843 1290 5905 Christum
1310 5844 1366 5902 in
1393 5844 1498 5903 hoc
1523 5844 1810 5917 signiﬁcat.
1841 5843 1977 5904 Nam
1999 5843 2093 5904 ille
2197 5863 2357 5907 mone
2384 5848 2667 5920 inchoans,
2697 5849 2753 5906 in
2780 5848 3095 5907 Jcclioiiiam
3130 5848 3389 5921 priorem,
3416 5848 3519 5908 hoc
3546 5856 3661 5916 est,
3686 5858 3788 5918 με

1966 5997 1995 6005 .-

2270 5993 2407 6027 ἐἴῖλψ
2438 5998 2457 6012 θ’
2489 5999 2636 6024 Ital!
