3946 6478
201 398 300 458 ’145

1138 399 1488 462 COMMENT.
1525 399 1596 460 IN
1633 399 2069 462 MATTHAEUM.
2107 431 2176 444 —
2211 403 2340 460 LIB.
2370 403 2412 460 ι.

3342 410 3448 467 7ιϐ

202 519 352 572 trem,
397 507 488 576 qui
520 504 731 563 Joakim
760 509 901 580 apud
945 508 1198 568 Hebratos
1231 522 1478 581 vocatur,
1514 515 1762 582 desinat;
1794 520 1848 581 Α
1871 513 2078 583 pandit,
2117 521 2174 570 et
2195 513 2295 584 ipsi
2319 511 2562 585 perfecto
2590 513 2850 570 virtutum
2877 529 3060 584 cursu,
3089 517 3146 573 in
3171 532 3281 589 quo
3303 522 3448 592 quod

204 601 355 658 tertia
385 612 599 669 quoque
635 615 666 654 a
694 599 953 657 Jechonia
997 605 1254 672 secundo,
1284 605 1338 660 id
1373 612 1458 662 est
1485 604 1596 661 ﬁlio
1641 605 1767 662 Joa-

202 692 327 758 kim,
356 689 447 760 qui
472 687 736 746 Hebraice
771 691 970 748 dicitur
992 691 1242 763 Joachin,
1282 695 1498 752 initium
1523 711 1764 766 sumens,

203 799 365 856 usque
385 783 455 838 ad
481 781 753 839 Christum
795 785 1092 856 pertingat,
1123 796 1183 842 ut
1211 787 1327 860 ipse
1354 786 1602 846 Christus
1637 805 1766 846 con-

202 883 527 933 numeretur.
552 874 707 943 Quod
731 883 909 932 autem
931 879 1336 948 quatuordecim
1355 880 1412 936 in
1436 888 1544 936 tota
1573 896 1767 953 genea-

202 969 336 1039 logia
355 975 484 1024 sunt
504 967 690 1038 positi,
711 967 966 1025 historice
991 972 1208 1042 quidem
1233 981 1344 1029 tres
1377 971 1628 1031 Hebraici
1672 992 1767 1046 po-

200 1061 306 1132 puli
328 1059 567 1116 distincti
592 1068 718 1116 sunt
738 1068 1038 1132 temporum
1066 1064 1301 1132 articuli,
1325 1079 1557 1136 quorum
1590 1066 1769 1139 primo

199 1151 296 1208 sub
310 1143 669 1221 'patriarchis,
714 1159 770 1208 et
808 1154 1198 1222 sacerdotibus,
1246 1165 1300 1212 et
1329 1156 1600 1228 judicibus
1642 1167 1770 1213 ante

200 1256 378 1311 reges;
417 1241 678 1309 secundo,
701 1245 800 1300 sub
826 1246 1042 1318 regibus
1067 1256 1122 1304 et
1145 1249 1424 1319 prophetis
1443 1257 1496 1305 et
1521 1250 1771 1306 sacerdo-

200 1335 335 1390 tibus
361 1350 375 1398 ;
424 1334 604 1402 tertio,
635 1336 736 1392 sub
764 1336 1006 1404 ducibus,
1029 1347 1085 1394 et
1112 1341 1410 1411 prophetis,
1437 1349 1493 1397 et
1515 1341 1767 1398 sacerdo—

199 1427 332 1480 tibus
351 1432 474 1496 post
502 1441 677 1498 reges,
700 1438 1048 1486 conversatus
1094 1440 1196 1488 est.
1237 1431 1458 1504 Mystice
1492 1447 1624 1490 vero
1647 1448 1772 1504 per-

199 1516 318 1571 lecti
331 1525 393 1584 et
412 1516 595 1573 divino
619 1517 942 1575 charismate
965 1520 1131 1592 pleni,
1146 1522 1204 1577 in
1226 1538 1396 1579 unum
1416 1524 1622 1580 redacti
1646 1535 1773 1582 sunt

195 1625 495 1665 numerum.
543 1610 681 1666 Nam
723 1612 907 1668 decem
951 1613 1020 1670 ad
1063 1615 1399 1686 decalogum,
1428 1625 1661 1687 quatuor
1701 1618 1771 1672 ad

193 1702 563 1772 Evangelium,
585 1704 690 1759 tria
712 1704 780 1759 ad
824 1705 1107 1763 Trinitatis
1142 1707 1438 1778 respiciunt
1477 1709 1657 1766 ﬁdem.
1700 1709 1772 1764 Et

193 1793 368 1847 omnia
391 1794 510 1851 hac
531 1795 707 1851 eidem
739 1798 1066 1854 conveniunt
1090 1810 1454 1868 sacramento,
1478 1803 1602 1873 quia
1629 1803 1772 1858 sicut

1870 621 1978 662 non
2003 605 2248 661 videmus
2272 613 2551 677 sperantes
2575 619 2674 677 per
2700 608 3016 678 patientiam
3046 619 3449 682 exspectamus,

1869 703 1969 757 sub
2028 701 2267 772 ejusdem
2317 701 2400 773 (ut
2433 701 2634 757 dictum
2669 699 2777 773 est)
2823 703 3036 759 numeri
3086 714 3446 772 sacramento,

1868 801 1992 862 post
2015 791 2275 847 siccatum
2309 790 2525 849 Christo
2554 792 2689 847 duce
2713 792 2871 848 Letbi
2905 791 3160 865 ﬂuvium,
3184 796 3452 867 promissa

1867 881 2060 953 patria:
2081 881 2317 938 caelestis
2341 882 2718 954 perveniemus
2745 883 2814 938 ad
2839 898 3022 954 regna.

1941 971 2216 1046 (August.)
2256 973 2456 1029 Verum
2482 975 2551 1030 ad
2573 977 2732 1031 istam
2760 976 3144 1032 mortalitatem
3165 977 3448 1034 nobiscum

1869 1064 2319 1137 participandam,
2351 1067 2476 1136 quia
2515 1066 2932 1142 descendentem
2948 1069 3126 1126 voluit
3147 1070 3456 1142 signiﬁcare

1872 1153 2176 1222 Matthaeus,
2203 1157 2324 1213 ideo
2357 1166 2413 1212 et
2453 1158 2599 1229 ipsas
2640 1160 3016 1231 generationes
3064 1162 3132 1217 ab
3176 1161 3454 1218 Abraham

1870 1261 2043 1317 usque
2063 1248 2131 1302 ad
2160 1247 2380 1319 Josepb,
2408 1258 2465 1305 et
2499 1265 2672 1321 usque
2713 1252 2780 1306 ad
2826 1253 2994 1322 ipsius
3023 1252 3227 1309 Christi
3257 1253 3455 1308 nativi-

1871 1347 2036 1395 tatem
2070 1339 2446 1398 descendendo
2479 1344 2927 1400 commemoravit
2969 1345 3037 1400 ab
3083 1344 3240 1400 initio
3278 1345 3457 1399 Evan-

1872 1429 1998 1502 gelii
2027 1431 2140 1498 sui;
2171 1432 2348 1489 Lucas
2375 1441 2554 1488 autem
2584 1450 2691 1490 non
2719 1436 2787 1489 ab
2829 1436 2984 1491 initio
3026 1435 3307 1507 Evangelii
3347 1437 3455 1502 sui,

1872 1520 1968 1577 sed
1989 1537 2020 1576 a
2045 1521 2314 1593 baptismo
2339 1523 2545 1580 Christi
2593 1525 2970 1596 generationes
2999 1535 3211 1592 narrat,
3241 1541 3342 1580 nec
3366 1527 3460 1581 de-
3489 1536 3497 1544 '

1873 1613 2199 1680 scendendo,
2224 1616 2318 1671 sed
2344 1618 2685 1673 ascendendo
2702 1659 2717 1685 ,
2747 1627 3005 1688 tanquam
3036 1619 3374 1675 sacerdotem
3405 1618 3462 1672 in

1871 1694 2155 1775 expiandis
2181 1707 2420 1776 peccatis
2460 1707 2631 1780 magis
2657 1709 2941 1780 assignans
2959 1749 2974 1776 ,
2997 1709 3090 1765 ubi
3111 1725 3237 1765 eum
3264 1724 3368 1765 vox
3397 1710 3464 1764 de

1874 1798 2013 1854 coelo
2039 1798 2352 1867 declaravit,
2381 1800 2471 1856 ubi
2517 1803 2884 1858 testimonium
2922 1802 3158 1859 Joannes
3192 1803 3293 1874 ipsi
3338 1819 3465 1874 per-

195 1890 272 1936 ter
284 1885 530 1953 quaterni
546 1893 600 1942 et
615 1886 759 1952 deni,
778 1887 892 1944 sive
902 1897 1096 1959 quater
1107 1891 1289 1948 decies
1311 1893 1454 1948 terni
1471 1891 1527 1947 in
1541 1908 1768 1951 numero
1795 1880 1844 1944 B
1870 1889 2067 1958 hibuit,
2083 1891 2301 1948 dicens:
2327 1891 2463 1948 Ecce
2483 1895 2572 1964 qui
2595 1893 2731 1948 tollit
2750 1904 2962 1965 peccata
2983 1895 3166 1949 mundi
3188 1893 3373 1967 (Joan.
3395 1897 3460 1966 ι).

193 1978 538 2043 concordant,
568 1979 645 2034 ita
667 1979 723 2035 in
746 1979 850 2036 fide
875 1990 1077 2057 sanctae
1099 1984 1380 2041 Trinitatis
1402 1985 1488 2040 lex
1514 1995 1568 2042 et
1597 1987 1774 2042 Evan-

191 2069 389 2139 gelium
409 2070 896 2144 coadjuvantur,[et
916 2089 1015 2144 per
1039 2075 1214 2147 legem
1238 2084 1400 2147 atque
1425 2078 1773 2150 Evangelium

190 2169 393 2215 sancta:
418 2159 700 2217 Trinitatis
724 2163 855 2219 ﬁdes
875 2165 1220 2234 praedicatur.
1267 2164 1407 2233 Quid
1448 2176 1631 2224 autem
1672 2185 1773 2224 nu-

191 2267 376 2307 merus
400 2251 502 2308 iste
523 2254 724 2324 pariter
749 2255 1012 2327 signiﬁcet
1037 2272 1145 2327 quo
1174 2257 1290 2313 haec
1311 2260 1624 2331 genealogia
1644 2274 1772 2316 oon-

193 2341 412 2409 tinetur,
441 2358 549 2399 non
583 2344 832 2415 ignobilis
852 2355 936 2402 est
966 2349 1129 2404 studii
1157 2349 1503 2422 investigare.
1529 2349 1774 2419 Quadra-

191 2436 440 2504 genarius
461 2451 590 2509 ergo
613 2452 873 2495 numerus
910 2456 1018 2498 non
1057 2442 1353 2513 incongrue
1400 2454 1584 2516 typum
1627 2453 1774 2500 tenet

192 2527 448 2596 temporis
480 2530 790 2598 praesentis,
811 2532 937 2601 quia
959 2539 1205 2604 tempora
1243 2549 1507 2590 annorum
1547 2536 1771 2605 quadri-

189 2618 401 2690 partitis
451 2618 661 2676 vicibus
707 2629 954 2689 currunt,
996 2630 1053 2678 et
1094 2623 1327 2681 mundus
1371 2624 1487 2696 ipse
1537 2634 1772 2697 quatuor

189 2711 430 2782 partibus
448 2713 796 2769 terminatur.
828 2715 1197 2789 Quadraginta
1235 2726 1416 2776 autem
1462 2728 1655 2791 quater
1675 2721 1773 2776 ha-

189 2799 316 2857 bent
356 2803 567 2859 decem.
619 2803 787 2860 Porro
829 2805 944 2875 ipsa
993 2806 1200 2873 decem,
1246 2808 1314 2862 ab
1352 2823 1461 2864 uno
1494 2824 1668 2880 usque
1702 2809 1773 2864 ad

190 2904 419 2964 quatuor
441 2896 822 2966 progrediente
835 2913 1086 2964 numero,
1103 2908 1570 2955 consummantur.
1584 2899 1644 2956 In
1671 2900 1776 2956 hac

189 2993 368 3042 autem
393 2989 655 3058 praesenti
675 2989 817 3055 vita,
848 3005 966 3060 quae
999 2998 1303 3061 temporum
1345 3008 1509 3048 cursu
1535 2993 1775 3064 quotidie

189 3074 463 3145 dilabitur,
490 3079 617 3147 quia
638 3079 751 3151 regi
785 3095 884 3136 nos
907 3095 937 3134 a
964 3079 1182 3138 Christo
1217 3091 1434 3154 Oportet
1476 3068 1774 3140 secundum

189 3167 527 3239 disciplinam
570 3170 914 3240 laboriosam,
961 3191 1067 3244 qua
1105 3175 1341 3246 ﬂagellat
1378 3174 1522 3232 Deus
1568 3193 1772 3232 omnem

187 3259 356 3328 ﬁlium
393 3280 549 3334 quem
572 3265 751 3336 recipit
783 3265 969 3337 (Hebr.
995 3269 1119 3340 xu),
1167 3268 1451 3327 Matthaaus
1491 3286 1590 3342 per
1631 3272 1775 3328 hunc

188 3365 476 3408 numerum
507 3353 709 3426 Regem
735 3355 1014 3412 Christum
1057 3361 1271 3416 venisse
1317 3369 1563 3429 testatur,
1592 3363 1775 3419 addito

187 3440 440 3498 videlicet
466 3444 677 3501 binario
715 3463 962 3515 numero,
992 3450 1085 3519 qui
1113 3451 1250 3508 bene
1295 3453 1401 3509 duo
1428 3454 1775 3511 Testamenta

186 3530 495 3601 signiﬁcare
518 3545 714 3606 potest.
741 3538 847 3594 Per
871 3540 986 3595 haec
1003 3543 1222 3612 quidem
1244 3544 1492 3600 Christus
1516 3547 1778 3604 Dominus

186 3620 500 3679 universam
529 3626 824 3683 Ecclesiam
851 3645 1006 3686 suam
1032 3634 1199 3703 regit,
1244 3644 1299 3690 et
1335 3652 1447 3692 sua:
1487 3637 1779 3695 voluntatis

183 3709 261 3765 illi
278 3711 489 3781 judicia
521 3717 726 3782 tribuit,
753 3720 879 3788 quia
905 3723 1034 3792 quid
1061 3723 1162 3780 sibi
1189 3725 1247 3780 in
1272 3742 1440 3795 pravo
1470 3727 1773 3798 displiceat,

183 3804 398 3872 etquid
421 3805 477 3859 in
501 3807 644 3864 bono
685 3809 909 3878 placeat,
937 3814 1216 3871 evidenter
1255 3833 1352 3888 per
1392 3833 1457 3874 ea
1498 3821 1774 3889 patefacit.

182 3892 297 3951 Nec
337 3911 452 3952 non
471 3906 526 3954 et
549 3900 655 3957 duo
675 3913 945 3974 praecepta
969 3907 1254 3964 charitatis
1274 3925 1565 3980 possumus
1595 3913 1653 3968 in
1699 3914 1779 3968 bi-

185 3985 345 4042 nario
371 3987 535 4044 simili
561 3993 721 4047 modo
750 3993 1070 4065 intelligere,
1098 3999 1223 4068 quia
1245 4001 1541 4057 secundum
1591 4001 1781 4059 Salva-

187 4078 322 4132 toris
369 4081 719 4149 sententiam,
757 4085 811 4138 in
851 4085 932 4140 his
973 4086 1178 4143 duobus
1221 4091 1488 4147 mandatis
1540 4101 1652 4147 tota
1696 4093 1781 4150 lea:-

187 4170 374 4238 pendet
398 4179 451 4226 et
473 4175 734 4243 prophetae
770 4176 986 4248 (Matth.
1014 4181 1172 4254 χχιι).
1201 4182 1314 4240 Nec
1337 4192 1422 4241 est
1445 4186 1502 4242 in
1524 4187 1782 4257 praesenti

193 4270 436 4334 tempore
456 4265 544 4321 illa
571 4268 851 4342 disciplina
874 4272 1040 4339 utilis,
1073 4275 1119 4329 si
1160 4291 1268 4332 non
1318 4278 1374 4333 in
1426 4294 1490 4335 ea
1534 4289 1782 4337 servetur

191 4351 372 4410 fervor
400 4357 707 4416 charitatis.
749 4360 1042 4420 Possumus
1089 4375 1148 4422 et
1192 4368 1352 4424 aliter
1405 4370 1475 4426 de
1520 4373 1782 4442 praedicto

192 4455 443 4514 numero,
493 4450 560 4504 ad
609 4466 847 4520 praesens
891 4455 1151 4514 Ecclesiae
1194 4467 1407 4531 tempus
1449 4464 1778 4532 pertinente,

1872 1981 2230 2040 Ascendendo
2255 1993 2434 2039 autem
2473 1985 2669 2040 transit
2697 1985 2766 2040 ad
2794 1985 3091 2053 Abraham,
3119 1993 3173 2040 et
3217 1985 3464 2056 pervenit

1875 2074 1944 2129 ad
1973 2075 2163 2142 Deum,
2194 2077 2280 2131 cui
2306 2077 2550 2132 mandati
2578 2085 2632 2132 et
2657 2077 2860 2148 expiati
2881 2077 3315 2133 reconciliamur.
3349 2077 3464 2132 Mc-

1872 2167 1982 2222 rito
2017 2175 2073 2222 et
2105 2166 2408 2237 adoptionis
2442 2168 2704 2239 originem
2736 2169 2852 2240 ipse
2885 2169 3144 2240 suscepit,
3191 2168 3318 2238 quia
3370 2181 3468 2237 per

1875 2258 2220 2327 adoptionem
2246 2256 2513 2316 eﬁicimur
2538 2257 2636 2313 ﬁlii
2673 2258 2805 2324 Dei,
2847 2258 3117 2314 credendo
3165 2257 3220 2312 in
3267 2256 3465 2311 Filium

1874 2347 1996 2402 Dei.
2021 2347 2125 2403 Per
2145 2348 2418 2403 carnalem
2443 2363 2572 2405 vero
2598 2348 3004 2419 generationem
3038 2347 3206 2402 Filius
3239 2347 3336 2401 Dei
3363 2361 3463 2415 po-

1873 2439 1983 2494 tius
2001 2446 2222 2510 propter
2241 2455 2338 2494 nos
2367 2438 2510 2495 ﬁlius
2536 2440 2772 2495 hominis
2795 2439 2970 2503 factus
2994 2447 3098 2494 est.
3123 2437 3268 2494 Satis
3287 2446 3469 2492 autem

1876 2529 2267 2586 demonstravit
2297 2544 2404 2586 non
2443 2545 2502 2586 se
2530 2530 2651 2586 ideo
2677 2530 2880 2586 dixisse
2905 2527 3107 2600 Joseph
3131 2529 3300 2583 ﬁlium
3326 2528 3469 2594 Heli,

1877 2619 2024 2692 quod
2062 2621 2127 2676 de
2152 2619 2244 2676 illo
2273 2621 2505 2692 genitus,
2536 2622 2632 2676 sed
2661 2621 2806 2692 quod
2839 2619 2908 2676 ab
2935 2619 3027 2675 illo
3056 2619 3222 2674 fuerit
3245 2619 3469 2688 adopta-

1877 2719 1986 2777 tus,
2015 2726 2137 2767 cum
2164 2719 2220 2764 et
2248 2711 2423 2780 ipsum
2461 2711 2632 2766 Adam
2681 2711 2852 2770 ﬁlium
2894 2710 2991 2767 Dei
3039 2711 3200 2776 dixit,
3246 2723 3369 2764 cum
3400 2708 3474 2764 sit

1876 2801 2052 2858 factus
2073 2819 2105 2857 a
2124 2788 2259 2869 Deo,
2277 2804 2371 2858 sed
2399 2817 2498 2873 per
2522 2802 2770 2874 gratiam,
2796 2816 2959 2872 quam
2982 2810 3171 2872 postea
3196 2800 3472 2871 peccando

1877 2897 2080 2963 amisit,
2110 2904 2368 2966 tanquam
2416 2895 2557 2950 ﬁlius
2606 2895 2662 2950 in
2697 2894 2956 2950 Paradiso
3007 2893 3334 2949 constitutus
3379 2892 3469 2946 sit.

1877 2988 2219 3061 Quapropter
2264 2990 2320 3043 in
2361 2987 2800 3059 generationibus
2845 2985 3082 3040 Matthaai
3138 2982 3477 3056 signiﬁcatur

1878 3091 2191 3139 nostrorum
2218 3090 2567 3152 peccatorum
2596 3080 2868 3150 susceptio
2891 3093 2920 3134 a
2957 3077 3186 3133 Domino
3219 3076 3469 3142 Christo;

1877 3176 1934 3232 in
1955 3175 2396 3248 generationibus
2443 3181 2624 3230 autem
2661 3172 2822 3228 Lucae
2869 3171 3205 3240 signiﬁcatur
3253 3167 3475 3222 abolitio

1880 3275 2190 3322 nostrorum
2218 3272 2567 3336 peccatorum
2597 3278 2625 3316 a
2661 3261 2890 3318 Domino
2929 3258 3168 3315 Christo.
3211 3257 3338 3312 Ideo
3382 3270 3478 3311 eas

1879 3361 1969 3417 ille
2000 3361 2336 3416 descendens
2383 3365 2618 3423 enarrat,
2644 3358 2750 3412 iste
2790 3356 3110 3411 ascendens.
3141 3353 3295 3422 Quod
3326 3352 3475 3408 enim

1879 3453 2009 3508 dicit
2043 3451 2334 3524 Apostolus
2364 3465 2379 3504 :
2412 3449 2560 3504 Misit
2592 3448 2731 3503 Deus
2753 3445 2954 3501 Filium
2973 3461 3127 3502 suum
3149 3443 3477 3502 imsimilitu-

1879 3545 2056 3599 dinem
2094 3544 2270 3598 carnis
2301 3543 2502 3614 peccati
2541 3539 2714 3613 (Rom.
2741 3540 2884 3612 vin),
2919 3539 3035 3594 haec
3085 3545 3169 3593 est
3205 3536 3477 3607 susceptio

1877 3647 2260 3709 peccatorum;
2319 3636 2464 3708 quod
2516 3643 2697 3690 autem
2752 3632 3004 3687 addidit:
3040 3629 3106 3686 Ut
3154 3630 3218 3685 de
3260 3637 3474 3700 peccato

1878 3730 2156 3785 damnaret
2177 3734 2448 3800 peccatum
2475 3727 2532 3781 in
2558 3741 2715 3779 carne
2738 3723 2950 3795 (Ibid.),
2977 3722 3095 3777 haac
3121 3728 3206 3776 est
3239 3718 3477 3788 expiatio

1877 3829 2250 3894 peccatorum.
2286 3819 2521 3876 Proinde
2566 3817 2853 3874 Mattbaeus
2894 3817 2963 3872 ab
3011 3815 3129 3885 ipso
3173 3814 3340 3869 David
3381 3827 3478 3881 per

1882 3915 2227 3972 Salomonem
2274 3912 2574 3976 descendit,
2602 3910 2657 3965 in
2687 3907 2840 3977 cujus
2868 3914 3043 3962 matre
3076 3906 3166 3961 ille
3192 3905 3474 3976 peccavit:

1879 4005 2056 4060 Lucas
2077 4019 2208 4060 vero
2235 4003 2303 4057 ad
2330 4002 2509 4073 ipsum
2536 3999 2709 4054 David
2733 4013 2832 4069 per
2858 3997 3071 4052 Nathan
3093 3995 3359 4057 ascendit,
3383 4008 3480 4064 per

1881 4111 2044 4166 quem
2083 4076 2404 4166 prOphetam
2434 4105 2460 4133 ιι
2488 4091 2631 4147 Deus
2673 4097 2958 4160 peccatum
3014 4087 3159 4142 illius
3213 4084 3474 4156 expiavit.

1879 4185 1998 4257 Ipse
2025 4199 2240 4254 quoque
2282 4197 2542 4238 numerus
2580 4195 2742 4252 quem
2783 4178 2959 4235 Lucas
2996 4177 3330 4248 exsequitur,
3361 4190 3481 4230 cer-

1883 4275 2091 4330 tissime
2111 4288 2337 4345 prorsus
2358 4271 2706 4327 abolitionem
2732 4270 2936 4326 indicat
2955 4276 3321 4340 peccatorum.
3342 4266 3479 4333 Quia

1882 4365 2253 4437 enim,Christi
2273 4365 2455 4434 aliqua
2482 4363 2761 4433 iniquitas,
2785 4361 2875 4430 qui
2905 4359 3106 4414 nullam
3132 4359 3340 4421 habuit,
3370 4372 3480 4412 non

1883 4465 1969 4513 est
1991 4457 2178 4526 utique
2206 4455 2497 4526 conjuncta
2521 4453 2897 4524 iniquitatibus
2925 4451 3230 4515 hominum,
3257 4464 3394 4519 quas
3421 4449 3478 4503 in

191 4552 296 4608 quo
314 4581 328 4608 ,
349 4541 586 4599 Domino
632 4557 976 4617 cooperante,
1005 4552 1062 4606 in
1091 4567 1241 4622 spem
1264 4553 1436 4610 futuri
1463 4556 1672 4612 sabbati
1701 4558 1780 4614 la-
1804 4588 1860 4651 Β
1884 4565 1984 4606 sua
2022 4563 2187 4604 carne
2221 4547 2479 4618 suscepit,
2509 4547 2630 4601 ideo
2661 4560 2917 4600 numerus
2942 4558 3110 4613 penes
3137 4542 3474 4607 Matthaeum,

192 4629 368 4718 borat,
398 4633 670 4690 intimare.
697 4635 909 4707 Septies
943 4641 1088 4697 enim
1112 4644 1248 4710 seni,
1280 4645 1638 4718 quadraginta
1672 4650 1779 4705 duo

194 4715 416 4778 faciunt.
445 4723 556 4780 Sex
581 4727 801 4797 quidem
826 4731 895 4786 ad
934 4745 1121 4802 opera,
1157 4742 1364 4804 septem
1404 4715 1537 4792 vero
1580 4739 1649 4794 ad
1695 4753 1782 4794 re-

194 4810 372 4890 quiem
414 4814 829 4884 signiﬁcandam
875 4822 1169 4891 pertinere,
1212 4839 1370 4881 rarus
1410 4826 1506 4896 qui
1550 4827 1776 4885 dubitet.

201 4898 346 4959 Unde
366 4906 512 4962 bene
537 4909 766 4980 populus
789 4913 855 4968 de
883 4922 1028 4969 terra
1069 4914 1291 4987 Egypti
1337 4917 1594 4985 salvatus,
1640 4935 1780 4991 qua-

196 4991 445 5066 draginta
477 4998 695 5070 quidem
717 5017 888 5059 annos
907 5015 1150 5061 moratur
1175 5007 1231 5062 in
1251 5009 1494 5077 deserto;
1541 5011 1637 5068 sed
1653 5012 1784 5083 quia

196 5083 293 5138 sub
319 5101 417 5158 spe
441 5089 681 5147 intrandi
709 5093 764 5148 in
813 5096 1058 5166 requiem
1102 5098 1320 5155 sedulus
1363 5087 1672 5169 exercetur,
1696 5118 1784 5159 se—

197 5175 331 5242 pties
355 5194 511 5247 sena,
541 5181 595 5238 id
634 5192 737 5251 est,
767 5188 1123 5260 quadraginta
1163 5191 1270 5248 duo
1311 5193 1414 5249 viae
1463 5195 1785 5252 arctissimaa

198 5275 376 5323 castra
429 5280 702 5328 metatur:
729 5291 960 5345 quorum
983 5279 1172 5336 ultimo
1214 5282 1340 5338 dum
1379 5281 1564 5340 Iesum
1593 5284 1784 5343 ducem

199 5360 459 5428 suscepit,
481 5376 608 5417 mox
638 5374 824 5433 aperto
859 5363 1118 5436 Jordane,
1151 5371 1452 5440 promissas
1470 5372 1602 5430 olim
1627 5376 1785 5431 sedes

201 5447 428 5507 devictis
454 5453 705 5511 hostibus
730 5456 879 5512 adiit.
918 5456 1010 5515 Sic
1038 5467 1094 5516 et
1141 5460 1401 5519 Dominus
1448 5462 1607 5520 Jesus
1652 5481 1787 5536 qua-

202 5538 505 5613 dragesima
523 5547 759 5603 secunda
781 5552 1128 5619 generatione
1147 5567 1218 5610 ex
1229 5570 1338 5625 quo
1357 5555 1592 5612 mundus
1609 5557 1789 5614 aetatis

203 5631 392 5697 prisca:
422 5641 696 5707 tenebras,
717 5641 992 5698 Abraham
1024 5646 1298 5714 credente,
1321 5648 1596 5717 discussit,
1621 5648 1788 5706 adve-

1889 4649 2118 4711 excepto
2142 4640 2382 4706 Christo,
2405 4646 2490 4694 est
2518 4636 3013 4708 quadragenarius;
3058 4634 3185 4705 quia
3210 4649 3340 4689 vero
3383 4634 3475 4704 ju-

1888 4732 2052 4788 stitiue
2087 4745 2197 4786 sua).
2231 4729 2517 4798 Patrisque
2562 4743 2660 4782 nos
2705 4726 2950 4796 expiatos
2979 4725 3047 4780 ab
3072 4725 3219 4780 omni
3250 4733 3480 4795 peccato

1888 4831 2255 4895 purgatosque
2292 4818 2590 4890 conjungit,
2618 4825 2679 4872 ut
2724 4818 2818 4871 ﬁat
2847 4817 2989 4887 quod
3027 4815 3104 4872 ait
3136 4814 3428 4886 Apostolus
3460 4829 3475 4867 :

1892 4912 1997 4981 Qui
2022 4921 2199 4966 autem
2227 4911 2458 4965 adhaeret
2483 4908 2712 4963 Domino
2743 4923 2878 4962 unus
2899 4905 3128 4977 Spiritus
3161 4913 3236 4960 est
3265 4903 3319 4978 (1
3350 4902 3474 4958 Cor.

1888 5007 1987 5080 vr),
2019 5007 2140 5062 ideo
2169 5005 2225 5060 in
2257 5019 2324 5061 eo
2351 5017 2579 5060 numero
2604 5003 2698 5075 qui
2724 5009 2808 5058 est
2832 5015 2999 5072 penes
3025 4999 3253 5064 Lucam,
3285 5005 3339 5052 et
3361 4996 3479 5067 ipse

1887 5099 2133 5156 Christus
2158 5113 2190 5152 a
2223 5112 2331 5168 quo
2361 5096 2552 5168 incipit
2572 5094 2933 5159 enumeratio,
2958 5099 3014 5146 et
3047 5091 3189 5146 Deus
3217 5089 3287 5144 ad
3317 5101 3478 5158 quem

1885 5189 2153 5261 pervenit,
2184 5197 2668 5254 connumerantur,
2695 5195 2751 5241 et
2776 5185 2835 5239 ﬁt
2857 5197 3114 5238 numerus
3139 5179 3477 5251 septuaginta

1885 5290 2114 5351 septem,
2143 5295 2252 5351 quo
2296 5279 2632 5351 signiﬁcatur
2665 5277 2907 5334 omnium
2937 5289 3158 5346 prorsus
3205 5272 3476 5336 remissio,

1888 5381 1946 5429 et
1987 5372 2209 5429 abolitio
2255 5378 2626 5441 peccatorum,
2671 5382 2836 5438 quam
2878 5365 3043 5422 etiam
3077 5363 3193 5435 ipse
3216 5360 3480 5418 Dominus

1890 5483 1990 5538 per
2037 5465 2198 5536 hujus
2237 5464 2450 5520 numeri
2511 5460 2826 5534 mysterium
2871 5458 3150 5514 evidenter
3185 5453 3475 5525 expressit,

1895 5557 2080 5616 dicens
2105 5557 2488 5613 remittendum
2543 5568 2664 5609 esse
2686 5551 2931 5623 peccanti
2957 5565 3062 5604 non
3083 5546 3252 5604 solum
3270 5545 3478 5617 septies,

1895 5649 1986 5707 sed
2010 5651 2168 5705 etiam
2187 5647 2480 5719 septuagies
2511 5646 2696 5715 septies
2740 5641 2956 5717 (Matth.
2983 5640 3162 5712 xvut).
3210 5639 3324 5696 Nec
3366 5636 3481 5694 fru-

203 5727 358 5785 niens
381 5730 438 5785 in
466 5747 650 5802 carne,
675 5735 928 5806 baptismi
969 5740 1123 5795 nobis
1163 5739 1380 5796 lavacro
1427 5741 1552 5797 coeli
1599 5740 1792 5812 januas
1896 5752 2009 5797 stra
2044 5737 2146 5796 iste
2172 5755 2430 5796 numerus
2459 5737 2525 5791 ad
2567 5745 2917 5807 peccatorum
2959 5734 3200 5790 omnium
3245 5728 3482 5800 pertinet

270 5851 304 5884 ει
324 5840 409 5899 De
427 5841 531 5899 hoc
554 5843 672 5900 loco
687 5847 907 5902 consule
926 5847 1062 5918 Aug.
1088 5849 1181 5904 lib.
1206 5866 1245 5905 ιι
1266 5851 1529 5922 Retract.,
1545 5870 1594 5910 c.
1615 5853 1700 5922 16,
1719 5853 1808 5913 ubi
1829 5854 1983 5929 ait_se
2004 5855 2185 5913 dicere
2205 5854 2585 5924 debuisse,per
2597 5853 2749 5924 cujus
2768 5851 2992 5908 nominis
3013 5848 3344 5920 prophetam,
3363 5848 3475 5898 etc.

607 5945 880 6008 Parant.
918 5946 1107 6011 CV11.

2961 5945 3040 6003 2’s
