3946 6480
442 374 546 432 747

1096 368 1157 423 Β.
1198 364 1454 428 RABANI
1492 363 1712 427 MAURI
1750 361 2071 423 ARCHIEP.
2110 358 2420 425 HOGUNT.
2458 356 2752 425 omum
2784 355 2968 415 PARS
3004 356 3047 413 Ι.

3624 356 3746 417 768

437 485 871 551 mundationem,
924 480 974 539 si
994 471 1331 553 diligentius
1381 480 1706 550 inquiratur.
1760 479 2031 536 Denarius
2055 485 2110 548 Α
2134 480 2189 537 id
2210 478 2471 551 iungamr
2504 477 2652 548 quod
2676 476 3028 549 subsequitur
3049 475 3118 533 de
3160 474 3591 546 despontatione
3620 492 3745 533 ma-

436 583 640 655 quippe
660 588 923 650 tanquam
943 572 1169 645 iustitiae
1196 588 1477 641 numerus,
1502 574 1560 630 in
1602 575 1790 631 decem
1820 586 2027 645 praece-

435 677 549 750 ptis
573 674 711 749 legis
732 669 1057 729 ostenditur.
1074 668 1248 726 Porro
1270 675 1553 742 peccatum
1580 676 1666 725 est
1693 668 1827 741 legis
1853 676 2029 724 trans-

434 768 679 844 gressio;
747 772 805 823 et
826 763 1016 834 utique
1043 762 1405 833 transgressio
1427 760 1636 818 denarii
1667 760 1880 816 numeri
1908 774 2033 815 con-

432 868 692 936 gruenter
707 855 1010 913 undenario
1032 853 1316 927 ﬁguratur.
1357 851 1513 909 Unde
1559 858 1616 907 et
1654 851 1774 908 vela
1813 850 2029 906 cilicina

428 957 690 1029 jubentur
719 953 777 1009 in
805 946 1157 1007 tabernaculo
1183 946 1438 1003 undecim
1468 945 1588 1002 ﬁeri
1620 942 1819 1019 (Exod.
1851 941 2024 1013 xxvr).

432 1049 568 1119 Quis
593 1055 778 1104 autem
803 1044 1017 1101 dubitet
1038 1042 1107 1098 ad
1149 1042 1363 1116 peccati
1403 1038 1857 1113 signiﬁcationem
1903 1034 2029 1091 eili-

432 1143 577 1199 cium
600 1139 911 1213 pertinere?
945 1140 1026 1196 Ac
1045 1152 1145 1212 per
1170 1140 1298 1205 hoc,
1321 1134 1448 1207 quia
1479 1133 1795 1187 universum
1814 1137 2030 1200 tempus

432 1232 737 1303 septenario
759 1231 970 1288 dierum
996 1244 1225 1286 numero
1243 1226 1433 1293 volvit,
1454 1223 1843 1282 convenienter
1855 1218 2027 1274 unde-

430 1324 588 1379 nario
616 1323 817 1395 septies
842 1322 1223 1395 multiplicato,
1247 1321 1317 1376 ad
1358 1328 1648 1375 numerum
1694 1311 2030 1385 septuagesi-

430 1430 583 1473 mum
607 1424 665 1473 et
692 1414 983 1488 septimum
1009 1421 1206 1471 cuncta
1225 1420 1450 1485 peccata
1476 1408 1820 1482 perveniunt.
1841 1404 1899 1459 in
1922 1417 2029 1474 quo

427 1502 661 1564 numero
678 1507 845 1564 etiam
860 1506 921 1561 iit
939 1506 1100 1578 plena
1118 1505 1367 1562 remissio
1387 1518 1551 1575 pecca
1559 1511 1757 1568 torum,
1774 1498 2031 1570 expiante

430 1616 532 1659 nos
557 1615 724 1658 carne
750 1599 1062 1657 Sacerdotis
1083 1599 1280 1666 nostri,
1298 1614 1330 1652 a
1351 1612 1460 1667 quo
1479 1610 1624 1653 nunc
1644 1594 1745 1650 iste
1767 1604 2027 1658 numerus

429 1676 641 1765 incipit,
670 1700 727 1749 et
748 1691 1138 1749 reconciliante
1160 1703 1259 1747 nos
1293 1689 1441 1757 Deo,
1469 1688 1538 1743 ad
1566 1698 1725 1757 quem
1757 1698 1901 1740 nunc
1924 1681 2030 1738 iste

426 1797 686 1841 numerus
706 1786 956 1856 pervenit
981 1800 1080 1856 per
1101 1781 1366 1856 Spiritum
1390 1789 1639 1838 Sanctum
1662 1821 1677 1848 ,
1700 1780 1793 1853 qui
1840 1778 1893 1834 in
1936 1792 2026 1834 co-

2134 573 2231 628 tris
2253 571 2390 644 ejus,
2405 573 2694 644 quomodo,
2716 579 3007 642 antequam
3026 568 3347 643 iungeretur
3364 584 3489 638 suo,
3506 569 3745 628 inventa

2134 677 2221 726 est
2255 668 2313 724 in
2339 677 2495 724 utero
2527 668 2737 724 habens
2766 668 2834 724 de
2882 664 3088 738 Spiritu
3125 673 3336 734 saneto,
3370 672 3433 721 ut
3460 677 3743 739 meum

2132 764 2411 836 generatio
2433 760 2640 818 Christi
2663 777 2696 817 a
2716 758 2931 816 caeteris
2959 757 3126 814 distet
3149 758 3449 829 aperietur,
3474 772 3613 813 cum
3642 772 3746 814 ea-

2132 854 2234 910 teri
2260 868 2362 924 per
2388 852 2825 923 coniunctionem
2848 852 3015 907 maris
3034 859 3089 907 et
3108 850 3321 907 ieminte
3346 850 3605 917 solitam,
3624 851 3749 923 ipse

2132 953 2313 1001 autem
2348 961 2448 1017 per
2488 944 2770 1018 Virginem
2807 948 2996 1016 utpote
3048 944 3144 1000 Dei
3178 941 3353 1000 Filius
3396 945 3746 1000 nascuntur

2131 1040 2187 1096 in
2206 1039 2489 1096 mundun.
2524 1038 2796 1112 (Iliorum)
2838 1037 2901 1095 Si
2943 1046 3123 1094 autem
3148 1038 3346 1110 aliquis
3372 1038 3747 1109 quam

2126 1140 2284 1205 putat
2312 1145 2437 1188 cum
2458 1130 2658 1204 Ioseph
2687 1147 2795 1188 non
2822 1131 2895 1188 sit
2936 1138 3093 1203 pater
3138 1130 3353 1187 Domini
3403 1129 3743 1197 Sulvatoris,

2129 1224 2261 1298 quid
2287 1225 2559 1297 pertineat
2598 1225 2667 1281 sd
2709 1236 2837 1283 eum
2874 1223 3235 1296 generationis
3273 1222 3415 1279 ordo
3466 1221 3744 1280 deductus

2127 1332 2301 1390 usque
2331 1321 2401 1377 ad
2433 1319 2652 1391 Joseph,
2679 1318 2817 1379 sciat
2844 1318 3080 1389 primum
3122 1332 3233 1373 non
3273 1329 3405 1373 esse
3432 1324 3742 1372 consuetu-

2128 1412 2271 1470 diuis
2296 1411 2703 1483 Scriptor-arum
2741 1419 2805 1468 ut
2847 1411 3134 1468 mulierum
3179 1411 3235 1466 tu
3283 1408 3745 1481 generationibus

2126 1506 2263 1561 ordo
2286 1510 2524 1561 texatur.
2557 1504 2767 1560 Deinde
2790 1516 2858 1560 es
2882 1514 2994 1559 una
3026 1502 3172 1558 tribu
3215 1499 3389 1557 fuisse
3434 1498 3652 1571 Ioseph
3690 1508 3744 1554 et

2127 1592 2385 1662 Mariam,
2416 1596 2560 1653 unde
2590 1608 2664 1652 ex
2705 1588 2825 1669 iege
2858 1608 2982 1652 eam
3025 1594 3276 1666 accipere
3322 1594 3663 1665 cogebatur,
3688 1602 3745 1647 ut

2124 1689 2484 1761 propinquam
2518 1696 2577 1745 et
2609 1688 2756 1760 quod
2795 1687 2959 1745 simul
2981 1692 3277 1745 censentur
3316 1684 3380 1742 in
3413 1683 3741 1742 Bethlehea

2126 1783 2207 1837 uti
2232 1776 2299 1838 de
2326 1792 2431 1841 una
2458 1782 2629 1854 stirpe
2649 1781 2916 1854 generati.

428 1881 624 1940 lambat
652 1883 831 1956 specie
878 1883 935 1938 in
983 1882 1090 1939 hoc
1142 1881 1436 1953 baptismo,
1465 1879 1557 1935 ubi
1606 1890 1867 1933 numerus
1917 1875 2024 1930 iste
2050 1860 2102 1924 Β
2197 1872 2331 1929 Cum
2368 1883 2499 1930 esset
2543 1875 2859 1947 desponsata
2908 1880 3080 1930 mater
3122 1873 3240 1945 ejus
3284 1868 3477 1927 Maria
3520 1869 3737 1943 Ioseph.

423 1985 901 2045 commemoratur,
936 1976 1188 2049 apparuit
1227 1974 1439 2047 (Matth.
1472 1972 1576 2044 ill).
1617 1969 1831 2044 (Betim)
1859 1968 2023 2025 Chri-

423 2078 541 2126 stus
569 2085 696 2142 ergo
727 2067 1000 2140 quomodo
1045 2069 1163 2139 ipso
1206 2065 1352 2138 quod
1385 2063 1712 2120 tricenarius
1745 2060 2026 2117 inchoavit

421 2166 753 2237 baptismum
779 2165 948 2221 totius
977 2163 1253 2237 signiﬁcat
1303 2158 1560 2218 Ecclesiae
1604 2157 1794 2216 sordes
1838 2154 2023 2227 eXpia.

422 2267 601 2326 turus,
617 2257 931 2315 eorumdem
957 2270 1173 2329 quoque
1192 2268 1545 2312 numerorum
1569 2250 1800 2324 mystica
1822 2260 2024 2321 cogna-

424 2348 498 2403 tio
522 2348 790 2414 declarat,
817 2348 945 2418 quia
993 2344 1247 2402 videlicet
1284 2345 1507 2416 triginta
1561 2338 1859 2411 atqualibus
1910 2337 2024 2394 suis

419 2434 665 2508 partibus
711 2445 1024 2509 computata
1070 2437 1288 2508 pariunt
1327 2435 1558 2508 amplius
1587 2434 1898 2499 duodecim,
1928 2428 2024 2503 qui

420 2536 504 2583 est
547 2528 978 2598 patriarcharum
1023 2535 1079 2582 et
1105 2524 1472 2597 apostolorum
1502 2539 1784 2591 numerus,
1807 2530 1863 2579 et
1888 2522 2027 2579 fiunt

420 2620 781 2692 quadraginta
815 2618 941 2675 duo.
975 2619 1189 2675 Habent
1223 2619 1368 2675 enim
1419 2623 1604 2690 partes
1654 2616 2023 2684 tricesimam,

417 2724 624 2779 unum;
662 2712 907 2783 quintam
930 2711 1369 2779 decimam,duo;
1403 2710 1695 2779 decimam,
1726 2713 1863 2778 tria;
1895 2722 2022 2766 sex—

420 2813 554 2871 tam,
583 2805 856 2877 quinque;
889 2805 1154 2875 quintam,
1189 2821 1315 2874 sex;
1349 2804 1583 2869 tertiam,
1613 2802 1834 2871 decem;
1867 2802 2025 2860 dimid

417 2894 584 2959 diam,
614 2892 956 2965 quindecim;
1002 2908 1123 2968 qua:
1143 2896 1305 2953 simul
1318 2898 1511 2970 juncta
1535 2896 1890 2969 quadraginta
1917 2895 2024 2953 duo

419 2996 818 3045 consummant.
838 2986 939 3043 Ubi
963 2990 1211 3060 mystice,
1230 2996 1287 3045 ut
1312 2989 1569 3057 diximus,
1585 2989 1831 3044 innuitur
1852 2994 2025 3045 totam

416 3074 675 3131 Ecclesiae
702 3074 1090 3148 perfectionem
1120 3078 1174 3135 in
1203 3078 1408 3135 Christi
1443 3078 1549 3135 fide
1569 3089 1623 3134 et
1643 3078 1818 3152 gratia
1846 3079 2025 3135 consi—

2126 1960 2303 2029 Quare
2330 1969 2513 2017 autem
2541 1976 2651 2018 non
2680 1963 2748 2018 de
2772 1958 3006 2033 simplici
3028 1960 3264 2033 virgine,
3287 1960 3389 2015 sed
3409 1959 3484 2015 de
3503 1958 3745 2029 dupon-

2125 2062 2267 2122 sata,
2298 2055 2608 2126 concipitur
2637 2053 2906 2123 Salvator,
2939 2055 3058 2115 hinc
3093 2054 3236 2110 ratio
3262 2060 3371 2109 est.
3400 2052 3665 2109 Primum
3688 2059 3745 2109 ut

2122 2162 2225 2220 per
2251 2149 2658 2220 generationem
2687 2145 2885 2218 Ioseph
2909 2147 3065 2219 origo
3088 2144 3274 2201 Mariae
3299 2153 3739 2209 monstraretur;

2125 2243 2385 2309 secundo,
2410 2256 2480 2297 ne
2508 2242 2842 2313 lapidaretur
2870 2255 2901 2296 a
2928 2238 3131 2296 Judteis
3158 2246 3221 2294 ut
3246 2238 3546 2303 adultera;
3584 2238 3745 2292 tertio

2123 2340 2186 2387 ut
2200 2333 2255 2387 in
2267 2331 2566 2405 Egyptum
2587 2331 2799 2404 fugiens
2819 2331 3045 2387 haberet
3066 2329 3327 2387 solatium
3351 2328 3563 2384 mariti.
3584 2328 3746 2400 lgna.

2126 2423 2236 2480 tius
2255 2424 2419 2479 etiam
2446 2430 2699 2494 quartam
2722 2423 2933 2479 addidit
2951 2432 3195 2489 musam,
3208 2430 3315 2477 cur
3332 2435 3371 2476 α
3388 2432 3601 2493 sponsa
3620 2434 3746 2477 eou-

2126 2522 2316 2587 ceptus
2345 2516 2437 2582 sit,
2453 2523 2515 2571 ut
2533 2524 2748 2588 partus,
2770 2514 3044 2585 inquiens,
3061 2513 3336 2570 deleretur
3352 2512 3611 2579 dimoto,
3625 2514 3741 2570 CIIII

2125 2622 2250 2667 eum
2279 2616 2435 2681 putat
2458 2622 2567 2666 non
2610 2610 2677 2665 de
2705 2608 2919 2681 virgine
2947 2614 3289 2679 generatum,
3320 2608 3424 2664 sed
3458 2610 3531 2664 de
3554 2618 3739 2663 more.

2195 2701 2491 2776 Antequam
2513 2702 2843 2757 convenirent
2870 2702 3084 2756 inventa
3113 2700 3268 2756 estin
3293 2709 3452 2755 utero
3471 2701 3743 2755 habeam

2127 2794 2333 2870 Spiritu
2379 2802 2562 2852 sancto
2601 2794 2832 2869 manu.)
2882 2795 2998 2852 Hoc
3025 2794 3497 2866 quemadmodum
3540 2793 3741 2850 factum

2127 2891 2220 2960 sit,
2248 2902 2466 2964 quoque
2493 2891 2707 2958 ordine,
2743 2890 2829 2946 vel
2865 2890 2921 2945 in
2948 2905 3056 2961 qua
3082 2888 3307 2946 civitate
3340 2890 3420 2945 sit
3464 2887 3743 2945 celebrat:

2126 2984 2435 3056 eunceptio,
2481 2985 2626 3055 quod
2670 2982 2960 3038 Mattheus
3007 2980 3098 3038 hic
3149 2979 3542 3052 praetermisit,
3576 2979 3743 3036 ιυω

2127 3073 2462 3135 sufﬁcienter
2514 3077 2786 3149 exposuit,
2825 3082 2951 3147 post
2996 3080 3497 3130 commemoratum
3550 3086 3742 3129 cm

417 3175 583 3235 stere,
611 3168 741 3238 quia
767 3180 798 3223 a
822 3162 1151 3240 patriarchis
1178 3168 1355 3242 primo
1384 3172 1599 3243 agnita,
1630 3184 1765 3228 voce
1802 3178 2019 3243 aposto—
2046 3175 2093 3241 α
2122 3172 2277 3244 ptum
2300 3169 2526 3229 Joannis
2556 3173 2630 3227 ita
2680 3185 2914 3227 narrans
2948 3182 2962 3224 :
2997 3169 3066 3224 In
3112 3179 3324 3235 mense,
3348 3166 3539 3238 inquit
3562 3209 3577 3233 ,
3602 3174 3743 3222 ςεειτο

415 3259 591 3315 lorum
621 3262 706 3315 est
733 3258 897 3317 latius
927 3259 1222 3327 dill‘amata,
1248 3277 1351 3317 nec
1374 3277 1496 3318 esse
1523 3277 1719 3318 nomen
1757 3261 1859 3318 sub
1880 3261 2019 3319 etelo

416 3351 473 3406 in
503 3366 609 3421 quo
640 3359 890 3423 oporteat
911 3366 1010 3409 nos
1035 3352 1214 3410 salvos
1243 3354 1379 3422 ﬂeri,
1406 3355 1676 3425 quomodo
1702 3354 1759 3410 in
1783 3355 2018 3426 quadra-

414 3440 564 3512 ginta
590 3440 800 3497 duobus
830 3441 978 3497 nulla
1008 3443 1091 3498 e'st
1120 3445 1412 3515 particula,
1437 3456 1557 3516 qum
1585 3458 1694 3502 non
1718 3447 2019 3517 xequalibus

415 3530 694 3586 tricenarii
718 3534 933 3588 numeri
976 3534 1318 3613 contineatur
1353 3538 1407 3591 in
1449 3538 1716 3608 partibus.
1767 3536 2020 3594 Tricena-

416 3622 531 3676 rius
579 3636 710 3693 ergo
759 3639 1016 3680 numerus
1075 3626 1188 3682 suis
1237 3628 1483 3698 partibus
1536 3628 2014 3700 quadragesimum

412 3712 648 3784 complet
673 3722 728 3768 et
752 3716 1079 3784 secundum,
1110 3718 1237 3789 quia
1275 3717 1536 3775 Dominus
1583 3720 1886 3776 Ecclesium
1929 3722 2016 3777 sui

410 3804 758 3876 baptismatis
786 3810 1147 3866 sacramentis
1190 3818 1246 3865 et
1302 3822 1447 3868 nunc
1485 3810 1826 3869 laborantem
1876 3820 2016 3869 tem-

410 3898 672 3967 poraliter
698 3902 875 3956 munit
901 3908 957 3957 et
984 3902 1154 3959 (initis
1182 3903 1462 3962 laboribus
1481 3906 1548 3962 ad
1574 3908 1819 3977 requiem
1848 3918 2008 3963 atter-

410 3989 609 4046 naliter
636 3991 905 4062 perducit.
950 3990 1064 4049 Nec
1108 3996 1418 4051 mirandum
1471 4004 1558 4054 est
1600 4000 1745 4070 quod
1775 3999 1949 4055 Lucas
1981 4016 2013 4055 a

410 4082 583 4137 David
624 4092 795 4152 usque
834 4086 899 4140 ad
926 4086 1204 4141 Christum
1232 4089 1417 4157 plures
1451 4094 1849 4159 successiones,
1878 4092 2015 4147 Maia

412 4171 586 4226 thaaus
616 4176 919 4242 pauciores,
950 4176 1051 4231 hoc
1077 4186 1182 4243 est,
1214 4178 1317 4233 iste
1354 4183 1709 4254 quadraginta
1741 4185 1891 4251 duas,
1924 4182 2014 4241 ille

412 4264 772 4335 quadraginta
801 4274 1036 4338 quatuor
1076 4271 1280 4341 posuit,
1309 4286 1430 4326 cum
1460 4282 1557 4343 per
1586 4273 1720 4329 alias
1748 4284 2012 4344 personas

412 4356 819 4427 generationem
846 4359 1118 4418 fateamur
1147 4378 1267 4418 esse
1305 4364 1606 4420 decursum.
1651 4364 1837 4422 Potest
1864 4369 2009 4422 enim

333 4473 365 4532 ς,
408 4450 554 4516 iieri,
586 4455 645 4504 ut
683 4450 771 4506 alii
820 4451 1116 4525 longaevam
1164 4458 1529 4527 transegerint
1567 4459 1750 4522 vitam,
1782 4457 2007 4516 alterius

2122 3262 2315 3318 missus
2358 3261 2579 3336 angelus
2615 3258 2830 3318 Gabriel
2856 3276 2889 3318 a
2914 3262 3025 3317 Deo
3060 3262 3117 3317 in
3158 3260 3429 3317 civitatem
3471 3256 3735 3326 castae,

2123 3354 2209 3407 cui
2240 3369 2431 3408 nomen
2458 3352 2755 3420 Nasareth‘,
2783 3351 2854 3408 ad
2886 3353 3137 3424 virginem
3162 3352 3548 3423 desponsatam
3596 3353 3735 3417 tiro,

2122 3444 2210 3499 cui
2266 3460 2458 3500 nomen
2509 3452 2625 3499 erat
2667 3442 2896 3514 Ioseph,
2927 3444 2993 3499 de
3034 3442 3189 3498 domo
3229 3438 3431 3509 David,
3465 3450 3519 3496 et
3551 3454 3736 3496 nomen

2120 3537 2341 3609 virginis
2381 3536 2581 3593 Maria.
2624 3535 2695 3591 Et
2738 3537 3009 3608 ingressus
3044 3535 3264 3606 angelus
3300 3533 3372 3589 ad
3405 3546 3529 3590 eam
3560 3529 3739 3588 (ῆι-κέ

2119 3628 2244 3695 Ave,
2278 3629 2454 3700 gratia
2502 3627 2691 3699 plena,
2723 3626 2984 3683 Dominus
3030 3638 3222 3693 tecum,
3270 3625 3556 3682 benedicta
3604 3634 3661 3678 tu
3686 3624 3735 3678 is

2118 3719 2453 3787 mulieribus,
2502 3727 2607 3777 etc.
2644 3717 2797 3792 (Luc.
2833 3719 2913 3793 t);
2958 3734 3079 3791 quae
3105 3727 3411 3790 sequuntur
3438 3716 3506 3773 de
3541 3731 3735 3772 conce—

2115 3812 2304 3882 ptione
2329 3811 2537 3881 ejus,et
2558 3812 2625 3866 de
2652 3809 2886 3865 adventu
2911 3801 3150 3884 Spiritus
3180 3808 3355 3865 sancti
3387 3822 3565 3878 super
3589 3821 3733 3874 eam,

2118 3912 2176 3958 et
2198 3904 2265 3959 de
2296 3902 2712 3960 obumbratione
2741 3903 2962 3959 virtutis
2988 3901 3275 3957 Altissimi.
3301 3898 3463 3969 Quod
3485 3912 3626 3972 ergo
3652 3914 3736 3955 se-

2117 3993 2355 4048 cundum
2384 3992 2586 4049 Lucam
2611 3992 2836 4067 angelus
2880 3994 3134 4066 promisit
3160 3991 3428 4059 futurum,
3458 3993 3567 4048 hoc
3600 3986 3736 4048 Ma»

2116 4082 2293 4139 thteus
2319 4094 2507 4139 narrat
2540 4096 2662 4141 esse
2688 4082 3032 4155 completum.

2186 4174 2407 4230 Inventa
2432 4185 2507 4230 est
2532 4185 2706 4232 autem
2729 4178 2786 4230 in
2808 4187 2957 4232 utero
2977 4173 3175 4231 habent
3196 4175 3263 4231 de
3283 4170 3493 4248 Spiritu
3515 4187 3733 4243 sancto,

2113 4281 2145 4321 a
2172 4267 2320 4322 nullo
2345 4268 2599 4324 videlicet
2624 4269 2734 4326 alio
2760 4282 2923 4340 quam
2955 4264 3179 4339 Joscph,
3204 4269 3301 4340 qui
3338 4269 3555 4324 licentia
3610 4286 3735 4325 ma-

2114 4359 2257 4413 ritali
2286 4359 2484 4415 futurae
2498 4362 2687 4417 uxoris
2710 4376 2847 4434 pene
2869 4360 3052 4419 omnia
3074 4370 3333 4431 noverat;
3364 4364 3485 4421 ideo
3503 4370 3733 4421 tumen-

2112 4459 2220 4506 tem
2244 4453 2362 4523 ejus
2393 4458 2608 4510 uterum
2638 4468 2764 4510 mox
2812 4454 3029 4512 curioso
3068 4452 3427 4528 deprehendit
3494 4457 3723 4512 intuitu.

344 4524 365 4613 1;.
373 4614 377 4623 ν
409 4553 539 4594 vero
566 4524 931 4611 generationis
957 4544 1062 4598 viri
1110 4524 1404 4601 immatura
1447 4552 1609 4603 aetate
1651 4549 2002 4620 decesserint,
2033 4536 2091 4599 Ι)
2112 4541 2172 4598 In
2202 4556 2271 4598 80
2289 4545 2488 4616 quippe
2511 4544 2657 4616 (1υοίῖ
2679 4546 2756 4601 ait
2784 4563 2799 4601 ε
2833 4524 3527 4620 Antequam—convenirent.
3552 4551 3727 4605 τειΐη

368 4697 371 4702 _
408 4646 534 4685 cum
574 4633 853 4690 videamus
899 4638 1208 4707 complures
1241 4652 1398 4695 senes
1426 4650 1551 4696 cum
1583 4640 1697 4698 suis
1718 4645 2006 4715 nepotibus

408 4720 613 4788 vivere,
645 4718 780 4779 alios
798 4740 931 4781 vero
967 4727 1117 4784 viros
1141 4730 1326 4784 statim
1376 4728 1500 4786 ﬁliis
1525 4733 1677 4789 obire
1714 4736 1999 4806 susceptis.

405 4806 539 4865 Post
559 4819 903 4869 enumeratas
917 4818 1299 4887 generationes
1320 4819 1605 4879 Matthzeus
1635 4824 1709 4879 ita
1735 4826 1999 4894 sequitur.

480 4898 617 4974 [ιιι]
640 4900 839 4958 Christi
868 4915 1044 4961 autem
1066 4912 1329 4979 generatio
1354 4913 1431 4967 sic
1460 4922 1591 4968 erat.
1623 4910 1753 4971 Haec
1786 4924 2003 4971 scatens

409 4988 485 5044 tia
511 4989 704 5048 bifarie
729 4996 855 5064 poni
879 5006 1078 5066 potest,
1103 4999 1155 5054 id
1181 5008 1285 5065 est,
1305 5010 1364 5055 ut
1388 5002 1503 5058 sive
1530 5006 1597 5061 ad
1619 5015 1995 5062 cnumcratam

408 5080 658 5151 superius
688 5084 1055 5157 genealogiam
1086 5090 1362 5160 respiciat,
1414 5108 1577 5163 quam
1625 5096 1701 5151 ita
1748 5097 1996 5171 Evange-

408 5170 532 5228 lista
562 5175 616 5230 in
644 5178 820 5249 capite
859 5172 1137 5255 Evangelii
1181 5188 1265 5241 sui
1308 5187 1584 5245 inchoavit
1618 5206 1630 5245 :
1660 5191 1816 5248 Liber
1845 5211 2001 5266 gene-

408 5265 632 5321 rationis
654 5267 783 5325 1m
812 5268 1006 5328 Christi
1028 5275 1128 5344 ﬁlii
1148 5270 1340 5345 David,
1373 5278 1473 5348 nm
1503 5281 1791 5353 Abraham,
1821 5265 1876 5342 et
1918 5288 1998 5344 sic

406 5368 508 5425 per
534 5364 908 5430 generationes
941 5368 1272 5437 singulorum
1317 5373 1541 5441 vadens,
1571 5388 1739 5445 usque
1788 5373 1855 5433 ad
1895 5378 1994 5433 Jo-

408 5450 532 5521 seph
564 5453 733 5509 virum
757 5448 963 5527 Mariaz,
981 5461 1044 5515 de
1062 5477 1166 5532 qua
1190 5473 1343 5517 natus
1364 5472 1440 5519 est
1464 5464 1642 5533 Iesus,
1666 5469 1757 5539 qui
1784 5479 1997 5525 vocatur

409 5540 670 5601 Christus.
698 5542 895 5621 Sicque
918 5544 1066 5609 ﬁnita
1094 5550 1237 5610 serie
1268 5559 1677 5627 generationum
1709 5558 1865 5631 quasi
1905 5572 1994 5619 re-

407 5642 762 5703 memorando
790 5643 924 5701 dixit
956 5666 969 5702 :
1008 5645 1203 5703 Christi
1234 5659 1408 5708 autem
1436 5654 1703 5724 generatio
1744 5654 1821 5711 sic
1858 5666 1992 5726 erat,

408 5747 473 5786 ac
498 5732 545 5789 si
573 5734 778 5792 diceret
809 5756 821 5792 :
854 5736 945 5796 Sic
969 5740 1105 5798 ordo
1130 5740 1381 5800 humanm
1408 5746 1771 5815 generationis
1794 5746 1994 5804 Christi

405 5838 506 5895 per
536 5839 792 5900 patentes
817 5834 953 5905 ejus,
982 5849 1157 5907 usque
1184 5836 1255 5894 ad
1278 5836 1449 5898 Deum
1475 5840 1739 5911 pervenit.
1771 5839 1899 5899 Sive
1925 5844 2007 5932 ad.
2034 5920 2074 5929 Μ

2110 4634 2464 4692 conveniendi
2500 4652 2608 4692 non
2632 4639 2811 4709 ipsum
2841 4639 3207 4706 concubitum,
3233 4640 3329 4696 sed
3372 4642 3725 4713 nuptiarum,

2109 4738 2229 4796 quae
2252 4729 2566 4798 praecedere
2590 4729 2789 4799 solent,
2834 4740 3050 4804 tempus
3086 4732 3346 4801 insinuat,
3374 4733 3605 4803 quando
3661 4749 3725 4788 ea

2106 4830 2229 4889 qua:
2252 4820 2404 4889 prius
2436 4830 2693 4892 sponsata
2722 4824 2906 4880 fuerat
2935 4832 3056 4882 esse
3088 4825 3287 4897 coniux
3318 4826 3534 4897 incipit.
3572 4826 3726 4901 Ergo

2106 4923 2389 4986 antequam
2417 4919 2768 4987 convenirent,
2801 4916 2933 4977 dicit
2952 4930 3243 4994 antequam
3274 4923 3605 4995 nuptiarum
3638 4940 3728 4979 so-

2104 5004 2306 5061 lemnia
2353 5007 2460 5062 rite
2496 5009 2853 5077 celebrarent,
2886 5013 3096 5069 inventa
3126 5023 3202 5069 est
3232 5014 3285 5070 in
3318 5026 3471 5071 utero
3515 5015 3726 5071 habens

2101 5098 2167 5154 de
2186 5096 2391 5171 Spiritu
2412 5110 2615 5157 sancto.
2640 5100 2920 5174 Siquidem
2944 5114 3245 5163 memorato
3267 5108 3461 5165 ordine
3487 5119 3627 5181 post
3659 5124 3725 5165 ea

2104 5206 2498 5265 convenerunt,
2526 5201 2743 5269 quando
2786 5194 2987 5273 Ioseph
3034 5202 3103 5258 ad
3149 5212 3486 5276 praeceptum
3532 5205 3725 5277 angeli

2104 5288 2313 5358 accepit
2332 5291 2618 5363 conjugem
2644 5300 2818 5358 suam,
2844 5294 2940 5349 sed
2966 5310 3074 5349 non
3101 5294 3725 5370 concumbcbant,quia

2101 5380 2367 5451 sequitur,
2394 5386 2443 5436 et
2476 5392 2579 5437 non
2605 5380 2947 5454 cognbscebat
2973 5404 3111 5441 eam.

2170 5468 2364 5545 Ioseph
2388 5483 2561 5530 autem
2587 5470 2665 5531 vir
2686 5470 2800 5548 ejus
2829 5496 2948 5534 cum
2974 5482 3104 5536 esset
3135 5480 3289 5536 homo
3291 5474 3483 5553 justus
3513 5494 3565 5540 et
3595 5484 3725 5542 nol-

2099 5562 2169 5618 tet
2205 5576 2322 5619 eam
2361 5564 2656 5636 traducere,
2683 5560 2845 5624 voluit
2876 5562 3076 5627 occulte
3094 5566 3355 5629 dimittere
3382 5592 3529 5631 eaut.
3555 5568 3728 5634 Scri-

2097 5664 2253 5726 ptum
2287 5665 2392 5725 εει,
2425 5658 2471 5713 si
2514 5661 2630 5731 quis
2662 5659 2965 5731 fornicarite
3005 5660 3346 5736 conjung't'tur
3375 5684 3543 5721 unum
3588 5684 3727 5726 cor—

2098 5765 2196 5819 pus
2226 5749 2466 5819 ematur,
2515 5758 2571 5807 et
2615 5751 2671 5807 in
2708 5751 2825 5825 lege
2864 5763 3195 5827 prmeeptum
3236 5765 3321 5812 est
3359 5772 3471 5814 non
3520 5759 3726 5816 solum

2080 5860 2243 5932 ,ιἐεοξν
2275 5844 2371 5904 θεά
2405 5854 2481 5931 et.
2506 5846 2755 5934 σομεοὲρὲ
2770 5848 3533 5935 esseesset:
3575 5868 3729 5932 nec:
