3946 6488
188 398 291 459 749

1180 398 1531 458 ΩΟΜΜΕΝΤ.
1573 400 1640 456 ΙΝ
1680 400 2118 459 MATTHASUM.
2156 432 2230 446 —-
2265 405 2391 458 LIB.
2432 402 2473 458 Ι.

3356 398 3462 458 750

188 520 325 571 cato.
349 509 630 579 Quomodo
667 509 871 584 Ioseph
918 525 1041 568 cum
1070 513 1279 570 crimen
1303 514 1445 571 celat
1472 515 1660 571 uxoris
1680 512 1770 584 ju—
1799 517 1853 579 Α
1877 519 2042 574 rebus
2071 518 2235 574 simul
2257 527 2313 573 et
2335 519 2536 584 verbis,
2566 503 2692 573 cum
2720 514 3042 588 quibusdam
3064 516 3301 573 motibus
3331 518 3466 574 insi-

188 617 300 665 stus
318 604 551 661 dicitur?
577 604 675 661 llla
721 606 920 678 quippe
953 603 1167 675 iustitia
1192 606 1395 680 Ioseph
1413 605 1592 680 justus
1627 618 1767 675 erat,

190 716 307 773 quae
327 707 455 755 ante
480 699 773 757 Dominum
793 700 1007 771 iustitia
1031 708 1141 767 est,
1185 717 1307 775 quae
1334 702 1510 757 aliena
1547 718 1578 757 a
1604 702 1769 758 mise~

189 792 419 851 ricordia
446 808 557 849 non
583 800 690 859 est,
721 807 845 863 qua:
879 808 947 848 ex
971 793 1169 849 mentis
1191 793 1540 865 simplicitate
1570 794 1774 851 forma-

192 895 297 952 tur,
318 900 441 955 qua}
462 884 650 957 gratia;
677 886 967 942 concordat
991 894 1045 941 et
1067 901 1134 942 ex
1164 885 1271 942 fide
1295 893 1399 941 est.
1424 883 1622 959 (Orig)
1652 885 1773 941 Non

190 980 276 1037 illa
301 994 423 1049 quze
449 979 590 1051 apud
602 979 853 1038 homines
878 978 1013 1037 falso
1028 978 1249 1052 iustitia
1275 980 1491 1049 dicitur,
1514 990 1571 1038 et
1592 981 1677 1038 vel
1705 996 1774 1037 ex

190 1073 382 1131 aﬂ'eetu
407 1074 632 1131 humani
665 1074 869 1133 favoris
891 1075 1140 1134 simulate
1173 1073 1447 1149 profertur
1474 1074 1561 1131 vel
1588 1090 1619 1131 a
1646 1090 1773 1133 cru-

187 1166 406 1225 delitate
454 1166 623 1225 animi
671 1168 883 1239 prolata
926 1169 1043 1225 sine
1092 1168 1420 1225 discretione
1462 1177 1771 1226 exercetur.

187 1259 351 1332 Igitur
374 1267 493 1317 erat
521 1262 578 1317 in
609 1262 775 1321 verbo
812 1262 1013 1335 justus,
1053 1263 1109 1319 in
1144 1263 1287 1320 facto
1306 1264 1506 1335 justus,
1541 1264 1599 1320 in
1638 1263 1774 1336 legis

187 1336 685 1421 consummatione,
722 1353 903 1424 justus
940 1356 997 1411 in
1045 1355 1201 1411 initio
1233 1356 1442 1427 gratiae.
1490 1356 1616 1413 Ideo
1653 1369 1775 1411 eam

186 1444 460 1500 dimittere
484 1445 702 1502 volebat
737 1448 993 1518 quoniam
1026 1447 1283 1504 virtutem
1311 1448 1555 1521 mysterii
1589 1457 1645 1505 et
1689 1464 1776 1505 sa-

186 1543 522 1593 cramentum
557 1536 830 1606 quoddam
876 1537 1223 1609 magniﬁcum
1263 1538 1319 1595 in
1344 1538 1536 1595 eadem
1576 1555 1775 1611 cogno-

185 1624 392 1691 scebat,
419 1626 509 1681 eui
548 1626 932 1698 adproximare
968 1644 1089 1686 sese
1140 1630 1419 1701 indignum
1447 1630 1772 1687 aestimabat.

184 1717 320 1774 Nam
348 1727 405 1774 et
424 1719 481 1776 in
506 1716 647 1777 Isaia
674 1722 883 1796 legerat
901 1725 1163 1796 virginem
1191 1727 1257 1782 de
1278 1728 1439 1791 domo
1460 1728 1631 1783 David
1654 1743 1777 1785 esse

183 1818 567 1882 concepturam
594 1820 651 1873 et
679 1815 986 1885 parituram
1018 1817 1327 1885 Dominum,
1368 1818 1436 1875 de
1463 1834 1571 1889 qua
1610 1819 1772 1875 etiam

1874 619 2006 666 nuat
2040 612 2145 667 hoc
2171 613 2315 682 quod
2354 614 2697 669 sermonibus
2748 622 2954 668 narrat.
2994 611 3133 681 Quid
3178 620 3266 668 est
3292 614 3460 678 enim,

1874 704 2019 776 quod
2046 713 2170 775 post
2216 713 2499 778 peccatum
2534 705 2773 762 hominis
2822 705 2878 760 in
2904 704 3161 777 paradiso
3202 705 3465 761 Dominus

1874 811 1982 851 non
1997 794 2111 865 jam
2138 805 2270 863 stat,
2298 798 2394 855 sed
2427 797 2689 866 ambulat,
2713 797 2823 853 nisi
2853 797 2998 868 quod
3033 796 3278 853 irruente
3305 796 3467 867 culpa

1876 902 1935 944 se
1964 903 1998 943 a
2020 888 2185 945 corde
2221 889 2460 946 hominis
2500 897 2709 946 motum
2757 889 3123 957 demonstrat,
3153 890 3343 962 sicque
3370 903 3469 946 ne-

1875 978 2105 1049 quitiam
2150 995 2305 1037 suam
2336 981 2495 1037 caecis
2526 980 2799 1038 mentibus
2832 997 2943 1036 non
2980 980 3157 1036 solum
3202 979 3470 1037 sermoni-

1875 1069 2001 1136 bus,
2033 1072 2229 1141 quibus
2264 1087 2358 1127 eos
2384 1072 2703 1144 increpavit,
2737 1072 2832 1130 sed
2846 1071 3012 1129 etiam
3041 1074 3206 1130 rebus
3231 1072 3466 1144 aperuit.

1876 1158 2180 1231 Aliquando
2218 1160 2569 1236 imaginibus,
2615 1164 2790 1220 oculis
2816 1165 2999 1222 cordis
3028 1165 3281 1228 ostensio,
3327 1163 3471 1223 sicut
3500 1234 3503 1235 ν

1875 1248 2045 1307 Jacob
2078 1252 2371 1309 subnixam
2401 1252 2541 1310 cmlo
2582 1252 2789 1313 scalam
2831 1256 3109 1315 dormiens
3130 1256 3270 1312 vidit
3312 1253 3469 1329 (Gen.
3497 1242 3507 1265 ³

1877 1340 2100 1417 xxvni),
2131 1354 2186 1399 et
2215 1346 2410 1403 Petrus
2440 1345 2668 1401 linteum
2709 1348 2993 1419 reptilibus
3019 1357 3075 1405 et
3110 1347 3475 1419 quadrupedi—

1879 1433 1983 1491 bus
2020 1436 2263 1505 plcnum,
2309 1437 2363 1490 in
2394 1437 2573 1493 extasi
2601 1446 2790 1509 raptus
2836 1438 3051 1510 aSpexit
3074 1438 3212 1511 (Aet.
3251 1442 3331 1515 ι).
3360 1438 3475 1495 Ali-

1877 1526 2097 1597 quando
2134 1526 2466 1600 imaginibus
2503 1536 2631 1584 ante
2660 1545 2955 1601 corporeos
2994 1530 3185 1587 oculos
3222 1530 3292 1586 ad
3336 1539 3476 1587 tem-

1877 1632 1981 1689 pus
2028 1624 2249 1675 exstare
2291 1619 2619 1699 adsumptis,
2667 1622 2810 1678 sicut
2855 1622 3131 1679 Abraham
3159 1637 3269 1679 non
3300 1623 3477 1681 solum
3578 1619 3585 1625 ’

1881 1715 1996 1765 tres
2035 1711 2180 1767 viros
2233 1711 2388 1778 vidit,
2438 1712 2536 1769 sed
2584 1714 2643 1770 in
2697 1715 2920 1771 domum
2971 1716 3201 1786 accepit,
3256 1715 3479 1788 insuper

1881 1803 2047 1859 etiam
2096 1804 2299 1861 cibavit
2324 1801 2533 1880 (Gener.
2588 1807 2771 1881 xvm).
2816 1808 3126 1880 Aliquando
3162 1809 3479 1867 ctelestibus

184 1900 346 1957 domo
388 1913 617 1960 novem:
674 1920 845 1978 genus
890 1906 1113 1964 duxisse
1159 1907 1402 1977 Mariam,
1438 1885 1603 1981 aique
1652 1910 1774 1966 ideo
1803 1885 1853 1959 Β
1881 1895 2225 1961 substantiis,
2274 1897 2417 1953 sicut
2472 1899 2750 1972 baptizato
2798 1900 3029 1957 Domino
3064 1901 3332 1972 scriptum
3369 1910 3478 1969 est,

180 2008 291 2050 non
342 1994 616 2053 dillidebat
660 1997 716 2055 in
757 2014 825 2054 ea
872 1999 1212 2071 prophetiam
1259 2002 1399 2057 hanc
1444 2002 1775 2073 implendam

180 2100 324 2142 esse.
357 2085 499 2157 Ergo
517 2086 808 2153 humilians
834 2106 895 2146 se
924 2100 1051 2148 ante
1070 2099 1281 2148 tantam
1309 2103 1365 2148 et
1393 2101 1504 2149 tam
1531 2094 1778 2150 ineffabi-

179 2175 290 2235 lem
323 2192 461 2244 rem,
493 2182 769 2250 quaerebat
806 2198 866 2243 se
902 2183 1059 2256 longe
1101 2184 1301 2251 facere,
1331 2186 1471 2241 sicut
1498 2194 1555 2240 et
1583 2185 1778 2243 beatus

179 2266 402 2338 Petrus,
428 2272 659 2329 Domino
688 2290 746 2331 se
789 2276 1080 2333 humilians
1115 2278 1335 2333 aiebat:
1368 2278 1566 2334 Recede
1595 2297 1627 2333 a
1672 2296 1777 2347 me,

178 2358 429 2428 Domine,
444 2366 692 2432 quoniam
715 2367 868 2423 homo
883 2379 1125 2439 peccator
1144 2387 1261 2425 sum
1284 2369 1436 2440 (Luc.
1452 2370 1530 2441 v).
1552 2370 1777 2443 (Beda.)

180 2448 289 2508 Sed
308 2451 355 2507 si
373 2454 589 2511 siceam
603 2457 815 2515 occulte
835 2458 1154 2527 dimitteret,
1173 2477 1350 2532 neque
1361 2462 1636 2534 acciperet
1655 2477 1782 2517 cou-

171 2540 361 2614 jugem
378 2553 433 2600 et
447 2546 533 2601 illa
556 2563 757 2618 sponsa
778 2558 1020 2620 pareret,
1035 2552 1291 2608 nimirum
1306 2554 1469 2624 pauci
1486 2562 1670 2610 essent
1688 2553 1780 2624 qui

177 2649 301 2690 eam
331 2636 602 2707 virginem
641 2648 828 2697 etnon
848 2642 1038 2711 potius
1070 2651 1421 2709 autumarent
1446 2660 1569 2701 esse
1604 2659 1783 2700 mere-

178 2726 396 2782 tricem.
438 2728 594 2785 Unde
618 2732 905 2789 consilium
934 2733 1135 2805 Joseph
1167 2745 1389 2806 repente
1413 2735 1641 2793 consilio
1668 2752 1778 2792 me-

176 2818 314 2876 liore
344 2830 614 2889 mutatur,
647 2831 707 2879 ut
735 2825 992 2885 videlicet
1026 2828 1091 2882 ad
1134 2829 1567 2883 conservandam
1601 2827 1783 2883 Maria:

176 2906 380 2965 famam
415 2911 530 2981 ipse
562 2928 684 2967 eam
714 2913 990 2971 celebrato
1028 2916 1340 2986 nuptiarum
1365 2916 1615 2971 convivio
1649 2931 1782 2971 cou-

170 2999 360 3074 jugem
392 3004 685 3074 acciperet,
705 3014 762 3061 et
789 3016 997 3063 castam
1026 3018 1290 3078 perpetuo
1322 3008 1642 3064 custodiret.
1672 3007 1786 3062 Ma-

176 3094 276 3151 luit
302 3112 544 3166 namque
568 3097 830 3157 Dominus
853 3100 1066 3171 aliquos
1095 3102 1317 3157 modum
1345 3116 1456 3159 sua:
1478 3100 1787 3172 generatio-

174 3185 262 3243 nis
292 3184 587 3260 ignorare,
629 3204 793 3260 quam
823 3191 1129 3255 castitatem
1178 3188 1443 3248 infamare
1486 3191 1781 3264 genitricis.

1879 1987 2010 2058 quia
2038 1988 2105 2043 de
2134 1988 2275 2047 nube
2301 2004 2409 2045 vox
2432 1992 2612 2047 sonuit
2642 1992 2831 2049 dicens
2856 2012 2869 2047 :
2893 1992 2997 2048 Hic
3026 2004 3101 2049 est
3128 1990 3306 2049 Filius
3327 2010 3479 2050 meus

1880 2079 2125 2147 dilectus,
2158 2081 2213 2135 in
2251 2099 2353 2153 quo
2404 2083 2533 2138 mihi
2584 2084 2900 2157 complacuit
2942 2084 3160 2157 (Matth.
3208 2083 3315 2161 ιιι).
3369 2085 3483 2143 Ali-

1883 2172 2101 2240 quando
2125 2172 2363 2230 terrenis
2388 2177 2733 2245 substantiis,
2764 2177 2908 2233 sicut
2934 2193 3060 2234 cum
3097 2177 3320 2234 Balaam
3357 2194 3480 2234 cor-

1882 2263 2073 2333 ripuit,
2103 2265 2156 2320 in
2199 2282 2298 2323 ore
2332 2268 2502 2324 asinae
2529 2269 2769 2326 humana
2801 2272 2966 2328 verba
3003 2271 3257 2328 formavit
3282 2270 3476 2345 (Num.

1883 2356 2044 2430 xxn).
2092 2357 2398 2431 Aliquando
2444 2360 2609 2418 simul
2637 2362 2870 2419 terrenis
2911 2370 2967 2419 et
3015 2362 3330 2420 coalestibus
3357 2361 3485 2418 sub-

1836 2486 1839 2489 -
1884 2448 2104 2504 stantiis
2130 2449 2393 2509 Dominus
2424 2466 2524 2524 per
2561 2454 2784 2523 angelos
2811 2455 3078 2527 loquitur,
3108 2456 3252 2511 sicut
3293 2468 3482 2511 coram

1885 2538 2068 2612 Moyse
2098 2541 2153 2596 in
2192 2551 2380 2599 monte
2419 2544 2601 2617 ignem
2635 2548 2942 2618 rubumque
2987 2542 3239 2614 sociavit,
3278 2532 3485 2618 signifi-

1885 2647 2018 2689 cans
2042 2647 2101 2689 se
2127 2632 2408 2693 doctorem
2438 2635 2555 2707 ejus
2584 2638 2770 2710 populi
2798 2637 2937 2706 fore,
2964 2639 3057 2710 qui
3082 2647 3139 2694 et
3169 2638 3302 2710 legis
3324 2636 3482 2693 llam-

1885 2740 2032 2780 mam
2079 2727 2407 2798 perciperet,
2444 2739 2499 2785 et
2548 2738 2729 2787 tamen
2772 2732 2983 2801 peccati
3028 2732 3240 2803 spinam
3280 2746 3488 2802 nequa-

1886 2830 2049 2885 quam
2080 2817 2301 2884 vitaret,
2343 2818 2427 2873 vel
2450 2820 2594 2888 quod
2633 2836 2701 2876 ex
2739 2821 2831 2877 illo
2856 2821 3054 2894 populo
3076 2822 3275 2887 exiret,
3306 2822 3398 2892 qui
3427 2821 3486 2877 in

1888 2910 2013 2980 igne
2042 2909 2264 2965 deitatis
2310 2911 2528 2967 dolores
2571 2914 2754 2969 carnis
2792 2923 2994 2969 nostrae
3019 2914 3175 2984 quasi
3213 2912 3334 2968 rubi
3374 2912 3489 2983 spi-

1888 3015 1991 3054 nas
2034 2999 2357 3070 susciperet,
2408 3009 2463 3057 ct
2504 3001 2942 3075 inconsumptam
2979 3002 3335 3059 humanitatis
3377 3016 3481 3057 no-

1890 3100 2018 3149 stra:
2047 3094 2415 3150 substantiam
2438 3096 2603 3152 etiam
2660 3098 2716 3152 in
2763 3098 2880 3168 ipsa
2927 3096 3229 3153 divinitatis
3268 3094 3489 3151 ﬂamma

1887 3187 2153 3236 servaret.
2182 3179 2581 3253 Nonnunquam
2604 3198 2736 3238 vero
2756 3180 3013 3239 humanis
3032 3182 3289 3239 cordibus
3310 3182 3484 3237 etiam

246 3276 387 3331 Ilwc
436 3288 614 3335 autem
659 3296 719 3335 eo
754 3281 1013 3352 cogitante
1063 3298 1181 3336 ecce
1219 3281 1438 3353 angelus
1478 3281 1692 3336 Domini
1730 3281 1786 3337 in
1812 3267 1858 3332 C
1889 3284 1989 3342 P8P
2026 3271 2248 3344 8088106
2277 3273 2544 3330 Dominus
2583 3283 2793 3331 secreta
2825 3289 3016 3331 eorum
3046 3274 3337 3346 pmsenlia
3379 3273 3493 3330 Vir-

172 3368 379 3424 somnis
402 3371 649 3440 apparuit
678 3372 726 3425 ei
762 3371 960 3429 dicens.
992 3371 1196 3445 (Greg.)
1231 3372 1529 3439 Sciendum
1552 3382 1637 3430 est
1656 3374 1783 3445 quia

174 3461 234 3519 in
263 3462 486 3521 duobus
511 3463 689 3521 modis
718 3464 921 3520 locutio
945 3465 1126 3521 divina
1153 3464 1541 3537 distinguitur;
1572 3474 1665 3521 aut
1687 3481 1785 3535 per

174 3556 541 3627 semetipsum
562 3572 799 3626 namque
821 3556 1084 3615 Dominus
1108 3544 1373 3627 loquitur,
1400 3566 1495 3611 aut
1513 3572 1612 3628 per
1633 3572 1786 3613 crea-

176 3657 367 3704 turam
395 3649 696 3722 angelicam
724 3650 843 3721 ejus
877 3650 945 3705 ad
982 3665 1083 3706 nos
1122 3652 1290 3705 verba
1318 3654 1643 3707 formantur.
1677 3648 1785 3705 Sed

172 3755 306 3795 cuni
339 3756 441 3812 per
466 3741 817 3809 semetipsum
846 3740 1109 3810 loquitur,
1146 3742 1258 3798 sola
1287 3742 1446 3799 nobis
1474 3742 1525 3798 vi
1560 3742 1787 3797 internae

169 3828 563 3898 inspirationis
593 3831 853 3900 aperitur.
884 3832 951 3886 Et
987 3833 1055 3888 de
1102 3836 1269 3889 verbo
1298 3834 1416 3905 ejus
1462 3832 1580 3890 sine
1606 3833 1787 3891 verbis

172 3937 243 3977 ac
271 3921 511 3992 syllabis
539 3938 634 3979 cor
663 3924 907 3990 docetur,
937 3925 1081 3995 quod
1112 3927 1359 3981 auditum
1387 3927 1565 3996 aperit
1592 3934 1645 3981 et
1692 3926 1778 3980 ba-

171 4013 310 4070 bere
338 4014 584 4069 sonitum
612 4014 810 4083 nescit,
834 4017 976 4071 sicut
1014 4017 1209 4087 legitur
1266 4018 1320 4073 in
1352 4018 1503 4074 Actis
1531 4018 1781 4089 apostoli-

173 4105 279 4171 cis,
307 4104 462 4175 quod
491 4103 728 4176 Spiritus
756 4115 980 4163 sanctus
1007 4106 1256 4179 Philippo
1283 4110 1480 4164 dixerit
1506 4126 1518 4163 :
1544 4109 1786 4180 Adjunge

175 4206 225 4250 te
262 4196 339 4250 ad
391 4212 632 4251 currum.
683 4197 752 4252 Et
790 4213 916 4253 cum
958 4199 1027 4253 ad
1068 4182 1418 4255 evocandum
1440 4200 1664 4257 Petrum
1714 4201 1784 4257 ti-

174 4297 402 4345 mentes
442 4286 731 4345 Dominum
780 4290 983 4349 milites
1022 4290 1307 4348 Cornelius
1351 4293 1677 4360 direxisset,
1729 4293 1785 4349 in

175 4391 369 4438 mente
419 4381 778 4451 proculdubio
810 4399 841 4437 a
885 4382 1092 4454 Spiritu
1140 4383 1333 4440 Petrus
1374 4386 1616 4441 audivit:
1650 4386 1788 4441 Ecce

176 4484 284 4528 tres
319 4474 428 4527 viri
465 4483 707 4544 quierunt
736 4470 953 4546 te'(Act.
996 4474 1218 4546 x).Cum
1248 4492 1376 4532 vero
1404 4492 1501 4547 per
1536 4477 1788 4548 angelum

179 4564 455 4620 Dominus
494 4564 829 4620 voluntatem
862 4581 1018 4620 suam
1053 4565 1273 4632 indicat,
1328 4567 1618 4638 aliquando
1662 4584 1782 4622 eam

179 4658 371 4713 verbis
407 4657 530 4713 sine
565 4657 674 4715 ulla
719 4656 954 4729 imagine
982 4659 1337 4722 demonstrat,
1387 4660 1528 4714 sicut
1555 4660 1785 4715 Domino

179 4750 403 4807 dicente
444 4769 457 4805 :
493 4748 678 4817 Pater,
719 4751 955 4821 clariﬁca
986 4751 1187 4805 Filium
1231 4761 1400 4817 tamn,
1435 4761 1488 4804 ut
1541 4762 1588 4806 et
1616 4749 1788 4807 Filius

178 4852 304 4898 tuus
350 4842 613 4913 clariﬁcet
648 4852 697 4897 te
728 4841 911 4914 (Joan.
964 4843 1060 4915 χι),
1118 4844 1366 4914 protinus
1416 4843 1787 4913 respondetur,

179 4932 516 5006 elariﬁcavi,
568 4945 617 4991 et
668 4936 859 4992 iterant
911 4937 1234 5007 clariﬁcabo.
1278 4938 1581 5009 Aliquando
1630 4940 1791 4997 rebus

179 5029 303 5085 sine
322 5029 540 5095 verbis,
571 5030 714 5085 sicut
736 5039 791 5086 et
818 5031 1071 5086 Ezechiel
1098 5032 1287 5087 electri
1317 5033 1553 5102 speciem
1576 5034 1708 5088 vidit
1736 5035 1791 5091 in

183 5122 371 5179 medio
421 5122 567 5192 ignis
597 5122 815 5194 (Ezech.
849 5125 915 5195 ι),
940 5124 1084 5194 quod
1136 5125 1410 5196 significat
1458 5126 1793 5182 incarnatio-

182 5229 311 5271 nem
346 5212 579 5268 Christi.
624 5212 895 5268 Electrum
944 5214 1145 5284 quippe
1182 5229 1250 5269 ex
1292 5215 1409 5269 auri
1473 5217 1794 5287 argentique

185 5306 416 5362 metallo
476 5305 774 5372 miscetur,
833 5304 885 5359 in
928 5322 1033 5376 qua
1085 5302 1441 5376 permistione
1507 5319 1790 5380 argentum

184 5400 419 5470 quidem
447 5397 648 5453 clarius
674 5399 933 5465 redditur,
966 5392 1060 5453 sed
1100 5409 1280 5453 tamen
1309 5396 1484 5471 lulgor
1513 5399 1631 5455 auri
1658 5410 1793 5459 tem-

184 5500 445 5563 peratur.
478 5490 621 5558 Quid
650 5504 781 5564 ergo
813 5491 866 5546 in
904 5490 1106 5547 electro
1151 5490 1252 5546 uisi
1295 5492 1563 5547 mediator
1604 5488 1697 5548 Dei
1740 5503 1795 5550 et

185 5586 487 5643 hominum
508 5586 937 5654 demonstratur,
967 5588 1058 5659 qui
1089 5590 1215 5645 dum
1250 5590 1303 5644 in
1333 5590 1627 5661 semetipso
1656 5588 1794 5645 divi-

185 5694 322 5737 nam
352 5680 763 5753 humanamque
787 5690 1037 5736 naturam
1058 5683 1380 5752 composuit,
1411 5692 1467 5738 et
1499 5682 1794 5739 humanam

186 5786 290 5842 per
316 5769 597 5827 Deitatem
626 5771 912 5828 clariorem
942 5770 1196 5838 reddidit,
1221 5782 1276 5835 et
1302 5772 1542 5828 divinam
1570 5788 1669 5844 per
1696 5773 1795 5827 hu-

189 5862 531 5923 manitatem
551 5862 753 5922 nostris
775 5864 1088 5938 aspectibus
1117 5867 1457 5936 temperavit.
1490 5866 1793 5939 Aliquando

1889 3372 2066 3420 tutem
2111 3380 2224 3421 suae
2278 3366 2628 3436 aspirationis
2676 3366 2932 3422 infundit.
2976 3366 3131 3423 Unde
3188 3365 3489 3423 Zacharias

1887 3456 1965 3511 ait
1997 3474 2014 3512 :
2044 3455 2115 3511 Et
2167 3457 2302 3512 dixit
2337 3458 2408 3513 ad
2455 3475 2538 3513 me
2568 3458 2808 3531 angelus,
2839 3459 2931 3531 qui
2961 3457 3272 3531 loquebatur
3299 3458 3358 3513 in
3398 3473 3489 3513 me

1888 3542 2073 3619 (Zach.
2104 3547 2204 3620 n);
2242 3549 2370 3605 dum
2406 3550 2477 3605 ad
2520 3566 2580 3606 se
2616 3550 2858 3623 quidem,
2885 3548 2980 3605 sed
3014 3557 3197 3605 tamen
3230 3548 3289 3604 in
3318 3564 3382 3605 se
3408 3548 3490 3604 lo-

1888 3640 1983 3711 qui
2026 3639 2280 3712 angelum
2312 3641 2466 3711 djcit,
2496 3641 2702 3715 liquido
2748 3642 2987 3699 ostendit
3009 3641 3155 3712 quod
3186 3640 3234 3697 is
3269 3638 3363 3711 qui
3415 3640 3486 3695 ad

1888 3731 2067 3803 ipsum
2101 3732 2329 3789 verbum
2353 3732 2558 3789 faceret
2578 3748 2677 3805 per
2706 3748 3030 3805 corpoream
3062 3733 3299 3803 speciem
3328 3742 3485 3788 extra

1888 3837 1998 3877 non
2034 3830 2199 3877 esset.
2244 3822 2398 3879 Unde
2423 3832 2477 3880 et
2504 3824 2668 3896 paulo
2694 3832 2816 3895 post
2844 3824 3084 3879 subdidit
3108 3842 3122 3877 :
3146 3823 3216 3878 Et
3247 3839 3362 3878 ecce
3389 3840 3480 3877 an-

1888 3912 2033 3983 gelus
2081 3914 2172 3983 qui
2220 3913 2528 3986 loquebatur
2576 3916 2632 3969 in
2676 3932 2781 3982 me,
2830 3916 3213 3987 egrediebatur.
3258 3914 3489 3989 (ΜΑυιι.)

1882 4004 2173 4075 Quomodo
2196 4017 2375 4064 autem
2407 4008 2633 4082 angelus
2668 4008 2869 4081 Joseph
2901 4010 3217 4081 apparuerit
3261 4010 3489 4065 demon-

1890 4108 2119 4168 stratur,
2150 4117 2273 4156 cum
2293 4101 2496 4158 dicitur
2520 4102 2573 4157 in
2600 4104 2818 4168 somnis,
2848 4100 2904 4157 id
2924 4109 3004 4158 est
3027 4101 3300 4171 quomodo
3322 4098 3492 4156 Jacob

1890 4192 2094 4250 scalam
2126 4194 2261 4250 vidit
2288 4210 2387 4266 per
2418 4195 2865 4267 imaginationem
2893 4195 3148 4250 videlicet
3176 4194 3351 4250 oculis
3373 4208 3489 4249 cor-

1892 4287 1975 4341 dis
2004 4296 2303 4343 ostensam.
2339 4289 2481 4357 Quid
2524 4298 2707 4345 autem
2765 4287 2908 4345 idem
2951 4287 3177 4360 angelus
3220 4299 3489 4358 apparens

1892 4377 2091 4433 dixerit
2119 4379 2360 4434 ostendit
2395 4395 2521 4435 cum
2552 4378 2823 4435 subinfert
2847 4419 2862 4433 .

1959 4468 2176 4539 Ioseph,
2213 4468 2295 4538 ﬁli
2345 4469 2540 4536 David,
2602 4468 2710 4524 noli
2759 4470 2942 4523 timere
2988 4469 3225 4538 accipere
3255 4466 3489 4522 Mariam

1893 4561 2167 4630 conjugem
2198 4569 2363 4615 tuam.
2407 4562 2534 4615 ldeo
2581 4561 2783 4630 Joseph
2816 4560 2962 4615 illius
3007 4558 3178 4613 David
3207 4571 3329 4612 esse
3353 4556 3486 4611 dici‘

1894 4657 2003 4714 tur,
2035 4659 2093 4704 ut
2132 4650 2299 4704 Maria
2325 4666 2543 4722 quoque
2567 4652 2632 4706 de
2659 4652 2828 4721 stirpe
2871 4650 3038 4705 David
3070 4656 3485 4717 monstraretur,

1890 4740 2044 4813 juxta
2078 4742 2204 4795 illud
2237 4744 2377 4812 quod
2408 4744 2669 4814 scriptum
2697 4752 2800 4811 est,
2831 4759 2990 4798 nemo
3030 4742 3313 4815 copuletur
3334 4740 3492 4798 uxori

1894 4834 1999 4887 nisi
2030 4834 2094 4887 de
2122 4833 2262 4888 tribu
2297 4850 2394 4888 sua
2423 4853 2436 4888 :
2462 4834 2614 4901 Noli,
2642 4835 2842 4906 inquit,
2887 4838 3067 4890 timere
3104 4836 3336 4907 accipere
3377 4832 3494 4888 Ma-

1896 4926 2033 4978 riam
2062 4925 2338 4996 conjugem
2367 4936 2532 4981 tuam.
2578 4926 2656 4981 Ne
2689 4924 2935 4982 timueris
2976 4942 3077 4981 nec
3110 4924 3491 4997 trepidaveris,

1897 5037 2000 5077 nec
2028 5022 2395 5088 conturberis,
2444 5022 2540 5078 sed
2593 5038 2819 5079 securus
2862 5030 2917 5078 et
2955 5020 3259 5092 intrepidus
3303 5017 3492 5088 accipe

1896 5111 2193 5168 secundum
2231 5111 2365 5185 legis
2390 5123 2720 5185 prazceptum
2748 5129 2976 5168 uxorem
3003 5111 3101 5166 tibi
3127 5110 3485 5175 nominatam,

1896 5211 1952 5258 et
1988 5206 2287 5259 secundum
2341 5206 2653 5276 nuptiarum
2692 5203 3141 5260 consuetudinem
3170 5209 3227 5256 et
3266 5198 3493 5268 conjun-

1898 5297 2136 5352 ctionem
2164 5296 2322 5370 longe
2353 5298 2621 5365 alienam;
2648 5314 2747 5353 cur
2774 5306 2955 5353 autem
2983 5312 3094 5353 non
3128 5295 3376 5353 debuerit
3400 5308 3494 5351 ve-

1898 5386 2009 5443 reri
2038 5403 2161 5443 eam
2189 5388 2436 5460 accipere
2476 5389 2714 5447 ostendit
2739 5405 2863 5444 cum
2891 5389 3023 5444 dicit
3051 5403 3066 5442 :

1975 5502 2130 5569 Qued
2158 5503 2299 5559 enim
2327 5504 2385 5558 in
2422 5520 2486 5559 ea
2534 5514 2718 5558 natum
2741 5511 2815 5557 est
2844 5503 2909 5558 de
2938 5500 3141 5572 Spiritu
3178 5510 3362 5557 sancto
3391 5510 3487 5557 est.

1902 5594 2111 5663 Quibus
2148 5594 2395 5667 profecto
2441 5594 2624 5650 verbis
2669 5595 2863 5650 modus
2887 5594 3255 5665 conceptionis
3298 5592 3417 5662 ejus
3437 5598 3496 5649 et

1899 5686 2138 5756 dignitas
2184 5685 2364 5742 Patris
2414 5686 2694 5752 edocetur,
2726 5686 2854 5756 quia
2882 5685 3133 5757 videlicet
3177 5686 3244 5741 de
3288 5682 3491 5753 Spiritu

1903 5785 2093 5834 sancto
2118 5775 2430 5846 conceperit
2466 5785 2521 5832 et
2566 5775 2809 5847 paritura
2840 5777 2913 5831 sit
2940 5776 3239 5832 Christum.
3274 5772 3381 5827 Nec
3412 5779 3466 5823 ta

1902 5887 2030 5931 men
2073 5869 2345 5927 Christum
2376 5885 2495 5926 esse
2521 5868 2694 5927 tilium
2736 5870 2969 5941 Spiritus
3018 5878 3191 5926 sancu
3226 5866 3405 5924 dicere
3427 5863 3493 5919 li-
