3946 6484
468 408 566 465 751

1107 409 1168 464 Β.
1210 408 1466 464 RABANI
1502 408 1721 468 MAURI
1758 409 2077 469 ARCHIEP.
2120 406 2427 467 MOGUNT.
2469 405 2757 467 OPERUM
2793 405 2974 465 PARS
3009 407 3052 463 Ι.

3642 409 3769 466 752

463 523 632 588 oebit,
671 527 798 593 qu'ta
825 523 1017 579 unicus
1061 523 1163 578 iste
1203 533 1286 579 est
1327 525 1421 580 Dei
1456 524 1634 581 Patris
1671 525 2054 597 omnipotentis
2081 529 2136 590 Α
2159 523 2390 579 liberare
2433 525 2482 594 a3
2503 524 2742 594 peccatis
2777 532 2940 595 atque
2987 523 3221 589 salvare,
3267 523 3384 579 sive
3414 537 3484 579 ex
3519 521 3768 592 ludatis,

463 618 766 675 secundum
814 616 1050 672 divinam
1107 626 1269 686 atque
1323 618 1614 674 humanam
1670 619 2047 675 substantiam.

463 707 653 781 (Aug.)
685 707 822 763 Nam
848 707 1109 764 Dominus
1135 717 1320 767 noster
1345 709 1504 765 Jesus
1530 708 1780 766 Christus
1806 710 1860 764 in
1881 726 2050 781 quan-

463 808 580 856 tutn
609 799 753 856 Deus
775 807 862 856 est
894 800 1071 854 omnia
1095 817 1188 872 per
1214 801 1384 871 ipsum
1414 801 1556 871 facta
1602 811 1723 857 sunt
1756 800 1938 873 (Joan.
1974 800 2048 872 t);

461 892 519 948 in
557 902 818 963 quantum
854 901 1037 950 autem
1089 894 1273 962 homo,
1309 903 1364 950 et
1398 895 1513 966 ipse
1561 895 1736 952 factus
1762 905 1878 967 _cst,
1912 895 2054 950 sicut

462 984 594 1040 dicit
631 984 921 1056 Apostolus
947 1000 962 1039 :
987 983 1190 1041 Factus
1226 995 1300 1042 est
1341 1003 1406 1042 ea:
1442 987 1636 1042 semine
1665 987 1834 1042 David
1862 1004 2050 1042 secun-

460 1077 587 1132 dum
644 1094 856 1133 carnem
901 1077 1080 1150 (Rom.
1119 1079 1180 1150 l),
1243 1079 1336 1134 sed
1384 1095 1507 1134 cum
1559 1079 1705 1134 illam
1745 1087 2051 1135 creaturam

463 1185 627 1240 quam
658 1170 826 1242 Virgo
849 1171 1099 1241 concepit
1139 1178 1194 1225 et
1238 1172 1468 1241 peperit,
1497 1171 1745 1242 quamvis
1775 1171 1843 1226 ad
1884 1171 2054 1227 solam

455 1277 752 1333 personam
801 1262 927 1319 Filii
969 1263 1356 1334 pertinentem,
1402 1272 1517 1319 tota
1556 1263 1796 1318 Trinitas
1843 1263 2051 1328 fecerit,

385 1359 400 1412 .'
459 1375 638 1430 neque
668 1360 817 1415 enim
842 1360 1170 1428 separabilia
1200 1369 1327 1415 sunt
1349 1375 1516 1430 opera
1546 1359 1851 1425 Trinitatis,
1876 1375 1972 1415 cur
1999 1359 2054 1414 in

379 1435 387 1446 ’
457 1467 524 1507 ea
570 1451 822 1507 facienda
856 1451 1004 1507 solus
1040 1450 1276 1522 Spiritus
1313 1461 1534 1508 sanctus
1580 1452 1888 1508 nominatus
1933 1452 2056 1507 est?

456 1543 595 1600 Cum
627 1544 810 1614 itaque
844 1543 913 1600 de
941 1542 1122 1614 aliquo
1151 1551 1411 1599 nascatur
1433 1542 1635 1613 aliquid
1657 1542 1821 1597 etiam
1861 1555 1969 1596 non
1992 1555 2058 1597 eo

456 1635 620 1691 modo
647 1645 708 1690 ut
747 1637 820 1692 sit
847 1635 1013 1702 ﬁlius,
1057 1651 1159 1691 nec
1191 1651 1382 1691 rursus
1423 1634 1600 1690 omnis
1646 1633 1736 1702 qui
1771 1633 1970 1688 dicitur
1999 1632 2058 1686 ﬁ-

453 1725 560 1783 lius
606 1728 674 1784 de
721 1726 812 1783 illo
857 1727 928 1782 sit
964 1735 1129 1782 natus
1155 1725 1312 1794 cujus
1357 1725 1558 1781 dicitur
1601 1723 1782 1792 ﬁlius;
1812 1722 2057 1794 profecto

453 1819 648 1875 modus
681 1835 791 1889 quo
817 1827 979 1874 natus
1003 1826 1090 1874 est
1111 1817 1362 1874 Christus
1399 1817 1468 1872 de
1499 1815 1706 1886 Spiritu
1732 1826 1922 1872 sancto
1946 1830 2053 1870 non

2157 619 2270 674 sive
2319 632 2383 672 ex
2424 617 2674 690 gentibus
2720 617 3001 674 hominum
3038 617 3275 673 ﬁdelium
3321 625 3486 685 atque
3530 618 3776 674 creden-

2153 709 2290 764 tium
2331 709 2567 776 turbam,
2612 710 2875 780 sanguine
2896 707 3147 765 videlicet
3193 723 3292 764 suo
3338 716 3574 765 cunctos
3613 709 3772 766 redi—

2155 815 2332 867 mens,
2357 811 2533 857 morte
2559 817 2656 858 sua
2691 803 2759 858 de
2786 800 2977 857 mortis
2998 816 3093 857 eos
3116 800 3356 857 liberans
3380 808 3690 872 potestate.

2230 894 2345 950 Hoc
2371 904 2547 950 autem
2575 905 2742 950 totum
2781 895 2976 964 factum
3001 903 3076 950 est
3105 904 3164 948 ut
3191 893 3582 964 adimpleretur
3617 894 3770 964 quod

2157 987 2353 1040 dictum
2382 994 2458 1040 est
2491 1003 2527 1040 a
2552 983 2781 1040 Domino
2825 1001 2918 1056 per
2941 985 3246 1057 prophetam
3277 985 3544 1040 dicentem
3573 1000 3592 1038 :
3625 984 3772 1040 Ecce

2156 1081 2298 1151 uirgo
2318 1083 2377 1134 in
2401 1090 2548 1136 utero
2575 1080 2782 1135 habebit
2817 1090 2864 1134 et
2892 1081 3060 1150 pariet
3093 1079 3262 1148 filium
3290 1089 3342 1135 et
3371 1079 3646 1134 vocabunt
3677 1096 3772 1133 no-

2157 1193 2276 1231 men
2295 1176 2410 1246 ejus
2435 1176 2771 1242 Emmanuel,
2791 1177 2929 1248 quod
2957 1186 3032 1231 est
3053 1177 3454 1248 interpretatum
3481 1177 3767 1231 nobiscum

2157 1267 2322 1322 Deus.
2357 1267 2474 1322 Hoc
2502 1277 2680 1323 autem
2725 1277 2892 1322 totum
2922 1269 3124 1338 factum
3165 1277 3263 1334 est,
3305 1267 3484 1334 dicit;
3517 1268 3664 1338 quid
3691 1278 3768 1323 to-

2157 1357 2309 1411 tum?
2352 1355 2466 1414 Hoc
2514 1366 2618 1424 est,
2651 1357 2796 1428 quod
2844 1357 3070 1429 angelus
3117 1358 3186 1413 ad
3231 1356 3524 1429 Virginem
3571 1359 3768 1413 missus

2158 1458 2263 1516 est,
2293 1450 2438 1520 quod
2468 1450 2585 1519 ipsa
2615 1449 2784 1520 Virgo
2813 1465 2910 1506 suo
2936 1450 3243 1521 propinquo
3273 1450 3622 1520 desponsata
3647 1447 3764 1513 fuit,

2160 1542 2302 1610 quod
2331 1549 2483 1597 casta
2532 1550 2744 1596 servata
2792 1550 2896 1606 est,
2950 1541 3095 1611 quod
3141 1540 3366 1612 angelus
3417 1539 3638 1611 Ioseph
3672 1554 3766 1608 per

2160 1634 2430 1689 somnium
2468 1634 2619 1690 visus
2662 1642 2768 1700 est,
2807 1634 2952 1704 quod
3005 1632 3236 1688 Mariam
3276 1632 3538 1704 accipere
3583 1632 3766 1702 jussus

2159 1737 2263 1794 est,
2291 1728 2525 1798 et,pueri
2551 1743 2748 1785 nomen
2781 1743 2982 1784 vocare
3007 1725 3216 1795 Iesum,
3247 1735 3304 1782 et
3333 1726 3404 1781 ad
3429 1725 3569 1796 quid
3605 1724 3766 1780 illud?

2162 1823 2232 1879 Ut
2263 1823 2424 1894 Virgo
2453 1823 2618 1878 totius
2645 1824 2830 1878 mundi
2861 1831 3084 1892 pareret
3125 1822 3360 1877 salutem
3404 1828 3467 1876 et
3495 1819 3661 1890 virgo
3689 1819 3765 1873 in-

453 1912 596 1967 sicut
625 1911 788 1980 ﬁlius,
820 1919 877 1967 et
905 1911 972 1967 de
999 1909 1170 1965 Maria
1199 1909 1412 1981 virgine
1451 1909 1592 1963 sicut
1622 1907 1785 1973 ﬁlius,
1815 1907 2056 1962 insinuat
2083 1917 2130 1978 B
2160 1922 2304 1970 tacta
2332 1914 2389 1969 in
2432 1923 2754 1985 perpetuum
2800 1921 3201 1986 perseveraret.
3237 1910 3306 1967 Ut
3351 1911 3758 1981 adimpleretlr,

451 2006 610 2061 nobis
650 2006 879 2077 gratiam
906 2004 1024 2070 Dei,
1061 2020 1170 2074 qua
1218 2003 1380 2060 homo
1417 2001 1580 2057 nullis
1618 1999 2049 2071 praecedentibus

450 2096 666 2152 meritis
708 2097 765 2151 in
807 2097 925 2166 ipso
955 2096 1180 2152 exordio
1214 2104 1420 2150 natura:
1450 2109 1560 2149 suae
1588 2108 1696 2163 quo
1734 2107 1857 2148 esse
1885 2090 2050 2160 coepit

449 2189 630 2246 Verbo
653 2189 766 2245 Deo
791 2189 1138 2258 copularetur
1157 2188 1214 2242 in
1250 2196 1457 2243 tantam
1481 2202 1728 2257 persona
1755 2187 2046 2250 unitatem,

447 2287 511 2334 ut
539 2279 682 2335 idem
705 2279 820 2350 ipse
845 2288 990 2335 esset
1025 2279 1195 2334 Filius
1248 2279 1365 2346 Dei,
1412 2278 1506 2349 qui
1532 2277 1676 2332 ﬁlius
1703 2277 1963 2342 hominis,
1993 2283 2049 2332 et

451 2371 597 2428 ﬁlius
622 2372 859 2427 hominis
884 2373 976 2442 qui
999 2371 1169 2428 Filius
1198 2371 1317 2437 Dei,
1343 2387 1408 2426 ac
1433 2371 1512 2426 sic
1538 2371 1592 2425 in
1622 2380 1830 2425 natura:
1853 2371 2048 2425 huma-

451 2479 537 2518 nae
582 2465 927 2532 susceptione
975 2464 1130 2519 ﬁeret
1169 2463 1568 2534 quodammodo
1613 2463 1730 2532 ipsa
1757 2463 1934 2533 gratia
1958 2461 2047 2530 .illi

452 2553 662 2607 homini
687 2553 976 2619 naturalis,
1007 2570 1128 2624 qua:
1165 2553 1374 2609 nullum
1401 2561 1685 2624 peccatum
1729 2561 1914 2623 posset
1948 2553 2044 2608 ad-

451 2645 690 2700 mittere.
723 2644 854 2712 Qua:
875 2645 1050 2716 gratia
1077 2654 1363 2716 propterea
1389 2660 1488 2716 per
1510 2645 1774 2716 Spiritum
1797 2652 2047 2700 sanctum

448 2735 631 2791 fuerat
653 2735 1045 2808 ’signiﬁcanda,
1078 2738 1206 2808 quia
1245 2738 1360 2809 ipse
1389 2736 1610 2809 proprie
1655 2737 1736 2794 sic
1763 2746 1849 2794 est
1875 2736 2044 2806 Deus,

447 2835 509 2881 ut
539 2827 754 2883 dicatur
776 2829 942 2884 etiam
969 2829 1065 2884 Dei
1095 2830 1314 2885 donum.

519 2915 705 2972 Pariet
742 2928 918 2974 autem
947 2919 1120 2988 ﬁlium
1147 2930 1194 2975 et
1217 2921 1424 2977 vocabis
1463 2939 1651 2978 nomen
1685 2923 1800 2994 ejus
1836 2922 2042 2978 Iesum.

355 3067 358 3071 ,
447 3009 527 3064 Ac
547 3010 594 3064 si
619 3009 861 3066 diceret:
893 3010 1058 3082 Virgo
1087 3021 1330 3083 generat,
1361 3021 1416 3068 et
1441 3021 1499 3067 tu
1531 3014 1674 3069 hunc
1708 3013 1929 3069 vocabis
1947 3013 2046 3094 _Je-

448 3114 592 3166 sum,
621 3100 726 3155 hoc
750 3107 854 3167 est,
882 3101 1102 3158 vocabis
1133 3101 1278 3171 quod
1299 3112 1426 3157 ante
1453 3103 1575 3168 fuit,
1606 3104 1752 3174 quod
1777 3111 1903 3158 ante
1941 3119 2044 3158 sae-

447 3191 569 3246 cula
597 3191 936 3247 nominatum
960 3201 1081 3259 est;
1111 3208 1220 3249 non
1245 3202 1303 3249 tu
1324 3194 1374 3248 ci
1397 3209 1565 3265 pones
1591 3209 1814 3262 nomen,
1843 3210 1945 3250 nec
1977 3211 2047 3252 ex

446 3291 501 3339 te
528 3283 579 3340 ei
605 3283 928 3339 vocabulum
956 3285 1272 3351 constitues,
1307 3285 1402 3341 sed
1441 3286 1661 3342 nomina
1690 3297 1744 3342 et
1784 3301 1921 3343 voca
1947 3301 2044 3341 ex-

448 3376 699 3432 sultando
747 3374 954 3442 Jesutn,
1007 3376 1063 3432 id
1111 3386 1213 3447 est,
1258 3377 1636 3445 Salvatorem;
1675 3378 2042 3435 'Salvatorem

444 3480 573 3522 eum
597 3481 719 3523 esse
749 3476 974 3534 testare,
1022 3483 1125 3524 nec
1153 3483 1220 3524 ex
1248 3476 1492 3538 tempore
1537 3467 2041 3546 ccepissesalvare,

447 3560 544 3616 sed
566 3558 683 3628 jam
713 3559 1156 3630 antiquissimum
1201 3559 1539 3616 Salvatorem
1573 3574 1718 3615 esse.

516 3648 640 3720 Ipse
669 3651 809 3704 enim
845 3649 1048 3704 salvum
1087 3650 1245 3719 faciet
1280 3649 1532 3720 populum
1567 3665 1722 3703 suum
1743 3667 1777 3703 a
1816 3651 2042 3719 peccatis

445 3756 647 3794 eorum.
679 3738 952 3813 (Hierom)
975 3738 1133 3796 Jesus
1160 3740 1388 3796 Hebraeo
1411 3755 1662 3796 sermone
1684 3739 1937 3796 Salvator
1962 3742 2044 3796 di-

446 3836 610 3896 citur.
640 3835 1035 3908 Etymologiam
1074 3851 1204 3908 ergo
1247 3837 1484 3892 nominis
1505 3835 1836 3908 evangelista
1867 3836 2044 3908 signa-

443 3929 524 3983 vit
577 3930 808 3986 dicens:
844 3930 1066 3985 Vocabis
1118 3947 1306 3984 nomen
1347 3931 1461 3999 ejus
1511 3931 1864 3998 Salvatorem,
1915 3929 2043 4000 quia

442 4021 554 4090 ipse
580 4020 783 4075 salvum
812 4021 1251 4092 facietlpopulum
1281 4038 1456 4076 suum.
1489 4021 1606 4078 Duo
1637 4023 1781 4078 enim
1809 4038 1906 4092 per
1937 4023 2042 4078 hoc

449 4115 677 4169 verbum
711 4116 973 4185 prmelara
1013 4117 1318 4188 signantur,
1343 4117 1488 4185 quod
1526 4125 1582 4171 et
1626 4118 1770 4172 Deus
1797 4115 1964 4171 fuerit
1988 4125 2042 4172 et

445 4205 707 4261 Dominus
759 4206 910 4276 prius
967 4215 1094 4262 ante
1156 4207 1588 4263 incarnationem
1652 4207 1924 4264 Christus.
1976 4207 2044 4262 Et

445 4295 591 4366 quod
610 4297 839 4367 populus
861 4296 978 4366 ejus
999 4299 1068 4352 ab
1098 4298 1214 4367 ipso
1238 4297 1528 4352 salvandus
1542 4296 1655 4366 jam
1680 4306 1809 4352 tunc
1831 4314 2044 4353 annuu-

447 4387 704 4442 tiabatur.
736 4388 966 4460 (ΜΑυιι.)
999 4387 1114 4444 Non
1140 4389 1368 4459 populus
1391 4387 1482 4444 ille
1501 4387 1770 4460 lperﬁdus,
1808 4388 2043 4444 carnalis

445 4478 698 4534 videlicet
721 4478 886 4535 Israel
914 4479 981 4535 de
1021 4494 1128 4550 quo
1160 4480 1422 4550 scriptum
1453 4488 1539 4535 est
1571 4479 1679 4534 :In
1709 4481 1922 4550 prapria
1961 4496 2043 4534 ue-

445 4572 542 4637 nit,
569 4581 616 4626 et
645 4573 728 4626 sui
764 4588 882 4626 eum
921 4588 1026 4626 non
1053 4581 1354 4641 receperunt
1385 4571 1568 4642 (Joan.
1604 4571 1668 4643 ι).
1694 4571 1761 4626 Et
1788 4571 1956 4627 lsaias
1987 4571 2043 4626 in

2153 2011 2250 2076 ait,
2291 2009 2430 2081 quod
2475 2011 2674 2065 dictum
2723 2021 2798 2066 est
2836 2030 2870 2066 a
2912 2011 3142 2067 Domino
3176 2027 3270 2081 per
3312 2010 3638 2080 prophetam
3693 2009 3766 2063 di-

2153 2112 2373 2156 centem.
2425 2101 2642 2172 (Beda.)
2681 2102 2921 2159 Adhibet
2963 2111 3147 2158 autem
3188 2100 3533 2172 evangelista
3587 2102 3765 2170 partui

2152 2194 2402 2266 virginali
2465 2196 2630 2250 etiam
2695 2196 3002 2266 prophetici
3064 2195 3338 2252 sermonis
3405 2193 3761 2264 exemplum,

2154 2293 2216 2340 ut
2264 2293 2424 2341 tantae
2455 2286 2780 2342 miraculum
2817 2285 3118 2356 maiestatis
3164 2301 3233 2342 eo
3275 2286 3488 2343 certius
3511 2287 3764 2340 credere-

2157 2387 2269 2442 tur,
2305 2392 2413 2447 quo
2442 2377 2546 2434 hoc
2574 2395 2684 2434 non
2737 2378 2911 2434 solum
2948 2379 3063 2448 ipse
3093 2377 3302 2432 factum
3351 2376 3624 2440 crederet,
3649 2375 3763 2429 ‘sed

2155 2469 2318 2524 etiam
2342 2486 2372 2524 a
2400 2471 2664 2542 propheta
2691 2471 3015 2542 praedictum
3056 2469 3345 2525 recoleret.
3377 2467 3521 2523 Nam
3548 2477 3606 2524 et
3635 2467 3756 2520 huic

2154 2561 2521 2632 evangelistae,
2558 2563 2613 2619 id
2641 2570 2742 2627 est,
2790 2562 3064 2630 Matthzeo,
3113 2577 3283 2618 moris
3309 2570 3397 2617 est
3425 2563 3619 2616 omnia
3649 2577 3758 2630 qua:

2153 2661 2343 2708 narrat
2366 2654 2532 2709 etiam
2553 2654 2893 2726 preplteticis
2922 2651 3194 2709 atlirmare
3222 2652 3588 2708 testimoniis.
3626 2651 3755 2705 Scri-

2150 2748 2262 2817 psit
2283 2763 2519 2818 namque
2540 2747 2896 2820 Evangelium
2924 2762 3104 2813 suum,
3137 2745 3282 2802 sicut
3324 2745 3592 2815 superius
3629 2743 3755 2797 dixi-

2069 2881 2073 2884 .
2152 2855 2294 2905 mus,
2327 2839 2398 2895 ob
2433 2854 2623 2896 eorum
2649 2839 2734 2896 vel
2775 2839 3016 2894 maxime
3059 2853 3304 2903 causam,
3332 2837 3430 2907 qui
3463 2853 3536 2892 ex
3570 2834 3753 2890 Iudaeis

2153 2930 2475 2998 credebant,
2511 2943 2612 2985 nec
2638 2938 2822 2986 tamen
2853 2929 2991 3000 legis
3025 2926 3372 2984 caeremoniis
3397 2927 3661 2997 quamvis
3680 2941 3754 2979 re—

2153 3024 2266 3079 nati
2297 3023 2351 3076 in
2379 3021 2600 3078 Christo
2639 3021 2895 3076 valebant
2916 3019 3093 3076 evelli.
3123 3018 3193 3074 Et
3218 3025 3522 3089 propterea
3561 3027 3754 3086 satage

2150 3113 2246 3169 bat
2263 3129 2358 3169 eos
2379 3130 2409 3169 a
2433 3113 2640 3169 carnali
2663 3111 2797 3184 legis
2818 3119 2872 3168 et
2892 3110 3283 3182 prophetarum
3304 3123 3480 3164 sensu
3503 3108 3575 3162 ad
3597 3106 3753 3176 Spiri-

2151 3207 2339 3272 talem,
2374 3222 2496 3276 qua:
2525 3205 2594 3262 de
2615 3205 2833 3263 Christo
2861 3211 2966 3269 est,
2996 3202 3231 3274 erigere,
3269 3209 3555 3272 quatenus
3585 3214 3753 3254 sacra-

2152 3307 2334 3355 menta
2371 3297 2495 3354 ﬁdei
2526 3296 2868 3369 ,Chirstiana:
2913 3304 3066 3352 tanto
3106 3294 3356 3352 securius
3393 3295 3748 3364 perciperent,

2149 3400 2355 3464 quanto
2381 3391 2498 3447 haec
2521 3390 2794 3446 naturalia
2824 3406 2946 3446 esse
2974 3404 3135 3459 quam
3161 3404 3283 3459 quae
3305 3389 3604 3458 prophetae
3631 3402 3752 3457 pra:-

2153 3487 2408 3543 dixerant
2437 3492 2816 3557 agnoscerent.
2844 3483 2999 3548 Ecce,
3027 3481 3223 3552 inquit.
3253 3479 3375 3534 Hoc
3404 3479 3590 3550 ipsum
3619 3477 3745 3548 quod

2149 3577 2299 3644 dicit,
2331 3593 2467 3644 ecce,
2495 3574 2820 3631 admirantis
2854 3581 2939 3628 cst
2968 3572 3108 3627 tanti
3133 3570 3386 3642 mysterii
3417 3569 3741 3642 magnitudi-

2147 3683 2294 3734 nem,
2332 3675 2393 3721 ut
2418 3680 2608 3723 omnes
2636 3665 2786 3721 velut
2806 3679 2874 3720 ex
2904 3677 3097 3720 somno
3129 3661 3402 3724 suscitati,
3441 3661 3519 3715 ad
3555 3659 3658 3714 hoc
3682 3657 3740 3712 tli-

2147 3768 2293 3814 ctum
2340 3757 2616 3829 evigilent.
2650 3753 2926 3828 (Hieron.)
2955 3753 3113 3820 Ecce,
3159 3751 3253 3816 ait,
3308 3749 3472 3821 Virgo
3507 3751 3569 3804 in
3610 3760 3741 3803 utero

2147 3852 2352 3906 habebit
2377 3860 2426 3907 et
2449 3852 2618 3922 pariet
2645 3849 2838 3920 ﬁlium.
2865 3849 2975 3904 Pro
2997 3863 3063 3905 eo
3085 3853 3229 3917 quod
3255 3845 3602 3917 evangelista
3631 3844 3745 3898 llat-

2148 3943 2320 3998 thmus
2351 3943 2481 3998 dicit
2526 3944 2582 3996 in
2620 3952 2768 3996 utero
2811 3940 3042 4005 habebit,
3078 3941 3133 3993 in
3173 3937 3445 4008 propheta
3497 3937 3742 4006 scriptum

2145 4043 2247 4100 est,
2283 4034 2341 4087 in
2371 4043 2518 4087 utero
2545 4032 2788 4102 accipiet,
2817 4032 2914 4086 sed
2939 4029 3066 4100 quia
3096 4029 3363 4100 propheta
3398 4027 3591 4082 futura
3615 4041 3741 4097 pr:-

2143 4126 2298 4192 dieit,
2330 4124 2600 4197 signiﬁcat
2622 4124 2766 4195 quod
2793 4123 3036 4178 futurum
3068 4122 3158 4186 sit,
3191 4130 3247 4177 et
3273 4120 3472 4177 scribit
3500 4121 3740 4190 accipiet;

2144 4217 2475 4290 evangelista
2507 4232 2636 4272 vero
2680 4217 2808 4287 quia
2841 4231 2951 4272 non
2981 4218 3047 4271 de
3076 4215 3279 4279 futuro,
3325 4214 3424 4270 sed
3464 4215 3538 4268 de
3564 4222 3745 4283 praete-

2145 4311 2252 4366 rito
2279 4318 2470 4365 narrat
2502 4309 2811 4377 historiam,
2843 4307 3077 4363 mutavit
3099 4306 3321 4374 accipiet
3351 4314 3406 4361 et
3439 4305 3633 4374 posuit
3661 4305 3744 4356 Ita-

2146 4404 2297 4470 bebit,
2331 4404 2423 4475 qui
2452 4403 2596 4458 enim
2620 4403 2783 4457 habet
2808 4415 3152 4472 nequaquam
3177 4408 3505 4470 accepturus
3530 4406 3637 4453 est.
3663 4394 3742 4450 Se-

2145 4496 2367 4566 quitur:
2395 4494 2465 4549 Et
2492 4495 2750 4549 vocabunt
2781 4510 2970 4550 nomen
3000 4497 3116 4562 ejus
3139 4488 3485 4553 Emmanuel,
3511 4492 3654 4560 quod
3679 4499 3740 4540 est

2146 4591 2544 4661 interpretatum
2582 4588 2852 4642 nobiscum
2880 4585 3042 4640 Deus.
3069 4584 3273 4657 (Θήρ.)
3301 4583 3522 4638 Vocant
3560 4595 3736 4636 nomen

442 4677 678 4763 Ρίξνεοηδ
700 4662 920 4763 ,(ὶιιΐίδῑῖ
939 4661 1073 4717 dic“-
1096 4679 1116 4763 τ’
1138 4660 1269 4715 Τοια
1299 4661 1384 4716 die
1406 4661 1862 4763 clipundiumanus
1894 4676 2039 4763 mei”.
2066 4703 2118 4763 D
2145 4681 2263 4750 ejus
2295 4680 2448 4752 prius
2495 4678 2671 4749 angeli
2701 4678 2995 4748 psallentes
3035 4678 3092 4733 in
3118 4675 3235 4745 ejus
3264 4675 3560 4730 nativitate
3598 4683 3736 4740 atque

441 4755 513 4810 ad
553 4755 803 4825 populant
847 4770 950 4807 non
997 4753 1290 4807 credentem
1334 4761 1382 4805 et
1427 4752 1869 4806 contradicentcm
1911 4751 2040 4806 mihi

443 4847 624 4919 (Rom.
659 4845 739 4917 ι).
775 4844 882 4899 Sed
914 4843 1003 4899 ille
1025 4843 1254 4914 populus
1279 4845 1346 4899 de
1369 4859 1476 4913 quo
1501 4842 1766 4898 Dominus
1790 4857 1888 4914 per
1913 4857 2040 4912 prec

442 4940 667 5010 pltctam
707 4937 785 4992 ait
837 4954 850 4990 :
903 4934 1110 4990 Vocabo
1169 4952 1274 4990 non
1334 4934 1531 5005 plebem
1584 4953 1790 5002 meam,
1838 4935 2036 5006 plebem

442 5048 646 5097 meum;
678 5041 728 5086 et
778 5046 884 5085 non
911 5028 1330 5084 misericordiam
1363 5038 1695 5083 consecutam
1739 5028 2038 5082 misericor-

442 5123 588 5177 diam
618 5130 972 5178 consecutam.
1002 5119 1071 5174 Et
1097 5121 1192 5174 erit
1224 5120 1280 5173 in
1325 5118 1439 5174 loco
1465 5119 1553 5172 ubi
1583 5119 1783 5172 dictum
1825 5127 1898 5173 est
1931 5135 2034 5172 non

443 5218 583 5286 plebs
607 5234 721 5272 mea
748 5233 856 5283 vos,
886 5216 959 5270 ibi
986 5215 1307 5270 vocabuntur
1337 5213 1435 5282 ﬁlii
1463 5213 1562 5266 Dei
1596 5214 1695 5267 vivi
1727 5212 1903 5285 (Rom.
1929 5214 2029 5283 ix),

445 5309 571 5378 quia
611 5328 738 5380 quos
785 5310 1042 5381 praesciuit
1071 5318 1119 5362 et
1174 5305 1550 5362 Irwdestinavit
1591 5305 1684 5360 hos
1718 5308 1940 5374 vocavit,
1985 5317 2034 5362 et

443 5416 574 5472 quos
600 5401 817 5467 vocarit,
849 5400 942 5455 hos
967 5409 1014 5455 et
1037 5400 1378 5470 justi/ienuit,
1405 5415 1534 5470 quos
1565 5408 1741 5453 autem
1758 5399 2033 5469 justi/ica-

443 5493 536 5558 ινὶι,
571 5491 690 5546 illos
716 5503 762 5546 et
801 5495 1158 5564 magniﬁcavit
1191 5492 1368 5564 (Rom.
1400 5490 1552 5563 vni);
1595 5500 1649 5547 et
1685 5489 1808 5548 ideo
1830 5493 2034 5549 dictum

443 5590 525 5637 est
552 5601 563 5636 :
591 5581 715 5652 Ipse
740 5582 942 5637 salvum
981 5583 1135 5652 faciet
1162 5581 1412 5653 populum
1447 5597 1602 5635 suum
1627 5600 1661 5635 a
1683 5584 1910 5651 peccatis
1948 5600 2035 5638 eo-

444 5690 583 5739 rum,
633 5681 694 5728 ut
716 5688 844 5730 vere
879 5675 1039 5731 Deus.
1085 5674 1182 5730 Dei
1216 5674 1360 5728 enim
1387 5682 1471 5730 est
1497 5673 1725 5728 'virtutis
1755 5689 1784 5729 a
1812 5685 2035 5744 peccato

447 5773 682 5838 salvare,
730 5770 815 5826 vel
844 5780 1066 5844 peccata
1112 5770 1406 5825 dimittere.
1441 5768 1548 5823 lste
1587 5783 1720 5840 ergo
1761 5767 1903 5824 ﬁlius
1939 5769 2034 5824 Dei

447 5865 653 5925 habens
680 5865 940 5940 populum
975 5879 1154 5934 suum,
1187 5865 1361 5934 ipsum
1398 5864 1565 5932 venit,
1614 5870 1674 5919 ut
1698 5863 1899 5920 dictum
1929 5872 2034 5937 est,

2148 4774 2467 4846 gaudentes,
2493 4773 2632 4828 sicut
2682 4771 2854 4828 Deum
2879 4772 3125 4826 omnium
3154 4778 3210 4825 et
3253 4768 3464 4839 Regem
3504 4769 3659 4839 pacis
3684 4764 3735 4817 all

2148 4869 2396 4924 homines
2433 4868 2761 4922 venientem.
2811 4865 3022 4921 Deinde
3065 4861 3293 4934 apostoli
3323 4861 3606 4930 unigeniti
3634 4854 3735 4912 Filii

2145 4958 2240 5014 Dei
2269 4959 2697 5015 dominationem
2728 4965 2893 5026 atque
2918 4955 3176 5010 virtutem
3203 4951 3460 5034 omnibus
3501 4948 3735 5024 gentibus

2143 5051 2518 5121 praedicantes.
2551 5050 2632 5105 Ad
2657 5050 2773 5104 haec
2799 5058 2856 5104 et
2885 5049 3060 5105 sancti
3083 5055 3352 5118 martyres
3378 5054 3585 5101 contra
3609 5046 3734 5115 ignes

2143 5159 2199 5205 et
2223 5149 2428 5221 gladios
2463 5163 2636 5220 usque
2664 5147 2734 5201 ad
2759 5154 2992 5202 mortem
3013 5144 3351 5200 resistentes.
3379 5139 3600 5196 Deinde
3626 5150 3734 5193 cun-

2145 5245 2217 5300 cti
2269 5243 2555 5300 credentes
2613 5243 2719 5298 hoc
2769 5240 2946 5312 ipsum
3004 5251 3203 5294 nomen
3255 5248 3430 5304 usque
3476 5234 3556 5288 ad
3623 5245 3732 5288 con-

2146 5337 2562 5392 summationem
2603 5331 2788 5390 saeculi
2831 5338 3200 5387 memorantes
3243 5337 3409 5398 atque
3437 5325 3730 5380 laudantes.

2145 5427 2361 5500 (Beda.)
2386 5427 2590 5485 Nomen
2613 5427 2811 5498 quippe
2833 5424 3156 5491 Salvatoris,
3182 5437 3288 5493 quo
3305 5419 3591 5475 nobiscum
3611 5416 3730 5472 Dm

2145 5540 2173 5579 a
2201 5522 2466 5595 propheta
2494 5529 2738 5584 vocatur,
2781 5527 3072 5588 utramque
3096 5524 3346 5572 naturam
3370 5513 3543 5568 unius
3569 5522 3734 5582 perso-

2145 5631 2226 5671 ntn
2267 5615 2437 5686 ipsius
2472 5611 2762 5684 signiﬁcat.
2813 5610 2918 5678 Qui
2947 5610 3093 5665 enim
3134 5617 3258 5663 ante
3289 5616 3542 5677 tempora
3591 5609 3733 5657 nauis

2143 5722 2210 5760 ex
2254 5704 2414 5759 Patre
2459 5703 2600 5758 Deus
2648 5711 2750 5768 est,
2795 5701 2907 5770 ipse
2954 5700 3008 5754 in
3055 5697 3390 5770 plenitudine
3434 5702 3729 5764 tempoer

2144 5795 2477 5857 Emmanuel,
2510 5794 2562 5848 id
2608 5802 2712 5857 est,
2753 5791 3034 5846 nobiscum
3065 5789 3228 5853 Deus,
3278 5787 3332 5840 in
3363 5797 3526 5839 utero
3551 5781 3731 5838 matris

2145 5890 2322 5944 factus
2349 5894 2451 5954 est,
2478 5887 2604 5956 quia
2640 5893 2839 5943 nostra:
2861 5881 3209 5953 fragilitatem
3236 5887 3448 5936 natura:
3473 5879 3532 5934 in
3562 5874 3730 5943 unita-

3867 4985 3871 5042 Ι
