3946 6520
311 485 420 546 ’155

1285 477 1634 537 COMMENT.
1676 474 1743 534 IN
1782 472 2309 532 MATTIIAEUM.--
2344 474 2473 533 LIB.
2509 475 2553 533 I.

3487 479 3597 537 754

314 611 428 659 tem
473 609 720 671 personae
767 608 880 653 suae
925 595 1199 665 suscipere
1239 593 1488 664 dignatus
1535 603 1639 661 est,
1691 593 1908 663 quando
1933 593 2283 665 Aaliquam,
2348 604 2674 652 comternum
2733 596 2836 652 sibi
2889 597 3074 654 Pater-
3109 595 3296 669 genuit
3355 595 3594 669 Filium;

326 693 552 749 Verbum
572 706 697 744 caro
724 690 924 760 factum
951 697 1025 743 est
1055 697 1102 742 et
1124 688 1373 743 habitavit
1403 690 1459 742 in
1486 688 1651 742 nobis.

386 782 694 852 Exsurgens
720 788 894 833 autem
923 778 1118 848 Ioseph
1149 796 1180 832 a
1200 794 1381 832 somno
1411 779 1532 848 fecit
1552 778 1686 831 sicut
1707 792 1900 847 prlece—

310 879 389 948 pit
443 877 492 930 ei
532 873 749 946 angelus
777 873 1015 940 Domini,
1037 880 1099 935 ,ει
1123 872 1319 942 accepit
1350 872 1625 942 conjugem
1665 887 1814 924 suam
1853 879 1902 925 et

311 982 419 1020 non
447 963 758 1035 cognocebat
783 978 919 1017 eam.
941 960 1180 1032 .Accepit
1203 974 1324 1015 eam
1351 961 1421 1016 ad
1444 973 1638 1014 nomen
1659 958 1903 1029 conjugis

308 1057 384 1112 ob
410 1070 605 1112 causas
624 1069 762 1126 quas
790 1053 1158 1125 praediximus,
1186 1061 1242 1108 et
1269 1067 1377 1108 non
1404 1053 1762 1123 cognoscebat
1781 1065 1901 1107 eam

311 1148 382 1204 ad
409 1163 546 1218 opus
573 1146 856 1218 conjugale
878 1145 948 1200 ob
981 1160 1180 1201 arcana
1202 1159 1322 1216 quae
1342 1143 1626 1200 didicerat.

384 1239 560 1294 Donec
596 1238 791 1310 peperit
831 1236 1001 1306 ﬁlium
1047 1251 1199 1291 suum
1239 1235 1664 1307 primogenitum.
1715 1233 1899 1308 (Aug.)

307 1333 592 1388 Interdum
621 1332 786 1386 donec
809 1330 1036 1386 verbum
1083 1344 1238 1386 sacra
1281 1328 1494 1399 eloquia
1533 1342 1635 1398 pro
1667 1325 1899 1396 conjun-

310 1427 495 1482 ctione
514 1431 872 1497 prazsumunt,
897 1439 1003 1495 qua
1026 1422 1198 1489 velet,
1226 1421 1311 1477 vel
1341 1431 1419 1488 ut,
1447 1419 1677 1477 indicari
1697 1426 1896 1490 potest.

304 1517 378 1572 Et
407 1517 526 1572 ideo
555 1517 819 1588 scriptum
850 1524 954 1581 est,
985 1516 1146 1570 donec
1179 1514 1377 1586 peperit
1424 1513 1597 1584 ﬁlium
1626 1528 1797 1577 suum,
1845 1511 1901 1566 id

304 1617 413 1674 est,
461 1617 518 1664 et
570 1611 784 1682 peperit
829 1608 999 1664 lilium
1052 1623 1227 1665 suum.
1273 1605 1498 1680 (Hilar.)
1542 1605 1900 1679 Cognoscitur

307 1704 492 1774 itaque
522 1703 690 1759 Maria
714 1710 1101 1775 posttpartum,
1134 1702 1188 1757 id
1219 1709 1323 1767 est,
1351 1700 1547 1756 transit
1574 1700 1628 1754 in
1652 1699 1898 1769 conjugis

302 1809 534 1860 nomen;
575 1795 920 1866 cognoscitur
947 1802 1150 1862 autem,
1192 1807 1301 1848 non
1332 1792 1680 1847 admiscetur.
1708 1788 1895 1863 (ΗΑΒ.)

303 1883 474 1940 Nemo
496 1884 680 1955 itaque
711 1883 1118 1955 intelligendum
1144 1891 1317 1954 putet,
1362 1883 1516 1952 quasi
1552 1888 1677 1952 post
1704 1888 1895 1935 natum

2005 686 2324 756 priusquam
2345 688 2513 744 verbo
2539 689 2786 768 veritatis
2815 690 3123 766 ad0ptionis
3149 691 3252 747 sibi
3286 689 3428 748 ﬁlios
3448 694 3598 749 redi-

2004 777 2201 831 mendo
2228 778 2471 850 gigneret
2493 780 2726 856 aliquos,
2759 789 3092 838 coaeternum
3114 781 3218 838 sibi
3244 780 3410 839 Pater
3433 792 3597 840 aiter-

1999 884 2108 923 nus
2128 871 2314 941 genuit
2335 870 2594 927 Verbum.
2628 873 2782 929 Unde
2806 875 2985 945 ipsum
3008 874 3264 942 Verbum,
3291 876 3406 946 ipse
3429 876 3595 945 ﬁlius,

2004 958 2101 1014 Dei
2135 960 2384 1017 videlicet
2433 963 2606 1019 virtus
2642 972 2697 1020 et
2735 964 3031 1034 Sapientia,
3075 964 3348 1036 loquitur:
3377 965 3491 1037 Ego
3529 983 3598 1022 es

2004 1066 2092 1103 ore
2113 1049 2357 1105 altissimi
2384 1053 2608 1123 prodivi,
2641 1056 2988 1125 primogenita
3010 1065 3130 1110 ante
3160 1073 3365 1111 omnem
3391 1068 3601 1114 creatu-

2003 1155 2117 1194 ram
2152 1140 2343 1212 (Eceli.
2394 1144 2563 1216 xxrv).
2601 1144 2822 1216 Peperit
2863 1161 2993 1218 ergo
3027 1145 3198 1202 Maria
3229 1147 3400 1203 lilium
3435 1164 3596 1204 suum

2001 1233 2442 1304 primogenitum,
2477 1235 2530 1291 id
2554 1245 2658 1303 est,
2685 1252 2796 1293 sua:
2821 1238 3138 1293 substantia:
3164 1237 3356 1293 ﬁlium.
3379 1237 3600 1309 Peperit

2000 1335 2121 1376 eum
2145 1324 2237 1393 qui
2266 1331 2323 1379 et
2366 1333 2494 1381 ante
2518 1339 2739 1382 omnem
2765 1337 3074 1384 creaturam
3096 1328 3240 1384 Deus
3274 1331 3341 1384 de
3366 1330 3478 1386 Deo
3505 1346 3599 1386 na-

2000 1420 2088 1469 tus
2113 1423 2252 1482 erat,
2275 1424 2330 1471 et
2355 1416 2413 1472 in
2431 1432 2496 1473 ea
2524 1433 2632 1490 qua
2655 1429 2876 1476 creatus
2901 1429 2987 1476 est
3012 1421 3350 1477 humanitate
3377 1437 3596 1480 omnem

1997 1507 2195 1562 merito
2217 1515 2526 1565 creaturam
2551 1512 2796 1580 praeibat.
2824 1511 3084 1584 Sequitur
3108 1531 3121 1566 :

2067 1598 2138 1652 Et
2177 1602 2378 1655 vocavit
2424 1618 2612 1658 nomen
2657 1603 2772 1673 ejus
2809 1603 3012 1659 Iesum.
3045 1603 3164 1661 Non
3211 1605 3357 1677 quod
3404 1607 3595 1664 statim

1996 1702 2120 1763 post
2156 1702 2371 1764 partum
2408 1696 2459 1750 ei
2490 1710 2687 1752 nomen
2733 1697 2838 1752 hoc
2883 1698 3222 1769 imposuerit,
3265 1700 3321 1754 id
3366 1707 3468 1766 est,
3501 1699 3596 1756 Je-

1998 1799 2140 1848 sum,
2173 1785 2300 1841 licet
2339 1786 2442 1841 hoc
2482 1796 2610 1843 ante
2650 1796 2974 1860 conceptum
3025 1788 3144 1860 ejus
3187 1792 3428 1863 angelica
3477 1793 3592 1848 sive

1996 1878 2317 1947 prephetica
2343 1880 2706 1948 praedicerent
2736 1881 2992 1948 oracula;
3021 1883 3140 1949 sed,
3170 1884 3312 1940 sicut
3329 1883 3507 1940 Lucas
3537 1885 3595 1939 in

303 1972 476 2029 tilium
508 1989 628 2030 eam
650 1974 852 2045 Ioseph
882 1974 1218 2045 cognoverit,
1264 1980 1325 2028 ut
1351 1971 1652 2027 Helvidiani
1675 1985 1898 2042 perver-
1923 1970 1973 2034 B
2001 1967 2293 2039 Evangelio
2322 1985 2422 2025 suo
2450 1971 2730 2027 evidenter
2761 1972 3022 2042 insmuat,
3071 1980 3282 2030 certum
3325 1975 3590 2046 temporis

300 2065 518 2122 sissime
552 2067 862 2137 opinantur.
903 2067 1005 2134 Qui
1053 2065 1240 2120 dicunt
1287 2064 1412 2119 inde
1451 2070 1602 2119 ortos
1636 2077 1758 2119 esse
1799 2076 1893 2120 eos

300 2175 438 2228 quos
466 2160 657 2228 fratres
686 2161 899 2215 Domini
929 2159 1206 2230 Scriptura
1259 2157 1510 2230 appellat,
1553 2165 1892 2213 assumentes

297 2252 405 2309 hoc
446 2253 502 2307 in
551 2254 880 2324 adjutorium
909 2253 992 2308 sui
1039 2252 1263 2318 erroris,
1309 2252 1454 2323 quod
1495 2251 1891 2323 primogenitus

294 2352 644 2414 nuncupatur
701 2344 992 2411 Dominus;
1051 2345 1166 2411 sed,
1214 2343 1358 2414 quod
1398 2343 1666 2399 catholica
1715 2343 1891 2414 pietas

294 2439 472 2505 docet,
503 2439 848 2494 sentiendum
876 2448 962 2495 est
987 2447 1242 2511 parentes
1266 2441 1440 2496 nostri
1478 2438 1780 2495 Salvatoris
1805 2440 1888 2494 in-

292 2537 558 2586 temerata
590 2531 760 2588 fuisse
781 2547 995 2604 semper
1018 2533 1331 2604 virginitate
1354 2532 1669 2604 praeclaros,
1697 2540 1752 2588 et
1778 2548 1888 2590 non

291 2618 450 2686 ﬁlios,
478 2621 572 2678 sed
601 2631 860 2696 cognatos
885 2638 1097 2691 eorum,
1141 2624 1334 2694 fratres
1360 2625 1594 2691 Domini,
1626 2633 1887 2682 consueto

291 2709 699 2782 Scripturarum
724 2728 876 2770 more
903 2715 1223 2785 nuncupari.
1251 2716 1430 2786 Atque
1457 2716 1528 2771 ob
1562 2715 1618 2771 id
1656 2731 1889 2789 evange-

291 2802 494 2871 listam,
541 2819 611 2860 an
650 2814 774 2876 post
800 2813 989 2860 natum
1025 2806 1224 2862 Filium
1265 2807 1363 2863 Dei
1405 2822 1528 2864 eam
1571 2810 1887 2880 cognoverit

286 2892 472 2950 dicere
505 2911 615 2952 non
653 2911 894 2964 curasse,
919 2898 1047 2968 quia
1088 2897 1221 2953 nulli
1267 2899 1334 2954 de
1359 2898 1464 2955 hoc
1505 2900 1884 2972 ambigendum

283 2987 574 3056 putaverit.
625 2987 696 3044 Et
739 2977 930 3046 revera
974 2989 1108 3045 nulli
1150 2991 1533 3062 ambigendum
1590 2999 1695 3059 est,
1741 2993 1885 3064 quod

276 3077 416 3147 justi
437 3080 718 3154 conjuges,
747 3083 944 3153 quibus
969 3083 1026 3139 in
1058 3083 1386 3156 virginitatis
1414 3084 1734 3140 castimonia
1759 3099 1885 3155 per-

282 3173 633 3230 manentibus
661 3173 759 3229 Dei
784 3173 982 3229 Filium
1019 3175 1173 3230 nasci
1200 3175 1464 3248 singulari
1492 3176 1667 3246 gratia
1695 3176 1882 3231 datum

279 3272 386 3329 est,
431 3263 740 3322 nullatenus
786 3281 855 3321 ex
905 3280 971 3322 eo
1019 3266 1288 3321 castitatis
1325 3267 1451 3337 jura
1501 3275 1771 3322 temerare
1824 3274 1880 3322 et

1998 2061 2293 2116 terminum
2337 2063 2619 2129 denotans,
2682 2065 2982 2121 secundum
3038 2066 3094 2122 id
3146 2067 3291 2136 quod
3347 2067 3404 2122 in
3469 2066 3587 2137 lege

1996 2160 2329 2221 praeceptum
2362 2159 2466 2208 est.
2499 2151 2808 2226 Postquam,
2854 2155 3052 2225 inquit,
3085 2157 3434 2212 consummati
3455 2167 3592 2237 .sttnt
3679 2195 3681 2197 ι

1995 2247 2107 2301 dies
2136 2256 2272 2312 octo,
2296 2256 2354 2300 ut
2379 2248 2843 2303 circumcideretur
2863 2265 3016 2320 puer,
3043 2257 3286 2305 vocatum
3306 2257 3382 2305 est
3404 2265 3593 2305 nomen

1993 2336 2110 2405 ejus
2138 2335 2318 2404 Iesus,
2342 2339 2479 2408 quod
2509 2347 2746 2393 vocatum
2778 2349 2852 2393 est
2887 2340 2953 2393 ab
2983 2339 3169 2411 angelo
3197 2341 3506 2414 priusquam
3535 2342 3592 2396 in

1993 2436 2141 2481 utero
2170 2429 2528 2498 conciperetur
2569 2428 2722 2501 (Luc.
2746 2429 2831 2502 ιι).
2859 2429 3018 2487 Iesus
3047 2446 3262 2502 quoque
3301 2431 3590 2498 Hebraice,

1991 2519 2185 2578 Latine
2215 2521 2501 2590 Salutaris,
2547 2523 2662 2579 sive
2698 2521 2972 2592 Salvator,
3011 2531 3074 2578 ut
3104 2525 3353 2596 superius
3382 2524 3590 2581 dictum

1991 2621 2097 2682 est,
2139 2615 2548 2687 interpretatur,
2593 2614 2747 2684 cujus
2795 2617 3136 2672 vocationem
3187 2615 3422 2672 nominis
3461 2632 3592 2688 pro-

1987 2708 2168 2778 phetis
2192 2707 2363 2780 liquet
2382 2723 2502 2765 esse
2523 2709 2918 2777 certissimam;
2950 2707 3102 2766 Unde
3124 2718 3252 2765 sunt
3274 2708 3365 2766 illa
3391 2725 3591 2782 magno
3672 2754 3674 2756 τ

1988 2800 2260 2857 desiderio
2301 2800 2525 2856 visionis
2571 2799 2689 2869 ejus
2732 2809 2972 2857 cantata.
3021 2802 3215 2855 Anima
3249 2809 3425 2855 autem
3474 2817 3592 2856 mea

1987 2893 2269 2950 exsultavit
2307 2896 2364 2949 in
2401 2893 2652 2961 Domino,
2679 2904 2730 2951 et
2756 2894 3100 2950 delectabitur
3138 2895 3194 2949 in
3218 2895 3446 2950 salutari
3472 2897 3588 2966 ejus

1989 2984 2162 3058 (Psal.
2204 2985 2424 3058 XXXIV);
2476 2986 2681 3056 Defecit
2733 2986 2790 3041 in
2837 2986 3066 3042 salutari
3109 2995 3200 3041 tuo
3249 2987 3429 3042 anima
3469 3004 3588 3042 mea

1989 3076 2162 3149 (Psal.
2211 3077 2437 3152 cxvm);
2469 3079 2551 3144 Et,
2580 3078 2696 3149 Ego
2743 3088 2920 3135 autem
2955 3079 3011 3134 in
3039 3078 3270 3135 Domino
3298 3079 3586 3151 gloriabor,

1938 3160 1941 3163 ’
1985 3171 2222 3243 gaudebo
2255 3173 2311 3226 in
2361 3171 2472 3228 Deo
2498 3170 2630 3226 Jesu
2675 3187 2788 3227 meo
2821 3170 3052 3245 (Hebae.
3091 3170 3199 3243 ιιι).
3238 3170 3307 3227 Ει
3348 3171 3587 3226 maxime

1985 3265 2117 3322 illud
2143 3284 2155 3320 :
2184 3265 2252 3320 In
2294 3267 2503 3321 nomine
2531 3276 2619 3321 tuo
2653 3265 2858 3321 salvum
2905 3282 2988 3320 me
3018 3265 3102 3335 fac
3132 3263 3308 3339 (Psal.
3337 3263 3478 3336 Lm).
3507 3263 3587 3320 Ac

281 3356 542 3428 templum
577 3358 677 3415 Dei
710 3367 1119 3416 sacrosanctum
1147 3375 1258 3415 suae
1281 3361 1489 3416 semine
1510 3360 1877 3432 corruptionis
1906 3341 1953 3407 α
1983 3357 2031 3414 si
2060 3358 2264 3414 diceret
2289 3375 2303 3411 :
2333 3356 2578 3413 Nominis
2605 3353 2684 3413 tui
2718 3357 2968 3428 gloriam,
3002 3356 3097 3427 qui
3146 3355 3398 3410 Salvator
3422 3367 3586 3411 voca-

280 3449 609 3506 attaminare
647 3459 959 3522 potuerunt.
994 3450 1303 3508 Notandum
1343 3468 1560 3524 quoque
1589 3453 1732 3523 quod
1755 3454 1877 3525 ,pri-
1912 3513 1917 3518 _

278 3540 543 3610 mogeniti
582 3555 712 3606 non,
741 3540 897 3611 juxta
938 3540 1320 3597 haereticorum
1350 3542 1743 3612 opinationem,
1773 3543 1873 3599 soli

275 3638 407 3684 sunt
431 3645 568 3700 quos
596 3631 794 3686 fratres
819 3642 1122 3702 sequuntur
1153 3633 1267 3700 alii,
1308 3634 1425 3702 sed,
1444 3633 1603 3704 juxta
1633 3637 1872 3693 auctori-
1925 3696 1928 3699 _

277 3727 447 3776 tatem
491 3721 916 3791 Scripturarum,
948 3739 1139 3780 omnes
1169 3724 1262 3796 qui
1292 3725 1453 3796 primi
1485 3726 1698 3782 vulvam
1743 3743 1871 3799 ape-
1901 3707 1936 3773 ἕξ

274 3809 443 3873 riunt,
496 3812 611 3867 sive
651 3811 849 3869 fratres
897 3829 992 3870 eos
1020 3815 1206 3886 aliqui,
1239 3829 1333 3870 seu
1372 3817 1505 3872 nulli
1550 3827 1864 3888 sequantur.

269 3902 528 3960 Attamen
565 3907 826 3964 Dominus
852 3909 1073 3979 speciali
1100 3911 1310 3966 ratione
1334 3921 1513 3982 potest
1541 3915 1870 3985 primogeni-

272 4005 361 4050 tus
391 3996 568 4053 dictus
596 3999 840 4070 intelligi,
860 4002 1017 4073 juxta
1046 4004 1150 4059 hoc
1172 4005 1317 4074 quod
1345 4006 1399 4060 in
1427 4007 1752 4079 Apocalypsi
1786 4009 1868 4064 di-

269 4090 348 4144 cit
377 4091 440 4145 de
471 4091 562 4147 illo
589 4091 827 4150 Joannes
853 4111 868 4148 :
895 4094 1000 4162 Qui
1025 4107 1100 4152 est
1131 4100 1274 4153 testis
1303 4099 1495 4168 ﬁdelis,
1539 4100 1868 4173 Primogeni-

273 4191 358 4237 tus
381 4194 732 4252 mortuorum,
760 4195 808 4240 et
842 4188 1081 4258 princeps
1111 4206 1290 4259 regum
1315 4200 1488 4245 terrm.
1524 4190 1709 4262 (Apoc.
1731 4192 1770 4264 ι)
1798 4192 1868 4247 Et

269 4275 545 4344 apostolus
574 4276 773 4332 Paulus
802 4294 817 4331 :
845 4276 984 4332 Nam
1012 4296 1140 4349 quos
1161 4281 1421 4350 prwscivit
1444 4291 1493 4334 et
1519 4282 1862 4352 prwdestina-

267 4367 340 4419 vit
372 4366 664 4436 conformes
705 4369 821 4436 ﬁeri
848 4369 1093 4439 imaginis
1134 4369 1264 4424 Filii
1296 4373 1400 4437 sui,
1447 4382 1501 4424 ut
1524 4372 1589 4425 sit
1617 4373 1726 4442 ipse
1753 4374 1863 4442 pri-

267 4459 555 4527 mogenitus
600 4459 655 4511 in
689 4459 869 4512 multis
903 4459 1155 4528 fratribus
1189 4460 1368 4529 (Rom.
1399 4462 1540 4533 vul).
1582 4462 1862 4534 Primoge-

266 4552 414 4608 nitus
453 4553 652 4624 quippe
699 4562 1035 4610 mortuorum
1067 4564 1313 4622 vocatur,
1343 4557 1470 4625 quia
1500 4564 1625 4627 post
1660 4559 1860 4614 multos

268 4644 392 4700 licet
421 4644 619 4700 fratres
660 4646 998 4713 incarnatus,
1035 4647 1245 4717 primus
1268 4649 1513 4703 omnium
1557 4651 1794 4706 surrexit
1824 4667 1856 4706 a

265 4737 515 4803 mortuis,
544 4746 599 4792 et
624 4737 770 4791 viam
799 4737 863 4792 de
894 4746 1068 4794 morte
1095 4739 1442 4794 credentibus
1470 4741 1594 4794 vitm
1618 4742 1854 4799 coelestis

264 4829 500 4898 aperuit.

333 4917 734 4991 Primogenitus
772 4921 828 4976 in
874 4921 1058 4979 multis
1108 4923 1392 4992 fratribus,
1443 4926 1570 4996 quia
1605 4933 1856 4998 quotquot

262 5024 562 5083 receperunt
592 5031 729 5079 eum,
774 5016 915 5069 dedit
965 5018 1048 5088 eis
1070 5027 1375 5086 potestatem
1414 5017 1554 5088 ﬁlios
1600 5018 1699 5074 Dei
1737 5020 1854 5088 ﬁeri

263 5102 557 5177 (Joan.1);
612 5121 844 5176 quorum
909 5115 1056 5161 recte
1095 5107 1488 5178 primogenitus
1529 5109 1850 5180 appellatur,

260 5194 388 5263 quia
409 5209 600 5251 omnes
627 5195 932 5266 adoptionis
960 5196 1098 5253 ﬁlios
1121 5200 1286 5253 etiam
1313 5207 1368 5254 et
1395 5199 1518 5255 illos
1544 5202 1637 5270 qui
1665 5201 1845 5256 incar-

259 5277 636 5357 nationis'ejus
670 5297 915 5361 tempora
943 5294 1218 5349 nascendo
1240 5305 1656 5364 praecesserunt,
1681 5296 1850 5366 digni-

260 5386 369 5433 tate
412 5371 784 5451 praégreditur.
819 5380 1097 5451 Siquidem
1123 5392 1351 5454 possunt
1382 5385 1458 5439 illi
1488 5401 1609 5439 cum
1640 5384 1847 5442 Joanne

258 5472 607 5529 veracissime
635 5473 826 5551 testari
859 5491 870 5528 :
907 5474 1044 5542 Quia
1087 5478 1177 5546 qui
1225 5486 1340 5547 post
1387 5494 1481 5531 nos
1527 5479 1686 5544 venit,
1726 5488 1846 5534 ante

258 5580 350 5617 nos
377 5565 550 5634 factus
575 5576 674 5631 est,
706 5565 759 5621 id
786 5574 888 5628 est,
919 5577 1042 5636 post
1065 5583 1163 5624 nos
1191 5571 1410 5639 quidem
1433 5571 1488 5625 in
1527 5573 1730 5627 mundo
1757 5588 1849 5644 ge-

258 5657 404 5711 nitus
431 5667 535 5725 est,
567 5660 665 5715 sed
705 5659 903 5715 merito
937 5660 1154 5716 virtutis
1183 5671 1238 5718 et
1264 5665 1414 5734 regni
1457 5665 1849 5734 primogenitus

257 5751 501 5806 omnium
527 5761 775 5808 nostrum
800 5751 924 5820 jure
951 5761 1196 5808 vocatur.
1224 5753 1328 5821 Qui
1355 5764 1408 5810 et
1435 5756 1490 5810 iu
1520 5756 1635 5827 ipsa
1667 5756 1848 5810 divina

258 5843 546 5899 nativitate
582 5859 691 5901 non
738 5844 1185 5901 inconvenienter
1233 5854 1413 5916 potest
1456 5849 1847 5920 primogenitus

258 5935 384 6003 dici,
429 5935 557 6006 quia
604 5936 920 6008 priusquam
950 5943 1260 5993 creaturam
1303 5936 1550 5996 faciendo
1595 5941 1841 6012 gigneret

1981 3449 2078 3514 ris,
2113 3449 2168 3504 in
2199 3465 2287 3504 me
2316 3448 2576 3504 salvando
2614 3448 2874 3505 clariﬁca.
2903 3446 3061 3504 Iesus
3093 3462 3238 3522 'ergo
3263 3461 3464 3504 nomen
3499 3453 3586 3503 est

1976 3541 2124 3609 Filii,
2162 3542 2253 3612 qui
2298 3558 2364 3598 ex
2401 3543 2622 3613 Virgine
2673 3550 2832 3598 natus
2862 3552 2966 3609 est,
3014 3542 3206 3612 angelo
3249 3549 3578 3612 exponente,

1976 3634 2289 3705 signiﬁcans
2318 3635 2460 3704 quod
2484 3635 2600 3704 ipse
2625 3635 2797 3691 salvet
2817 3634 3072 3706 populum
3094 3651 3254 3691 suum
3283 3649 3314 3688 a
3338 3634 3581 3705 peccatis

1939 3781 1946 3788 ,
1973 3741 2183 3783 eorum.
2219 3725 2321 3794 Qui
2344 3735 2526 3782 autem
2559 3726 2732 3784 salvat
2757 3743 2788 3782 a
2811 3728 3072 3798 peccatis,
3105 3727 3162 3782 id
3188 3731 3293 3794 est,
3326 3741 3358 3781 a
3383 3741 3575 3782 corru-

1969 3819 2248 3889 ptionibus
2293 3819 2492 3875 mentis
2536 3827 2594 3874 et
2639 3820 2904 3889 corporis,
2933 3833 3054 3889 quae
3089 3819 3159 3875 ob
3188 3825 3413 3889 peccata
3449 3833 3580 3874 con-

1973 3911 2209 3982 tingunt,
2254 3925 2356 3968 nec
2410 3925 2520 3967 non
2558 3917 2614 3968 et
2655 3912 2724 3968 ab
2765 3911 2883 3981 ipsa
2920 3917 3097 3966 morte
3149 3909 3206 3965 in
3252 3916 3574 3982 perpetuum

1971 3999 2219 4055 salvabit.

2597 4094 2827 4153 CAPUT
2861 4093 2925 4149 II.

1967 4185 2046 4241 De
2076 4187 2348 4243 nativitate
2379 4187 2575 4243 Christi
2601 4188 2658 4241 in
2686 4187 2988 4242 Bethle/tem
3017 4185 3186 4254 Iuda,
3209 4192 3258 4241 et
3280 4185 3483 4256 magis;
3505 4185 3573 4242 de

2183 4259 2310 4330 fuga
2332 4260 2386 4312 in
2411 4259 2703 4331 Egyptum
2726 4268 2772 4313 et
2798 4275 2918 4313 nece
2938 4258 3228 4328 infantum,
3255 4264 3344 4312 etc

2037 4370 2128 4444 [1.]
2157 4370 2289 4427 Cum
2315 4389 2436 4444 ergo
2465 4383 2621 4429 natus
2647 4381 2777 4428 esset
2801 4371 2957 4427 Iesus
2981 4373 3037 4426 in
3063 4369 3367 4426 Bethlehem
3391 4369 3564 4439 Iuda,

1963 4464 2019 4518 in
2047 4464 2230 4518 diebus
2266 4464 2496 4519 Herodis
2535 4467 2692 4536 regis.
2731 4463 3089 4535 (Mavn.)De
3128 4463 3412 4518 nativitate
3435 4463 3570 4533 lqui-

1963 4556 2085 4610 dem
2125 4557 2339 4612 Domini
2366 4558 2421 4611 in
2458 4556 2777 4612 Bethlehem
2810 4556 3098 4610 Mattlunus
3121 4555 3407 4625 Lucasque
3435 4569 3564 4610 con-

1962 4648 2205 4702 sentiunt
2231 4665 2245 4712 ;
2273 4649 2367 4702 sed
2391 4648 2660 4717 quomodo
2703 4657 2758 4701 et
2796 4661 2903 4717 qua
2947 4661 3112 4701 causa
3153 4645 3222 4698 ad
3262 4659 3385 4700 eam
3411 4645 3562 4700 veni-

1879 4707 1935 4769 D
1958 4749 2082 4797 rent
2117 4707 2316 4811 Ioseph
2342 4707 2614 4807 et‘Maria,
2644 4707 3091 4809 Lucas-exponit,
3117 4735 3398 4792 Matthasus
3418 4751 3560 4809 prae-

1957 4838 2229 4892 termittit.
2260 4837 2561 4905 Quomodo,
2589 4846 2645 4892 et
2673 4836 2805 4892 illud
2833 4837 2976 4907 quod
3001 4837 3222 4908 angelus
3241 4837 3559 4909 pastoribus

1957 4937 2167 4996 natum,
2204 4938 2258 4983 et
2285 4930 2340 4983 in
2367 4930 2594 4999 praesepi
2632 4929 2870 4999 positum
2909 4927 3286 4994 nuntiaverat;
3317 4936 3374 4984 et
3408 4929 3557 5000 quod

1958 5021 2247 5077 multitudo
2275 5021 2482 5075 militiae
2507 5020 2745 5076 ccelestis
2764 5018 2906 5075 facta
2935 5027 3018 5075 est
3053 5035 3178 5076 cum
3206 5014 3400 5092 angelo
3427 5019 3552 5076 lau-

1958 5114 2202 5170 dantium
2241 5114 2528 5182 Dominum
2556 5130 2570 5179 ;
2607 5121 2662 5168 et
2697 5113 2842 5183 quod
2873 5121 3140 5167 venerunt
3175 5121 3422 5183 pastores
3443 5152 3460 5178 ,
3497 5119 3554 5168 et

1956 5207 2214 5262 viderunt
2241 5221 2431 5260 verum
2469 5220 2590 5261 esse
2623 5205 2768 5275 quod
2806 5204 2886 5260 eis
2913 5203 3138 5275 angelus
3167 5202 3549 5272 nuntiaverat;

1955 5307 2010 5352 et
2036 5299 2179 5366 quod
2201 5297 2286 5351 die
2313 5295 2746 5351 circumcisionis
2773 5309 2884 5350 suae
2913 5293 3072 5350 Jesus
3102 5308 3302 5348 nomen
3327 5308 3552 5365 accepe-

1956 5389 2058 5451 rit,
2112 5387 2257 5442 Luca
2301 5402 2396 5456 per
2431 5385 2682 5440 ordinem
2724 5391 3006 5449 narrante,
3053 5383 3338 5440 Matthaeus
3382 5392 3546 5440 tacet.

1956 5477 2108 5533 Sicut
2135 5485 2324 5533 contra
2362 5477 2428 5531 de
2461 5475 2664 5545 magis,
2704 5474 2858 5529 stella
2888 5475 3042 5539 duce,
3093 5474 3161 5530 ab
3196 5472 3419 5530 Oriente
3455 5488 3550 5528 ve-

1955 5570 2227 5624 nientibus
2268 5569 2337 5622 ad
2375 5567 2667 5631 Herodem,
2706 5575 2760 5620 et
2803 5565 3006 5635 Regem
3041 5575 3225 5619 natum
3260 5564 3549 5633 quaerenti-

1952 5662 2075 5727 bus,
2106 5659 2409 5729 oblatisque
2435 5657 2753 5713 muneribus
2775 5699 2790 5722 ,
2827 5666 2882 5711 et
2907 5657 2972 5712 de
2993 5657 3167 5712 reditu
3192 5671 3405 5720 eorum,
3434 5655 3546 5709 Lu-

1952 5771 2044 5811 cas
2073 5763 2250 5820 tacet,
2284 5753 2564 5806 Matthaeus
2607 5751 2758 5806 dicit.
2797 5749 2967 5804 Natus
3003 5759 3086 5805 est
3134 5765 3262 5820 ergo
3282 5747 3544 5803 Dominus

1950 5847 2106 5902 Jesus
2131 5847 2184 5900 in
2207 5845 2425 5900 civitate
2445 5859 2566 5914 quze
2595 5843 2910 5899 Betlilehem
2935 5841 3072 5897 Juda
3098 5842 3320 5906 dicitur,
3348 5839 3416 5894 ad
3443 5837 3543 5894 dif-

1953 5937 2236 5991 ferentiam
2288 5935 2510 5991 alterius
2547 5951 2667 6005 quae
2707 5935 2760 5989 in
2789 5934 3006 5989 Galilma
3052 5933 3280 5989 habetur
3311 5932 3365 5985 in
3395 5931 3540 5987 tribu
