3946 6510
369 496 473 554 755

1028 492 1089 546 B.
1130 488 1387 544 RABANI
1423 481 1644 542 MAURI
1681 481 1998 540 ARCHIEP.
2041 477 2351 539 MOGUNT.
2391 471 2680 535 OPERUH
2715 473 2895 531 PARS
2928 473 2972 529 l.
3047 525 3076 543 ,Α

3563 469 3682 529 πθ

369 600 650 676 Zabulon;
679 607 778 664 sub
796 604 1010 660 Herode
1036 619 1184 675 rege,
1208 601 1302 673 qui
1320 601 1530 673 primus
1561 597 1627 654 de
1649 595 1967 668 alienigenis
1993 596 2044 658 Α
2069 594 2216 666 quod
2249 591 2502 649 Christus
2535 589 2668 662 ipsis
2698 585 3038 658 temporibus
3064 594 3226 643 usus
3242 625 3259 654 ,
3285 585 3680 658 prolatam-

373 705 429 760 in
468 711 624 774 gente
660 699 968 757 Iudaeorum
1013 713 1110 753 rex
1135 695 1269 764 fuit,
1317 694 1679 766 principatum
1728 702 1961 761 semper,

373 809 547 868 usque
593 792 660 848 ad
700 789 829 846 illud
874 798 1084 860 tempus
1111 789 1178 844 de
1209 785 1429 864 propria
1469 799 1658 841 eorum
1697 788 1856 853 gente
1889 788 1966 834 te-

374 885 651 954 nentibus,
685 881 839 952 juxta
881 881 1034 947 illud,
1081 875 1224 955 quod
1268 876 1438 933 Jacob
1481 873 1790 948 patriarcha
1837 870 1966 926 olim

374 977 510 1050 ipsis
537 975 867 1047 praedixerat
899 991 912 1028 :
946 971 1072 1028 Non
1107 971 1380 1041 auferetur
1403 1009 1418 1034 ,
1455 965 1668 1038 inquit,
1709 971 1968 1036 sceptrum

375 1057 440 1124 de
469 1067 615 1123 Iuda
638 1109 654 1134 ,
688 1077 736 1122 et
763 1066 874 1120 dux
899 1065 963 1118 de
1003 1061 1288 1134 femoribus
1308 1061 1423 1132 ejus
1448 1100 1463 1125 ,
1494 1057 1656 1111 donec
1691 1054 1852 1109 veniet
1879 1050 1968 1123 qui

377 1158 660 1214 mittendus
697 1165 771 1212 est
799 1197 814 1222 ,
860 1164 908 1210 et
937 1156 1045 1226 ipse
1071 1154 1169 1208 erit
1203 1149 1518 1222 exspectatio
1553 1146 1781 1217 gentium
1811 1140 1965 1214 (Gen.

380 1249 551 1322 thx).
575 1249 698 1305 Fuit
723 1256 904 1303 autem
919 1247 1008 1302 hic
1030 1243 1272 1301 Herodes
1291 1241 1432 1296 ﬁlius
1455 1238 1736 1309 cujusdam
1750 1235 1970 1305 Antipav

381 1341 501 1408 tris,
534 1349 820 1412 paternum
845 1354 1014 1410 genus
1039 1353 1108 1392 ex
1145 1335 1498 1390 idumaeorum
1533 1339 1710 1404 gente,
1742 1345 1808 1384 ex
1835 1328 1970 1383 Ara-

379 1433 509 1488 bum
547 1447 680 1488 vero
722 1430 954 1486 materni
1007 1427 1284 1503 sanguinis
1319 1425 1584 1496 originem
1627 1422 1874 1477 ducebat.
1926 1418 1973 1474 Α

385 1525 646 1579 Romanis
671 1537 885 1593 quoque
910 1527 966 1576 et
983 1518 1226 1589 Augusto
1247 1522 1571 1592 potestatem
1609 1512 1756 1584 regni
1789 1511 1846 1566 in
1875 1509 1972 1564 Ju-

385 1615 516 1671 daeis
531 1614 825 1686 accipiens,
851 1620 1137 1684 postquam
1153 1609 1438 1676 Hircanus,
1464 1607 1708 1678 pontifex
1729 1620 1917 1661 eorum
1942 1619 1975 1659 a

383 1705 600 1762 Parthis
645 1713 836 1776 captus
883 1713 934 1759 et
978 1702 1278 1758 translatus
1305 1708 1407 1756 est.
1445 1688 1752 1754 Notandum
1791 1705 1974 1752 autem

384 1799 529 1869 quod
575 1798 717 1854 sicut
757 1796 1054 1862 Abraham,
1102 1795 1188 1850 cui
1233 1792 1482 1850 Christus
1527 1791 1830 1862 promissus
1867 1797 1971 1856 est,

382 1889 798 1964 quadragesimo
825 1890 1062 1945 secundo
1093 1903 1236 1944 anno
1283 1885 1409 1942 Nini
1445 1885 1609 1958 primi
1641 1885 1782 1958 regis
1807 1883 1971 1956 Assy-

2068 691 2168 746 bus
2193 689 2306 744 suis
2339 687 2527 742 orbem
2565 691 2841 740 terrarum
2875 684 3132 738 tuendum
3155 689 3349 738 contra
3369 681 3678 754 perﬁdiam

2069 781 2360 849 distribuit,
2396 788 2452 836 et
2480 779 2646 852 jussit
2680 775 2964 850 praedicari
2989 774 3046 830 in
3077 774 3298 831 nomine
3327 773 3455 844 ejus
3481 776 3676 846 poni-

2067 876 2294 930 tentiam
2319 882 2374 929 et
2391 871 2765 929 remissionem
2785 878 3129 941 peccaton
3155 869 3210 924 in
3229 884 3428 927 omnes
3453 878 3676 942 gates.

2073 991 2076 994 ~
2139 967 2294 1035 Quod
2337 974 2518 1022 autem
2541 963 2832 1036 praedictus
2867 961 3075 1030 Caesar,
3112 962 3292 1019 victor
3328 963 3402 1018 ab
3439 962 3677 1021 Oriente

2069 1057 2300 1124 rediens,
2333 1059 2524 1130 quinto
2548 1057 2674 1112 ldus
2697 1055 2820 1113 Jan.
2849 1055 3050 1112 Urbem
3085 1055 3437 1128 triumphans
3459 1055 3674 1127 ingres-

2072 1168 2166 1208 sus
2189 1161 2302 1219 est,
2340 1166 2406 1206 ac
2423 1159 2554 1206 tunc
2573 1149 2808 1220 primum
2837 1149 2952 1220 ipse
2979 1148 3100 1204 Jani
3127 1155 3316 1220 portas
3339 1189 3356 1215 ,
3387 1149 3592 1220 sepitis
3617 1149 3677 1202 ﬁ-

2070 1243 2313 1314 nitisque
2355 1242 2608 1298 omnibus
2651 1241 2805 1298 bellis
2840 1241 3123 1308 civilibus,
3169 1241 3388 1308 clausit,
3438 1241 3552 1298 hoc
3591 1243 3679 1299 die

2071 1339 2308 1412 primum
2364 1338 2639 1411 Augustus
2688 1337 3058 1394 consalutatus
3105 1345 3190 1394 est
3225 1337 3419 1410 (quod
3475 1353 3678 1392 nomen

2075 1441 2232 1489 antea
2259 1435 2470 1488 cunctis
2495 1431 2810 1488 inviolatum
2837 1441 3000 1504 atque
3035 1431 3364 1487 inusitatum
3385 1472 3403 1496 ,
3433 1431 3679 1487 dominis

2075 1533 2288 1582 tantum
2311 1525 2459 1582 orbis
2481 1525 2627 1581 iicite
2657 1533 2976 1596 usurpatum
3005 1563 3021 1591 ,
3050 1525 3258 1595 apicem
3287 1521 3547 1579 declarat
3577 1523 3680 1578 im-

2073 1617 2235 1690 perii)
2262 1659 2276 1684 ,
2309 1625 2362 1672 et
2390 1631 2456 1671 ex
2477 1631 2542 1672 ea
2569 1617 2654 1672 die
2683 1631 2896 1672 summa
2923 1629 3103 1671 rerum
3131 1630 3197 1670 ac
3219 1624 3564 1687 potestatum
3589 1631 3680 1685 pe-

2077 1696 2176 1764 nes
2200 1723 2366 1764 unum
2391 1723 2511 1764 esse
2539 1707 2706 1778 coepit
2735 1715 2790 1762 et
2817 1708 3039 1774 mansit,
3079 1705 3226 1777 quod
3264 1705 3455 1762 (irasci
3493 1729 3680 1785 pm;-

2080 1802 2206 1872 χίαν
2249 1809 2484 1866 vocant;
2521 1814 2686 1870 porro
2719 1797 2869 1854 hunc
2899 1812 3022 1852 esse
3049 1798 3304 1854 eumdem
3335 1796 3488 1852 diem
3519 1814 3680 1869 quem

2079 1893 2455 1966 Epiphaniam,
2487 1893 2541 1948 id
2564 1902 2649 1949 est
2675 1891 3069 1963 apparitionem
3085 1931 3099 1956 ,
3137 1890 3252 1945 sive
3278 1888 3683 1946 manifestatio-

383 1983 589 2038 riorum
621 1991 782 2038 natus
808 1991 909 2048 est,
943 1982 1021 2036 ita
1053 1981 1302 2036 Christus
1337 1977 1756 2050 quadragesimo
1781 1993 1975 2033 secun—
2001 1961 2052 2024 Β
2079 1961 2203 2045 min;
2243 1986 2513 2042 Βοηιίηίρί
2542 1961 2872 2041 sacraiam
2916 1985 3272 2040 observamus
3297 2023 3316 2049 ,
3358 1998 3532 2040 nemo
3573 1997 3682 2038 οη.

384 2077 454 2134 do
489 2093 631 2132 anno
665 2076 894 2149 Augusti
934 2076 1184 2144 Cmsaris,
1228 2075 1324 2145 qui
1357 2075 1566 2144 primus
1603 2071 1974 2127 monarcbiam

387 2173 580 2238 tenuit,
608 2185 850 2238 emenso,
881 2177 1037 2226 natus
1060 2177 1162 2225 est.
1189 2167 1300 2223 Nec
1319 2169 1424 2222 hoc
1447 2174 1607 2222 vacat
1628 2181 1657 2220 a
1679 2165 1968 2237 mysterio;

382 2265 677 2322 concordat
713 2265 859 2320 enim
889 2265 945 2318 in
987 2278 1214 2320 numero
1257 2261 1515 2316 nativitas
1547 2259 1872 2329 patriarcha:
1911 2271 1976 2312 ac

382 2355 680 2410 Salvatoris
710 2355 916 2420 nostri,
947 2363 1001 2410 et
1025 2357 1160 2410 ordo
1185 2353 1511 2426 genealogis:
1548 2353 1690 2406 inter
1713 2351 1858 2421 ipsos
1879 2364 1975 2419 per

381 2447 768 2520 evangelistam
805 2447 1114 2502 Matthzeum
1151 2431 1505 2502 enumerata}.
1539 2442 1652 2498 Nec
1685 2458 1974 2498 onerosum

381 2540 544 2596 debet
586 2555 706 2596 esse
735 2539 948 2606 lectori,
995 2540 1041 2594 si
1081 2554 1168 2594 res
1209 2537 1468 2593 mirandae
1501 2551 1620 2606 qua:
1642 2534 1975 2605 temporibus

382 2632 610 2704 Augusti
650 2636 706 2696 in
753 2635 1123 2694 testimonium
1170 2634 1434 2688 adventus
1478 2629 1777 2686 Salvatoris
1801 2627 1974 2684 nostri

383 2727 714 2783 exstiterunt
737 2727 975 2782 breviter
1001 2733 1516 2782 commemorentur.

457 2818 590 2874 Nam
619 2836 744 2876 cum
771 2821 968 2894 primo,
999 2820 1060 2876 C.
1093 2819 1306 2876 Caesare
1333 2817 1600 2874 avunculo
1628 2831 1726 2873 suo
1754 2813 1977 2871 interfe-

386 2923 495 2978 cto,
524 2927 588 2966 ex
614 2912 900 2984 Apollonia
930 2914 1165 2979 rediens,
1200 2913 1401 2974 Urbem
1435 2911 1811 2982 ingrederetur
1841 2909 1974 2964 hora

383 3005 603 3060 circiter
624 3005 730 3060 diei
757 3005 940 3070 tertia,
973 3012 1194 3074 repente
1231 3003 1410 3060 lucido
1441 3017 1505 3058 ac
1537 3015 1672 3072 puro
1701 3009 1756 3056 ct
1783 3013 1976 3055 sereno

382 3096 522 3152 cmlo
557 3097 794 3158 circulus
821 3097 886 3152 ad
912 3097 1147 3168 speciem
1178 3095 1416 3151 caelestis
1445 3107 1606 3148 arcus
1629 3094 1815 3154 orbem
1847 3091 1976 3146 soils

386 3189 575 3258 ambit,
625 3189 779 3260 quasi
825 3205 951 3244 eum
997 3204 1162 3244 unum
1211 3204 1274 3244 ac
1305 3186 1745 3258 potentissimum
1787 3186 1840 3240 in
1874 3184 1979 3238 hoc

385 3282 587 3340 mundo
626 3283 907 3356 solumque
945 3281 1311 3346 clarissimum
1358 3285 1412 3338 in
1453 3283 1584 3339 orbe
1624 3266 1974 3347 monstraret,

386 3379 540 3449 cujus
565 3387 809 3454 tempore
838 3388 1097 3436 venturus
1119 3387 1264 3438 esset
1285 3379 1352 3443 ad
1376 3386 1578 3436 sancta:
1606 3375 1890 3432 Trinitatis
1917 3377 1978 3438 i1-

388 3473 512 3529 dem
539 3473 964 3550 przedicandam,
994 3474 1086 3546 qui
1116 3473 1294 3544 ipsum
1319 3471 1490 3528 solem
1523 3470 1670 3532 solus
1693 3470 1978 3532 mundum-

386 3580 492 3636 que
517 3574 690 3621 totum
731 3574 786 3622 et
815 3565 1033 3624 fecisset
1058 3575 1114 3621 et
1139 3574 1374 3638 regeret.
1404 3565 1560 3633 Quod
1591 3573 1774 3619 autem
1795 3563 1978 3638 Augu-

387 3664 505 3711 stus
534 3656 752 3730 triginta
794 3657 960 3713 millia
1007 3671 1287 3712 servorum
1331 3654 1566 3710 dominis
1611 3653 1882 3720 reddidit,
1922 3662 1978 3709 et

388 3762 484 3803 sex
513 3747 682 3802 millia
713 3763 942 3824 quorum
971 3748 1173 3807 domini
1212 3762 1320 3802 non
1361 3746 1647 3802 exstabant
1680 3744 1733 3799 in
1759 3759 1976 3800 crucem

388 3841 514 3912 egit,
551 3841 820 3914 signiﬁcat
854 3856 980 3897 eum
1011 3841 1141 3914 ipsis
1169 3839 1504 3918 temporibus
1532 3846 1844 3904 venturum,
1879 3851 1975 3890 cu-

381 3930 474 4001 jus
501 3932 751 3987 servituti
779 3934 1089 4003 quicunque
1125 3948 1182 3989 se
1208 3933 1312 3988 rite
1350 3932 1724 4003 manciparent
1751 3973 1766 3999 ,
1803 3937 1858 3988 et
1891 3927 1976 3992 tli-

388 4037 492 4094 gne
522 4021 578 4076 in
607 4031 806 4078 sanctae
849 4024 1130 4086 Trinitatis
1179 4025 1284 4085 [ide
1329 4033 1617 4094 operantcs
1663 4021 1976 4092 decalogum

388 4113 526 4184 legis
556 4114 861 4189 implerent,
899 4115 952 4172 in
979 4122 1237 4176 azternum
1263 4115 1362 4185 ipsi
1389 4131 1486 4194 per
1511 4113 1726 4171 Domini
1754 4113 1834 4170 sui
1862 4129 1978 4191 gra-

390 4204 520 4258 tiam
559 4203 821 4270 viverent,
851 4203 972 4260 illos
1011 4220 1140 4264 vero
1165 4205 1279 4284 qui,
1317 4204 1433 4278 ejus
1457 4205 1790 4262 dominatum
1822 4219 1974 4276 sper-

388 4303 601 4361 nentes,
631 4311 730 4365 per
757 4311 852 4352 sex
880 4305 1066 4351 aetates
1089 4295 1248 4366 hujus
1288 4297 1470 4352 saeculi
1496 4339 1510 4364 ,
1549 4297 1716 4352 variis
1746 4297 1894 4358 vitiis
1919 4313 1978 4353 se

389 4385 754 4458 implicantes,
781 4387 1200 4453 aberraverunt,
1226 4395 1489 4458 perpetuo
1519 4387 1760 4441 cruciatu
1789 4401 1978 4442 omnes

389 4493 510 4534 esse
550 4477 866 4548 puniendos.
911 4477 1024 4534 lioc
1053 4495 1181 4535 vero
1209 4481 1351 4549 quod
1376 4479 1619 4550 Augusto
1661 4478 1860 4533 Urbem
1888 4477 1974 4532 in—

390 4584 576 4638 gresso
604 4569 658 4624 in
694 4578 1009 4641 perpetuum
1054 4570 1127 4624 illi
1169 4569 1450 4625 tribunitia
1475 4577 1717 4638 potestas
1753 4585 1976 4625 manere

2077 2081 2315 2136 dentium
2341 2079 2534 2134 nescit.
2565 2077 2632 2132 Et
2661 2075 2789 2146 quid
2820 2076 2924 2131 hoc
2943 2075 3087 2130 aliud
3114 2075 3488 2141 demonstrat,
3521 2089 3681 2146 quam

2071 2171 2219 2227 hunc
2271 2170 2482 2226 occulto
2544 2168 2764 2240 quidem
2817 2176 3094 2240 gestorum
3143 2165 3339 2223 ordine
3397 2167 3472 2221 ad
3527 2168 3684 2222 obse-

2076 2265 2263 2336 quium
2306 2263 2718 2336 przeparationis
2745 2262 2863 2334 ejus
2899 2261 3354 2332 praedestinatum
3379 2259 3549 2317 fuisse
3569 2303 3586 2326 ,
3619 2270 3682 2317 nt

2077 2374 2140 2416 eo
2168 2359 2254 2414 die
2283 2373 2389 2438 quo
2417 2357 2507 2412 ille
2535 2355 2967 2412 manifestandus
3011 2355 3212 2410 mundo
3239 2364 3372 2426 post
3401 2355 3681 2428 paululum

2075 2459 2216 2516 erat,
2238 2451 2328 2521 qui
2351 2449 2732 2516 idololatriam,
2755 2448 2955 2505 clausis
2975 2448 3240 2504 idolorum
3267 2449 3516 2520 templis,
3539 2464 3682 2505 eom-

2074 2541 2302 2613 pescuit,
2332 2549 2389 2598 et
2413 2555 2602 2612 pacem
2629 2556 2815 2596 veram
2861 2539 3072 2598 cunctis
3109 2541 3276 2597 terris
3306 2549 3480 2613 atque
3507 2543 3682 2598 unita-

2075 2643 2184 2692 tem
2221 2634 2502 2708 religionis
2548 2635 2774 2704 obtulit,
2806 2635 2863 2690 in
2895 2635 3016 2707 ipso
3053 2634 3158 2690 iste
3189 2643 3245 2690 et
3271 2636 3433 2706 pacis
3471 2636 3681 2708 signum

2073 2727 2378 2812 praeferret,
2429 2733 2486 2782 et
2535 2725 2821 2798 potestatis
2865 2741 3064 2782 nomen
3119 2727 3480 2783 assumeret?
3537 2726 3682 2794 Quod

2075 2834 2205 2890 ergo
2231 2817 2316 2874 his
2343 2818 2681 2889 temporibus
2717 2817 2846 2873 soils
2883 2818 3100 2892 eclipsis
3133 2817 3278 2874 facta
3306 2825 3400 2873 est
3420 2827 3482 2873 et
3509 2817 3681 2874 fames

2075 2909 2252 2966 valida
2307 2911 2362 2965 in
2388 2909 2638 2966 Romano
2678 2909 2932 2981 imperio,
2985 2910 3114 2966 solis
3153 2909 3387 2981 jnstitiee
3429 2919 3490 2966 et
3535 2910 3683 2984 panis

2075 3003 2202 3059 vitae
2231 3012 2464 3060 testatur
2507 3003 2821 3058 adventum.
2857 3001 2930 3058 Et
2955 3002 3152 3058 merito
3178 3009 3310 3057 tunc
3334 3001 3422 3057 sol
3461 3001 3685 3056 munda-

2077 3111 2178 3152 nus
2202 3094 2561 3152 defectionem
2597 3095 2832 3174 patitur,
2873 3110 2929 3157 et
2953 3093 3182 3174 penuria
3206 3094 3471 3165 corporei
3501 3095 3683 3149 victus

2077 3197 2218 3268 erat,
2250 3189 2467 3272 quando
2504 3189 2598 3248 tua:
2637 3210 2760 3254 vera
2800 3194 2966 3260 venit,
3011 3210 3128 3272 qui?
3165 3186 3445 3272 illuminat
3486 3203 3685 3242 arum

2081 3287 2342 3342 hominem
2371 3287 2656 3341 venientem
2685 3287 2742 3341 in
2770 3286 2908 3341 hunc
2938 3285 3211 3352 mundum,
3241 3295 3301 3340 et
3317 3277 3425 3338 ille
3446 3278 3606 3336 cibus
3627 3293 3686 3330 ac

2080 3392 2243 3452 potus
2269 3381 2336 3436 de
2373 3379 2525 3435 oculis
2549 3380 2706 3436 datus
2741 3387 2853 3446 est,
2887 3379 2954 3436 dc
2988 3393 3095 3449 quo
3123 3377 3214 3448 qui
3241 3374 3560 3454 gustaverit
3585 3387 3684 3428 non

2081 3473 2307 3538 esuriet,
2337 3487 2514 3548 neque
2537 3472 2684 3528 sitiet
2714 3471 2767 3526 in
2790 3479 3076 3527 aeternum.
3101 3471 3291 3550 itaque
3317 3469 3559 3541 expletis
3598 3483 3687 3522 an-

2081 3566 2166 3624 nis
2193 3567 2259 3622 ab
2280 3565 2504 3621 exordio
2527 3564 2712 3626 mundi
2739 3563 2878 3624 5199
2895 3603 2912 3632 ,
2941 3561 3123 3619 Czrsar
3147 3559 3433 3638 Augustus
3467 3559 3686 3614 culina-

2081 3660 2230 3714 tione
2269 3659 2366 3714 Dei
2395 3666 2565 3714 totum
2607 3658 2793 3712 orbem
2831 3664 3100 3712 terrarum
3141 3655 3210 3709 ab
3235 3653 3469 3712 Oriente
3505 3652 3562 3707 in
3591 3649 3686 3706 0c—

2080 3749 2374 3816 cidentem,
2407 3765 2438 3802 a
2471 3747 2851 3820 Septentrione
2877 3747 2933 3806 in
2959 3745 3261 3812 Meridicm,
3291 3759 3359 3800 ac
3392 3759 3494 3817 per
3515 3751 3682 3798 totum

2081 3841 2282 3898 Oceani
2318 3840 2580 3896 circulum
2611 3855 2802 3900 omnes
2843 3847 3031 3918 gentes
3055 3853 3163 3892 una
3189 3851 3324 3912 pace
3352 3834 3680 3906 composuit.

2080 3932 2178 3990 Cui
2211 3949 2333 3988 cum
2378 3931 2582 3988 domini
2619 3945 2818 3986 nomen
2861 3945 2960 4005 per
2987 3927 3355 3985 adulationem
3397 3925 3606 3980 mimus
3633 3925 3681 3976 in

2080 4024 2208 4080 ludo
2230 4023 2486 4091 deferret,
2514 4022 2863 4094 universique
2891 4021 3242 4086 exsultantes,
3270 4018 3432 4090 quasi
3464 4018 3515 4072 ei
3536 4015 3685 4086 iuste

2081 4117 2285 4177 dictum
2323 4118 2432 4188 sit,
2473 4115 2956 4188 approbavissent,
2988 4111 3188 4183 abiecit
3211 4152 3226 4178 ,
3262 4127 3328 4167 ac
3353 4109 3685 4183 gravissimo

2081 4210 2416 4283 compescuit
2440 4210 2638 4266 edicto.
2681 4208 2750 4264 Et
2771 4207 2990 4275 merito,
3022 4206 3148 4278 quia
3176 4205 3367 4260 eodem
3393 4213 3648 4272 tempore
3666 4243 3681 4264 ,

2081 4305 2137 4362 id
2166 4313 2248 4360 est
2281 4319 2346 4362 eo
2393 4318 2553 4368 anno,
2586 4316 2748 4358 verus
2787 4299 3048 4356 Dominus
3081 4305 3240 4354 natus
3281 4297 3367 4351 es‘t
3397 4293 3681 4357 Christus,

2081 4393 2234 4464 cujus
2261 4393 2513 4452 adventui
2551 4409 2655 4464 pax
2685 4391 2788 4448 ista
2819 4388 3079 4446 famulata
3109 4395 3215 4444 est.
3247 4386 3304 4441 in
3337 4383 3493 4454 cujus
3528 4391 3680 4444 ortu,

2082 4488 2425 4546 audientibus
2438 4485 2772 4550 hominibus,
2787 4483 3122 4539 exsultantes
3138 4481 3311 4554 angeli
3324 4478 3678 4535 cecinerunt:

2082 4578 2266 4636 Gloria
2320 4581 2376 4634 in
2408 4577 2624 4634 excelsis
2669 4576 2778 4631 Deo
2802 4617 2817 4642 ,
2867 4584 2916 4630 et
2957 4576 3012 4628 in
3052 4584 3194 4628 terra
3240 4589 3347 4644 pax
3377 4571 3681 4625 hominibus

388 4677 420 4718 a
440 4672 628 4719 senatu
659 4665 934 4720 decretum
976 4674 1059 4719 est
1081 4705 1096 4730 ,
1125 4673 1180 4718 ct
1200 4663 1284 4718 his
1312 4663 1503 4717 diebus
1533 4670 1681 4718 trans
1703 4662 1941 4750 ’l‘ibcrim
1961 4704 1975 4731 ,
2004 4691 2057 4750 η
2083 4674 2229 4729 bona»
2255 4671 2556 4728 υοιαηιαιεε,
2583 4670 2700 4747 Qua
2719 4667 2938 4746 quidem
2969 4667 3252 4722 nativitate
3279 4665 3332 4719 in
3355 4662 3678 4718 Bethlehem

388 4772 419 4814 e
452 4758 674 4812 taberna
708 4757 986 4812 meritoria
1023 4757 1224 4812 fontem
1254 4758 1356 4811 olei
1388 4769 1529 4812 terra
1567 4743 1877 4824 exundavit,
1911 4772 1975 4811 ac

307 4919 313 4934 Ι
388 4864 486 4922 per
507 4857 680 4904 totum
724 4849 868 4904 diem
897 4849 1202 4920 largissime
1244 4851 1358 4904 rivo
1382 4848 1554 4916 ﬂuxit,
1599 4849 1727 4920 quid
1758 4850 1975 4905 eviden-

389 4939 496 4994 tius
525 4940 582 4995 in
603 4956 669 4996 eo
699 4939 1038 5013 signiﬁcatur
1056 4983 1071 5009 ,
1098 4957 1260 5012 quam
1300 4943 1442 5012 quod
1469 4941 1686 4996 Christo
1715 4943 1974 4996 mundum

388 5039 627 5087 intrante
668 5032 758 5104 (de
784 5048 892 5104 quo
931 5035 1190 5105 scriptum
1223 5046 1307 5092 est
1335 5057 1346 5092 :
1380 5036 1541 5092 Terra
1575 5037 1824 5109 germinet
1855 5035 1977 5090 Sal-

387 5134 615 5179 vatorem
641 5134 689 5180 et
724 5126 958 5197 regnabit
987 5127 1041 5181 in
1061 5129 1215 5181 domo
1239 5127 1404 5182 Iacob
1433 5130 1486 5182 in
1515 5139 1790 5188 (sternam,
1819 5137 1869 5180 et
1899 5143 1978 5180 re-

389 5215 478 5285 gni
512 5214 628 5285 ejus
658 5233 764 5270 non
791 5216 890 5271 erit
916 5216 1084 5288 ﬁnis),
1109 5233 1205 5286 per
1237 5225 1408 5273 totum
1437 5219 1608 5284 diem,
1645 5218 1745 5271 hoc
1774 5226 1855 5270 cst
1881 5230 1977 5285 per

390 5320 550 5360 omne
571 5313 784 5378 tempus
811 5305 1042 5362 Romani
1078 5309 1326 5380 imperii,
1361 5310 1471 5364 imo
1506 5325 1676 5378 usque
1714 5310 1778 5362 ad
1814 5308 1974 5363 linem

391 5397 577 5450 mundi
605 5413 636 5452 a
661 5397 878 5455 Christo
907 5401 1246 5456 Christianos
1275 5401 1390 5455 ﬁeri
1411 5441 1426 5465 ,
1462 5407 1654 5454 unctos
1684 5402 1750 5454 ab
1789 5408 1974 5466 uncto,

391 5494 448 5542 et
488 5485 634 5556 ipsos
669 5489 736 5542 de
769 5492 1044 5546 meritoria
1084 5494 1332 5556 taberna,
1375 5491 1478 5546 hoc
1513 5499 1610 5554 est,
1659 5492 1723 5544 de
1764 5491 1974 5561 hospita

391 5578 648 5649 largaque
671 5579 930 5649 Ecclesia,
961 5582 1243 5638 afﬂuenter
1270 5591 1325 5638 ct
1351 5583 1744 5639 incessabiliter
1765 5600 1977 5656 proces-

393 5686 570 5724 suros.
607 5670 736 5726 illud
761 5688 974 5744 quoque
1006 5676 1147 5745 quod
1177 5674 1451 5746 Augustus
1482 5675 1720 5748 legiones
1751 5692 1877 5731 suas
1909 5677 1976 5731 ad

395 5771 634 5818 tutamen
662 5763 812 5819 orbis
839 5773 1108 5821 terrarum
1139 5766 1527 5833 distribuissct,
1560 5783 1836 5836 ovansque
1862 5783 1976 5822 om-

393 5851 482 5905 nia
513 5854 789 5922 superiora
813 5855 1136 5924 populorum
1163 5856 1341 5912 debita
1367 5859 1636 5926 donanda,
1670 5859 1974 5915 litterarum

395 5943 556 6000 etiam
601 5945 968 6000 monumentis
1011 5946 1256 6013 abolitis,
1313 5951 1648 6018 censuisset,
1703 5951 1972 6024 signiﬁcat

2079 4767 2373 4832 celebrata,
2403 4765 2688 4821 Matthazus
2716 4763 2782 4819 de
2807 4777 3088 4834 magorum
3121 4762 3352 4816 adventu
3376 4755 3676 4826 subjungit,

2078 4861 2266 4916 dicens
2299 4879 2310 4914 :
3597 4905 3618 4914 ε

2153 4948 2288 5007 Ecce
2313 4949 2452 5021 magi
2481 4947 2545 5001 ab
2570 4944 2786 5000 Oriente
2808 4951 3056 5000 venerunt
3083 4940 3471 5010 Jerosolymam
3497 4937 3679 4992 dicen-

2079 5053 2154 5098 tes
2185 5061 2202 5099 :
2231 5039 2331 5096 Ubi
2351 5047 2446 5106 est,
2479 5039 2570 5110 qui
2592 5047 2747 5092 natus
2769 5047 2843 5092 est
2869 5053 2960 5090 rea:
2980 5033 3334 5090 Judmorum.’
3361 5031 3508 5103 Magi
3531 5039 3675 5094 sunt,

2011 5198 2020 5208 '
2081 5131 2174 5204 qui
2205 5132 2272 5186 de
2293 5129 2518 5202 singulis
2543 5129 2704 5190 rebus
2725 5127 3192 5200 philosophantur,
3221 5127 3314 5183 sed
3335 5123 3678 5179 consuetudo

2080 5237 2220 5292 saepe
2255 5231 2310 5276 et
2336 5235 2514 5276 sermo
2544 5219 2848 5275 communis
2890 5233 3077 5289 magos
3106 5233 3206 5287 pro
3237 5215 3500 5270 maleﬁcis
3529 5213 3678 5268 acci-

2079 5311 2175 5383 pit.
2198 5311 2301 5376 Qui
2329 5309 2487 5365 aliter
2511 5319 2686 5366 tamen
2711 5308 2978 5364 habentur
2992 5307 3131 5377 apud
3158 5315 3373 5378 gentem
3397 5320 3584 5369 suam,
3612 5317 3676 5357 eo

2081 5402 2222 5471 quod
2251 5410 2376 5456 sunt
2399 5401 2706 5478 philosophi
2736 5400 3110 5456 Chaldzeorum
3129 5441 3144 5466 ι
3174 5409 3229 5454 et
3257 5398 3325 5453 ad
3349 5397 3486 5452 artis
3513 5397 3674 5466 hujus

2081 5497 2364 5552 scientiam
2395 5511 2550 5565 reges
2577 5509 2792 5566 quoque
2845 5503 2902 5548 et
2939 5493 3210 5570 principes
3253 5491 3492 5562 ejusdem
3545 5505 3673 5561 gen-

2081 5589 2150 5645 tis
2175 5591 2354 5645 omnia
2383 5589 2604 5643 faciunt.
2636 5589 2787 5645 Unde
2816 5595 2872 5642 et
2898 5587 2950 5642 in
2983 5587 3268 5642 nativitate
3299 5583 3512 5640 Domini
3546 5579 3666 5638 Sal-
3731 5604 3741 5608 -

2081 5683 2284 5736 vatoris
2317 5682 2417 5751 ipsi
2447 5682 2678 5752 primum
2705 5689 2884 5734 ortum
2915 5678 3034 5749 ejus
3055 5678 3458 5740 intellexerunt,
3485 5683 3545 5728 et
3579 5683 3670 5727 ve-

2079 5774 2292 5828 nientes
2323 5774 2376 5826 in
2407 5780 2650 5827 sanctam
2678 5771 2997 5826 Bethlehcm
3025 5771 3388 5824 ador-avorum
3413 5776 3661 5836 puerum,

2079 5864 2232 5919 stella
2264 5864 2496 5932 desuper
2523 5861 2860 5928 ostendente,
2888 5859 3031 5917 sicut
3051 5865 3106 5916 et
3127 5846 3201 5914 illi
3233 5854 3530 5917 Jerusalem
3563 5866 3660 5910 ve-

2075 5957 2286 6013 nientes
2318 5955 2588 6010 dixerunt.
