3946 6456
259 458 362 518 757

1247 451 1600 513 GOMMENT.
1637 451 1708 508 IN
1745 449 2184 510 MATTILEUM.
2225 481 2296 494 --
2330 449 2461 508 LIB.
2500 450 2544 508 I.

3437 453 3543 513 758

293 649 298 654 δ
337 579 576 642 Vidimus
589 577 726 634 enim
739 573 1137 651 stellamejusin
1153 571 1696 641 Oriente,etvenimus
1717 571 1846 626 ado-
1871 577 1916 639 Α
1948 569 2205 628 ostendit.
2239 551 2599 644 Conﬁngam
2643 571 2788 627 enim
2835 587 2928 628 eos
2974 579 3032 627 ut
3079 573 3332 648 probaret
3357 583 3539 631 utrum

259 693 378 734 rare
398 689 538 730 eum.
561 669 643 726 Ad
669 667 1040 726 confusionem
1059 664 1386 732 Iudaeorum,
1419 673 1480 720 ut
1502 663 1842 720 nativitatem

257 765 458 826 Christi
481 779 512 818 a
535 763 784 842 gentibus
809 759 1097 824 discerent,
1125 758 1300 812 oritur
1327 755 1478 812 stella
1508 755 1564 810 in
1592 753 1838 821 Oriente,

258 873 422 940 quam
443 854 704 920 futuram,
737 851 978 918 Balaam,
1009 849 1164 922 cuius
1184 862 1528 905 successores
1553 856 1730 914 erant,
1751 863 1844 906 va-

253 949 444 1008 ticinio
471 951 737 1006 noverant
755 985 771 1008 ,
804 943 944 1002 sicut
968 942 1023 998 in
1051 941 1305 997 Numerls
1330 941 1544 1013 legitur.
1581 939 1674 996 Alt
1696 939 1843 998 enim

252 1042 398 1100 inter
425 1049 620 1096 caetera
647 1036 727 1094 sic
753 1055 765 1092 :
795 1035 1008 1092 Orietur
1031 1034 1183 1094 stella
1211 1052 1274 1090 ea:
1298 1034 1465 1090 Iacob
1484 1075 1500 1101 ,
1527 1043 1574 1090 et
1600 1042 1844 1107 exsurget

251 1135 408 1190 homo
455 1149 520 1188 e1:
553 1128 744 1186 Israel.
789 1126 978 1202 (Num.
1016 1128 1188 1200 mv.)
1231 1127 1436 1182 Idcirco
1475 1134 1653 1183 autem
1699 1127 1841 1205 magi

251 1225 393 1305 apud
423 1223 586 1282 Israel
615 1223 896 1306 ‘praecipue
928 1230 1112 1282 natum
1153 1237 1332 1294 regem
1361 1222 1644 1300 requirunt
1663 1262 1677 1286 ,
1713 1221 1841 1292 quia

246 1331 349 1390 per
388 1316 610 1372 Balaam
665 1315 730 1371 de
770 1314 935 1370 Israel
990 1315 1324 1372 nasciturum
1365 1329 1489 1372 eum
1529 1313 1836 1370 audierunt.

249 1411 271 1484 (
289 1407 451 1478 Fulg.
477 1419 496 1484 )
525 1407 676 1464 Nova
715 1409 860 1464 enim
895 1407 1049 1470 stella
1079 1422 1276 1466 novum
1307 1407 1626 1468 adventasse
1660 1406 1838 1464 homi-

245 1519 375 1560 nem
401 1501 695 1558 revelabat.
723 1501 928 1576 Quibus
953 1517 1083 1556 vero
1105 1499 1301 1567 radiis,
1331 1509 1600 1580 quantove
1635 1497 1838 1556 lumine

245 1596 397 1653 illam
441 1595 654 1660 Domini
707 1595 916 1656 stellam
960 1595 1181 1674 antiqua
1227 1594 1499 1652 credimus
1539 1601 1669 1656 tunc
1696 1594 1841 1650 inter

244 1700 393 1747 astra
420 1688 664 1752 fulsisse!
695 1687 967 1761 Quantum
998 1687 1050 1744 in
1083 1687 1365 1760 splendore
1387 1686 1686 1756 praecessit,
1718 1694 1839 1742 tan-

243 1790 360 1843 tum
399 1781 627 1864 praeibat
679 1781 734 1846 in
779 1795 1024 1842 munere.
1058 1779 1188 1850 Qua:
1227 1779 1376 1836 velut
1411 1780 1630 1851 quidam
1671 1779 1838 1834 totius

241 1871 392 1934 orbis
411 1871 622 1948 oculus,
655 1870 938 1952 caligantis
965 1870 1150 1926 mundi
1173 1879 1413 1926 veterem
1441 1871 1662 1926 novavit
1683 1885 1837 1944 aspe-

1945 664 2082 738 legis
2113 666 2362 736 peritiam
2405 668 2693 739 haberent,
2727 679 2782 727 et
2811 673 2866 728 in
2895 671 3245 731 Testamento
3285 673 3542 730 divinitus

1947 760 2252 840 conscripto
2281 761 2521 824 cmlestis
2551 763 2694 844 regis
2716 765 3054 822 nativitatem
3076 767 3382 838 potuissent
3404 781 3538 838 pra:-

1947 849 2146 907 dictam
2195 851 2454 920 invenire,
2497 861 2552 911 et
2594 856 2826 912 fortasse
2867 865 2930 912 ut
2970 857 3180 916 videret
3223 867 3406 920 utrum
3433 855 3543 912 tale

1906 943 2064 1014 'ejus
2111 946 2358 1008 nuntium
2400 948 2550 1007 laetos
2575 991 2590 1018 ,
2647 965 2717 1008 an
2763 951 2948 1011 tristes
2985 949 3211 1008 faceret.
3261 948 3539 1011 Christum

1946 1042 2094 1098 enim
2125 1059 2246 1099 eum
2273 1045 2519 1103 nominat
2544 1087 2561 1122 ,
2590 1045 2716 1117 quia
2749 1045 2904 1112 novit
2937 1043 3247 1104 Iudaeorum
3273 1059 3424 1102 more
3456 1059 3542 1101 re-

1947 1149 2040 1206 ges
2063 1135 2184 1191 oleo
2210 1137 2462 1210 perungi.

2015 1227 2083 1283 At
2106 1225 2185 1281 illi
2212 1229 2458 1284 dixerunt
2482 1270 2497 1301 ,
2534 1229 2589 1284 in
2613 1229 2914 1286 Bethlehem
2939 1230 3104 1287 Iuda.
3132 1228 3221 1286 Sic
3249 1229 3388 1284 enim
3412 1227 3544 1283 scri-

1941 1330 2090 1394 ptum
2130 1331 2202 1376 est
2228 1339 2320 1394 per
2344 1325 2647 1396 prophetam
2677 1339 2695 1378 :
2721 1324 2789 1379 Et
2811 1335 2868 1388 tu
2896 1325 3194 1386 Bethlehem
3223 1333 3367 1390 terra
3395 1320 3544 1380 Iuda

1945 1433 2274 1488 nequaquam
2325 1417 2543 1472 minima
2587 1435 2640 1473 es
2698 1418 2754 1472 in
2792 1419 3116 1490 principibus
3151 1417 3320 1474 Iuda.
3365 1415 3450 1472 Ea:
3495 1424 3544 1471 te

1942 1513 2081 1565 enim
2134 1512 2267 1565 exiet
2311 1512 2458 1577 dux,
2511 1513 2602 1584 qui
2654 1521 2791 1584 reget
2839 1511 3093 1592 populum
3151 1527 3324 1568 meum
3373 1507 3545 1566 Israel

1945 1600 2130 1675 (Mich.
2157 1601 2234 1676 v).
2285 1601 2508 1670 Micheze
2560 1611 2785 1660 utuntur
2833 1603 3145 1666 testimonio
3195 1603 3251 1662 in
3296 1617 3404 1674 quo
3450 1616 3540 1656 ar-

1941 1700 2178 1764 guuntur
2213 1693 2392 1748 nimiae
2428 1693 2716 1757 oblivionis
2740 1735 2756 1766 ,
2797 1695 2943 1766 quod
2978 1709 3087 1753 non
3123 1693 3328 1750 eisdem
3359 1691 3544 1748 verbis

1941 1785 2135 1856 quibus
2155 1787 2419 1866 propheta
2440 1787 2671 1856 dixerat,
2694 1787 3028 1847 utuntur.lta
3051 1787 3196 1844 enim
3213 1787 3290 1845 ait
3310 1787 3546 1866 prophe-

1939 1885 1996 1932 ta
2028 1895 2040 1931 :
2071 1877 2138 1932 Et
2165 1889 2220 1932 tu
2239 1877 2535 1933 Bethlehem
2557 1878 2670 1952 Eph
2681 1889 2796 1934 rata
2819 1895 3148 1958 nequaquam
3169 1877 3393 1951 parvula
3415 1895 3470 1934 es
3487 1879 3545 1932 in

240 1975 412 2031 ctum.
447 1965 652 2040 (Greg.)
681 1950 788 2027 Sed
816 1965 1164 2038 quaerendum
1193 1965 1346 2020 nobis
1375 1973 1459 2020 est
1483 1965 1738 2036 quidnam
1767 1965 1838 2030 sit
1865 1950 1916 2012 Β
1944 1969 2175 2032 millibus
2210 1971 2375 2026 Iuda.
2407 1971 2490 2026 Ea:
2514 1982 2561 2026 te
2583 1950 2708 2029 mihi
2728 1950 3022 2043 egredietur
3044 1973 3133 2046 qui
3159 1950 3224 2028 sit
3245 1971 3547 2029 dominator

240 2053 388 2124 quod
409 2052 770 2134 Bedemptore
802 2060 966 2118 nato,
1001 2051 1312 2126 pastoribus
1351 2051 1406 2106 in
1441 2049 1624 2106 Iudaea
1672 2067 1842 2126 auge-

240 2143 333 2200 lus
355 2144 638 2226 apparuit,
685 2153 842 2224 atque
871 2146 939 2199 ad
969 2143 1304 2199 adorandum
1347 2145 1492 2199 hunc
1523 2143 1592 2198 ab
1621 2141 1841 2200 Oriente

242 2254 457 2316 magos,
487 2255 598 2304 non
625 2237 846 2315 angelus
873 2279 888 2310 ,
919 2238 1014 2302 sed
1038 2237 1190 2293 stella
1225 2237 1496 2320 perduxit.
1522 2235 1657 2305 Quia
1691 2237 1842 2297 scili-

239 2339 331 2388 cet
383 2329 582 2396 Judazis
646 2339 904 2406 tanquam
969 2329 1182 2388 ratione
1235 2329 1512 2396 utentibus
1576 2327 1844 2387 rationale
1892 2353 1896 2356 ·

237 2427 482 2496 animal,
539 2426 594 2490 id
645 2433 730 2491 est
777 2424 1041 2506 angelus,
1087 2423 1383 2498 praedicare
1436 2422 1658 2488 debuit;
1710 2437 1842 2494 genu

239 2519 368 2578 tiles
409 2535 560 2589 vero,
603 2521 732 2596 quia
775 2519 989 2586 ratione
1025 2519 1103 2574 uti
1157 2519 1491 2588 nesciebant,
1534 2519 1602 2573 ad
1634 2531 1840 2588 cogno-

237 2612 503 2677 scendum
546 2612 834 2673 Dominum
890 2628 998 2668 non
1051 2626 1149 2687 per
1194 2625 1426 2684 vocem,
1481 2611 1575 2666 sed
1622 2625 1720 2690 per
1768 2609 1844 2664 si-

235 2723 345 2778 gna
374 2707 765 2786 perducuntur.
801 2705 956 2770 Unde
995 2706 1160 2762 etiam
1205 2720 1302 2786 per
1329 2704 1555 2760 Paulum
1588 2705 1788 2761 dicitur
1825 2723 1839 2760 :

237 2797 529 2871 Prop/retia
559 2800 824 2872 ﬁdelibus,
853 2818 959 2864 non
997 2799 1341 2873 inﬁdelibus;
1379 2799 1530 2880 signa
1556 2809 1732 2856 autem
1760 2799 1842 2854 in-

230 2891 507 2972 ﬁdelibus,
549 2911 653 2958 non
694 2893 936 2964 fidelibus
992 2891 1045 2968 (Ι
1071 2895 1193 2950 Cor.
1241 2895 1378 2970 xiv).
1426 2895 1496 2950 Et
1540 2893 1840 2952 notandum

235 2982 386 3076 quod
407 2982 826 3076 Redemptorem
854 2993 1100 3046 nostrum
1124 3001 1247 3050 cum
1273 2986 1386 3065 jam
1416 2985 1670 3076 perfectae
1694 2992 1844 3042 esset

234 3074 419 3132 aetatis
457 3075 662 3135 eisdem
685 3077 936 3150 gentibus
972 3079 1202 3157 apostoli
1236 3074 1535 3151 praediCant
1557 3122 1572 3147 ,
1607 3094 1844 3160 eumque

233 3166 528 3243 parvulum
561 3175 615 3232 et
656 3169 886 3232 necdum
916 3186 1018 3252 per
1046 3172 1269 3228 humani
1313 3174 1561 3252 corporis
1603 3171 1842 3236 cilicium

233 3257 551 3332 loquentem
581 3259 738 3324 stella
781 3251 1033 3340 gentibus
1075 3263 1379 3320 denuntiat.
1412 3251 1551 3336 Quia
1580 3264 1842 3328 nimirum

235 3329 472 3418 rationis
493 3353 629 3414 ordo
648 3329 908 3427 poscebat
936 3362 998 3410 ut
1021 3363 1076 3412 et
1104 3329 1735 3430 loquentemVDominum
1763 3356 1843 3414 Ιο-
1868 3329 1916 3396 C

232 3454 472 3520 quentes
491 3447 650 3510 nobis
672 3449 1058 3530 praedicatores
1081 3449 1506 3518 innotescerent,
1533 3457 1589 3514 et
1611 3450 1843 3506 necdum

235 3539 554 3616 loquentum
579 3541 850 3608 elementa
879 3551 1030 3608 mnta
1055 3543 1433 3622 praedicarent.

319 3635 556 3704 Audiens
587 3645 765 3699 autem
794 3635 1030 3701 Herodes
1067 3655 1160 3701 rea:
1189 3639 1430 3700 turbatus
1451 3645 1550 3712 est,
1587 3645 1635 3693 et
1672 3637 1843 3700 omnis

237 3731 579 3807 Ierosolyma
601 3745 720 3792 cum
753 3747 834 3795 ea,
861 3729 997 3788 Coeli
1023 3731 1171 3805 Rege
1201 3741 1362 3802 nato,
1403 3749 1498 3792 rex
1529 3739 1693 3792 term
1731 3742 1844 3790 tur-

237 3822 410 3884 batus
443 3829 548 3892 est,
578 3821 705 3902 quia
728 3821 986 3882 nimirum
1015 3831 1233 3880 terrena
1260 3823 1489 3883 altitudo
1512 3865 1528 3894 ,
1559 3825 1844 3890 confundi-

239 3923 338 3975 tur
384 3929 509 3980 cum
555 3915 822 3980 celsitudo
873 3915 1112 3984 caelestis
1165 3918 1430 3996 aperitur.
1481 3915 1726 3998 (Fulg)
1778 3918 1845 3983 Et

239 4006 450 4072 frustra
493 4005 734 4070 Herodes
760 4009 1009 4072 turbatur
1033 4008 1434 4087 suspicionibus
1461 4050 1479 4077 .
1520 4009 1672 4066 falsis
1716 4025 1846 4075 nec-

239 4099 544 4176 quidquam
575 4099 836 4171 agitatur,
870 4099 1088 4164 invidiae
1114 4101 1350 4166 stimulis
1375 4100 1762 4172 inﬂammatur,
1789 4109 1846 4156 et

242 4189 316 4254 ob
344 4191 450 4256 hoc
489 4199 678 4256 natum
725 4189 926 4272 {legem
969 4193 1221 4274 occidere
1266 4202 1515 4254 conatur.
1548 4193 1730 4258 Inanis
1761 4203 1845 4256 est

241 4283 354 4344 ista
383 4283 618 4349 turbatio
641 4291 698 4348 et
729 4299 872 4348 vena
897 4299 1124 4364 prorsus
1152 4285 1440 4361 cogitatio;
1477 4284 1592 4350 Rex
1622 4286 1726 4352 iste
1749 4286 1843 4364 qui

242 4382 410 4440 natus
441 4382 528 4434 est
558 4391 670 4432 non
713 4375 864 4436 venit
909 4392 1064 4452 reges
1101 4393 1360 4455 superare
1391 4378 1703 4456 pugnando,
1749 4379 1845 4438 sed

241 4465 530 4530 moriendo
561 4464 884 4530 mirabiliter
902 4465 1211 4538 subiugare.
1239 4466 1351 4528 Nec
1377 4469 1498 4532 ideo
1529 4475 1688 4534 natus
1717 4477 1840 4535 est,

244 4567 306 4622 ut
336 4556 539 4622 Herodi
579 4560 867 4628 succedat,
913 4561 1010 4620 sed
1043 4569 1104 4625 ut
1146 4561 1200 4616 in
1247 4577 1372 4626 eum
1399 4564 1634 4620 mundus
1671 4563 1845 4626 fideli-

245 4660 338 4712 ter
379 4653 591 4712 credat.
635 4653 796 4716 Venit
833 4655 976 4713 enim
1017 4671 1127 4716 non
1160 4662 1223 4717 ut
1260 4664 1464 4728 pugnet
1505 4657 1698 4728 vivus.
1747 4657 1845 4722 sed

243 4753 306 4802 ut
359 4744 657 4818 triumphet
709 4746 944 4810 occisus.
998 4745 1112 4816 Nec
1155 4748 1304 4812 venit
1351 4755 1413 4808 ut
1459 4748 1564 4814 sibi
1611 4750 1680 4808 de
1719 4749 1842 4809 aliis

241 4837 501 4908 gentibus
540 4853 680 4902 auro
725 4840 1026 4906 exercitum
1065 4848 1307 4912 qumrat,
1359 4841 1456 4904 sed
1499 4849 1558 4904 ut
1608 4857 1709 4912 pro
1735 4841 1841 4908 sai-

245 4929 442 4992 vandis
461 4930 716 5004 gentibus
747 4932 1063 5004 pretiosum}
1088 4932 1406 5003 sanguinem
1441 4931 1650 4990 fundat.
1685 4932 1840 5005 Quod

245 5029 434 5088 autem
469 5021 604 5088 dicit
637 5008 853 5083 turbatb
890 5023 1101 5080 Herode
1137 5032 1304 5086 totam
1342 5023 1647 5090 Jerusalem
1675 5022 1840 5088 simul

249 5127 376 5178 cum
419 5113 514 5176 illo
556 5115 806 5184 turbari,
843 5116 960 5176 sive
998 5115 1322 5180 adulationis
1368 5115 1552 5180 favore
1601 5116 1708 5180 hoc
1753 5116 1836 5173 fa-

252 5218 402 5272 ctum
427 5222 548 5268 esse
581 5207 855 5274 credimus
879 5249 894 5278 ,
936 5215 997 5264 ut
1030 5209 1274 5274 inetnbra
1299 5208 1483 5278 iniquo
1519 5207 1684 5280 capiti
1716 5223 1842 5270 cpn-

249 5299 516 5367 sentiaat,
545 5300 688 5363 sicut
711 5301 973 5384 scriptum
1001 5309 1094 5363 est
1119 5318 1134 5356 :
1164 5299 1333 5364 Amici
1359 5299 1580 5362 diuitum
1605 5299 1844 5372 plurimi,

253 5401 302 5446 st
333 5393 487 5454 diviti
521 5392 734 5464 decepto
760 5393 914 5453 multi
951 5403 1358 5466 recuperatores.
1403 5391 1632 5454 Locutus
1649 5404 1728 5458 est
1755 5412 1846 5456 su-

257 5486 410 5556 perbe
435 5497 487 5550 ct
507 5486 926 5558 Justiﬁeaperunt
948 5486 1098 5546 illum
1123 5487 1142 5558 (
1157 5485 1316 5548 Prop.
1348 5503 1437 5546 xw
1455 5487 1506 5558 );
1543 5487 1657 5542 sive
1678 5487 1845 5547 animi

257 5578 408 5646 odio.
431 5594 500 5641 eo
525 5579 673 5660 quod
692 5579 934 5652 legerent
959 5578 1014 5636 in
1044 5579 1333 5650 prophetia
1353 5577 1572 5644 Balaam
1603 5596 1615 5632 ε
1642 5577 1718 5634 De
1755 5576 1845 5634 Ja-

263 5673 364 5733 eob
387 5675 514 5742 erit,
543 5675 637 5746 qui
669 5675 1005 5742 dominetur,
1030 5684 1086 5734 et
1108 5674 1298 5744 perdat
1317 5672 1555 5744 reliquas
1574 5671 1842 5731 civitates.

333 5766 402 5824 Et
423 5784 742 5840 congregans
759 5785 938 5830 amnes
959 5769 1218 5840 principes
1253 5767 1586 5824 sacerdotum
1615 5776 1662 5823 ct
1699 5765 1850 5828 Scri-

263 5861 356 5920 bas
381 5862 584 5936 populi,
610 5865 975 5924 sciscitabatur
1007 5881 1072 5922 ea:
1107 5863 1183 5921 eis
1223 5864 1310 5920 ubi
1337 5863 1578 5925 Christus
1603 5879 1849 5927 nasccrw

271 5961 371 6016 tur.
419 5954 480 6015 In
526 5957 694 6015 verbo
736 5958 1095 6032 congregandi
1144 5956 1481 6032 diligentiam
1526 5957 1848 6033 inquirentis

1873 4707 1926 4767 D

1907 4885 1921 4896 .
1951 4841 2092 4910 Quia
2123 4839 2250 4894 dum
2287 4837 2412 4902 ﬁcte
2454 4835 2742 4898 Dominum
2776 4837 3058 4906 quierunt,
3107 4827 3354 4894 invenire
3397 4823 3546 4883 illum

1946 2063 2000 2117 in
2029 2061 2216 2118 Israel.
2252 2062 2422 2136 (Leo.')
2449 2062 2587 2132 Quid
2616 2064 2759 2138 enim
2783 2072 2894 2120 tam
2924 2079 3150 2134 crucum,
3169 2063 3298 2136 quid
3321 2071 3432 2118 tam
3455 2063 3542 2118 lu-

1947 2156 2026 2212 cis
2041 2155 2275 2210 alienum
2289 2171 2450 2230 quam
2467 2155 2541 2210 illi
2557 2157 2866 2212 sacerdotes
2886 2165 2942 2212 et
2956 2157 3158 2220 Scriba:
3175 2154 3541 2212 Israelitarum

1946 2246 2204 2302 fuerunt?
2228 2249 2322 2326 qui
2352 2249 2799 2322 percontantibus
2831 2248 3006 2320 magis
3029 2289 3044 2320 ,
3083 2256 3139 2303 et
3164 2246 3378 2310 Herode
3400 2260 3547 2318 quae-

1947 2349 2104 2414 rente
2132 2342 2222 2398 ubi
2251 2341 2499 2397 Christus
2539 2341 2837 2397 secundum
2865 2339 3275 2412 Scripturarum
3302 2338 3546 2395 testimo-

1946 2434 2098 2489 nium
2134 2442 2453 2490 nasceretur
2475 2476 2490 2501 ,
2528 2434 2633 2490 hoc
2681 2433 3080 2503 responderunt
3125 2432 3190 2486 de
3228 2428 3546 2506 prophetico

1947 2527 2183 2602 eloquio,
2215 2527 2359 2598 quod
2403 2527 2676 2582 indicabat
2698 2525 2852 2584 stella
2897 2525 2962 2580 de
3003 2523 3162 2580 coelo.
3193 2522 3325 2592 Quae
3359 2521 3549 2592 utique

1945 2626 2199 2700 potuerat
2231 2633 2416 2696 magos
2457 2617 2811 2689 Jerosolymis
2857 2613 3242 2688 praetermissis
3271 2627 3447 2686 usque
3477 2611 3547 2666 ad

1947 2711 2215 2768 cunabula
2241 2710 2398 2784 pueri
2429 2711 2572 2768 sicut
2595 2709 2942 2782 postmodum
2972 2707 3120 2776 fecit,
3150 2722 3245 2768 sua
3276 2703 3548 2778 signiﬁca-

1946 2803 2094 2860 tione
2122 2804 2442 2880 perducere,
2472 2802 2578 2858 nisi
2604 2803 2673 2856 ad
2694 2799 3082 2860 confutandam
3109 2797 3419 2862 Iudaeorum
3445 2795 3546 2850 du-

1946 2898 2129 2954 ritiam
2155 2897 2508 2970 pertinuisset
2543 2904 2602 2951 ut
2642 2912 2750 2951 non
2793 2895 2968 2951 solum
3008 2895 3171 2950 ductu
3200 2890 3415 2958 sideris,
3451 2888 3550 2945 sed

1946 2993 2115 3053 etiam
2165 2975 2412 3062 ipsorum
2468 2988 2807 3062 professione
2871 2988 3238 3048 innotesceret
3289 2979 3548 3036 nativitas

1947 3086 2267 3151 Salvatoris.
2292 3085 2429 3142 Nam
2457 3087 2526 3146 ab
2549 3084 2763 3142 Herode
2786 3081 3054 3155 requisiti,
3083 3079 3264 3137 locum
3291 3074 3549 3131 nativita-

1947 3182 2020 3244 tis
2045 3179 2161 3252 ejus
2191 3181 2536 3256 expriinunt,
2573 3193 2734 3250 quem
2775 3175 3074 3246 Scriptura:
3111 3171 3435 3234 auctoritate
3468 3167 3552 3222 di-

1946 3275 2214 3336 dicerunt.
2233 3268 2438 3345 (Greg.)
2465 3271 2532 3334 Et
2557 3269 2924 3334 testiinonium
2949 3265 3233 3338 proferunt
3253 3278 3360 3334 quo
3386 3259 3550 3324 Beth-

1946 3369 2128 3430 lcltetn
2152 3364 2469 3426 honoranda
2493 3363 2777 3426 nativitate
2805 3361 2930 3426 novi
2955 3359 3108 3426 ducis
3130 3355 3454 3420 ostenditur,
3488 3359 3549 3406 ut

1945 3457 2065 3530 ipsa
2103 3473 2290 3524 eorum
2329 3457 2561 3520 scientia
2617 3463 2674 3513 et
2716 3453 2824 3512 illis
2865 3453 3025 3513 ﬁeret
3069 3451 3138 3509 ad
3177 3445 3548 3512 testimonium

1948 3549 2336 3616 damnationis,
2365 3556 2422 3610 et
2443 3547 2602 3612 nobis
2625 3547 2695 3612 ad
2719 3543 3052 3616 adjutorium
3079 3537 3440 3599 credulitatis.

2023 3641 2168 3701 Tunc
2193 3640 2430 3706 Herodes
2459 3639 2599 3698 clam
2627 3637 2821 3694 uocatis
2854 3637 3021 3708 magis
3052 3633 3329 3706 diligenter
3359 3626 3546 3686 didicit

1947 3737 2014 3798 ab
2043 3737 2117 3798 eis
2142 3746 2342 3807 tempus
2373 3733 2557 3805 Sicilia,
2588 3748 2707 3804 quae
2732 3730 2977 3802 apparuit
3003 3728 3112 3796 eis,
3147 3735 3194 3786 et
3223 3725 3432 3780 mittens
3457 3735 3546 3776 eos

1946 3832 2001 3888 in
2039 3829 2340 3896 Bethlehem
2387 3829 2524 3888 dixit
2565 3841 2585 3879 :
2616 3826 2700 3887 Ite
2739 3835 2791 3885 et
2831 3825 3149 3901 interrogate
3175 3818 3452 3892 diligenter
3479 3812 3547 3871 de

1946 3939 2140 3996 puero.
2185 3932 2235 3979 et
2283 3937 2403 3986 cum
2433 3917 2734 3982 inveneritis
2761 3917 3061 3981 renuntiate
3092 3911 3262 3982 mihi.
3293 3917 3350 3972 ut
3378 3915 3426 3967 et
3452 3919 3546 3976 ego

1949 4017 2156 4071 veniens
2183 4014 2398 4068 adorem
2425 4028 2565 4067 eum.
2598 4008 2826 4082 (Meum)
2854 4005 3086 4074 Herodis
3111 4016 3291 4076 meus,
3319 4008 3375 4065 et
3404 3996 3548 4064 facta

1948 4107 2299 4176 conveniunt.
2326 4105 2454 4180 quis
2481 4104 2708 4170 livorem
2731 4115 2900 4176 quem
2919 4097 3142 4166 tenebat
3167 4096 3224 4156 in
3243 4092 3434 4160 cordo.
3465 4088 3548 4145 f0-

1949 4200 2198 4266 riusecus
2253 4196 2494 4262 ostendit
2545 4195 2601 4260 in
2658 4207 2843 4270 opere.
2899 4189 3056 4258 illam
3115 4193 3276 4254 vocat
3321 4181 3549 4252 semotis

1950 4293 2158 4357 Scribis
2181 4299 2237 4351 et
2258 4289 2632 4356 sacerdotibus
2653 4300 2862 4358 magna.
2886 4285 3015 4357 quia
3043 4281 3364 4346 intestinum
3394 4275 3546 4337 dolo-

1949 4400 2066 4442 rem
2095 4381 2406 4448 occultabat
2433 4377 2784 4446 intrinsecus.
2827 4375 3125 4447 Diligenter
3155 4369 3344 4430 didicit
3370 4369 3439 4426 ab
3467 4367 3548 4424 eis

1951 4485 2164 4546 tempus
2193 4471 2384 4544 stellae,
2403 4469 2537 4546 quia
2567 4483 2755 4532 necem
2779 4465 3080 4530 Salinatoris
3105 4461 3470 4526 meditabatur
3490 4457 3547 4514 in

1947 4574 2162 4632 mente;
2197 4563 2352 4618 illuxit
2385 4577 2448 4628 se
2476 4560 2628 4624 vultu
2665 4566 2720 4624 et
2752 4556 2936 4620 verbis
2960 4569 3086 4618 eum
3117 4553 3344 4618 adorare
3367 4547 3504 4606 velle
3527 4588 3544 4614 ,

1949 4673 2116 4729 quem
2146 4655 2328 4720 invida
2383 4653 2712 4726 cogitatione
2749 4649 3022 4710 tractabat
3062 4643 3328 4708 occidere.
3379 4640 3547 4718 cuius

1949 4749 2172 4820 quidem
2207 4758 2508 4818 personam
2541 4758 2732 4804 omnes
2778 4739 3074 4814 hypocrita:
3118 4745 3324 4802 mttunt.
3372 4733 3545 4814 (ιεο.)

1952 4945 2229 5002 nunquam
2261 4934 2558 4990 merentur,
2585 4923 2887 4998 Superﬂuo,
2919 4922 3185 4990 Ilerodes,
3216 4919 3410 4985 timore
3433 4925 3548 4976 tur-

1947 5025 2122 5092 baris,
2151 5031 2210 5078 et
2255 5021 2458 5084 frustra
2507 5020 2559 5079 in
2599 5025 2913 5090 suspectum
2955 5016 3050 5072 tibi
3081 5028 3310 5088 puerum
3353 5011 3543 5073 saevire

1949 5119 2180 5182 moliris.
2215 5115 2334 5183 Non
2373 5115 2520 5187 capit
2546 5114 2822 5174 Christum
2856 5111 3002 5183 regia
3045 5117 3166 5174 tua,
3208 5121 3313 5166 nec
3354 5103 3540 5162 mundi

1953 5213 2216 5276 Dominus
2261 5209 2547 5282 potestatis
2585 5217 2690 5267 tuae
2729 5203 2930 5276 sceptri
2981 5209 3066 5264 est
3109 5207 3400 5270 contentus
3447 5213 3544 5254 an-

1951 5306 2165 5378 gustiis.
2194 5304 2366 5374 Quem
2394 5303 2448 5358 in
2470 5300 2654 5358 Iudaea
2681 5311 2910 5369 regnare
2931 5310 3039 5362 non
3064 5295 3147 5352 vis
3165 5333 3186 5362 .
3225 5293 3422 5370 ubique
3455 5304 3546 5354 re-

1951 5407 2101 5470 gnat.
2131 5398 2198 5454 Et
2221 5395 2431 5458 felicior
2457 5393 2574 5465 ipse
2598 5403 2855 5462 regnares
2873 5387 2922 5444 si
2947 5385 3067 5458 eius
3097 5383 3326 5460 imperio
3345 5382 3542 5442 subde-

1953 5493 2110 5553 reris.
2137 5489 2250 5548 Cur
2276 5490 2494 5548 sincero
2513 5484 2690 5542 ollicio
2712 5498 2820 5540 non
2839 5480 2999 5550 facis,
3021 5480 3170 5552 quod
3191 5477 3416 5546 subdola
3444 5477 3542 5537 lal-

1953 5571 2114 5645 sitate
2139 5581 2414 5656 promittis
2433 5581 2456 5638 ἲ
2481 5580 2655 5650 Perge
2677 5592 2806 5642 cum
2828 5576 3028 5647 magis,
3049 5581 3112 5638 et
3134 5587 3327 5640 verum
3355 5585 3538 5643 regem

1951 5676 2270 5748 suppliciter
2293 5669 2571 5734 adorantio
2595 5682 2880 5734 venerare.

2025 5768 2274 5836 Quicum
2295 5766 2566 5828 audissent
2609 5779 2801 5834 regem.
2843 5761 3108 5825 abierunt.
3136 5761 3206 5824 Et
3243 5773 3362 5820 αισι
3387 5753 3542 5816 uella

1948 5879 2110 5934 quam
2132 5861 2370 5922 viderunt
2400 5859 2455 5914 in
2482 5857 2694 5918 Oriente
2712 5898 2729 5924 ,
2758 5856 3094 5919 antecedebat
3115 5869 3204 5910 eos
3224 5864 3388 5922 usque
3411 5847 3542 5910 dum

1953 5956 2161 6012 veniens
2183 5962 2342 6009 staret
2375 5967 2538 6025 supra
2555 5949 2645 6006 ubi
2689 5958 2800 6006 erat
2837 5965 2987 6022 puer.
3032 5944 3214 6011 Venit,
3243 5940 3450 6018 inquit,
3485 5946 3542 5998 et
