3946 6460
417 413 526 472 759

1040 401 1128 470 ’Βζ
1157 414 1412 472 RABANI
1447 413 1673 474 MAURI'
1702 413 2019 474 ARCHIEP.
2057 404 2364 472 MOGUNT.
2404 415 2689 476 OPERUM
2724 415 2904 474 PARS
2935 417 2978 474 Ι.

3576 413 3692 470 760

417 529 573 586 stetit
593 529 689 585 ubi
717 535 837 585 erat
869 541 1022 599 puer.
1047 527 1296 598 Nunquid
1326 543 1434 583 non
1460 528 1638 584 dicere
1675 536 1731 584 et
1757 528 1994 583 clamare
2019 534 2074 592 Α
2097 528 2242 582 mine
2268 526 2435 582 David
2461 527 2754 583 secundum
2773 540 2991 581 carnem
3009 532 3213 590 natum,
3241 538 3351 580 non
3379 524 3564 581 credit
3593 539 3688 578 re-

417 622 700 677 videhatur
716 638 730 674 :
747 620 862 686 Hic,
879 621 968 674 hic
987 635 1119 690 puer
1129 636 1290 691 quem
1317 629 1499 674 natum
1522 621 1762 675 testabar
1781 635 1812 673 a
1832 619 1990 675 cmlo.

417 711 519 767 llic
537 718 622 767 est
642 725 736 766 rex
761 710 850 766 ille
873 723 1102 782 magnus
1129 711 1221 780 qui
1258 710 1408 764 venit
1427 709 1637 765 caelesti
1660 710 1886 780 imperio
1911 724 1996 765 re-

414 789 582 876 gnum
608 804 817 861 sociare
858 811 1155 859 terrenum.
1206 803 1346 859 Vere
1382 799 1536 858 stella
1564 803 1679 858 haec
1704 801 1996 858 Dominicae

414 899 715 955 nativitatis
741 899 990 955 ministra
1017 905 1120 966 est,
1157 913 1276 969 quae
1304 906 1457 954 tanto
1480 906 1564 953 est
1591 895 1869 953 Chaldaeos
1895 898 1995 952 ob-

410 998 600 1047 secuta
622 990 911 1056 famulatu,
939 999 998 1046 ut
1025 992 1082 1046 in
1103 991 1422 1062 inquirendo
1443 989 1661 1046 Christo
1687 1005 1794 1044 non
1822 988 1995 1044 solum

413 1098 510 1140 eos
532 1091 780 1142 moneret
801 1100 834 1141 e
864 1085 1004 1140 cmlo
1028 1124 1045 1151 ,
1075 1083 1170 1139 sed
1207 1091 1267 1139 et
1309 1083 1564 1138 ducatum
1604 1081 1712 1136 illis
1734 1080 1999 1151 praeberet

412 1175 472 1230 in
500 1177 683 1232 terris.
710 1175 840 1232 Haec
883 1175 1036 1232 stella
1080 1189 1356 1247 nunquam
1397 1182 1524 1230 ante
1554 1174 1838 1246 apparuit,
1870 1174 1998 1243 quia

413 1281 562 1322 nunc
583 1281 706 1323 eam
731 1281 868 1337 puer
892 1267 995 1322 iste
1022 1265 1246 1333 creavit,
1283 1274 1340 1322 et
1361 1267 1534 1337 magis
1554 1266 1624 1321 ad
1648 1280 1707 1320 se
1729 1265 1998 1321 venienti-

414 1357 518 1413 bus
557 1358 816 1428 praaviam
840 1357 1118 1429 deputavit
1136 1397 1151 1424 ,
1196 1372 1317 1428 qua:
1347 1365 1566 1428 peracto
1594 1351 1999 1426 obsequio'mox

415 1461 539 1504 esse
562 1449 742 1505 desiit.

495 1539 742 1596 Videntes
777 1549 954 1597 autem
991 1541 1197 1597 stellam
1232 1542 1397 1614 gavisi
1435 1550 1557 1596 sunt
1588 1541 1781 1612 gaudio
1809 1558 1999 1612 magno

417 1631 589 1686 valde.
618 1632 846 1708 (MAUR.)
873 1633 1193 1692 Gaudebant
1212 1650 1444 1706 namque
1469 1635 1611 1706 magi
1636 1650 1744 1690 non
1765 1634 1890 1690 inde
1917 1648 2001 1688 so-

416 1721 551 1789 lum,
588 1724 733 1794 quod
771 1724 982 1782 stellam
1006 1725 1254 1782 viderant
1280 1735 1335 1781 et
1368 1740 1549 1798 regem
1586 1733 1772 1781 natum
1798 1739 1998 1796 cogno-

2027 1801 2065 1856 τί
2102 1815 2217 1873 vult
2242 1816 2299 1871 in
2326 1813 2543 1871 Christo
2566 1821 2853 1881 utramque
2875 1826 3064 1866 veram
3089 1807 3381 1880 praedicari
3412 1815 3694 1860 naturam.

417 1824 630 1882 verant,
681 1817 795 1872 imo
836 1816 978 1886 quod
1004 1831 1100 1874 eos
1141 1833 1313 1889 usque
1353 1818 1423 1873 ad
1457 1816 1606 1873 illum
1646 1817 1996 1887 perducebat,

2095 633 2236 690 gem,
2263 625 2318 673 et
2345 617 2576 674 Arianus
2600 619 2712 673 Deo
2747 617 3024 688 unigenito
3059 616 3360 671 naturalem
3387 616 3690 686 assignare

2094 713 2285 768 nititur
2298 712 2632 767 servitutem.
2657 709 3126 778 Proindeuterque
3138 721 3247 762 non
3260 707 3583 778 experietur
3601 720 3690 761 re-

2095 822 2216 878 gem
2233 822 2265 862 a
2285 821 2392 878 quo
2411 821 2508 878 per
2519 805 2679 862 ﬁdem
2698 812 2935 876 regatur,
2964 803 3058 859 sed
3085 817 3116 858 a
3135 816 3244 872 quo
3261 816 3364 874 pro
3375 801 3655 857 inﬁdelita
3679 831 3686 836 -

2096 900 2168 956 tis
2189 899 2417 955 crimine
2435 899 2708 970 puniatur.
2736 896 2873 964 Quia
2893 896 2959 952 ab
2980 910 3088 950 uno
3107 893 3404 950 divinitatis
3419 935 3436 959 ,
3461 894 3532 948 ab
3547 893 3692 947 alte-

2097 1005 2160 1047 ro
2179 989 2360 1046 carnis
2376 991 2578 1046 veritas
2601 991 2915 1060 denegatur.
2937 989 2995 1045 ln
3018 989 3104 1045 his
3133 986 3491 1044 confunditur
3518 985 3694 1039 etiam

2097 1080 2399 1146 Nestorius,
2423 1081 2512 1151 qui
2540 1080 2732 1136 nititur
2752 1079 3027 1136 Christum
3069 1079 3127 1134 in
3153 1078 3286 1133 duas
3310 1090 3586 1149 personas
3615 1074 3696 1128 di—

2096 1173 2301 1240 videre,
2327 1188 2449 1229 cum
2477 1172 2659 1227 videat
2685 1182 2872 1243 magos
2897 1186 3002 1226 non
3047 1169 3152 1225 alia
3196 1168 3330 1233 Deo,
3362 1174 3418 1222 et
3445 1167 3558 1220 alia
3597 1166 3696 1219 ho-

2097 1267 2252 1331 mini,
2283 1267 2379 1323 sed
2404 1267 2498 1322 uni
2540 1265 2652 1321 Deo
2686 1264 2892 1320 homini
2919 1263 3106 1320 eadem
3148 1277 3377 1317 munera
3421 1258 3697 1321 obtulisse

2099 1358 2428 1430 suppliciter.
2468 1355 2587 1412 Non
2613 1371 2742 1428 ergo
2769 1355 3042 1411 dividatur
3069 1355 3124 1409 iu
3158 1352 3428 1424 personis,
3459 1351 3561 1422 qui
3587 1366 3693 1404 non

2100 1450 2372 1506 invenitur
2411 1447 2618 1504 divisus
2659 1447 2716 1501 in
2759 1444 2935 1501 donis.
2981 1444 3276 1515 Propterea
3305 1443 3518 1514 quippe
3558 1455 3699 1494 unus

2100 1541 2355 1612 idemque
2382 1540 2502 1596 istis
2529 1537 2845 1594 muneribus
2887 1537 3208 1600 honoratur,
3253 1541 3315 1588 ut
3342 1548 3493 1588 unus
3529 1532 3699 1586 idem.

2102 1648 2208 1704 que
2247 1632 2389 1688 Deus
2415 1639 2472 1687 et
2499 1631 2664 1686 homo
2688 1634 3060 1699 cognoscatur.
3087 1625 3194 1681 Ista
3222 1638 3520 1693 magorum
3547 1620 3697 1676 obla-

2101 1725 2180 1780 tio
2222 1723 2501 1780 confundit
2538 1722 2701 1778 etiam
2748 1719 3064 1792 Eutychetis
3095 1716 3400 1782 insaniam,
3451 1713 3555 1784 qui
3595 1727 3698 1765 non

418 1905 571 1976 cujus
607 1908 876 1965 desiderio
911 1909 1155 1979 jamdum
1196 1911 1412 1967 accensi
1449 1919 1625 1966 erant.
1666 1910 1819 1966 Unde
1862 1910 1998 1965 scri-
2027 1916 2077 1978 Β
2103 1907 2401 1965 Veritatem
2443 1905 2641 1976 quippe
2685 1905 2916 1958 istorum
2947 1915 3235 1957 munerum
3281 1897 3454 1963 tollit,
3487 1897 3618 1951 dum
3651 1895 3701 1947 in

415 2007 566 2070 ptum
597 2009 681 2056 est
727 2001 952 2059 :Gavisi
999 2012 1122 2060 sunt
1159 2005 1355 2075 gaudio
1402 2019 1592 2075 magno
1631 2001 1804 2071 valde,
1847 2003 2004 2059 valde
2055 2040 2068 2058 .

417 2094 616 2164 quippe
643 2097 724 2153 eis
748 2105 804 2153 et
828 2099 1022 2168 gaudio
1044 2113 1240 2167 magno
1267 2098 1610 2170 gaudendum
1632 2105 1751 2152 erat
1767 2137 1784 2164 ,
1814 2097 1906 2166 qui
1937 2096 2005 2152 ad

417 2200 648 2255 puerum
673 2187 910 2244 caelestis
936 2190 1080 2260 regis
1112 2189 1397 2262 pervenire
1419 2197 1768 2255 meruerant,
1800 2198 1856 2244 et
1882 2203 2005 2244 cor-

417 2279 600 2347 poreis
626 2279 797 2338 oculis
841 2282 1002 2338 simul
1039 2292 1094 2338 et
1121 2291 1344 2353 aspectu
1381 2282 1506 2338 ﬁdei
1546 2282 1693 2337 illum
1737 2283 2001 2351 aspicere,

417 2370 510 2440 qui
539 2373 689 2427 venit
717 2380 887 2428 totum
915 2374 1174 2430 mundum
1202 2389 1233 2429 a
1262 2382 1609 2445 peccatorum
1634 2382 1692 2430 et
1716 2373 2005 2430 inﬁdelita-

383 2465 386 2468 '
418 2461 488 2516 tis
513 2463 753 2519 tenebris
774 2465 1026 2523 liberare.

491 2552 563 2608 Et
587 2555 844 2610 intrantes
870 2556 1084 2611 domum
1107 2558 1411 2611 invenerunt
1439 2571 1659 2627 puerum
1679 2571 1798 2611 cum
1825 2555 2005 2611 Maria

417 2650 586 2698 matre
611 2643 725 2712 ejus
747 2684 764 2711 ,
798 2654 847 2700 et
891 2647 1215 2717 procidentes
1256 2646 1607 2702 adoraverunt
1649 2663 1788 2702 eum.
1828 2647 1898 2702 Et
1927 2647 2006 2702 in-

418 2743 628 2792 trantes
658 2736 875 2792 domum
909 2737 1076 2806 dicit,
1115 2739 1170 2794 id
1193 2746 1307 2804 est,
1355 2739 1410 2794 in
1446 2738 1804 2794 diversorium
1825 2780 1839 2805 ,
1874 2738 2004 2795 illud

417 2825 670 2883 videlicet
713 2828 859 2899 quod
902 2827 1081 2886 Lucas
1104 2829 1160 2886 in
1181 2830 1475 2903 Evangelia
1494 2845 1593 2889 suo
1615 2839 2005 2887 commemorat

415 2921 569 2997 (Luc.
595 2923 680 2996 tt).
712 2923 1030 2980 Invenerunt
1049 2942 1267 2997 puerum
1294 2942 1411 2981 cum
1440 2925 1618 2981 Maria
1646 2935 1811 2982 matre
1844 2926 1960 2997 ejus
1983 2965 2000 2995 ,

415 3029 516 3070 cur
537 3030 768 3086 puerum
792 3016 944 3072 illum
970 3026 1150 3084 vocat,
1177 3016 1270 3088 qui
1298 3017 1476 3072 adhuc
1505 3015 1683 3072 infans
1706 3024 1846 3083 erat,
1875 3017 2003 3087 quia

419 3119 529 3162 non
564 3107 874 3163 necessario
900 3108 1207 3178 assignatur
1233 3116 1365 3164 aetas
1389 3108 1440 3164 ei
1460 3108 1554 3177 qui
1582 3121 1796 3179 semper
1820 3105 2003 3178 perfe-

417 3205 538 3253 ctus
570 3205 672 3253 est.
705 3197 978 3265 Quaeritur
1021 3213 1121 3255 cur
1157 3196 1358 3270 Joseph
1397 3198 1557 3254 simul
1601 3213 1726 3254 cum
1750 3211 1918 3269 puero
1947 3205 2005 3254 et

2105 2000 2321 2057 Christo
2355 2013 2520 2054 unam
2550 2006 2802 2053 naturam
2836 1995 3133 2068 praedicare
3178 1991 3486 2050 contendit.
3520 1989 3703 2044 Pctcst

2104 2101 2160 2151 et
2203 2093 2347 2149 aliud
2392 2093 2448 2148 in
2492 2105 2650 2157 auro,
2693 2091 2852 2144 thure
2897 2096 2953 2144 et
3004 2081 3531 2158 myrrha—intelligi.
3570 2080 3698 2146 Quia

2104 2187 2222 2243 haec
2250 2185 2477 2257 mystica
2505 2183 2644 2239 dona
2681 2180 2958 2252 mysteriis
3003 2177 3314 2235 cmlestibus
3360 2181 3499 2230 sunt
3528 2171 3699 2244 plena.

2103 2279 2162 2335 In
2188 2292 2323 2334 auro
2367 2291 2601 2348 namque
2633 2274 2936 2332 ostenditur
2960 2271 3292 2343 captivitatis
3323 2278 3544 2324 nostra:
3589 2280 3702 2336 pre-

2104 2371 2243 2426 tiosa
2267 2368 2586 2438 redemptio.
2625 2366 2686 2422 In
2711 2367 2870 2421 thure
2895 2372 3078 2420 autem
3102 2369 3157 2417 et
3184 2360 3594 2417 daemoniorum
3621 2372 3702 2410 su-

2103 2462 2350 2534 perstitio
2385 2468 2686 2526 cessatura,
2715 2466 2770 2513 et
2798 2456 3014 2513 futurus
3036 2470 3182 2511 verae
3214 2453 3504 2525 religionis
3536 2451 3704 2506 cultus

2078 2543 2080 2545 ’
2105 2556 2365 2627 aperitur.
2395 2554 2455 2610 ln
2484 2554 2704 2626 myrrha
2725 2567 2855 2608 vero
2887 2565 2993 2622 qua
3017 2550 3334 2606 exanimata
3378 2547 3568 2603 solent
3592 2561 3704 2600 cor-

2103 2663 2236 2719 pora
2275 2647 2616 2714 conservari,
2662 2645 3041 2718 praeﬁguratur
3080 2642 3261 2700 carnis
3295 2648 3510 2697 nostra:
3552 2654 3701 2710 repa-

2105 2741 2266 2807 ratio,
2293 2747 2348 2796 et
2381 2737 2710 2795 resurrectio
2743 2745 3101 2792 mortuorum.
3128 2734 3265 2790 item
3310 2746 3455 2788 auro
3491 2731 3701 2800 sapien-

2107 2832 2202 2899 tia,
2241 2831 2532 2888 Solomonc
2575 2837 2889 2896 attestante,
2928 2827 3256 2899 assignatur,
3283 2824 3380 2895 qui
3429 2823 3550 2890 ait,
3581 2821 3706 2876 The-

2105 2944 2298 2983 saurus
2325 2926 2688 2982 desiderabilis
2721 2924 2993 2995 requiescit
3020 2923 3076 2977 in
3104 2938 3193 2977 ore
3221 2921 3487 2989 sapientis
3523 2915 3702 2990 (Prov.

2105 3017 2240 3091 ιιι).
2273 3017 2456 3074 Thure
2482 3025 2663 3073 autem
2693 3015 2838 3086 quod
2872 3014 2984 3070 Deo
3019 3011 3351 3077 incenditur,
3378 3010 3568 3065 virtus
3596 3023 3704 3063 ora-

2105 3110 2269 3165 tionis
2317 3108 2657 3180 exprimitur,
2692 3106 2981 3163 Psalmista
3023 3110 3338 3167 attestante,
3388 3101 3490 3171 qui
3539 3099 3702 3162 dicit,

2106 3203 2382 3275 Dirigatur
2425 3202 2602 3259 oratio
2642 3216 2762 3258 mea
2801 3201 2942 3256 sicut
2986 3199 3268 3254 incensum
3311 3197 3367 3251 in
3409 3203 3702 3264 conspectu

416 3286 588 3344 Maria
615 3289 866 3345 inventus
895 3304 928 3344 a
955 3288 1131 3362 magis
1174 3303 1294 3347 esse
1335 3303 1445 3345 non
1487 3289 1698 3344 dicatur
1719 3327 1735 3354 ,
1770 3287 1874 3344 hoc
1896 3295 2001 3356 est.
2028 3279 2220 3352 C‘tuo.
2265 3295 2369 3351 Per
2400 3294 2677 3366 myrrham
2717 3306 2846 3348 vero
2891 3290 3073 3347 carnis
3119 3297 3321 3345 nostrae
3347 3285 3703 3342 moi-uncam

414 3393 486 3433 ne
511 3379 690 3450 aliqua
721 3380 874 3435 malae
902 3380 1224 3451 suspicionis
1244 3380 1493 3451 gentibus
1517 3380 1738 3435 daretur
1763 3379 2000 3447 occasio,

417 3485 539 3540 quae
575 3473 841 3542 primitias
877 3488 1003 3530 suas
1043 3473 1326 3530 Salvatore
1369 3482 1500 3530 nato
1537 3475 1722 3529 statim
1767 3474 1835 3529 ad
1876 3489 2003 3530 eum

419 3560 752 3616 adorandum
794 3564 1078 3619 miserunt.
1123 3562 1261 3619 Nam
1302 3563 1641 3635 procidentes
1680 3563 1910 3618 adorant
1946 3565 2001 3620 in

418 3666 582 3708 carne
616 3652 872 3719 Verbum,
901 3654 956 3708 in
977 3653 1205 3710 infantia
1233 3653 1573 3724 sapientiam,
1603 3653 1661 3708 in
1689 3653 2004 3710 inﬁrmitate

414 3744 672 3800 virtutem
696 3753 752 3801 et
779 3746 835 3801 in
862 3746 1097 3805 hominis
1114 3747 1648 3820 veritatqDominum
1676 3747 1998 3817 maiestatis.

419 3835 598 3906 thue
626 3845 1026 3894 sacramentum
1063 3838 1191 3896 ﬁdei
1217 3854 1329 3895 sua:
1370 3839 1737 3912 intelligentiae
1774 3841 2003 3897 manife-

415 3934 582 3993 stent,
609 3927 755 3998 quod
772 3927 1030 3987 cordibus
1055 3929 1283 3986 credunt
1345 3929 1663 3987 muneribus
1689 3938 2000 4001 protestan-

415 4025 524 4073 tur.
553 4018 706 4075 Unde
728 4022 1001 4091 sequitur:

487 4105 559 4163 Et
583 4113 777 4180 apertis
802 4112 1062 4168 thesauris
1087 4115 1197 4170 suis
1227 4115 1523 4173 obtulerunt
1545 4119 1594 4175 ei
1620 4135 1864 4186 munera,
1900 4136 2002 4174 au-

415 4215 536 4254 rum
551 4240 566 4266 ,
590 4201 711 4256 thus
731 4212 781 4258 et
806 4205 1093 4275 myrrham.
1123 4206 1262 4263 Ecce
1287 4216 1399 4264 tres
1423 4211 1568 4282 magi
1601 4211 1764 4266 simul
1790 4227 1899 4267 uno
1921 4211 2004 4267 iti-

2105 3390 2386 3461 ﬁguratur.
2429 3387 2583 3445 Unde
2607 3395 2662 3443 et
2689 3392 2876 3442 sancta
2905 3382 3147 3439 Ecclesia
3175 3382 3242 3437 de
3270 3381 3390 3437 suis
3439 3379 3703 3452 operariis

2103 3497 2277 3553 usque
2322 3482 2391 3536 ad
2427 3487 2660 3536 mortem
2708 3492 2808 3548 pro
2853 3476 3082 3532 Domino
3127 3474 3479 3531 certantibus
3524 3473 3695 3529 dicit:

2105 3570 2299 3627 Manus
2338 3586 2466 3626 mea:
2500 3567 2887 3624 distillaverunt
2924 3565 3195 3638 myrrham
3239 3563 3424 3638 (Cant.
3452 3564 3532 3636 v).
3567 3563 3696 3619 Nato

2103 3678 2232 3733 ergo
2274 3661 2408 3734 Regi
2453 3675 2645 3716 aurum
2692 3658 2968 3716 oderimus
3002 3659 3048 3715 si
3104 3658 3160 3713 in
3200 3665 3510 3728 conspectu
3563 3655 3700 3710 illius

2104 3756 2350 3811 claritate
2379 3769 2624 3826 supernae
2652 3753 2930 3825 sapientiae
2974 3750 3403 3823 resplendemus,
3459 3750 3595 3805 thus
3624 3748 3696 3804 of-

2103 3847 2347 3912 ferimus,
2395 3847 2441 3904 si
2471 3846 2826 3917 cogitationes
2853 3844 3036 3900 carnis
3073 3858 3172 3914 per
3197 3850 3388 3898 sancta
3421 3843 3695 3912 operatio-

2101 3955 2230 3996 num
2262 3938 2440 3994 studia
2477 3937 2533 3994 in
2562 3953 2658 3993 ara
2701 3935 2881 3993 cordis
2911 3935 3270 4002 incendimus,
3312 3944 3377 3990 ut
3405 3948 3579 3989 suave
3606 3931 3700 3987 ali-

2102 4032 2231 4104 quid
2257 4032 2368 4088 Deo
2393 4045 2491 4102 per
2517 4030 2738 4088 caeleste
2763 4029 3090 4086 desiderium
3117 4027 3366 4085 redolere
3389 4026 3694 4082 valeamus.

2102 4126 2374 4197 Myrrham
2401 4123 2698 4190 oderimus,
2726 4123 2773 4179 si
2804 4123 2986 4179 carnis
3013 4121 3146 4177 vitia
3175 4136 3273 4193 per
3303 4120 3697 4176 abstinentiam

2103 4216 2512 4273 mortiﬁcamus.
2559 4213 2664 4270 Per
2707 4215 2986 4286 myrrham
3026 4227 3283 4283 namque,
3319 4219 3380 4266 ut
3431 4211 3693 4273 diximus,

417 4305 550 4346 nere
564 4293 838 4350 adoraturi
853 4296 1162 4365 veniebant,
1185 4299 1312 4369 quia
1330 4300 1385 4355 in
1402 4315 1508 4356 uno
1520 4299 1734 4357 Christo
1748 4301 1894 4368 Jesu,
1910 4304 2002 4373 qui
2101 4307 2301 4378 agitur,
2327 4321 2397 4362 ne
2424 4315 2635 4361 mortua
2666 4321 2793 4362 caro
2818 4303 3094 4377 putreﬁat.
3123 4302 3394 4359 Mortuam
3419 4317 3549 4357 vero
3576 4316 3698 4355 car-

415 4383 659 4438 omnium
673 4385 1007 4442 credentium
1020 4388 1106 4442 via
1117 4396 1224 4454 est,
1253 4389 1693 4460 inseparataerat
1706 4391 1774 4446 ab
1789 4391 2003 4464 eis‘Tri-
2102 4411 2226 4453 nem
2250 4405 2581 4466 putrescere,
2609 4405 2693 4451 est
2727 4397 2830 4452 hoc
2853 4395 3082 4452 mortale
3109 4409 3306 4465 corpus
3332 4393 3505 4448 ﬁuxui
3543 4392 3697 4447 luxu-

413 4478 560 4535 nitas
589 4478 883 4536 adoranda.
915 4480 1175 4537 Delerunt
1193 4489 1373 4537 autem
1395 4483 1446 4538 ei
1470 4498 1720 4551 munera,
1746 4499 1866 4554 quae
1892 4499 2000 4540 non
2103 4488 2198 4543 rizn
2223 4488 2516 4542 deservire.
2552 4487 2828 4557 Myrrham
2854 4501 2984 4558 ergo
3009 4487 3121 4542 Deo
3145 4484 3449 4549 offerimus,
3483 4483 3696 4554 quando

412 4579 526 4626 tam
561 4587 784 4629 munera
821 4588 983 4644 quam
1018 4574 1276 4644 mysteria
1309 4573 1627 4644 probantur,
1669 4576 1722 4631 id
1757 4583 1861 4643 est,
1903 4591 2002 4630 au-
2022 4635 2073 4648 _
2102 4579 2206 4634 hoc
2236 4577 2464 4634 mortale
2489 4593 2686 4648 corpus
2728 4594 2760 4632 a
2785 4577 3013 4632 luxuriae
3039 4577 3327 4648 putredine
3371 4590 3475 4646 per
3509 4575 3694 4630 condi-

411 4673 555 4730 rum,
599 4663 724 4718 thus
755 4672 812 4718 et
846 4665 1144 4735 myrrham.
1172 4663 1276 4720 Per
1306 4664 1408 4719 ista
1437 4680 1567 4736 ergo
1592 4680 1878 4721 munerum
1906 4680 1996 4736 ge-
2022 4635 2078 4696 D
2101 4677 2343 4724 mentum
2363 4635 2709 4725 continentiae
2733 4635 3088 4724 custodimus.
3117 4667 3343 4739 Mystice
3370 4635 3555 4722 autem
3587 4675 3694 4720 tres

411 4769 563 4821 nera,
603 4757 660 4811 in
687 4771 798 4812 uno
824 4756 1122 4828 eodemque
1159 4755 1377 4812 Christo
1410 4765 1466 4813 ct
1501 4757 1683 4813 divina
1715 4756 1995 4827 maiestas,
2100 4760 2243 4829 magi
2281 4759 2590 4831 signiﬁcant
2635 4758 2902 4816 Gentilem
2944 4759 3202 4832 populum
3247 4774 3312 4815 ex
3361 4759 3543 4814 tribus
3572 4758 3690 4810 ﬁliis

409 4855 465 4902 et
485 4846 635 4918 regia
680 4856 940 4917 potestas,
981 4857 1039 4904 et
1081 4849 1318 4904 humana
1361 4851 1662 4907 mortalitas
1689 4851 1994 4908 intimatur.
2099 4850 2214 4908 Noe
2238 4858 2606 4922 procreatum,
2634 4859 2689 4907 et
2714 4867 2744 4906 a
2776 4850 2951 4907 tribus
2977 4851 3226 4922 partibus
3261 4851 3412 4906 orbis
3437 4851 3511 4906 ad
3539 4847 3693 4903 Chri-

410 4939 560 4995 Thus
585 4939 731 4996 enim
760 4940 828 4995 ad
855 4940 1205 5007 sacriﬁcium,
1238 4958 1430 5000 aurum
1463 4945 1700 5016 pertinet
1727 4946 1794 5001 ad
1822 4945 1994 5001 tribu-
2099 4945 2168 5001 sti
2194 4944 2352 5001 ﬁdem
2377 4944 2702 5000 venientem.
2731 4944 2898 5000 Stella
2926 4944 3143 5014 quidem
3175 4943 3562 5016 propheticum
3587 4956 3693 4997 ser-

410 5040 527 5086 tum
552 5072 569 5099 ,
615 5033 837 5104 myrrha
881 5031 949 5088 ad
983 5033 1312 5103 sepulturam
1355 5037 1589 5107 pertinet
1632 5042 1992 5091 mortuorum.
2100 5052 2316 5093 monem
2364 5037 2633 5108 signiﬁcat
2676 5038 2944 5093 veraciter
2969 5038 3182 5094 Domini
3221 5037 3569 5093 nativitatem
3601 5036 3691 5090 de—

410 5119 603 5178 Omnia
629 5123 743 5180 haec
763 5132 950 5180 sancta
981 5125 1115 5182 ﬁdes
1139 5125 1354 5184 Christo
1378 5127 1646 5182 veraciter
1672 5125 1869 5181 oll‘erre
1889 5139 1998 5180 non
2099 5134 2510 5183 monstrantem.
2563 5127 2805 5183 Herodes
2841 5143 2970 5183 vero
3019 5136 3203 5200 typum
3257 5135 3408 5184 tenet
3453 5124 3688 5188 diaboli,

412 5216 629 5283 desinit,
661 5217 810 5288 ,dum
837 5234 1005 5274 unum
1053 5220 1410 5290 eumdemque
1454 5234 1642 5274 verum
1685 5217 1993 5282 Dominum,
2097 5218 2193 5290 qui
2233 5219 2450 5289 cognita
2479 5217 2772 5274 Salvatoris
2811 5219 3092 5275 nativitate
3119 5219 3470 5290 persequitur
3515 5216 3685 5281 illum,

410 5321 602 5362 verum
642 5312 845 5379 regem,
885 5324 1183 5382 verumque
1219 5311 1492 5366 hominem
1541 5309 1736 5374 credit,
1779 5316 1840 5363 ut
1865 5323 1994 5364 vere
2096 5310 2355 5365 membris
2399 5308 2516 5378 ejus
2559 5308 2910 5380 temporalem
2965 5325 3280 5381 praeparans
3333 5317 3593 5365 mortem.
3643 5308 3685 5360 A

410 5412 513 5468 pro
539 5397 697 5454 nobis
723 5409 992 5458 mortuum
1022 5403 1292 5458 veraciter
1323 5407 1693 5471 recognoscat.
1740 5399 1798 5454 In
1845 5399 1993 5455 obla-

411 5490 560 5544 tione
587 5489 764 5546 thuris
789 5491 1136 5547 confunditur
1176 5492 1428 5556 Arianus,
1470 5491 1563 5562 qui
1601 5490 1700 5546 soli
1729 5489 1878 5546 Patri
1907 5506 1993 5547 sa-

411 5576 675 5634 criﬁcium
706 5577 892 5636 oﬁerri
916 5582 1116 5638 debere
1138 5580 1433 5637 contendit.
1454 5583 1512 5639 In
1539 5581 1812 5639 oblatione
1839 5597 1991 5654 myr-

411 5669 525 5725 rhre
567 5669 916 5727 confunditur
966 5671 1292 5729 Manichazus
1315 5716 1329 5738 ,
1387 5675 1481 5746 qui
1536 5675 1810 5730 Christum
1864 5691 1991 5733 vere

412 5769 684 5818 mortuum
715 5777 815 5833 pro
841 5771 1024 5819 nostra
1053 5762 1224 5819 salute
1251 5782 1359 5821 non
1388 5767 1580 5824 credit.
1612 5766 1670 5822 In
1699 5783 1832 5823 auro
1860 5783 1989 5823 vero

411 5852 572 5912 simul
593 5863 819 5922 uterque
838 5856 1202 5914 confunditur.
1220 5859 1356 5925 Quia
1383 5869 1436 5917 et
1464 5861 1791 5923 Manichacus
1817 5865 1883 5921 de
1907 5879 1989 5921 se-

2095 5414 2206 5473 quo
2232 5400 2375 5471 magi
2419 5409 2682 5472 pergunt,
2710 5417 2834 5457 cum
2863 5402 2931 5456 ab
2976 5401 3500 5473 idololatria-gentes
3531 5414 3683 5455 recc-

2077 5493 2253 5560 ‘dunt,
2281 5501 2336 5548 et
2372 5491 2440 5547 ad
2469 5492 2686 5548 domum
2712 5493 2768 5547 in
2797 5507 2902 5563 qua
2926 5501 3011 5549 est
3038 5492 3311 5560 Christus,
3338 5493 3395 5549 id
3433 5500 3553 5556 est,
3582 5489 3684 5544 Ec—

2097 5586 2318 5642 clesiam
2345 5586 2665 5643 catholicam
2702 5587 3043 5658 perveniunt.
3071 5587 3130 5641 ln
3160 5601 3324 5658 quam
3351 5600 3449 5656 per
3478 5584 3682 5653 baptis-

2097 5693 2244 5734 mum
2281 5687 2336 5734 et
2366 5679 2528 5736 ﬁdem
2555 5693 2741 5734 veram
2765 5680 3146 5750 ingredientes,
3184 5687 3504 5750 repererunt
3525 5675 3681 5732 Chri-

2095 5780 2242 5828 stum
2267 5788 2392 5828 cum
2419 5781 2595 5828 matre
2624 5787 2738 5839 sua,
2765 5787 2889 5827 cum
2917 5780 3104 5827 sancta
3129 5771 3381 5826 videlicet
3409 5768 3676 5833 Ecclesia,

2094 5878 2215 5934 qua:
2241 5865 2394 5933 virgo
2426 5869 2761 5932 permanens‘
2797 5864 3037 5934 quotidie
3070 5862 3184 5919 Deo
3223 5863 3368 5935 patri
3405 5862 3544 5920 ﬁlios
3583 5873 3680 5930 ge-
