3946 6502
223 453 342 511 761

1203 442 1559 506 ΟΟΠΜΕΝΤ.
1593 441 1668 502 ΙΝ
1703 441 2143 504 ΜΔΤἸἮᾸΞΙῘΜ.
2182 476 2253 490 --
2288 446 2418 508 LIB.
2455 440 2502 510 I.

3417 467 3525 525 762

223 575 414 637 uerat,
436 565 637 638 Ioseph
659 565 784 622 inde
811 568 1166 636 sequestrate,
1191 562 1250 618 id
1268 569 1372 627 est,
1398 560 1707 616 Iudaeorum
1735 573 1833 629 po-
1859 561 1914 622 Α
1939 567 2077 615 trem
2124 561 2264 632 ejus,
2293 571 2355 620 ut
2403 565 2459 620 in
2489 563 2785 640 Egyptum
2828 579 3090 644 transeat,
3121 584 3281 635 nocte
3308 579 3434 636 tuli;
3467 591 3526 639 οι

219 666 366 738 pulo
393 669 616 734 propter
657 657 940 730 perﬁdiam
975 654 1202 710 seclusa.
1231 653 1301 708 Et
1327 653 1523 725 apertis
1567 651 1829 706 thesauris

221 759 372 824 suis,
402 754 704 809 litterarum
731 749 953 820 peritia,
987 744 1283 801 obtulerunt
1311 745 1360 799 ei
1391 753 1544 799 terna
1583 758 1828 808 munera,

222 849 291 906 id
329 856 439 914 est,
485 845 783 918 physicam,
810 842 1067 906 ethicam,
1093 839 1345 910 logicam,
1371 839 1484 894 sive
1521 836 1826 902 historiam,

223 939 616 1014 tmpologiam,
646 945 703 992 et
731 934 1074 1008 allegoriam,
1103 931 1189 986 vel
1215 930 1377 987 ﬁdem
1404 939 1608 987 sanetae
1645 929 1828 984 Trini-

220 1034 383 1089 tatis.
415 1031 636 1086 Munera
669 1041 798 1100 ergo
831 1026 889 1080 in
920 1022 1188 1081 thesauris
1221 1021 1404 1078 clausa
1433 1020 1740 1093 signiﬁcant
1765 1018 1828 1074 fl-

221 1123 360 1178 dem
390 1122 445 1177 in
473 1120 638 1177 corde
665 1117 1018 1174 reconditam.
1049 1112 1271 1170 Munera
1293 1128 1423 1168 vero
1450 1113 1516 1168 de
1558 1110 1828 1168 thesauris

221 1213 438 1284 apertis
471 1211 680 1282 prolata
734 1207 1041 1279 signiﬁcant
1065 1205 1226 1260 ﬁdem
1250 1203 1362 1260 oris
1387 1201 1727 1259 confessione
1753 1209 1827 1256 at-

220 1325 341 1380 que
366 1307 546 1378 operis
571 1304 891 1378 probatione
925 1299 1343 1356 manifestatam.
1387 1296 1495 1353 Sed
1533 1295 1660 1366 quia
1700 1292 1853 1366 post"

219 1410 508 1472 receptam
534 1398 695 1453 ﬁdem
717 1405 771 1452 et
798 1394 1067 1466 cognitam
1089 1391 1372 1446 veritatem
1397 1399 1696 1444 retrorsum
1719 1388 1823 1456 ire,

216 1501 282 1545 et
325 1493 379 1546 in
431 1489 803 1546 inﬁdelitatem
851 1486 1020 1542 relabi
1063 1484 1222 1540 alicui
1258 1498 1367 1539 non
1411 1481 1556 1547 licet,
1591 1495 1824 1551 sequens

217 1582 499 1639 sententia
530 1581 819 1652 signiﬁcat,
845 1594 970 1634 cum
997 1578 1372 1650 subjungitur:

301 1677 372 1731 Et
408 1691 652 1747 responso
681 1683 888 1745 accepto
925 1674 980 1728 in
1011 1673 1208 1728 somnis
1243 1688 1306 1727 ne
1332 1670 1561 1726 redirent
1604 1669 1673 1724 ad
1713 1667 1823 1725 He-

215 1769 430 1835 rodem,
457 1785 550 1839 per
569 1767 728 1822 aliam
752 1767 890 1822 viam
917 1767 1110 1821 reversi
1138 1775 1258 1821 sunt
1279 1767 1336 1820 in
1357 1765 1617 1820 civitatem
1641 1781 1816 1820 suam.

213 1857 372 1928 Ergo
419 1859 562 1930 magi
607 1871 832 1913 munera
872 1857 1186 1914 obtulerunt
1230 1857 1476 1922 Domino,
1521 1866 1577 1914 et
1625 1862 1862 1926 conse-_'

1934 650 1989 704 in
2020 651 2273 707 tenebris.
2305 651 2532 720 Quando
2559 671 2688 714 vero
2716 663 3012 718 revertitur
3039 679 3142 722 nec
3167 682 3275 725 nox
3303 684 3404 726 nec
3441 678 3525 728 te-

1930 743 2114 800 nebras
2139 755 2414 816 ponuntur
2439 749 2494 804 in
2530 750 2840 824 Evangelio.
2872 754 3012 824 Quia
3045 758 3168 816 luce
3203 775 3333 818 vera
3365 777 3520 821 rece-

1931 833 2115 901 dente,
2142 834 2280 893 lucis
2322 839 2492 910 ipsius
2517 855 2776 900 exosores
2823 845 2880 900 in
2922 847 3118 918 priscis
3153 853 3398 910 tenebris
3430 869 3517 912 re-

1928 939 2264 987 manserunt.
2314 931 2435 1004 Ipsa
2492 951 2622 992 vero
2676 937 2938 996 redeunte
2996 942 3310 1015 quicunque
3366 947 3518 1019 digni

1926 1019 2165 1076 existunt
2207 1032 2468 1095 perpetuo
2503 1025 2644 1084 lueis
2689 1027 2900 1102 fulgore
2942 1030 3336 1092 illuminantur.
3364 1035 3520 1104 Quod

1928 1119 2109 1167 autem
2135 1111 2395 1172 Dominus
2421 1117 2537 1186 ipse
2563 1133 2632 1174 ne
2661 1120 3000 1178 occideretur
3024 1122 3094 1179 ab
3131 1123 3345 1183 Herode
3380 1129 3512 1186 sub-

1927 1201 2068 1258 latus
2091 1212 2174 1259 est
2198 1221 2228 1259 a
2253 1209 2569 1277 parentibus
2594 1210 2649 1264 in
2674 1210 2988 1284 rEgyptum,
3015 1215 3285 1287 signiﬁcat
3309 1216 3512 1277 electos

1925 1297 2121 1368 saepius
2167 1300 2280 1356 suis
2325 1301 2639 1373 effugandos
2681 1306 2930 1373 sedibus,
2978 1307 3066 1364 vel
3111 1310 3277 1365 etiam
3324 1313 3517 1369 exsilio

1925 1388 2279 1448 damnandos.
2324 1393 2428 1450 Ubi
2474 1396 2636 1452 simul
2689 1398 2997 1468 exemplum
3039 1401 3199 1457 datur
3240 1402 3510 1473 ﬁdelibus,

1922 1496 1991 1537 ne
2033 1483 2278 1539 dubitent
2302 1486 2507 1542 rabiem
2536 1490 2980 1559 persequentium
3006 1490 3122 1564 (ubi
3147 1504 3510 1564 opportunum

1922 1573 2106 1648 fuerit)
2134 1576 2426 1644 declinare,
2455 1577 2729 1650 fugiendo,
2756 1597 2881 1637 cum
2908 1583 3014 1640 hoc
3043 1582 3215 1639 Deum
3242 1600 3308 1641 ac
3331 1585 3515 1642 Domi-

1921 1682 2050 1722 num
2093 1683 2251 1723 suum
2294 1668 2488 1726 fecisse
2527 1673 2898 1730 meminerint.
2944 1673 3226 1745 Siquidem
3267 1678 3385 1747 ipse
3424 1678 3518 1748 qui

1871 1756 1875 1764 ’
1918 1769 2288 1830 ριἀκξθριυτιιε
2316 1762 2429 1818 suis
2457 1771 2614 1818 erat:
2645 1762 2779 1820 Cum
2815 1781 2904 1820 uos
2938 1768 3197 1837 persecuti
3240 1767 3435 1836 fuerint
3462 1769 3518 1824 in

1919 1871 2030 1910 una
2057 1855 2282 1922 civitate,
2314 1855 2474 1928 fugite
2515 1859 2574 1912 in
2599 1858 2763 1914 aliam
2795 1858 3013 1932 (Matth.
3035 1861 3131 1933 xx)
3151 1902 3167 1928 ,
3194 1862 3348 1932 prius
3387 1862 3518 1919 fecit

213 1960 459 2022 quenter
481 1966 706 2007 munera
734 1951 802 2006 ab
829 1967 894 2007 eo
919 1951 1210 2022 accipiunt.
1242 1949 1608 2005 Revertuntur
1638 1956 1820 2004 autem
1846 1941 1897 2004 B
1924 1949 2068 2019 quod
2113 1956 2467 2020 praeceperat,
2513 1951 2768 2022 fugiendo
2797 1953 3037 2020 homine,
3077 1955 3232 2024 quasi
3261 1955 3424 2011 homo
3459 1955 3516 2011 iu

208 2060 326 2118 per
361 2045 522 2102 aliam
550 2048 715 2112 viam,
746 2045 837 2115 qui
877 2043 1187 2100 inﬁdelitati
1223 2043 1487 2099 miscendi
1518 2059 1625 2099 non
1657 2050 1820 2098 erant

209 2138 557 2196 Iudaeorum.
583 2137 642 2193 ln
677 2153 742 2194 eo
766 2137 910 2192 enim
937 2137 1081 2206 quod
1109 2136 1371 2192 admoniti
1397 2135 1622 2202 faciunt,
1659 2135 1817 2192 nobis

207 2231 472 2303 profecto
498 2230 771 2286 insinuant
807 2228 936 2299 quid
969 2228 1254 2285 faciamus.
1282 2228 1453 2300 Regio
1481 2228 1678 2299 quippe
1718 2243 1817 2284 no-

208 2332 334 2378 stra
362 2323 644 2394 paradisus
675 2330 778 2390 est,
807 2324 876 2379 ad
920 2338 1082 2394 quem
1112 2321 1239 2379 Iesu
1267 2322 1484 2394 cognito
1515 2323 1692 2377 redire
1719 2337 1818 2391 per

206 2416 364 2470 viam
395 2430 498 2486 qua
539 2414 786 2469 venimus
830 2413 1206 2484 prohibemur.
1255 2414 1302 2468 A
1345 2413 1563 2486 regione
1611 2413 1815 2470 etenim

206 2518 406 2562 nostra
429 2508 806 2579 superbiendo,
833 2507 1208 2572 inobediendo,
1240 2508 1473 2564 visibilia
1510 2507 1811 2578 sequendo,

204 2599 403 2656 cibum
449 2600 674 2654 vetitum
720 2602 986 2672 gustando
1035 2601 1402 2667 discessimus,
1445 2601 1540 2656 sed
1591 2613 1814 2658 necesse

203 2702 296 2748 est
355 2691 425 2749 ad
465 2706 587 2748 eam
647 2688 858 2760 flendo,
899 2692 1231 2760 obediendo,
1279 2693 1516 2750 visibilis
1562 2701 1813 2750 content-

203 2785 416 2855 nendo,
457 2794 622 2856 atque
657 2786 959 2857 appetitum
1009 2787 1192 2841 carnis
1226 2785 1573 2852 refrenando,
1625 2788 1814 2843 redea-

203 2892 357 2934 mus.
397 2877 503 2934 Per
547 2877 708 2934 aliam
748 2879 893 2935 viam
921 2877 992 2934 ad
1025 2879 1302 2952 regionem
1336 2888 1580 2936 nostram
1626 2895 1812 2952 regre-

202 2969 416 3039 dimur,
461 2971 678 3042 quando
721 2971 814 3044 qui
855 2987 888 3028 a
917 2972 1165 3028 Paradisi
1211 2973 1408 3042 gaudio
1439 2988 1536 3044 per
1574 2972 1810 3029 delecta-

201 3068 398 3118 menta
465 3061 813 3120 discessimus
840 3103 856 3130 ,
913 3064 982 3120 ad
1038 3065 1143 3119 hoc
1197 3078 1298 3135 per
1354 3064 1590 3120 lamenta
1648 3078 1810 3120 revo-

203 3168 427 3209 camur.

1922 2049 2098 2109 terra,
2135 2056 2297 2113 quem
2334 2043 2508 2116 magis
2543 2043 2706 2115 paulo
2731 2052 2859 2102 ante
2902 2046 3228 2104 monstravit
3261 2046 3418 2105 stella
3443 2047 3512 2104 de

1920 2135 2081 2191 ccelo.

1990 2226 2062 2284 Ut
2086 2230 2463 2302 adimpleretur
2482 2232 2625 2305 quod
2650 2233 2849 2288 dictum
2876 2241 2953 2289 est
2982 2249 3075 2305 per
3097 2235 3404 2305 prophetam
3429 2233 3487 2289 di

1918 2330 2155 2378 centem:
2181 2322 2268 2378 Ea:
2314 2323 2547 2395 zEgypto
2594 2325 2773 2380 vocavi
2825 2322 3032 2381 Filium
3070 2341 3265 2380 meum.
3298 2324 3427 2380 Haec
3455 2323 3513 2380 in

1918 2413 2273 2486 Septuaginta
2303 2415 2665 2487 interpretum
2697 2416 2937 2474 editione
2979 2417 3252 2474 sententia
3299 2416 3516 2474 deside-

1916 2513 2094 2576 ratur,
2119 2502 2212 2564 sed
2240 2509 2398 2580 juxta
2439 2507 2763 2566 Hebraicam
2808 2509 3093 2566 veritatem
3119 2509 3175 2564 in
3204 2506 3360 2564 Ostea
3388 2521 3514 2579 pro-

1914 2601 2077 2670 pheta
2127 2601 2331 2672 scripta
2383 2601 2672 2672 reperitur.
2721 2601 2791 2658 Et
2844 2601 2900 2657 in
2950 2600 3316 2657 Numerorum
3370 2599 3514 2655 libro

1914 2692 2180 2764 scriptum
2219 2703 2336 2760 est,
2381 2694 2594 2750 dicente
2623 2693 2844 2749 Balaam
2877 2711 2891 2750 :
2920 2692 3008 2749 Ea:
3041 2691 3276 2764 Ai'gypto
3311 2690 3512 2748 vocavit

1914 2804 2053 2854 eum,
2083 2787 2253 2860 gloria
2277 2789 2390 2858 ejus
2415 2789 2550 2843 sicut
2574 2789 2862 2844 unicornis.

1987 2879 2121 2954 [HL]
2157 2879 2303 2935 Tunc
2336 2879 2573 2935 Herodes
2630 2880 2808 2936 videns
2836 2878 3096 2952 quomodo
3143 2877 3334 2933 illusus
3380 2884 3511 2934 esset

1913 2989 1949 3028 a
1969 2972 2160 3043 magis,
2176 2973 2344 3028 iratus
2369 2982 2445 3028 est
2467 2971 2638 3039 valde,
2664 2981 2712 3028 et
2740 2973 2947 3028 mittens
2973 2970 3162 3027 occidit
3187 2986 3366 3025 omnes
3390 2984 3513 3040 pue-

1913 3080 2022 3132 ros,
2064 3065 2154 3135 qui
2187 3074 2337 3119 erant
2386 3065 2442 3119 in
2483 3063 2785 3120 Bethlehem
2828 3073 2878 3120 et
2923 3064 2981 3118 in
3026 3063 3266 3119 omnibus
3313 3062 3506 3133 ﬁnibus

1909 3156 2047 3227 ejus,
2084 3174 2118 3211 a
2153 3157 2352 3211 bimatu
2381 3166 2427 3213 et
2455 3157 2620 3226 infra.
2668 3155 2850 3229 (Aug.)
2888 3155 3192 3213 Verisimile
3227 3162 3315 3211 est
3354 3170 3511 3226 ergo,

276 3245 390 3313 Qui
420 3262 540 3301 cum
581 3249 935 3317 recessissent,
974 3265 1090 3306 ecce
1129 3248 1348 3322 angelus
1385 3248 1600 3305 Domini
1646 3265 1810 3320 appa-
1847 3312 1884 3322 Δ
1912 3247 2060 3319 quod
2097 3256 2385 3319 postquam
2431 3247 2632 3304 Herodi
2680 3249 2824 3319 magi
2855 3248 2991 3302 nihil
3025 3248 3510 3313 renuntiaverunt,

196 3312 310 3393 ruit
339 3339 400 3394 in
428 3342 624 3396 somnis
647 3340 867 3413 Ioseph,
897 3312 1074 3398 dicens
1099 3357 1118 3395 :
1156 3312 1352 3413 surge,
1390 3351 1440 3396 et
1467 3342 1643 3413 accipe
1679 3312 1808 3412 pue-
1835 3312 1884 3380 C
1912 3312 2036 3395 eum
2067 3312 2290 3396 credere
2319 3340 2562 3411 potuisse
2593 3339 2712 3396 illos
2745 3312 2948 3395 fallacis
2976 3338 3144 3395 stellae
3180 3338 3392 3395 visione
3417 3312 3510 3393 de?

197 3446 351 3495 rum,
383 3437 434 3486 et
461 3439 682 3485 matrem
719 3433 855 3502 ejus,
879 3441 929 3487 et
957 3433 1076 3504 fuge
1105 3433 1161 3486 in
1188 3431 1501 3502 Egyptum,
1527 3442 1574 3487 et
1602 3441 1710 3487 esto
1735 3433 1809 3487 ibi

195 3543 374 3599 usque
413 3526 538 3580 dum
567 3525 741 3580 dicam
767 3525 895 3591 tibi;
922 3523 1164 3594 futurum
1189 3533 1262 3578 est
1299 3523 1436 3578 enim
1481 3533 1538 3578 ut
1569 3523 1808 3580 Herodes

192 3626 410 3688 quaerat
439 3633 657 3688 puerum
690 3615 760 3670 ad
795 3614 1116 3686 perdendum
1148 3631 1286 3669 eum.
1321 3613 1504 3686 (Aug.)
1534 3615 1636 3670 Hic
1672 3615 1809 3672 Mat-

195 3711 382 3765 thaeus
419 3708 787 3779 praetermittit
823 3723 944 3777 quae
990 3706 1168 3764 Lucas
1214 3715 1403 3762 narrat
1449 3707 1518 3762 de
1564 3707 1802 3774 Christo,

193 3801 355 3870 quod
399 3808 522 3870 post
557 3799 811 3870 impletos
837 3799 951 3854 dies
996 3799 1335 3870 purgationis
1366 3798 1574 3867 Mariae,
1612 3800 1807 3856 attule-

196 3900 336 3947 runt
380 3905 504 3947 eum
548 3890 870 3958 Ierusalem,
900 3895 955 3946 et
988 3891 1055 3946 de
1091 3889 1344 3946 Simeone
1379 3898 1434 3946 et
1478 3890 1657 3958 Anna,
1686 3906 1807 3962 quae

196 3987 462 4042 dixerunt
488 3984 556 4041 de
583 3983 676 4041 illo
717 3985 773 4039 in
818 3983 1040 4055 templo,
1089 3992 1382 4055 postquam
1428 3990 1806 4055 cognoverunt

195 4094 331 4135 cum
359 4076 568 4148 impleti
601 4075 807 4147 Spiritu
837 4085 1045 4132 sancto.
1074 4076 1268 4133 Omnia
1316 4077 1433 4132 haec
1479 4085 1622 4133 tacet
1664 4091 1806 4148 prte-

198 4169 404 4235 dictus,
438 4168 532 4224 ubi
559 4167 637 4224 ait
662 4168 874 4224 somnio
900 4169 1208 4224 admonitos
1237 4182 1425 4237 magos
1457 4184 1525 4225 ne
1562 4168 1806 4224 redirent

199 4260 269 4314 ad
299 4257 593 4325 Herodem,
631 4273 730 4328 per
771 4259 934 4313 aliam
963 4274 1094 4314 vero
1123 4259 1267 4314 viam
1304 4275 1584 4331 regressos
1623 4261 1680 4316 in
1717 4275 1804 4316 re-

199 4351 422 4421 gionem
462 4363 636 4404 suam.
670 4348 806 4405 Cum
847 4349 1030 4405 statim
1075 4349 1387 4423 subiungit:
1421 4351 1526 4418 Qui
1563 4369 1681 4406 cum
1721 4369 1804 4407 re-

199 4442 511 4507 cessissent,
550 4457 666 4496 ecce
701 4441 916 4512 angelus
960 4441 1171 4496 Domini
1216 4444 1461 4513 apparuit
1504 4445 1560 4498 in
1603 4445 1802 4499 somnis

200 4533 421 4605 Ioseph.
460 4533 589 4590 Post
623 4548 902 4605 magorum
925 4533 1070 4588 enim
1105 4547 1380 4589 recessum
1405 4534 1688 4604 impletum
1717 4544 1803 4592 est

201 4625 544 4698 purgationis
591 4635 836 4696 tempus,
887 4633 943 4680 et
987 4623 1150 4680 allato
1196 4624 1314 4697 ipso
1360 4625 1416 4681 in
1463 4623 1799 4694 Jerusalem,

203 4689 632 4787 perﬁciebantur
657 4689 841 4788 omnia
871 4731 990 4786 quae
1022 4729 1087 4771 eo
1115 4689 1236 4771 loco
1281 4715 1455 4773 Lucas
1485 4726 1613 4773 tunc
1656 4689 1799 4774 facta
1825 4689 1881 4750 Ῑ)

202 4818 616 4866 commemorat.
657 4809 726 4863 Et
770 4808 850 4864 sic
878 4807 1070 4863 deinde
1103 4805 1324 4878 Ioseph,
1371 4809 1546 4880 angeli
1579 4810 1800 4880 appari-

206 4901 353 4956 tione
380 4899 763 4964 commonitus,
796 4911 919 4954 cum
944 4912 1112 4968 puero
1145 4905 1200 4952 et
1227 4905 1404 4954 matre
1433 4899 1549 4969 ejus
1581 4899 1719 4970 fugit
1746 4901 1800 4956 in

204 4991 522 5066 Egyptum,
553 4991 696 5047 unde
720 4988 1062 5061 Evangelista
1086 4990 1434 5060 subsequitur
1463 4990 1650 5047 dicens
1678 5009 1689 5043 :

275 5085 390 5158 UL]
442 5083 547 5152 Qui
587 5099 803 5154 surgens
851 5084 1047 5154 accepit
1093 5099 1313 5154 puerum
1347 5092 1396 5138 et
1435 5091 1654 5140 matrem
1685 5086 1798 5156 ejus

208 5193 374 5249 nocte,
406 5191 454 5236 et
486 5181 690 5236 recessit
725 5181 781 5234 in
823 5179 1135 5251 zEgyptum,
1171 5189 1221 5235 et
1261 5190 1374 5235 erat
1419 5181 1492 5236 ibi
1526 5198 1688 5254 usque
1732 5183 1802 5238 ad

210 5273 404 5328 obitum
453 5273 702 5328 Herodis.
743 5271 968 5346 (Hilar.)
1013 5272 1210 5342 Ioseph
1250 5287 1348 5342 per
1393 5275 1644 5346 angelum
1679 5293 1799 5332 mo-

209 5374 366 5421 netur
393 5374 456 5420 ut
489 5363 672 5421 Iesum
705 5365 759 5419 in
791 5363 1084 5435 {Egyptum
1129 5363 1450 5431 transferat,
1502 5365 1799 5438 ngyptum

211 5459 461 5516 videlicet
488 5458 647 5514 idolis
673 5457 889 5529 plenam
914 5464 969 5513 et
988 5458 1337 5527 onmigenum
1363 5458 1533 5514 Deum
1558 5469 1801 5517 monstra

213 5559 579 5608 venerantem.
608 5548 729 5606 Iam
771 5557 897 5620 post
938 5547 1249 5606 Iudaeorum
1296 5550 1717 5608 insectationem
1746 5561 1802 5609 et

218 5642 268 5697 in
294 5645 684 5720 exstinguendo
723 5641 963 5714 profanae
1000 5644 1172 5716 plebis
1215 5660 1519 5713 assensum,
1554 5644 1803 5704 Christus

219 5738 283 5792 ad
311 5746 496 5810 gentes
526 5737 857 5792 inanissimis
883 5735 1234 5806 religionibus
1263 5738 1471 5794 deditas
1501 5737 1718 5805 transit,
1750 5746 1806 5794 et

219 5827 457 5886 Itltham
482 5829 794 5900 relinquens
837 5828 1108 5900 ignoranti
1149 5843 1272 5884 eum
1318 5830 1518 5885 saeculo
1544 5830 1804 5886 colendus

225 5921 466 5979 infertur.
495 5921 718 5988 Quando
763 5923 927 5989 igitur
951 5920 1074 5980 tulit
1103 5920 1302 5988 Ioseph
1329 5937 1558 5990 puerum
1587 5933 1642 5981 et
1686 5937 1804 5981 ma-

1911 3437 2115 3501 ceptos,
2162 3440 2519 3502 posteaquam
2566 3446 2676 3486 non
2731 3431 3057 3487 invenerunt
3108 3444 3271 3500 quem
3319 3438 3506 3485 natum

1909 3529 2250 3593 putaverant,
2292 3521 2574 3578 erubuisse
2600 3521 2669 3578 ad
2696 3535 2756 3578 se
2796 3521 2997 3588 redire,
3043 3527 3207 3592 atque
3235 3521 3312 3576 ita
3348 3535 3506 3589 eum,

1913 3615 2108 3670 timore
2129 3612 2374 3684 depulso,
2404 3613 2473 3669 ab
2497 3611 2820 3683 inquirendo
2846 3626 2912 3667 ac
2939 3612 3313 3683 persequendo
3338 3625 3510 3683 puero

1909 3706 2198 3776 quievisse.
2232 3703 2369 3761 Cum
2411 3719 2542 3776 ergo
2571 3712 2696 3776 post
2723 3704 3098 3776 purgationem
3129 3702 3321 3759 matris
3367 3701 3508 3772 ejus,

1909 3797 1965 3853 in
2007 3797 2306 3854 Jerusalem
2333 3813 2457 3853 cum
2487 3797 2578 3853 illo
2607 3797 2917 3863 venissent,
2949 3803 3006 3852 et
3032 3812 3098 3853 ea
3133 3804 3290 3868 gesta
3324 3801 3512 3851 essent

1910 3891 1966 3946 in
1998 3891 2220 3961 templo,
2251 3906 2371 3961 quae
2401 3906 2433 3946 a
2467 3890 2616 3947 Luca
2662 3891 2982 3957 narrantur,
3030 3887 3158 3958 quia
3204 3886 3370 3943 verba
3420 3884 3509 3941 Si-

1908 3983 2118 4037 meonis
2164 3989 2221 4040 et
2258 3981 2428 4036 Annae
2478 3981 2545 4036 de
2599 3981 2692 4036 illo
2736 3979 3200 4052 prophetantium,
3239 3993 3365 4036 cum
3395 3990 3511 4033 ca:-

1905 4077 2114 4148 pissent
2158 4080 2227 4135 ab
2271 4079 2351 4135 eis
2414 4078 2507 4149 qui
2546 4077 2832 4134 audierant
2866 4077 3172 4149 praedicari,
3212 4076 3282 4132 ad
3321 4075 3508 4148 pristi-

1906 4185 2034 4225 nam
2080 4171 2440 4228 intentionem
2488 4178 2812 4227 revocatura
2850 4178 3007 4226 erant
3053 4171 3297 4225 animum
3335 4169 3505 4240 regis,

1906 4264 2214 4319 admonitus
2243 4277 2340 4332 per
2371 4277 2622 4318 somnum
2659 4259 2859 4332 Ioseph
2903 4275 3028 4315 cum
3058 4259 3264 4315 infante
3301 4266 3356 4315 et
3384 4273 3504 4315 ma-

1908 4363 1990 4412 tre
2019 4355 2136 4429 ejus
2174 4355 2309 4427 fugit
2338 4357 2391 4412 in
2435 4353 2755 4428 Egyptum.
2802 4354 3005 4409 Deinde
3047 4352 3281 4424 vulgatis
3309 4352 3499 4418 rebus,

1905 4467 2026 4522 qua:
2069 4449 2124 4505 in
2172 4449 2370 4521 templo
2416 4449 2574 4504 dicta:
2616 4447 2880 4516 factaeque
2924 4445 3163 4510 fuerant,
3197 4445 3438 4501 Herodes
3469 4458 3504 4498 a

1904 4541 2081 4612 magis
2114 4557 2172 4596 se
2199 4541 2370 4596 sensit
2411 4539 2655 4605 illusum,
2693 4553 2759 4591 ac
2787 4537 2980 4592 deinde
3010 4537 3079 4591 ad
3121 4535 3323 4592 Christi
3356 4549 3505 4590 mor-

1906 4643 2017 4689 tem
2062 4632 2286 4703 cupiens
2322 4631 2610 4701 pervenire
2651 4627 2850 4683 multos
2893 4627 3154 4692 infantes,
3193 4627 3338 4682 sicut
3368 4625 3506 4680 Mat-

1909 4725 2083 4779 thmus
2125 4730 2333 4788 narrat,
2361 4719 2560 4775 occidit
2590 4720 2645 4774 in
2677 4716 3013 4781 Bethlehem,
3057 4725 3114 4771 et
3159 4715 3215 4771 in
3249 4715 3504 4772 omnibus

1908 4815 2106 4870 ﬁnibus
2134 4813 2272 4883 ejus,
2300 4819 2357 4867 et
2396 4810 2501 4866 hoc
2528 4825 2558 4863 a
2589 4809 2797 4864 bimatu
2841 4815 2897 4863 et
2932 4805 3094 4862 infra.
3126 4807 3265 4875 Quia
3309 4807 3504 4862 crude-

1905 4906 2030 4961 litas
2068 4905 2232 4960 animi
2277 4919 2378 4974 per
2413 4901 2671 4957 invidiam
2709 4909 2764 4955 et
2811 4899 3053 4956 furorem
3099 4901 3460 4956 exardescens
3483 4939 3499 4965 ,

1907 4995 2125 5051 modum
2153 4996 2206 5050 in
2245 4993 2392 5049 nullo
2431 4992 2622 5057 tenuit,
2654 4992 2749 5047 sed
2785 4991 2993 5048 malitia
3017 5007 3209 5048 omnes
3243 5002 3502 5062 superare

1905 5088 2200 5146 contendit.
2248 5085 2384 5141 Nam
2443 5098 2552 5139 non
2591 5091 2845 5140 contenta
2893 5091 2979 5139 est
3030 5083 3145 5139 sola
3198 5081 3502 5137 vastatione

1911 5182 2258 5246 Bethleltem,
2299 5181 2393 5235 sed
2429 5187 2485 5234 et
2521 5193 2711 5234 omnes
2740 5177 2901 5232 simul
2932 5174 3052 5244 ejus
3081 5175 3218 5230 ﬁnes
3252 5175 3502 5230 devasta-

1908 5277 2018 5341 vit,
2059 5288 2160 5330 nec
2187 5273 2348 5328 etiam
2391 5271 2628 5343 parvulae
2655 5269 2830 5327 aetatis
2857 5268 3024 5322 ullam
3065 5267 3498 5324 miscricordiam

1910 5367 2134 5433 habuit,
2177 5364 2308 5435 quin
2350 5377 2538 5419 omnes
2581 5378 2613 5417 a
2664 5362 2774 5417 ﬁlio
2812 5361 2973 5418 unius
3013 5362 3192 5417 noctis
3226 5374 3398 5432 usque
3430 5363 3500 5418 ad

1911 5459 2081 5514 ﬁlium
2129 5457 2360 5512 duorum
2406 5469 2671 5510 annorum
2705 5453 2912 5525 pariter
2951 5453 3169 5510 occidit.
3211 5454 3364 5511 Unde
3409 5467 3496 5510 se-

1910 5549 2096 5620 quitur
2117 5587 2131 5602 .

1979 5639 2277 5696 Secundum
2315 5646 2516 5709 tempus
2551 5636 2690 5709 quod
2726 5635 3042 5709 exquisierat
3073 5653 3105 5692 (ι
3131 5639 3320 5709 magis.
3364 5637 3499 5693 Dili-

1907 5744 2096 5803 genter
2127 5745 2362 5802 quoque,
2391 5737 2451 5784 ut
2497 5743 2661 5800 supra
2701 5728 2909 5784 dictum
2939 5737 3056 5796 est,
3100 5739 3363 5802 tyrannus
3399 5731 3499 5784 im-

1905 5832 2230 5902 purissimus
2255 5837 2310 5884 et
2338 5828 2486 5884 omni
2513 5827 2635 5883 dolo
2678 5835 2841 5898 atque
2869 5827 3110 5899 nequitia
3149 5823 3500 5897 plenissimus

1907 5923 2094 5980 didicit
2141 5937 2171 5977 a
2217 5921 2390 5990 magis
2425 5928 2650 5990 tempus
2683 5917 2882 5976 stella:
2921 5933 3044 5990 qua:
3097 5913 3348 5987 apparuit
3392 5912 3495 5981 eis,
