3946 6452
485 440 591 499 ’165

1133 443 1194 498 Β.
1235 440 1489 498 RABANI
1529 441 1746 498 MAURI
1784 440 2104 499 ARCHIEP.
2146 438 2455 497 MOGUNT.
2498 440 2785 501 OPERUM
2820 445 3002 504 PARS
3036 448 3078 505 ι.

3675 456 3780 516 764

482 550 609 623 quia
636 543 881 607 occidere
925 560 1374 621 puerummatum
1412 551 1703 624 cogitabat.
1738 550 1843 609 Sed
1884 561 2065 608 tamen
2092 556 2144 616 Α
2170 550 2297 606 mini
2326 553 2379 608 in
2405 555 2599 611 somnis
2626 556 2842 630 Ioseph,
2870 561 2925 615 in
2948 560 3202 637 Egypto,
3231 568 3413 624 dicens
3436 582 3459 623 :
3494 567 3700 645 Surge,
3728 586 3779 631 ιε

482 657 591 698 non
640 649 858 713 apparet
901 649 1084 697 utrum
1125 651 1245 712 post
1290 658 1488 699 annum
1538 644 1841 699 nativitatis
1878 644 2065 700 Domi-

483 734 646 799 nicaz,
692 748 757 788 an
805 740 928 811 post
973 734 1107 791 duos
1139 750 1307 790 annos
1356 736 1497 791 hanc
1545 750 1735 792 necem
1774 738 2066 793 maximam

479 840 770 896 puerorum
796 826 1110 882 coniecerit.
1142 826 1255 883 Nisi
1292 826 1431 884 forte
1475 828 1718 883 dicamus
1764 829 1909 898 quod
1942 836 2065 905 post

480 936 677 976 annum
725 922 997 985 evolutum
1043 931 1096 979 et
1136 932 1367 996 quatuor
1414 924 1529 985 dies
1564 926 1840 999 sequentis
1874 924 1999 983 anni
2024 941 2064 995 ra

476 1014 760 1070 natlvitate
796 1012 1031 1083 Domini,
1060 1031 1180 1089 quae
1203 1033 1300 1073 vm
1345 1016 1464 1071 Kal.
1493 1015 1613 1072 Jan.
1652 1017 1977 1085 celebratur,
2008 1018 2063 1073 in

475 1121 509 1158 v
532 1104 725 1177 Kalen.
751 1106 1063 1167 earumdem
1092 1106 1324 1164 infantes
1352 1108 1525 1164 occidi
1547 1109 1797 1183 jusserit,
1828 1109 1917 1163 ubi
1947 1109 2062 1166 dies

475 1198 745 1271 passionis
782 1216 972 1259 eorum
998 1217 1029 1256 a
1063 1209 1249 1258 sancta
1277 1210 1330 1256 et
1362 1203 1651 1279 apostolica
1698 1204 1942 1263 Ecclesia
1974 1219 2063 1259 ve-

476 1299 723 1346 neratur.
755 1291 823 1347 Et
859 1293 933 1351 ita
977 1308 1158 1365 regem
1202 1295 1637 1353 versutissimum
1671 1298 1957 1353 mandasse
2002 1307 2061 1357 ut

472 1396 647 1451 usque
672 1383 739 1437 ad
766 1382 992 1439 biennes
1012 1399 1201 1440 omnes
1227 1386 1645 1454 interﬁciantur,
1670 1396 1940 1458 quatenus
1970 1390 2058 1446 ille

475 1486 635 1542 quem
662 1473 1002 1533 solummodo
1030 1476 1277 1532 occidere
1295 1478 1619 1551 jampridem
1648 1481 1885 1537 decrevit
1913 1482 2059 1543 nullo

472 1563 634 1617 modo
684 1564 740 1619 in
792 1572 938 1619 tanta
986 1568 1329 1628 multitudine
1376 1572 1779 1629 interfectorum
1828 1578 2057 1633 evadere

468 1664 673 1733 posset.
704 1658 925 1713 Poterat
953 1661 1097 1715 enim
1128 1678 1221 1716 rex
1252 1662 1469 1737 iniquus
1497 1674 1551 1720 et
1578 1667 1793 1723 subtilis
1819 1669 2057 1740 cogitare

469 1745 612 1814 quod
638 1747 890 1818 regiJ)co
925 1753 1199 1819 nascenti,
1234 1754 1318 1811 cui
1351 1755 1470 1815 coeli
1505 1756 1683 1817 sidera
1717 1759 2057 1818 famulaban-

468 1846 575 1904 tur,
613 1842 868 1910 possibile
897 1854 1039 1905 esset
1073 1844 1129 1900 in
1161 1848 1422 1909 validiore
1452 1862 1634 1921 aetate,
1666 1855 1719 1911 id
1748 1867 1860 1925 est,
1897 1861 2053 1932 quasi

2169 645 2343 715 accipe
2377 663 2595 718 puerum
2626 659 2673 703 et
2704 660 2920 706 matrem
2958 653 3095 724 ejus,
3116 665 3165 709 et
3192 659 3322 713 vado
3349 662 3405 714 in
3447 670 3665 718 terram
3695 666 3777 722 Ιο-

2168 736 2296 791 rael.
2343 738 2490 795 Multi
2536 752 2755 813 propter
2808 745 3163 816 ignorantiam
3213 751 3459 809 historiae
3506 756 3775 818 labuntur

2165 843 2369 900 errore,
2407 844 2659 905 putantes
2703 840 2950 895 eumdem
2992 857 3111 898 esse
3151 843 3419 903 Herodem
3466 864 3499 904 a
3546 868 3668 922 quo
3710 854 3765 910 in

2164 926 2413 1026 passione
2455 944 2547 983 sua
2575 931 2832 987 Dominus
2870 932 3142 989 irridetur.
3170 936 3312 1010 Ergo
3362 939 3621 999 Herodes
3650 946 3764 1026 ille,

2164 1017 2255 1093 qui
2285 1035 2407 1074 cum
2431 1020 2603 1077 Pilato
2630 1032 2816 1095 postea
2844 1025 3110 1085 amicitias
3145 1027 3293 1096 facit,
3326 1030 3494 1101 hujus
3526 1017 3765 1094 Herodis

2165 1111 2304 1173 ﬁlius
2344 1114 2476 1183 fuit,
2518 1117 2609 1190 qui
2655 1134 2799 1175 nunc
2839 1130 3081 1176 mortuus
3122 1138 3240 1177 esse
3275 1123 3533 1191 refertur,
3592 1128 3763 1185 frater

2163 1213 2343 1260 autem
2387 1205 2667 1275 Archelai,
2698 1210 2787 1287 qui
2820 1213 3124 1273 testimonio
3156 1217 3324 1286 patris
3364 1219 3451 1273 sui
3501 1219 3756 1289 Herodis,

2162 1299 2499 1371 adjudicante
2528 1304 2690 1358 etiam
2728 1306 2939 1363 Caesare
2978 1307 3215 1381 Angusto
3243 1312 3395 1383 regni
3441 1310 3759 1371 Iudaeorum

2162 1407 2442 1449 successor
2486 1397 2794 1465 exstiterat,
2839 1399 3109 1469 trigesimo
3154 1401 3371 1472 quidem
3415 1413 3477 1458 et
3526 1408 3758 1476 septimo

2161 1486 2309 1553 regni
2366 1486 2447 1541 sui
2505 1503 2678 1554 anno,
2740 1480 2993 1546 Herodes
3045 1491 3161 1557 hic,
3213 1492 3280 1547 de
3336 1509 3450 1564 quo
3507 1494 3754 1567 Evange—

2159 1578 2288 1635 lium
2335 1590 2549 1649 narrat,
2590 1581 2875 1639 defunctus
2917 1593 3030 1651 est,
3067 1586 3159 1656 qui
3208 1585 3309 1641 fuit
3360 1587 3603 1659 Augusti
3646 1590 3756 1644 (12-

2158 1674 2296 1729 saris
2346 1677 2788 1755 quadragesimus
2842 1687 3096 1755 quartus,
3139 1676 3294 1749 juxta
3349 1678 3757 1736 Chronicorum

2158 1768 2341 1824 ﬁdem.

2227 1862 2476 1935 Defuncti
2512 1874 2631 1919 sunt
2665 1865 2801 1920 enim
2829 1867 2921 1939 qui
2956 1867 3256 1938 qmerebant
3295 1858 3544 1921 animam
3590 1868 3755 1939 pueri.

466 1930 625 1987 unius
664 1934 792 1987 anni
830 1935 916 1989 vel
953 1934 1182 1992 duorum
1235 1956 1397 2010 puer,
1440 1945 1610 2003 oculis
1657 1930 1923 2004 omniuur
1954 1967 2053 2027 ap-
2081 1945 2128 2006 Β
2158 1930 2426 2031 (Ηὶενίοη.)
2455 1958 2533 2014 Ex
2576 1959 2676 2014 hoc
2709 1930 3218 2031 loco'iutclligimus
3264 1976 3373 2014 non
3428 1930 3621 2015 solum
3659 1961 3756 2015 He-

463 2034 675 2090 parere,
717 2032 772 2080 et
811 2042 1018 2094 rursus,
1060 2031 1106 2085 si
1147 2031 1338 2099 vellet,
1377 2035 1429 2089 in
1469 2038 1734 2106 parvitate
1772 2043 2045 2112 corporis,

463 2121 680 2168 aetatem
716 2124 924 2173 naturm
957 2120 1169 2189 celare;
1202 2133 1257 2178 et
1287 2126 1406 2181 ideo
1447 2130 1547 2184 sub
1595 2131 1695 2187 hac
1741 2134 2049 2193 conditione

461 2206 745 2275 temporis,
771 2224 961 2264 omnes
992 2213 1224 2280 occidit,
1271 2230 1406 2286 quos
1446 2219 1597 2297 prior
1624 2228 1677 2276 ct
1704 2222 1840 2285 alter
1876 2241 2048 2282 annus

461 2296 717 2357 habebat.

533 2392 677 2449 Tunc
700 2397 1038 2469 adimpletum
1067 2412 1141 2458 est
1165 2406 1306 2475 quod
1330 2407 1524 2469 dictum
1552 2419 1624 2465 est
1648 2430 1739 2484 per
1761 2411 2046 2472 Jeremiam

456 2487 784 2561 prophetam,
828 2492 1122 2551 dicentem:
1160 2497 1274 2553 νοω
1301 2500 1352 2553 in
1395 2519 1541 2557 ruma
1583 2505 1765 2561 audita
1794 2518 1902 2581 est,
1933 2510 2046 2587 plo-

460 2585 627 2643 ratus,
657 2589 704 2634 ct
737 2581 969 2645 ululatus
997 2585 1192 2642 multus
1219 2606 1234 2653 ,'
1267 2589 1462 2651 Rachel
1494 2593 1708 2667 plorans
1735 2599 1876 2667 ﬁlios
1924 2581 2045 2660 suos

458 2668 626 2723 noluit
661 2672 943 2741 consolari,
985 2679 1109 2748 quia
1141 2697 1244 2735 non
1271 2694 1412 2738 sunt.
1457 2685 1534 2740 De
1580 2687 1780 2745 Rachel
1826 2694 2044 2769 quidem

454 2771 616 2817 natus
641 2774 724 2820 est
748 2765 1055 2841 Benjamiu,
1096 2773 1148 2827 in
1181 2773 1333 2847 cujus
1378 2778 1518 2833 tribu
1566 2798 1672 2837 non
1719 2793 1801 2841 cst
1833 2765 2045 2847 Bethle-

452 2852 598 2941 hem.
629 2854 898 2933 (Hierom)
929 2861 1200 2930 Quaeritur
1223 2882 1351 2937 ergo
1378 2874 1644 2941 quomodo
1673 2874 1875 2932 Rachel
1905 2878 2044 2936 ﬁlios

452 2940 621 3039 iuriae,
656 2946 708 3001 id
738 2957 822 3003 est
848 2951 1182 3022 Bethlehcm,
1230 2940 1546 3030 quasisuos
1574 2964 1764 3035 ploret.
1799 2968 2044 3039 Respon-

454 3034 701 3129 debimus
723 3039 961 3098 breviter
986 3047 1111 3115 quia
1146 3048 1348 3106 Rachel
1380 3054 1586 3125 sepulta
1610 3058 1679 3112 sit
1699 3057 1853 3129 juxta
1882 3034 2043 3120 Beth-

450 3121 627 3181 lehem
668 3127 724 3184 in
768 3130 1063 3203 Ephratha,
1093 3137 1233 3193 sicut
1265 3121 1456 3199 titulus
1480 3121 1813 3203 monumenti
1852 3151 2039 3221 ipsius,

449 3231 679 3276 manens
722 3234 893 3293 usque
926 3226 1087 3283 hodie
1134 3238 1379 3299 testatur,
1413 3236 1480 3290 ad
1520 3240 1852 3297 occidentem
1902 3245 2037 3301 civi-

2152 2052 2371 2116 rodem,
2406 2051 2498 2106 sed
2537 2060 2593 2106 ct
2639 2052 2950 2106 sacerdotes
2990 2057 3045 2106 et
3089 2050 3331 2116 Scribas,
3374 2050 3499 2123 jam
3532 2067 3601 2106 eo
3629 2062 3754 2106 tem-

2149 2156 2279 2213 pore
2321 2157 2509 2199 necem
2540 2144 2752 2205 Domini
2785 2143 2951 2198 fuisse
2982 2143 3287 2198 meditatos.
3321 2142 3559 2215 Legitur
3587 2144 3744 2198 etiam

2150 2236 2202 2290 in
2233 2234 2466 2307 Josepho
2513 2235 2777 2293 Herodem
2827 2237 3113 2297 nonnullos
3158 2237 3223 2292 de
3265 2237 3622 2307 principibus
3666 2236 3750 2291 Ju-

2150 2326 2387 2382 dazorum
2426 2336 2550 2383 ante
2590 2338 2819 2384 mortem
2858 2344 3011 2389 suam
3058 2342 3313 2396 necasse,
3357 2337 3418 2383 et
3457 2331 3660 2384 merito
3700 2338 3751 2384 ut

2147 2417 2261 2487 eis,
2316 2435 2437 2473 cum
2494 2419 2687 2490 quibus
2738 2427 2864 2475 ante
2920 2419 3193 2490 paululum
3244 2421 3312 2475 de
3373 2419 3743 2485 Innocentium

2146 2518 2323 2565 morte
2381 2510 2682 2576 tractabat,
2722 2510 2835 2580 ipse
2886 2510 3122 2571 moriens
3172 2526 3340 2565 causa
3402 2514 3607 2567 mortis
3642 2514 3747 2567 exi-

2149 2609 2339 2657 stcrct.

2220 2694 2323 2765 Qui
2352 2711 2568 2766 surgens
2610 2694 2805 2765 accepit
2839 2710 3059 2766 puerum
3084 2701 3133 2747 et
3171 2702 3426 2760 matrem,
3453 2702 3507 2748 et
3542 2696 3675 2750 venit
3699 2697 3745 2748 in

2147 2796 2339 2842 terram
2365 2787 2555 2842 Israel.
2581 2787 2697 2842 Non
2723 2787 2857 2842 dixit
2885 2786 3092 2857 accepit
3121 2784 3290 2841 illium
3317 2801 3514 2851 suum,
3547 2796 3601 2842 et
3632 2803 3745 2842 nm-

2148 2894 2262 2932 rem
2296 2894 2472 2945 suam,
2503 2879 2597 2934 sed
2625 2893 2851 2949 puerum
2891 2887 2946 2932 et
2976 2886 3206 2932 matrem
3228 2875 3349 2948 ejus
3381 2879 3555 2948 quasi
3590 2880 3742 2934 nutri

2146 2970 2275 3038 tius,
2303 2986 2409 3026 non
2436 2972 2684 3027 maritus.

2216 3062 2449 3118 Audiens
2492 3073 2663 3117 autem
2692 3063 2833 3135 quod
2862 3063 3147 3119 Archelaus
3181 3073 3431 3138 regnaret
3462 3067 3525 3120 in
3562 3063 3743 3119 Iuda-tr

2143 3174 2236 3230 pro
2266 3156 2474 3211 Herode
2495 3166 2644 3233 patre
2678 3173 2793 3223 suo,
2815 3157 3008 3229 _timuit
3048 3158 3173 3212 illuc
3220 3161 3318 3223 ire,
3354 3170 3411 3214 et
3445 3160 3744 3213 admonitus

2144 3246 2199 3301 in
2230 3248 2448 3315 somnis,
2471 3248 2677 3302 secessit
2709 3247 2765 3302 in
2788 3258 2963 3320 partes
2987 3248 3243 3304 Galiltear.
3274 3248 3517 3329 (ΜΑιτιι.)
3547 3250 3740 3305 Arche-

450 3312 576 3368 tatis
604 3313 755 3413 ultra
788 3319 930 3413 viam
977 3336 1097 3395 quae
1140 3325 1291 3383 ducit
1335 3328 1570 3401 chrou,
1616 3343 1670 3389 et
1712 3351 1779 3390 ex
1821 3346 2036 3395 terreno
2065 3324 2110 3389 C
2141 3339 2259 3395 laus
2303 3340 2406 3395 iste
2434 3312 2531 3409 qui
2561 3339 2759 3395 Herodi
2788 3312 2948 3410 'patri
2985 3339 3041 3394 in
3090 3312 3318 3413 regnum
3360 3352 3736 3407 successerat,

448 3407 762 3498 corpusculi
804 3411 1056 3483 hospitio,
1106 3421 1294 3483 matris
1335 3438 1530 3480 nomen
1573 3430 1863 3498 acceperit.
1910 3431 2036 3490 Sive

445 3497 705 3563 quoniam
734 3497 870 3556 Iuda
893 3512 947 3557 et
970 3504 1251 3577 Benjamiu
1274 3508 1479 3585 juncta}
1509 3517 1625 3570 dum
1654 3518 1826 3575 tribus
1856 3532 2031 3580 erant.

448 3585 517 3641 Et
560 3587 803 3648 Herodes
846 3608 1197 3671 praeceperat,
1240 3620 1346 3659 non
1400 3606 1571 3663 solum
1619 3610 1673 3665 in
1720 3612 2035 3673 Bethlehcm

445 3676 681 3737 interiici
731 3700 952 3761 pueros,
993 3691 1085 3746 sed
1134 3701 1189 3749 et
1240 3695 1295 3751 in
1341 3700 1593 3758 omnibus
1641 3705 1785 3760 circa
1837 3708 2034 3767 ﬁnibus

446 3769 585 3868 ejus.
616 3773 719 3835 Per
747 3782 1092 3839 occasionem
1116 3784 1429 3847 Bethlehcm
1457 3794 1808 3868 intelligimus
1835 3801 2032 3859 multos

445 3864 607 3962 etiam
637 3868 701 3923 de
729 3869 1006 3943 Benjamiu
1040 3874 1205 3934 fuisse
1236 3896 1427 3939 caesos.
1458 3885 1609 3952 Quod
1635 3864 1825 3945 autem
1858 3891 2031 3962 plorat

443 3953 582 4012 ﬁlios
633 3975 760 4018 suos
804 3962 1040 4034 Rachel,
1074 3978 1129 4025 et
1179 3988 1285 4028 non
1330 3978 1531 4048 recepit
1579 3953 2026 4058 consolationem,

443 4052 1032 4147 secundumduplicem
1058 4060 1466 4135 intelligentiam
1489 4069 1656 4139 accipi
1683 4080 1881 4147 potest.
1906 4052 2031 4133 Sive

441 4140 587 4208 quod
613 4157 715 4237 eos
744 4145 801 4198 in
827 4156 1088 4205 aeternum
1134 4164 1374 4213 mortuos
1401 4140 1717 4229 :cstimaret,
1745 4165 1857 4221 sive
1888 4171 2029 4237 quod

441 4230 711 4288 consolari
752 4252 811 4293 se
850 4241 1013 4297 nollet
1039 4244 1105 4299 de
1134 4244 1218 4301 his
1247 4263 1381 4317 quos
1410 4252 1574 4307 sciret
1614 4270 1730 4311 esse
1771 4230 2022 4316 victuros.

439 4320 595 4387 Quod
639 4335 820 4384 autem
848 4331 1044 4389 dicitur
1075 4336 1129 4391 in
1172 4356 1342 4408 rama,
1375 4358 1480 4400 non
1515 4356 1765 4416 putemus
1796 4350 1899 4406 loci
1931 4368 2027 4407 no-

440 4430 563 4471 men
608 4433 749 4488 esse,
795 4426 884 4494 qui
915 4436 998 4481 est
1027 4427 1179 4498 juxta
1211 4434 1414 4503 Gabaa,
1454 4440 1546 4494 sed
1578 4456 1727 4496 rama
1764 4446 2026 4501 excelsum

438 4504 844 4582 interpretatur.
878 4517 948 4573 Ut
983 4520 1052 4575 sit
1081 4538 1309 4581 sensus:
1340 4526 1453 4584 Vox
1503 4531 1556 4585 in
1593 4535 1804 4591 excelso
1842 4537 2026 4595 audita

437 4610 537 4699 est,
569 4604 622 4699 id
664 4616 775 4677 est,
808 4609 964 4683 longe
989 4613 1202 4687 lateque
1244 4618 1511 4692 dispersa.
1544 4622 1769 4699 (Ili/ur.)
1814 4628 2020 4687 Rachel

2136 3448 2329 3490 novem
2357 3433 2513 3491 annis
2536 3431 2734 3488 Iudaea:
2769 3448 2996 3505 regnum
3021 3433 3211 3489 tenuit.
3238 3434 3342 3501 Qui
3370 3450 3404 3488 a
3438 3433 3647 3489 Judazis
3679 3436 3740 3487 ob

2135 3524 2531 3585 intolerabilem
2567 3525 2733 3580 animi
2757 3523 3095 3580 ferocitatem
3126 3524 3267 3595 apud
3293 3522 3618 3595 Augustum
3645 3525 3737 3580 crio

2134 3616 2390 3683 minatus,
2418 3624 2619 3671 aeterno
2645 3615 2785 3686 apud
2812 3615 3075 3671 Viennam
3104 3613 3291 3670 Gallia:
3325 3614 3529 3670 urbem
3570 3615 3735 3685 dispe-

2134 3706 2227 3761 riit
2261 3706 2471 3761 exsilio.
2503 3705 2751 3777 Regnum
2779 3719 2911 3761 vero
2932 3703 3129 3760 Judzese
3154 3718 3260 3774 quo
3288 3703 3477 3759 minus
3503 3705 3738 3760 validum

2133 3799 2320 3866 ﬁeret,
2370 3800 2513 3857 idem
2541 3798 2815 3869 Augustus
2857 3814 2954 3869 per
2985 3797 3309 3853 tetrarchias
3340 3798 3607 3852 scindere
3652 3813 3739 3852 ens

2132 3890 2301 3955 ravit,
2350 3903 2485 3960 quas
2528 3897 2762 3959 quatuor
2810 3887 3007 3943 fratres
3050 3885 3307 3942 Archelai
3348 3897 3546 3942 tenere
3584 3887 3735 3951 fecit,

2131 3981 2434 4050 Herodem,
2479 3982 2840 4059 Antipatrum,
2890 3980 3165 4036 Lisaniam
3219 3986 3275 4034 et
3312 3976 3655 4050 Philippum,
3685 3986 3740 4033 ut

2131 4079 2428 4151 scriptores
2453 4064 2754 4155 temporum
2785 4075 3041 4146 produnt.
3067 4074 3250 4148 (Aug.)
3278 4071 3339 4129 Si
3364 4090 3529 4146 quem
3553 4084 3738 4129 autem

2130 4179 2311 4227 movet
2339 4168 2610 4243 quomodo
2632 4168 2778 4224 dicat
2798 4169 3082 4224 Matthreus
3102 4174 3391 4240 propterea
3418 4183 3541 4222 cum
3564 4183 3742 4236 puero

2128 4264 2253 4320 Jesu
2297 4275 2547 4339 parentes
2573 4265 2691 4336 ejus
2728 4264 2834 4319 isse
2881 4264 2936 4317 in
2963 4247 3259 4331 Galilzeam,
3289 4263 3415 4333 quia
3442 4268 3594 4315 metu
3626 4262 3739 4316 Ar.

2130 4357 2302 4413 chelai
2330 4357 2385 4412 in
2412 4356 2653 4415 Judaeam
2683 4357 2762 4411 ire
2788 4356 3102 4424 noluerunt,
3130 4369 3253 4410 cum
3293 4365 3591 4427 propterea
3626 4372 3740 4410 ma-

2128 4450 2210 4521 gis
2242 4450 2347 4505 isse
2374 4451 2426 4504 iu
2462 4450 2742 4506 Galilaeam
2787 4450 3091 4517 videantur,
3128 4450 3255 4522 quia
3292 4450 3489 4506 civitas
3537 4466 3737 4507 eorum

2127 4550 2243 4595 erat
2272 4538 2539 4597 Nazareth
2571 4538 2824 4605 Galiiaate,
2856 4537 2998 4595 sicut
3030 4538 3207 4595 Lucas
3250 4554 3356 4594 nou
3404 4540 3617 4606 tacuit,
3660 4541 3738 4596 ia-

2130 4633 2474 4704 telligendum
2512 4642 2628 4700 est,
2656 4635 2747 4689 ubi
2791 4634 3013 4703 angelus
3055 4634 3111 4688 in
3155 4633 3358 4689 somnis
3387 4632 3445 4687 in
3487 4632 3738 4707 Egypto

435 4691 602 4750 Jacob
627 4714 764 4753 uxor
785 4701 887 4797 fuit
919 4704 1010 4797 diu
1052 4710 1274 4777 sterilis,
1304 4691 1397 4769 sed
1442 4691 1645 4773 nullum
1674 4691 1853 4776 cx'his
1884 4740 2020 4792 quos
2045 4695 2099 4755 D
2125 4691 2272 4781 dixi;
2284 4726 2351 4780 ad
2380 4724 2575 4797 Ioseph
2604 4691 2625 4779 τ’
2648 4726 2840 4797 Surge,
2864 4691 2916 4780 2:
2954 4726 3130 4795 accipe
3164 4741 3384 4795 puerum
3412 4733 3467 4778 et
3503 4691 3737 4781 méiim

437 4798 694 4856 genuerat
721 4794 918 4849 amisit.
946 4795 1145 4855 Verum
1184 4802 1299 4858 haec
1327 4804 1380 4860 in
1424 4823 1622 4877 genere
1659 4796 1912 4868 Ecclesizc
1944 4825 2024 4887 ty-

434 4891 561 4948 pum
595 4882 848 4950 praetuiit.
883 4884 1000 4943 Non
1030 4891 1195 4961 igitur
1223 4895 1366 4954 illius
1394 4915 1496 4954 vox
1528 4910 1583 4956 et
1606 4903 1850 4972 ploratus
1872 4882 2024 4961 audi-

435 4976 542 5034 tur,
570 4988 690 5042 qum
719 4976 924 5032 nullum
946 4980 1134 5039 habuit
1155 4988 1477 5045 amissorum
1502 4993 1732 5051 ﬁliorum
1758 4997 2020 5064 dolorem,

435 5063 530 5115 sed
555 5064 714 5135 hujus
749 5067 1001 5129 Ecclesia:
1031 5077 1117 5130 diu
1159 5080 1376 5147 sterilis,
1410 5100 1552 5140 nunc
1587 5103 1714 5142 vero
1754 5088 2017 5151 fecundas.

434 5151 598 5252 (in-jus
628 5157 869 5226 ploratus
895 5180 963 5219 ex
990 5166 1133 5236 ﬁliis,
1164 5187 1271 5226 non
1310 5173 1533 5241 idcirco,
1559 5179 1685 5248 quia
1711 5190 2023 5252 peremptos

435 5244 668 5350 dolebat,
705 5254 938 5323 auditur,
970 5261 1064 5314 sed
1098 5264 1225 5332 quia
1254 5267 1322 5320 ab
1352 5265 1436 5321 his
1462 5244 1854 5340 perimebatur,
1884 5244 2020 5344 quos

435 5348 669 5438 primum
724 5348 933 5416 genitos
979 5352 1116 5411 ﬁlios
1171 5357 1406 5414 retinere
1448 5362 1723 5418 voluisset.
1775 5367 2020 5438 Denique

434 5434 699 5492 consolari
742 5456 801 5496 se
848 5445 1050 5513 noluit,
1100 5467 1218 5520 quae
1262 5452 1497 5508 dolebat.
1545 5456 1660 5510 Non
1712 5459 1857 5514 enim
1908 5434 2016 5521 non

433 5539 588 5585 erant
621 5531 672 5587 hi
701 5538 792 5609 qui
824 5542 1019 5595 mortui
1043 5545 1394 5615 putabantur,
1423 5549 1475 5603 in
1520 5552 1840 5606 aeternitatis
1869 5553 2014 5609 enim

431 5623 729 5692 profectum
772 5644 871 5705 per
906 5633 1152 5709 martyrii
1193 5636 1420 5708 gloriam
1457 5640 1837 5698 efferebantur.
1878 5645 2015 5701 Cou-

431 5720 624 5776 solatio
679 5732 861 5780 autem
922 5728 998 5783 rei
1055 5730 1267 5786 amissa:
1322 5745 1441 5791 erat
1504 5737 1850 5809 praestanda,
1904 5756 2013 5796 non

434 5824 623 5870 {NOUI}.

505 5910 762 5991 Defuncto
790 5922 963 5971 autem
994 5914 1226 5989 Herode,
1251 5938 1364 5977 ecce
1392 5926 1634 5997 apparuit
1658 5927 1873 6007 angelus
1908 5928 2014 5986 Do-

2120 4818 2256 4888 ejus,
2284 4826 2331 4873 et
2366 4819 2492 4873 vade
2534 4819 2587 4872 in
2621 4827 2815 4873 terram
2863 4816 3067 4883 Israel,
3100 4816 3180 4874 sic
3228 4817 3573 4873 intellectum
3615 4834 3737 4873 esse

2119 4909 2294 4978 primo
2339 4925 2369 4961 a
2398 4907 2629 4980 Joscph,
2665 4917 2726 4962 ut
2752 4916 2968 4977 putaret
2999 4907 3211 4977 jussum
3243 4919 3301 4962 se
3333 4921 3457 4961 esse
3499 4922 3739 4978 pergere

2119 5001 2174 5055 in
2211 5001 2471 5056 Judream.
2496 5000 2616 5072 Ipsa
2642 5003 2785 5056 enim
2816 5002 3066 5079 primitus
3100 5002 3326 5074 intelligi
3363 5001 3546 5072 potuit
3580 5012 3735 5057 terra

2118 5089 2302 5146 israel.
2347 5092 2519 5147 Porro
2560 5100 2740 5148 autem
2782 5101 2968 5164 postea
2998 5109 3158 5163 quam
3192 5093 3464 5163 comperit
3498 5093 3620 5149 illic
3654 5111 3737 5147 re-

2126 5203 2291 5259 gnare
2320 5187 2487 5243 ﬁlium
2520 5185 2746 5242 Herodis
2788 5187 3135 5252 Archelaum,
3169 5186 3343 5241 noluit
3386 5186 3643 5258 objicere
3682 5201 3739 5239 se

2124 5279 2198 5333 illi
2228 5279 2487 5351 periculo,
2517 5296 2641 5337 cum
2668 5289 2851 5350 posset
2880 5289 3023 5334 terra
3060 5280 3227 5335 lsrael
3253 5278 3417 5334 etiam
3446 5280 3530 5334 sic.
3560 5280 3736 5336 intel-

2122 5369 2252 5440 ligi,
2282 5381 2339 5424 ut
2374 5380 2428 5425 et
2470 5370 2691 5429 Galilma
2722 5371 2829 5426 illic
2858 5370 3231 5440 deputarctur,
3273 5371 3399 5441 quia
3442 5379 3502 5426 et
3545 5372 3734 5445 ipsam

2090 5462 2349 5533 populus
2406 5461 2568 5516 isracl
2617 5461 2904 5517 incolebat.
2951 5460 3268 5532 Quanquam
3315 5469 3373 5515 et
3413 5461 3524 5516 alio
3558 5464 3736 5518 modo

2123 5553 2259 5616 solvi
2307 5554 2478 5629 possit
2538 5554 2653 5607 haec
2705 5555 2951 5624 quaastio.
2999 5555 3135 5621 Quia
3190 5556 3363 5625 potuit
3400 5553 3575 5610 videri
3622 5571 3731 5625 pa-

2122 5649 2367 5707 rentibus
2393 5647 2591 5702 Christi
2623 5663 2744 5701 cum
2784 5660 2950 5716 puero
2988 5646 3077 5719 (de
3106 5662 3213 5716 quo
3242 5645 3365 5701 talia
3408 5660 3511 5715 per
3546 5659 3732 5715 ange-

2118 5743 2223 5797 lica
2267 5758 2522 5813 respousa
2566 5742 2954 5812 cognoverunt)
3000 5756 3106 5793 non
3150 5753 3269 5794 esse
3316 5737 3727 5806 habitandum,

2119 5835 2222 5889 nisi
2250 5835 2304 5889 in
2334 5834 2656 5901 Jerusalem,
2685 5834 2773 5888 ubi
2804 5841 2917 5887 erat
2948 5832 3202 5905 templum
3228 5832 3463 5897 Domini,
3490 5838 3547 5886 et
3580 5847 3729 5901 pro—

2117 5938 2301 6003 pterea
2329 5927 2616 5985 redeuntes
2647 5942 2715 5984 ex
2755 5924 2991 6000 Egypto
3017 5924 3147 5982 illuc
3172 5940 3265 5982 eos
3304 5924 3473 5981 ituros
3510 5921 3724 5995 fuisse,
