3946 6452
187 484 287 545 765

1144 464 1494 531 COMMENT.
1532 466 1599 523 1N
1636 462 2072 523 MATTHIEUM.
2117 497 2185 508 —
2220 466 2350 523 LIB.
2390 467 2433 525 l.

3228 538 3233 545 ἱ
3337 466 3439 523 766

190 611 246 661 et
287 598 397 656 illic
428 594 787 661 habitatores,
818 590 927 646 nisi
971 587 1221 647 Archelai
1264 586 1552 661 przesentia
1583 594 1758 643 terre—
1785 593 1841 655 Α
1863 586 2038 642 denuo
2058 587 2408 655 reddendam,
2443 596 2499 643 et
2537 594 2756 643 sanctos
2798 584 2891 661 qui
2922 580 3196 641 latuerunt
3230 584 3296 642 ad
3345 602 3442 645 sua

188 701 387 751 rentur.
427 685 609 765 Neque
640 686 787 743 enim
832 682 1086 743 divinitus
1126 680 1453 752 jubebantur
1481 680 1555 736 ibi
1598 679 1754 736 habi-

189 796 321 854 tare,
368 788 426 838 ut
470 781 536 845 de
580 776 847 835 Archelao
876 774 1019 847 quod
1057 774 1317 832 timebant
1354 773 1585 835 debeant
1621 789 1755 830 eon-

190 888 443 937 temnere.

256 964 385 1047 [111.]
428 964 500 1021 Et
541 965 747 1021 veniens
788 962 1036 1020 habitavit
1062 963 1117 1017 in
1146 961 1349 1016 civitate
1392 976 1508 1039 quae
1540 967 1758 1015 vocatur

194 1059 479 1125 Nazareth,
508 1064 565 1111 ut
608 1054 978 1127 adimpleretur
1003 1053 1140 1128 quod
1168 1054 1365 1107 dictum
1402 1065 1476 1107 est
1502 1070 1594 1123 per
1631 1068 1756 1124 pro-

186 1152 359 1227 phetas
384 1163 401 1201 :
429 1146 695 1213 Quoniam
738 1144 1027 1199 Nazarwus
1056 1143 1340 1199 vocabitur.
1378 1140 1645 1215 (Hierom)
1700 1138 1759 1195 Si

188 1244 347 1299 ﬁxum
374 1244 440 1298 de
488 1238 783 1317 Seripturis
828 1238 1094 1311 posuisset
1128 1237 1453 1308 exemplum,
1484 1251 1759 1307 nunquam

113 1400 119 1406 δ
188 1334 404 1401 diceret,
432 1332 576 1402 quod
604 1331 803 1387 dictum
832 1337 917 1384 est
942 1344 1040 1400 per
1080 1329 1392 1400 prophetas,
1421 1327 1517 1381 sed
1552 1326 1761 1398 simpli-

186 1426 316 1480 citer
341 1424 484 1497 quod
513 1425 715 1485 dictum
757 1428 839 1478 est
878 1437 973 1493 per
1012 1422 1351 1494 prophetam.
1381 1419 1535 1475 Nunc
1576 1430 1760 1479 autem

184 1516 460 1591 pluraliter
488 1516 776 1587 prophetas
811 1529 1029 1579 vocans,
1073 1513 1306 1568 ostendit
1338 1527 1397 1567 se
1434 1528 1538 1569 non
1574 1511 1756 1578 verba,

186 1609 275 1664 sed
300 1624 518 1663 sensum
542 1609 609 1663 de
635 1607 929 1678 Scripturis
958 1605 1268 1677 sumpsisse.
1302 1603 1593 1659 Nazaraaus
1644 1620 1763 1658 san-

185 1711 291 1756 ctus
332 1701 741 1772 interpretatur.
774 1699 1031 1759 Sanctum
1076 1706 1255 1753 autem
1288 1698 1576 1754 Dominum
1618 1695 1761 1752 futu-

186 1808 301 1847 rum
346 1792 524 1848 omnis
571 1792 853 1864 Scriptura
911 1798 1321 1847 commemorat.
1367 1789 1662 1844 Possumus
1706 1798 1761 1845 et

184 1882 337 1937 aliter
362 1883 562 1948 dicere,
589 1884 731 1954 quod
754 1883 919 1941 etiam
939 1883 1139 1937 eisdem
1162 1882 1341 1936 verbis
1362 1879 1515 1951 juxta
1540 1882 1761 1941 ilebrai-

1857 678 1977 735 loca
2006 696 2125 737 esse
2160 696 2495 738 reversuros.
2526 681 2822 737 Possumus
2864 692 3079 755 quoque
3117 676 3299 734 odium
3339 679 3443 737 lie-

1860 774 2007 829 rodis
2058 789 2165 845 quo
2192 774 2418 849 perdere
2455 771 2641 828 Jesum
2678 771 2867 839 voluit,
2902 788 3065 843 super
3111 773 3445 845 persecutio-

1859 866 2041 935 nibus,
2068 884 2188 943 quae
2222 866 2592 939 apostolorum
2645 865 2977 940 temporibus
3028 864 3188 920 facta:
3235 865 3444 922 suntin

1858 953 2063 1022 Judaza,
2092 955 2399 1029 specialiter
2454 956 2741 1027 accipere,
2801 954 3016 1031 quando
3082 955 3445 1013 invalescente

1861 1045 2084 1110 invidia,
2134 1046 2515 1117 praedicatores
2571 1045 2723 1101 verbi
2768 1061 2907 1121 pene
2947 1058 3136 1099 omnes
3182 1051 3307 1099 sunt
3353 1060 3448 1100 cx-

1859 1130 1996 1208 pulsi
2028 1138 2093 1191 de
2121 1136 2422 1207 provincia,
2476 1144 2532 1192 et
2576 1137 2630 1192 in
2659 1136 2908 1206 gentibus
2935 1135 3281 1204 prmdicaturi
3322 1142 3445 1190 sunt

1858 1229 2015 1300 longe
2068 1227 2283 1298 lateque
2327 1228 2575 1298 dispersi.
2624 1228 2820 1297 Sicque
2856 1224 3059 1281 factum
3095 1233 3178 1280 est
3216 1234 3276 1279 ut
3312 1242 3446 1296 gen-

1860 1321 2051 1387 tilitas,
2094 1336 2213 1390 qua:
2242 1336 2341 1390 per
2389 1319 2684 1391 IEgyptum
2742 1318 3027 1387 ﬁguratur,
3058 1317 3297 1386 peccatis
3323 1324 3447 1370 autc

1859 1410 2166 1477 tenebrosa,
2223 1410 2404 1466 lumen
2452 1410 2602 1465 verbi
2650 1409 2974 1479 perciperet.
3022 1406 3136 1462 Hoc
3172 1416 3255 1462 est
3302 1408 3445 1461 enim

1858 1520 2087 1577 puerum
2113 1501 2295 1558 Jesum
2320 1518 2417 1574 per
2458 1500 2659 1571 Ioseph
2685 1507 2740 1556 et
2780 1506 3009 1553 matrem
3041 1498 3157 1568 ejus
3188 1497 3242 1551 in
3275 1495 3446 1567 Egy—

1858 1603 2011 1666 ptum
2043 1592 2365 1661 transferri,
2396 1593 2557 1649 ﬁdem
2608 1591 2904 1647 Dominicac
2949 1587 3364 1653 incarnationis,
3396 1594 3451 1641 et

1860 1686 2115 1743 Ecclesiae
2143 1687 2457 1743 societatem
2503 1700 2600 1756 per
2652 1686 2902 1739 doctores
2938 1670 3170 1737 sanctos
3199 1680 3448 1753 gentibus

1863 1777 2151 1833 committi.
2196 1776 2351 1844 Quod
2380 1777 2618 1832 erantin
2660 1774 2895 1846 Egypto
2924 1787 3100 1843 usque
3124 1772 3194 1827 ad
3241 1772 3448 1826 obitum

1860 1864 2090 1923 Herodis
2131 1868 2332 1924 indicat
2388 1869 2617 1940 ﬁgurate
2666 1865 2829 1922 ﬁdem
2861 1864 3060 1920 Christi
3112 1865 3165 1918 in
3204 1863 3451 1934 gentibus

183 1988 301 2028 cam
326 1975 609 2029 veritatem
640 1975 690 2029 in
718 1975 856 2030 lsaia
902 1975 1163 2047 scriptum
1191 1981 1274 2030 est
1301 1991 1314 2028 :
1344 1972 1498 2027 Exiet
1522 1972 1665 2045 virga
1694 1974 1758 2029 de
1786 1984 1834 2045 Β
1862 1977 2196 2026 mansuram.
2228 1962 2401 2018 donec
2437 1959 2716 2031 Plenitudo
2762 1974 2952 2014 33mm
2992 1959 3244 2022 ίηῑτοθὲἱί,
3275 1962 3330 2011 et
3373 1954 3452 2009 5Ῐο

183 2067 357 2122 radice
394 2067 541 2123 Iesse
588 2076 633 2122 et
685 2066 979 2123 Nazarceus
1023 2067 1088 2122 de
1134 2067 1309 2122 radice
1357 2068 1473 2145 ejus
1519 2067 1762 2122 ascendet

183 2160 339 2231 (Isal.
370 2161 470 2231 ιι).
512 2160 807 2235 Allcgoriee
852 2169 1032 2216 autem
1063 2162 1177 2217 haec
1223 2177 1371 2217 mors
1409 2158 1764 2217 innocentum

178 2252 524 2327 parvulorum
562 2252 869 2329 prarﬁgurat
912 2252 1215 2327 passionem
1267 2252 1509 2307 omnium
1557 2260 1763 2323 marty-

181 2359 298 2397 rum
329 2343 552 2408 Christi,
583 2345 673 2415 qui
709 2344 915 2414 parvuli
947 2353 1002 2399 et
1045 2344 1365 2401 innocentes
1393 2352 1549 2412 sunt,
1584 2344 1636 2401 id
1681 2353 1765 2400 est

181 2432 424 2500 humiles,
461 2442 517 2491 et
544 2437 611 2489 ab
640 2434 787 2490 omni
817 2435 941 2489 dolo
972 2435 1189 2493 malitiae
1219 2435 1403 2503 alieni,
1434 2444 1490 2490 et
1522 2435 1615 2506 qui
1653 2450 1763 2491 non

182 2525 348 2580 solum
387 2525 440 2581 in
471 2526 807 2593 Bethlebcm,
837 2527 889 2582 id
914 2534 997 2582 est
1022 2527 1075 2580 in
1103 2524 1307 2592 Judzea,
1336 2526 1478 2582 unde
1510 2526 1763 2583 Ecclesiae

183 2619 341 2690 coepit
379 2620 552 2691 origo,
599 2622 691 2676 sed
737 2628 792 2677 ct
832 2621 888 2675 in
933 2621 1184 2679 omnibus
1216 2620 1473 2677 Ecclesiae
1519 2618 1761 2688 ejusdem

183 2711 369 2767 ﬁnibus
412 2727 513 2784 per
555 2720 726 2769 totum
764 2712 951 2768 orbem
996 2719 1267 2771 terrarum
1322 2712 1762 2782 persecutionem

180 2804 317 2872 passi
351 2812 500 2869 sunt,
527 2804 594 2859 ab
624 2804 807 2875 impiis
830 2811 885 2860 et
910 2802 1256 2874 nequissimis
1294 2804 1759 2873 persecutoribus,

181 2913 404 2966 quorum
449 2898 691 2958 Herodes
736 2897 1223 2954 truculentissimus
1252 2905 1436 2970 typum
1468 2898 1660 2952 tenuit.
1693 2897 1763 2953 Hi

181 3006 302 3061 ergo
343 2993 478 3047 bimi
505 2992 672 3051 occisi
701 2998 849 3059 sunt,
880 2990 935 3045 id
964 2998 1048 3047 est
1075 2990 1320 3046 doctrina
1345 2996 1401 3044 et
1444 2989 1761 3061 operatione

180 3081 416 3155 perfecti.
456 3082 611 3151 Quod
649 3084 724 3139 illi
764 3082 982 3161 quidem
1010 3082 1175 3141 occisi
1205 3090 1352 3151 sunt,
1384 3081 1477 3138 sed
1517 3080 1765 3139 Christus

181 3177 267 3247 qui
310 3178 653 3246 qumrebatur
679 3178 868 3233 vivens
893 3176 1087 3244 evasit,
1131 3175 1371 3233 insinuat
1400 3175 1617 3249 quidem
1646 3192 1765 3232 cor-

182 3281 309 3334 pora
340 3268 408 3324 ab
438 3267 619 3339 impiis
644 3283 801 3340 posse
824 3268 1041 3339 perimi,
1065 3268 1159 3323 sed
1191 3266 1495 3334 Christum,
1526 3284 1625 3343 pro
1656 3282 1765 3339 quo

1864 2055 2041 2111 omnis
2075 2053 2241 2110 lsrael
2272 2053 2594 2123 salvusiiat.
2619 2051 2811 2107 Obitus
2838 2051 3034 2121 quippe
3077 2049 3306 2105 Herodis
3339 2056 3451 2101 ter-

1863 2149 2070 2204 minum
2105 2147 2422 2204 intentionis
2473 2147 2787 2212 malitiosae;
2837 2161 2943 2216 qua
2974 2159 3119 2199 nunc
3139 2150 3328 2199 contra
3351 2140 3455 2196 Ec-

1865 2238 2083 2295 clesiam
2105 2238 2291 2293 Iudaea
2318 2239 2491 2305 saevit,
2530 2237 2799 2303 insinuat;
2833 2235 3036 2291 occisio
3078 2232 3448 2305 parvulorum,

1865 2338 2089 2386 mortem
2120 2329 2402 2386 humilium
2425 2330 2616 2398 spiritu
2632 2341 2656 2392 ,'
2674 2342 2831 2398 quos,
2863 2326 3048 2398 fugato
3067 2341 3097 2380 a
3127 2339 3186 2380 se
3210 2322 3452 2387 Christo,

1864 2416 2032 2478 Judaei
2065 2422 2334 2495 perimere
2386 2419 2716 2476 desiderant.
2760 2418 2914 2487 Quod
2964 2426 3145 2477 autem
3198 2415 3454 2472 defuncto

1860 2506 2074 2569 Herode
2116 2513 2257 2569 redit
2283 2512 2351 2567 ad
2385 2520 2588 2567 terram
2627 2510 2793 2567 lsrael
2835 2509 3027 2576 Iesus,
3059 2509 3222 2562 ﬁnem
3271 2503 3457 2561 saeculi

1864 2604 2182 2674 denuntiat,
2232 2606 2449 2677 quando
2505 2605 2692 2659 Enoch
2736 2612 2791 2658 et
2844 2602 2960 2658 Elia
3012 2596 3448 2672 praedicantibus,

1864 2695 2055 2765 Judzei,
2085 2698 2261 2769 sopita
2286 2698 2559 2753 modernae
2594 2694 2812 2751 invidiae
2838 2690 3053 2748 ﬂamma
3074 2733 3089 2759 ,
3126 2690 3289 2745 ﬁdem
3315 2687 3460 2743 veri—

1865 2786 1997 2844 tatis
2044 2788 2337 2861 accipient.
2372 2786 2440 2844 Et
2476 2787 2617 2843 bene
2655 2802 2779 2842 cum
2829 2780 3071 2839 Judtram
3120 2777 3344 2845 deserit,
3376 2776 3460 2830 fu-

1864 2896 2013 2952 gere,
2044 2890 2098 2937 et
2126 2880 2230 2937 hoc
2278 2881 2334 2935 in
2378 2886 2540 2936 nocte
2570 2879 2788 2944 dicitur,
2818 2891 2942 2932 cum
2981 2888 3112 2929 vero
3141 2869 3454 2935 revertitur,

1866 2972 2011 3026 nulla
2046 2987 2153 3027 non
2181 2970 2355 3027 solum
2387 2969 2545 3041 fuga},
2580 2969 2675 3025 sed
2703 2982 2772 3023 ne
2800 2966 2975 3021 noctis
2996 2964 3056 3019 ﬁt
3076 2962 3301 3027 mentio,
3332 2959 3460 3029 quia

1864 3066 2124 3120 nimirum
2151 3081 2288 3137 quos
2327 3065 2397 3121 ob
2434 3071 2784 3136 peccatorum
2821 3058 3075 3115 tenebras
3105 3056 3233 3113 olim
3264 3067 3456 3135 persef-

1867 3165 2081 3214 cutores
2135 3158 2373 3230 reliquit,
2424 3157 2572 3229 ipsos
2624 3157 2694 3212 ob
2737 3155 2915 3209 lucem
2968 3151 3093 3207 ﬁdei
3125 3148 3343 3205 tandem
3396 3160 3455 3200 se

1870 3259 2175 3320 quaerentes
2209 3249 2416 3306 revisit.
2449 3246 2621 3316 Quod,
2648 3247 2906 3302 damnato
2947 3238 3073 3297 licet
3101 3236 3337 3302 Herode,
3363 3233 3459 3290 Jo-

183 3330 290 3412 tota
327 3330 843 3433 persechtio-sazvit,‘
871 3330 1182 3414 nullatenus
1223 3359 1305 3414 eis
1332 3330 1639 3415 viventibus
1673 3330 1766 3416 vel
1794 3347 1838 3411 C
1871 3341 2001 3413 δευῗὶ
2028 3340 2223 3396 limo"?
2250 3338 2513 3433 Ambe‘al
2544 3338 2642 3433 mil
2669 3338 2784 3433 έθὶυε
2828 3330 3092 3400 δυάῖθδων
3124 3330 3217 3387 ubi
3259 3337 3462 3433 "33"?“

182 3447 397 3515 occisis,
426 3465 585 3520 posse
622 3448 843 3505 auferri.
881 3448 1218 3517 Quodjuxta
1247 3449 1565 3504 vaticinium
1609 3447 1765 3505 Jere—

182 3541 301 3595 Ini-a3
328 3555 435 3596 vox
466 3541 521 3596 in
552 3557 723 3606 rama,
754 3541 808 3596 id
834 3549 918 3597 est
945 3541 1000 3595 in
1025 3541 1262 3607 excelso,
1294 3542 1476 3596 audita
1513 3547 1616 3606 est,
1650 3540 1767 3613 plo-

180 3639 349 3697 ratus,
389 3639 447 3688 et
485 3632 720 3687 ululatus
759 3631 978 3697 multus,
1020 3631 1306 3687 manifeste
1354 3632 1637 3687 denuntiat
1680 3632 1764 3686 lu-

134 3736 141 3743 “
179 3727 327 3805 ctum
372 3729 575 3777 sanctae
600 3720 875 3789 Ecclesiae,
920 3737 1028 3794 quo
1056 3723 1122 3778 de
1168 3720 1368 3793 injuste
1398 3723 1765 3779 membrorum

182 3832 406 3871 suorum
448 3832 580 3874 nece
619 3817 806 3891 gemit,
839 3834 969 3883 non,
996 3825 1056 3873 ut
1079 3817 1267 3874 hostes
1292 3817 1557 3888 garriunt,
1589 3816 1645 3873 in
1674 3832 1766 3871 va-

186 3920 346 3959 cuum
376 3906 592 3975 cedere,
626 3908 720 3963 sed
749 3923 921 3978 usque
959 3908 1027 3963 ad
1074 3908 1272 3963 solium
1315 3908 1533 3979 superni
1580 3922 1768 3962 ascen-

184 3996 310 4051 dere
333 3995 555 4066 judicis,
597 3998 739 4053 sicut
769 3998 839 4053 de
877 3999 1137 4069 sanguine
1176 3998 1311 4054 Abel
1348 3998 1768 4073 protomartyris

188 4090 445 4160 scriptum
473 4097 573 4146 est.
601 4089 754 4159 Quod
782 4099 964 4149 autem
994 4090 1198 4147 Rachel
1228 4091 1442 4163 plorare
1472 4090 1611 4145 ﬁlios
1639 4105 1767 4149 suos

190 4182 402 4253 dicitur,
430 4198 531 4239 nec
564 4183 798 4239 voluisse
832 4181 1101 4239 consolari
1132 4183 1258 4256 quia
1288 4199 1396 4239 non
1428 4190 1574 4249 sunt,
1601 4182 1769 4259 signi-

191 4273 311 4329 ﬁcat
351 4274 648 4330 Ecclesium
690 4274 906 4344 quidem
949 4275 1164 4345 plorare
1196 4282 1510 4330 sanctorum
1553 4274 1620 4327 de
1663 4273 1769 4331 hoc

192 4366 379 4421 sacculo
408 4366 762 4431 oblationem,
791 4365 885 4421 sed
930 4381 1037 4420 non
1074 4366 1148 4420 ita
1189 4366 1328 4422 velle
1370 4365 1672 4434 consolari,
1708 4372 1770 4418 ut

191 4455 277 4524 qui
305 4455 559 4511 szeculum
599 4463 777 4509 morte
822 4454 1069 4509 vicerunt
1096 4470 1288 4511 rursus
1315 4455 1384 4510 ad
1424 4454 1604 4510 saeculi
1650 4468 1768 4509 cer-

194 4548 387 4602 tamina
413 4561 599 4603 secum
626 4546 904 4602 toleranda
939 4547 1179 4603 redeant.
1208 4546 1347 4615 Quia
1376 4547 1635 4601 nimirum
1660 4560 1768 4600 non

193 4649 312 4696 sunt
334 4642 476 4696 ultra
522 4640 806 4696 revocandi
835 4639 890 4697 in
929 4640 1210 4705 mundum,
1237 4641 1304 4696 de
1334 4637 1487 4707 cujus
1515 4635 1769 4692 :erumnis

1867 3434 2033 3505 polim
2062 3433 2315 3499 habebat,
2362 3432 2442 3488 ire
2490 3430 2821 3497 formidans,
2852 3434 3108 3484 monente
3151 3420 3370 3495 angelo,
3403 3421 3460 3477 in

1867 3528 2136 3585 Nazareth
2157 3527 2392 3584 Gaiilacze
2422 3525 2644 3590 secedit,
2674 3524 2864 3581 ultima
2890 3516 3176 3593 prazsentis
3203 3515 3461 3573 Ecclesia:

1865 3625 2108 3690 tempora
2136 3617 2404 3689 designat,
2432 3614 2649 3690 quando
2678 3629 2778 3685 per
2805 3628 2892 3678 ea,
2921 3626 3041 3682 quae
3068 3623 3213 3665 nunc
3238 3607 3458 3665 univer-

1867 3708 1964 3765 sali
2014 3708 2189 3779 gentis
2238 3707 2379 3762 illius
2451 3706 2694 3761 excitate
2765 3700 3108 3759 Christianos
3176 3697 3235 3753 in
3283 3710 3459 3767 quan-

1867 3809 1981 3856 tum
2010 3798 2151 3854 valet
2174 3799 2427 3871 persequi
2454 3812 2560 3851 non
2587 3792 2822 3861 desistit,
2851 3793 3033 3849 acrior
3056 3790 3111 3846 in
3135 3786 3461 3861 quibusdam

1866 3889 2187 3946 Antichristi
2228 3889 2538 3959 persecutio
2572 3892 2886 3958 consurget.
2920 3884 2988 3939 Et
3037 3881 3271 3957 quidem
3294 3876 3462 3948 pluri-

1866 3982 1970 4037 mis
1992 3982 2060 4037 ad
2084 3981 2524 4052 praedicationem
2562 3978 2750 4035 Enoch
2782 3986 2836 4033 et
2864 3974 2995 4032 Elia:
3021 3990 3051 4029 a
3078 3970 3306 4045 perﬁdia
3334 3983 3464 4025 con-

1867 4076 2063 4141 versis,
2112 4074 2209 4130 sed
2238 4073 2455 4130 cmteris
2498 4068 2566 4128 ad
2613 4072 2929 4127 instinctum
2973 4063 3294 4123 Antichristi
3351 4069 3463 4116 tota

1865 4167 2166 4224 intentione
2212 4175 2401 4223 contra
2455 4165 2617 4222 ﬁdem
2670 4162 3073 4219 dimicantibus.
3117 4157 3252 4213 Pars
3298 4154 3464 4227 igitur

1868 4258 2067 4314 Iudaeae
2087 4258 2143 4313 in
2165 4272 2270 4328 qua
2298 4257 2559 4328 regnabat
2586 4252 2886 4311 Archelaus
2910 4250 3146 4322 perﬁdos
3179 4245 3461 4302 Antichri-

1870 4351 1940 4407 sti
1966 4365 2226 4420 sequaces
2267 4349 2525 4405 ostendit.
2566 4348 2736 4403 Porro
2778 4344 3049 4400 Nazareth
3071 4340 3323 4405 Galilaxc,
3353 4352 3461 4407 quo

1870 4442 2130 4498 Dominus
2164 4440 2509 4507 transfertur,
2558 4456 2746 4515 pacem
2793 4437 2968 4508 gentis
3011 4432 3290 4502 ejusdem,
3346 4444 3465 4499 qua:

1870 4542 2001 4589 tunc
2025 4522 2283 4604 témporis
2311 4531 2471 4589 ﬁdem
2492 4530 2697 4587 Christi
2728 4536 2812 4583 est
2837 4533 3173 4597 susceptura,
3196 4523 3461 4591 designat.

1871 4626 2029 4684 Unde
2060 4628 2199 4683 bene
2241 4622 2462 4681 Galiltea
2492 4631 2787 4695 perpetrata
2827 4616 3220 4688 transmigratio
3243 4656 3256 4678 ,
3284 4614 3464 4668 Naza-

193 4734 351 4789 semel
395 4740 719 4798 evaserunt,
753 4731 1048 4791 coronandi
1091 4731 1160 4786 ad
1196 4704 1494 4786 Christum.
1526 4729 1592 4784 Et
1631 4729 1771 4784 bene
1795 4707 1849 4767 D
1874 4718 1992 4773 rell!
2024 4717 2142 4788 ﬂos,
2181 4724 2273 4771 aut
2292 4714 2573 4786 virgultum
2612 4713 2747 4782 ejus,
2772 4710 3179 4777 interpretatur.
3214 4706 3350 4798 Quia
3380 4704 3463 4798 ni-

190 4822 407 4891 llachcl,
453 4839 573 4893 qua:
604 4824 732 4890 ovis,
764 4830 858 4876 aut
886 4822 1061 4877 videns
1092 4820 1297 4887 Deum,
1336 4819 1557 4885 dicitur,
1588 4818 1774 4874 Eccle-

193 4914 319 4969 siam
350 4916 589 4987 ﬁgurare
628 4915 1048 4978 demonstratur,
1087 4910 1242 4980 cujus
1270 4918 1383 4968 tota
1429 4910 1677 4974 intentio,
1716 4916 1776 4964 ut

192 5004 368 5061 videre
412 5007 584 5061 Deum
625 5012 918 5069 mereatur,
965 5002 1226 5076 invigilat.
1274 5002 1342 5056 Et
1387 5003 1500 5072 ipsa
1546 5008 1629 5055 est
1659 5000 1776 5055 ovis

194 5097 501 5162 centesima,
535 5110 697 5165 quam
740 5094 935 5150 Pastor
960 5093 1155 5161 bonus,
1186 5092 1393 5149 relictis
1430 5094 1483 5147 in
1512 5092 1650 5147 coelo
1678 5106 1777 5146 no-

195 5190 405 5259 naginta
457 5201 649 5242 novem
678 5186 868 5242 ovibus
910 5186 1274 5258 angelicarum
1303 5184 1600 5250 virtutum,
1641 5184 1773 5237 abiit

196 5297 427 5351 quaerere
471 5283 526 5336 in
576 5288 751 5347 terra,
801 5281 1181 5349 inveniamque
1227 5278 1340 5333 suis
1386 5278 1627 5331 humeris
1672 5276 1774 5330 im-

195 5376 393 5446 posuit,
422 5383 478 5430 et
511 5374 591 5430 sic
629 5372 929 5443 reportavit
957 5372 1023 5426 ad
1066 5386 1303 5443 gregem.
1330 5368 1481 5437 Quod
1527 5384 1655 5423 vero
1688 5383 1776 5423 oc—

198 5464 316 5520 cisis
359 5481 457 5535 pro
509 5463 737 5519 Domino
780 5462 985 5532 pueris,
1018 5459 1257 5516 Herodes
1302 5475 1407 5512 non
1450 5458 1603 5527 longe
1650 5464 1774 5526 post

198 5556 351 5622 obiit,
381 5568 437 5612 et
478 5553 711 5626 Joseph,
750 5560 1002 5608 monente
1041 5551 1248 5622 angelo,
1311 5550 1599 5605 Dominum
1647 5563 1770 5601 cum

202 5658 365 5699 matre
407 5658 476 5699 ad
522 5658 723 5701 terram
767 5642 932 5699 lsrael
979 5642 1219 5707 reduxit,
1268 5640 1536 5712 signiﬁcat
1581 5653 1773 5693 omnes

202 5738 629 5804 persecutiones,
682 5749 800 5805 quae
830 5742 1019 5788 contra
1050 5732 1345 5787 Ecclesiam
1372 5718 1528 5785 erant
1558 5744 1774 5783 moven-

206 5826 320 5895 dae,
374 5829 616 5899 ipsorum
673 5835 1083 5898 persecuturum
1149 5830 1323 5878 morte
1379 5822 1769 5887 vindicandas,

208 5918 508 5995 eisdemque
535 5920 773 5979 multatis
815 5916 1270 5993 persecutoribus,
1300 5930 1495 5988 pacem
1514 5913 1772 5973 Ecclesiae

1870 4812 2070 4868 mirum
2114 4817 2302 4865 sancta
2330 4806 2570 4863 Ecclesia
2605 4820 2714 4876 quo
2752 4801 3061 4857 ardentiore
3087 4797 3354 4856 desiderio
3396 4795 3463 4850 ab

1871 4904 1956 4959 his
2014 4917 2133 4974 qua:
2186 4901 2239 4955 in
2289 4899 2449 4955 terris
2496 4898 2645 4954 videt
2695 4897 2763 4952 ad
2809 4891 3051 4950 caelestia
3102 4887 3463 4963 promerenda

1872 4993 2242 5065 trausmigrat,
2292 5007 2358 5047 eo
2408 4990 2615 5061 majore
2657 4985 2986 5061 spiritalium
3032 4981 3273 5039 abundat
3331 4979 3464 5034 ﬂore

1873 5096 1937 5142 ac
1967 5085 2209 5158 germine
2237 5082 2521 5138 virtutum.

2499 5168 2730 5227 CAPUT
2763 5167 2851 5223 ΙΙΙ.

1923 5267 2002 5322 De
2044 5266 2418 5338 praedicatione
2449 5263 2683 5338 Joannis
2723 5259 3013 5338 Baptistae,
3065 5262 3114 5310 et
3159 5253 3412 5325 baptismo

2556 5332 2769 5389 Christi.
3198 5360 3203 5367 ι

1948 5455 2062 5531 [1.]
2088 5454 2157 5509 In
2180 5454 2362 5508 diebus
2395 5450 2502 5506 illis
2546 5450 2685 5504 venit
2723 5446 2958 5501 Joannes
2984 5442 3248 5512 Baptista,
3278 5437 3453 5531 prmiti-

1877 5529 2001 5603 cans
2024 5548 2078 5600 in
2100 5546 2302 5599 deserto
2325 5541 2550 5604 Inda'az,
2575 5546 2623 5593 et
2648 5537 2825 5590 dicens
2858 5549 2876 5587 :
2908 5532 3275 5586 Paenitentiam
3306 5529 3458 5597 agile,

1878 5637 2254 5708 appropinquat
2290 5632 2427 5685 enim
2477 5643 2691 5699 regnum
2746 5623 3015 5679 cazlorum.
3060 5620 3252 5692 (Aug.)
3310 5617 3459 5683 Quod

1878 5728 2011 5782 dicit
2041 5728 2095 5780 in
2120 5725 2301 5779 diebus
2326 5721 2452 5787 illis,
2504 5735 2610 5774 non
2650 5719 2837 5787 utique
2868 5713 3239 5770 tantummodo
3276 5708 3459 5779 pueri-

1877 5823 1967 5878 tiae
1995 5821 2137 5876 illius
2184 5820 2300 5874 dies
2335 5815 2589 5879 insinuat,
2623 5812 2715 5868 sed
2757 5824 2945 5866 omnes
2972 5808 3088 5864 dies
3121 5806 3189 5861 ab
3213 5804 3330 5871 ejus
3361 5815 3426 5853 ua

1880 5915 2089 5974 tivitatc
2115 5926 2287 5989 usque
2306 5910 2375 5967 ad
2400 5916 2611 5983 tempus
2641 5920 2749 5978 quo
2776 5901 3076 5978 praedicare
3094 5912 3161 5954 ac
3182 5894 3461 5971 baptizare
