3946 6448
459 416 571 475 767

1103 414 1168 472 e.
1205 412 1465 473 unum
1501 413 1724 475 mum
1760 413 2084 474 suum.
2125 411 2436 473 uocum.
2454 395 2458 399 ‘
2475 413 2766 473 omum
2800 412 2982 473 rans
3016 413 3060 474 ι.

3674 420 3784 481 768

460 538 629 610 coepit
650 533 909 604 Joannes,
954 532 1116 591 simul
1170 532 1601 606 comprehendit.
1650 532 1769 601 Quo
1812 540 2056 604 tempore
2081 533 2133 596 Α
2161 531 2356 603 inquit,
2378 531 2632 600 habebat,
2665 547 2775 588 non
2802 532 2869 588 de
2897 532 3043 602 lana,
3068 535 3196 605 quia
3223 532 3372 592 aliud
3401 543 3497 593 est
3526 546 3781 593 austera

459 630 667 690 Christi
711 636 845 685 mtas
882 627 1137 701 juvenilis
1188 627 1480 683 invenitur.
1511 626 1648 695 Quia
1693 626 1859 683 coaevi
1898 632 2056 682 erant

462 722 712 780 Christus
747 729 804 778 et
846 719 1103 787 Joannes,
1158 727 1214 776 et
1270 719 1498 791 triginta
1554 717 1729 775 ferme
1785 732 2055 774 annorum

460 822 720 873 narratur
751 813 954 881 fuisse,
979 827 1104 869 cum
1130 812 1199 869 ab
1221 811 1313 868 illo
1348 812 1654 883 baptizatus
1684 819 1846 868 esset.
1878 810 2057 867 Lucas

462 918 647 966 autem
659 924 759 982 per
774 915 1073 980 potestates
1095 915 1340 965 terrenas
1354 906 1656 979 signantius
1675 906 1791 976 ipsa
1812 914 2059 977 tempora

462 1000 734 1073 expressit
780 1000 1183 1071 praedicationis
1224 999 1313 1057 vel
1362 1000 1618 1071 baptismi
1665 997 1923 1065 Joannis,
1970 997 2058 1053 div

463 1108 594 1151 cens
630 1111 643 1148 :
674 1093 823 1149 Anno
868 1102 1047 1149 autem
1085 1092 1397 1149 duodecimo
1449 1091 1655 1163 imperii
1696 1090 1891 1146 Tiberii
1936 1087 2055 1145 οω-

462 1185 623 1251 saris,
670 1196 989 1257 procurante
1022 1182 1219 1240 Pontio
1260 1182 1441 1239 Pilato
1489 1183 1760 1251 Judazam,
1793 1166 2059 1239 tetrarcha

463 1289 639 1336 autem
665 1277 903 1337 Galiltew
935 1278 1180 1348 Herode,
1224 1277 1474 1351 Philippo
1525 1289 1702 1335 autem
1734 1279 1899 1351 fratre
1943 1279 2058 1349 ejus

464 1372 731 1427 tetrarcha
759 1371 1009 1440 Iturium,
1040 1381 1089 1428 et
1120 1370 1512 1427 Trachonitidis
1539 1372 1784 1443 regionis,
1815 1380 1865 1426 et
1907 1369 2061 1427 Lica-

467 1464 559 1517 nia
586 1463 815 1519 Abilinw
844 1465 1130 1532 tetrarcha,
1162 1465 1364 1536 factum
1384 1475 1460 1520 est
1488 1465 1699 1521 verbum
1726 1464 1939 1520 Domini
1971 1482 2061 1521 su-

464 1570 558 1624 per
581 1553 843 1608 Joannem
870 1552 1150 1611 Zacharite
1200 1555 1371 1625 ﬁlium
1399 1556 1456 1611 in
1500 1556 1726 1623 deserto,
1763 1564 1813 1611 et
1841 1557 1979 1613 venit
2004 1558 2061 1611 in

464 1660 672 1700 onmem
721 1647 983 1717 regionem
1008 1641 1324 1716 “Iordanis,
1386 1649 1685 1721 praedicans
1746 1650 2061 1721 baptismum

461 1738 803 1808 pwnitentiw,
825 1739 884 1794 in
912 1740 1271 1795 remissionem
1286 1751 1620 1812 peccatorum
1642 1741 1795 1815 (Luc.
1811 1742 1919 1816 ιιι).
1934 1741 2061 1799 Poe-

464 1830 753 1888 nitentiam
809 1831 975 1905 igitur
1035 1833 1215 1890 facere
1262 1835 1318 1890 in
1372 1835 1590 1891 deserto
1635 1835 1834 1892 Judaeae
1879 1850 2061 1908 praeco

2156 625 2325 681 vestis
2350 623 2792 694 indicium,aliud
2817 623 3044 682 luxuriae
3062 627 3346 684 mollioris.
3373 628 3539 685 Zona
3579 638 3775 686 autem

2157 719 2369 786 bellica,
2396 735 2504 791 qua
2533 729 2589 776 et
2622 720 2901 777 accinctus
2930 719 3030 777 fuit
3079 722 3258 790 Elias,
3306 725 3774 785 mortiﬁcatiouis

2159 812 2464 887 symbolum
2495 823 2598 871 est.
2647 814 2820 871 Porro
2849 816 2993 887 quod
3030 817 3277 889 sequitur
3322 837 3336 872 :
3371 817 3529 874 Esca
3595 828 3775 874 ante.

2158 906 2274 977 ejus
2289 914 2401 961 erat
2426 906 2628 962 locusta
2652 916 2701 962 et
2723 908 2825 962 mel
2847 908 3103 975 silvestre,
3124 908 3423 967 habitatori
3446 910 3773 967 solitudinis

2159 1012 2460 1071 congruum
2487 1008 2592 1066 est,
2621 1006 2683 1055 ut
2708 1015 2818 1056 non
2848 1000 3070 1059 delicias
3097 1001 3362 1067 ciborum,
3416 1003 3527 1058 sed
3584 1017 3771 1059 neces-

2159 1090 2373 1146 sitatem
2405 1091 2655 1148 humanae
2680 1094 2859 1149 carnis
2887 1094 3145 1165 expleret,
3176 1110 3285 1152 non
3305 1110 3580 1167 querens
3607 1096 3769 1167 dapes

2160 1194 2227 1235 ex
2269 1182 2602 1239 nutrimento
2628 1198 2908 1255 pecorum,
2956 1198 3056 1241 nec
3091 1201 3160 1242 ex
3215 1186 3461 1244 sollicita
3517 1188 3768 1243 custodia

2161 1272 2478 1343 alvearium,
2526 1274 2622 1332 sed
2662 1277 2810 1332 tenui
2857 1277 3005 1333 victu
3047 1288 3356 1345 contentus,
3415 1295 3489 1335 ex
3548 1280 3768 1336 minutis

2160 1362 2488 1433 volatilibus,
2515 1374 2571 1422 et
2592 1381 2659 1422 ex
2700 1366 2860 1423 melle
2889 1368 3110 1426 invento
3144 1370 3201 1426 in
3228 1370 3450 1426 truncis
3477 1369 3765 1425 arborum.

2159 1456 2347 1513 Potest
2396 1456 2612 1515 habitus
2668 1466 2721 1515 et
2755 1459 2931 1516 victus
2975 1460 3093 1532 ejus
3142 1477 3242 1534 per
3294 1461 3767 1535 signiﬁcationem

2162 1551 2327 1607 etiam
2355 1550 2672 1623 qualitatem
2721 1553 2951 1610 internae
2982 1555 3422 1613 conversationis
3480 1556 3618 1626 ejus
3674 1571 3768 1610 non

2164 1642 2607 1701 inconvenienter
2634 1647 2979 1715 exprimere;
3021 1663 3150 1704 nam
3192 1649 3318 1721 quia
3361 1649 3770 1705 austerior-ibus

2163 1739 2417 1794 utebatur
2444 1738 2795 1807 indumentis,
2827 1741 2906 1797 sic
2926 1740 3089 1797 etiam
3129 1742 3396 1798 Dominus
3428 1742 3487 1796 in
3518 1742 3769 1797 laudibus

2165 1829 2280 1900 ejus
2304 1836 2640 1900 protestatus
2664 1840 2769 1896 cst,
2799 1831 2987 1888 dicens
3012 1832 3080 1887 ad
3110 1830 3330 1889 Judaeos
3364 1852 3379 1886 :
3418 1831 3577 1899 Quid
3598 1832 3768 1886 existis

463 1922 709 1980 Veritatis
751 1897 928 1980 docet.
976 1924 1114 1994 Quia
1142 1939 1208 1981 ea
1237 1926 1474 1982 maxime
1515 1926 1829 1999 indigebant
1868 1897 1980 1993 illi,
2029 1942 2061 1981 a
2088 1897 2137 1959 Β
2164 1897 2649 1978 videre?hominem
2673 1923 2918 1980 mollibus
2939 1925 3373 1980 vestitum?Ecce
3399 1897 3498 1995 qui
3525 1926 3767 1979 mollibus

461 2016 658 2087 quibus
682 2022 906 2089 propter
929 2026 1215 2088 peccatum
1238 2016 1499 2075 Dominus
1522 2017 1829 2075 habitatum
1848 2017 2064 2091 longius

464 2119 794 2177 recesserat,
827 2120 886 2167 ut
911 2111 1187 2168 desertum
1225 2111 1440 2169 fierent.
1474 2111 1684 2180 Quibus
1712 2113 2061 2185 postmodum

463 2201 579 2274 ipse
604 2203 978 2283 peccantibus,
1004 2211 1062 2260 et
1084 2203 1382 2261 homicidia
1430 2194 1573 2260 nova
1610 2206 1781 2261 veteri
1829 2205 2063 2276 prophe-

463 2301 640 2350 tarum
686 2295 819 2353 cedi
866 2295 1337 2353 accumulantibus
1384 2296 1463 2351 ait
1500 2314 1512 2350 :
1548 2293 1687 2351 Ecce
1716 2295 2062 2367 ,relinquetur

462 2387 604 2442 vobis
647 2387 833 2442 domus
860 2396 1032 2443 uestra
1061 2386 1273 2442 deserta
1299 2386 1454 2460 (Luc.
1482 2387 1630 2458 xm).
1675 2386 2061 2443 Ptenitentiam

460 2492 592 2549 ergo
639 2477 968 2534 facientibus
1023 2492 1252 2549 regnum
1304 2478 1570 2535 caelorum
1624 2478 2062 2550 appropinquare

462 2568 681 2624 dicitur.
718 2568 855 2637 Quia
891 2570 1035 2640 quod
1082 2577 1305 2641 propter
1333 2570 1646 2641 superbiam
1680 2578 1846 2642 atque
1881 2577 2062 2627 trans-

462 2660 799 2730 gressionem
842 2661 1009 2732 primi
1035 2662 1278 2734 parentis
1318 2662 1493 2717 nostri
1533 2661 1747 2735 longius
1773 2663 2058 2730 abscessit,

463 2769 589 2811 cum
617 2769 768 2815 mors
818 2764 874 2812 et
921 2753 1169 2812 infernus
1230 2755 1629 2827 appropriavit,
1681 2755 1787 2811 hoc
1837 2764 2063 2828 propter

460 2842 663 2902 Christi
697 2844 1057 2901 humilitatem
1080 2853 1136 2902 et
1159 2845 1547 2914 obedientiam,
1578 2845 1793 2903 inferno
1826 2856 2061 2916 semoto,

460 2951 492 2991 a
522 2936 765 3008 peccatis
792 2936 1168 2994 recedentibus
1193 2936 1432 2994 vicinum
1476 2938 1684 2994 factum
1710 2946 1812 2995 est.
1856 2938 1927 2995 Et
1954 2940 2061 2997 hoc

460 3026 532 3084 ad
560 3028 1024 3100 comparationem
1053 3029 1256 3085 veteris
1282 3028 1421 3101 legis
1451 3030 1659 3085 dictum
1684 3038 1791 3097 est,
1816 3028 1912 3087 ubi
1937 3044 2061 3087 eam

459 3118 785 3177 facientibus
830 3120 974 3177 bona
1003 3128 1165 3178 terra;
1191 3122 1675 3194 promittebantur.
1728 3120 1830 3180 llic
1876 3132 2061 3181 autem

459 3227 569 3269 non
597 3211 849 3271 fertilitas
870 3221 1052 3282 terrae,
1083 3214 1181 3271 sed
1204 3227 1433 3285 regnum
1458 3213 1723 3272 caelorum
1742 3215 1881 3273 bene
1901 3230 2062 3287 agen-

2162 2013 2451 2085 vestiuntur
2475 2012 2532 2067 in
2569 2012 2809 2069 domibus
2857 2032 3039 2087 regum
3088 2027 3211 2072 sunt
3258 2016 3419 2089 (Luc.
3457 2017 3602 2087 vn);
3658 2018 3769 2086 quis

2162 2105 2329 2161 vitam
2359 2106 2705 2176 peccantium
2730 2122 2839 2164 non
2860 2108 3243 2166 blandimentis
3268 2109 3433 2178 fovit,
3463 2112 3566 2167 sed
3598 2112 3769 2182 vigure

2163 2211 2369 2267 asperae
2402 2196 2723 2254 invectionis
2746 2198 3050 2270 increpavit
3080 2220 3093 2255 :
3129 2202 3351 2258 diccns:
3379 2201 3680 2277 Genimina
3705 2203 3767 2257 ri-

2159 2304 2424 2359 perarum,
2475 2290 2592 2360 quis
2648 2290 2789 2345 vobis
2838 2291 3215 2347 demonstravit
3263 2292 3456 2365 fugere
3502 2311 3535 2346 a
3593 2293 3767 2361 {aurs

2160 2379 2284 2448 ira?
2307 2381 2510 2436 Zonam
2542 2382 2775 2438 habebat
2799 2383 2947 2440 circa
2971 2383 3186 2440 lumbos
3206 2398 3359 2451 suos,
3383 2386 3526 2456 quia
3549 2400 3765 2441 carnem

2162 2487 2319 2528 suam
2341 2473 2612 2530 crucifixit
2629 2491 2754 2532 cum
2779 2476 2929 2532 vitiis
2948 2484 3003 2532 et
3023 2477 3495 2550 concupiscentiis
3519 2476 3671 2549 (Gal.
3696 2478 3763 2543 τ’).

2162 2554 2317 2632 Quod
2351 2579 2540 2621 eorum
2587 2581 2707 2622 esse
2750 2566 2843 2638 qui
2887 2574 3014 2623 sunt
3038 2565 3169 2623 Jesu
3219 2567 3463 2633 Christi,
3516 2568 3765 2638 Apostoio

2164 2663 2477 2724 attestante,
2528 2656 2838 2715 didicimus.
2901 2659 3168 2733 Locustas
3223 2668 3281 2717 et
3334 2660 3449 2716 mel
3512 2661 3765 2735 sylvestne

2163 2750 2381 2819 edebat,
2412 2751 2540 2822 quia
2596 2752 2756 2809 dulce
2793 2752 3016 2824 quidem
3056 2754 3306 2825 sapiebat
3353 2754 3542 2810 turbis
3584 2753 3765 2825 praedi-

2165 2843 2309 2900 catio
2360 2844 2500 2916 ejus,
2528 2845 2878 2901 existimante
2911 2845 3111 2917 populo
3156 2854 3213 2901 et
3241 2844 3632 2918 cogitantibus
3659 2861 3767 2900 om-

2164 2935 2325 2991 nibus
2377 2935 2433 2990 in
2478 2935 2733 2992 cordibus
2779 2936 2893 2993 suis
2939 2936 3008 2992 de
3049 2952 3137 3004 eo,
3189 2951 3259 2992 ne
3287 2935 3433 2992 forte
3468 2938 3591 3009 ipse
3638 2947 3770 2992 esset

2164 3026 2434 3096 Christus,
2458 3027 2556 3085 sed
2575 3028 2729 3085 ocius
2752 3027 2919 3085 linem
2944 3029 3158 3094 sortita,
3184 3027 3634 3099 intelligentibus
3665 3028 3770 3098 ejus

2164 3119 2502 3177 auditoribus
2530 3122 2658 3193 quia
2687 3138 2796 3177 non
2838 3122 2955 3193 ipse
2993 3121 3267 3189 Christus,
3310 3122 3413 3178 sed
3463 3137 3771 3195 praecum

2163 3222 2218 3270 et
2244 3213 2509 3285 propheta
2533 3221 2678 3271 esset
2699 3214 2923 3273 Christi.
2958 3213 3189 3289 (Maura)
3233 3215 3294 3271 In
3349 3214 3523 3271 melle
3573 3215 3769 3272 etenim

460 3304 603 3362 tibus
625 3304 816 3363 adesse
840 3305 1191 3363 describitur.
1207 3307 1425 3364 Primus
1450 3307 1597 3364 enim
1625 3307 1869 3378 Baptista
1891 3305 2059 3364 Joan-
2086 3292 2132 3356 C
2164 3307 2412 3375 dulcedo,
2444 3307 2501 3362 in
2537 3306 2766 3365 locustis
2803 3318 2950 3365 esset
3001 3309 3185 3364 alacer
3209 3308 3452 3375 volatus,
3512 3309 3610 3365 sed
3673 3311 3770 3365 cito

458 3410 558 3452 nes
604 3404 834 3471 regnum
862 3397 1126 3456 oculorum
1159 3399 1502 3473 praedicavit,
1531 3409 1594 3457 ut
1619 3417 1925 3474 praecursor
1955 3403 2062 3459 Do-

462 3489 605 3545 mini
628 3490 734 3547 hoc
758 3490 1134 3566 honorantur;
1150 3492 1459 3566 privilegio.

529 3578 634 3635 Hic
657 3590 732 3637 est
752 3584 891 3639 enim
918 3584 983 3640 de
1007 3601 1110 3656 quo
1137 3584 1339 3642 dictum
1372 3594 1448 3643 est
1491 3602 1587 3658 per
1612 3584 1819 3663 Isaiam
1840 3588 2063 3660 prophe-

455 3679 568 3726 tam
591 3672 871 3743 dicentem,
905 3673 1022 3731 νοω
1041 3676 1319 3734 clamantis
1349 3678 1405 3733 in
1432 3677 1635 3734 deserto
1660 3693 1679 3732 :
1706 3676 1904 3735 Parate
1923 3680 2062 3735 viam

458 3761 696 3832 Domini,
739 3774 906 3822 rectas
933 3765 1094 3836 facite
1117 3769 1331 3824 semitas
1373 3769 1509 3840 ejus.
1546 3768 1693 3826 Idem
1735 3784 1868 3826 vero
1897 3768 2061 3827 Joan-

455 3866 555 3910 nes
591 3856 891 3912 sccundum
941 3858 1109 3914 alium
1151 3858 1541 3931 evangelistam
1592 3859 1889 3931 requisitas
1935 3860 2060 3932 quis

455 3954 618 4012 esset,
634 3948 917 4018 respondit
934 3964 948 4004 :
965 3948 1079 4021 Ego
1095 3966 1196 4006 uox
1210 3950 1489 4007 clamantis
1502 3953 1560 4007 in
1571 3952 1778 4007 deserto
1793 3951 1976 4025 (Joan.
1991 3952 2055 4025 ι).

455 4036 558 4104 Qui
575 4036 697 4094 ideo
708 4054 813 4095 vox
828 4055 861 4096 a
879 4042 1148 4113 propheta
1168 4050 1397 4098 vocatus
1412 4051 1515 4109 est,
1532 4044 1660 4113 quia
1674 4044 1904 4098 verbum
1920 4059 2061 4113 prie-

456 4128 715 4185 ibat.Vox
743 4145 874 4203 ergo
899 4132 1043 4188 inter
1070 4134 1177 4190 duo
1189 4135 1357 4192 verba
1381 4136 1519 4191 solet
1547 4135 1686 4205 fieri,
1707 4137 1814 4194 hoc
1830 4146 1916 4193 est
1943 4140 2060 4194 ani-

455 4232 558 4273 mae
582 4218 1015 4291 incorporale,et
1047 4225 1158 4281 oris
1183 4226 1497 4296 corporale.
1516 4226 1609 4284 Sic
1638 4236 1692 4283 et
1711 4226 1949 4285 Joannes
1973 4245 2060 4286 ve-

454 4308 537 4364 nit
559 4308 703 4367 inter
729 4312 1072 4370 nativitatem
1094 4314 1298 4373 Christi
1328 4317 1568 4373 divinam
1588 4319 1677 4391 (de
1694 4335 1802 4392 qua
1825 4320 2055 4378 dicitur:

453 4400 523 4458 In
543 4403 800 4477 principio
821 4417 933 4463 erat
964 4407 1216 4483 Verbum)
1261 4419 1318 4468 et
1347 4412 1665 4482 humanam,
1711 4416 1778 4474 de
1824 4432 1931 4487 qua
1979 4418 2055 4474 ita

453 4492 714 4550 scribitur
744 4513 759 4551 :
786 4494 859 4551 Et
918 4495 1141 4554 Verbum
1179 4516 1304 4555 caro
1333 4500 1537 4571 factum
1582 4513 1692 4572 est,
1722 4514 1772 4560 et
1801 4506 2058 4562 habitavit

451 4582 507 4637 in
530 4583 697 4639 nobis.
724 4585 827 4654 Qui
854 4588 1022 4645 etiam
1049 4589 1105 4645 in
1133 4590 1354 4648 deserto
1379 4593 1601 4664 clamat,
1627 4596 1755 4669 quia
1783 4596 2058 4655 derelictae

2165 3399 2444 3456 deciduus.
2488 3399 2600 3456 Nec
2645 3400 2914 3456 silendum
2959 3411 3065 3467 est,
3088 3402 3231 3471 quod
3266 3402 3323 3457 in
3362 3402 3536 3458 dictis
3580 3403 3767 3458 Amuli

2163 3489 2459 3546 Galliarum
2486 3491 2746 3563 episcopi,
2773 3492 2863 3562 qui
2890 3490 2957 3547 de
2981 3492 3116 3548 locis
3141 3492 3350 3549 sanctis
3373 3491 3621 3563 plurima
3656 3509 3769 3549 nar-

2162 3582 2328 3649 ravit,
2358 3584 2664 3654 reperimus
2695 3583 2983 3639 minimum
3029 3600 3202 3658 genus
3228 3585 3581 3643 locustarum
3612 3587 3768 3643 fuisse

2163 3672 2220 3729 in
2248 3672 2468 3729 deserto
2514 3670 2739 3742 Iudaeae,
2770 3690 2877 3746 quo
2918 3684 3110 3747 pastus
3133 3685 3216 3733 est
3257 3674 3507 3734 Joannes
3533 3676 3767 3750 Baptista

2161 3770 2220 3818 et
2243 3776 2416 3833 usque
2468 3764 2633 3820 hodie
2662 3764 2761 3833 ibi
2808 3780 3102 3837 apparere,
3159 3783 3279 3840 qua:
3320 3770 3675 3841 corpusculis
3720 3771 3768 3824 in

2164 3854 2384 3909 modum
2426 3852 2581 3926 digiti
2626 3870 2821 3912 manus
2855 3857 3091 3914 exilibus
3116 3867 3174 3915 et
3203 3858 3471 3915 brevibus
3495 3861 3559 3917 in
3591 3861 3767 3916 herbis

2162 3944 2323 4001 facile
2342 3946 2650 4018 capiuntur,
2681 3956 2958 4020 coctaeque
2980 3949 3035 4004 in
3055 3950 3177 4006 oleo
3202 3966 3507 4023 pauperem
3531 3959 3769 4024 praebuit

2161 4038 2387 4094 victum.
2422 4038 2688 4095 Similiter
2717 4050 2906 4097 narrat
2934 4042 3078 4099 idem
3105 4042 3190 4098 vir
3219 4043 3274 4099 in
3302 4043 3502 4100 eodem
3554 4046 3770 4101 deserto

2162 4133 2388 4190 arbores
2415 4148 2538 4189 esse
2589 4133 2850 4191 nabentes
2905 4134 3034 4191 folia
3081 4137 3190 4191 lata
3223 4146 3280 4192 et
3329 4138 3572 4193 rotunda
3615 4137 3770 4194 lacta'

2160 4224 2365 4281 coloris
2394 4234 2450 4280 et
2478 4224 2667 4281 melliti
2697 4226 2930 4296 saporis,
2973 4242 3095 4297 quze
3139 4235 3338 4283 natura
3388 4227 3605 4299 fragilia
3656 4244 3771 4284 ma-

2162 4317 2323 4375 nibus
2357 4319 2733 4374 confricantur
2779 4327 2836 4375 et
2886 4320 3145 4376 eduntur.
3179 4320 3248 4377 Et
3298 4322 3407 4378 hoc
3445 4336 3571 4378 esse
3626 4323 3767 4394 quod

2160 4411 2268 4467 mel
2296 4412 2547 4468 silvestre
2570 4413 2624 4468 in
2646 4413 2940 4487 Evangelio
2960 4414 3183 4470 dicitur.
3215 4415 3540 4485 Ibidemque
3559 4414 3763 4471 ostendi

2159 4500 2296 4557 dicit
2316 4502 2524 4560 fontem
2553 4502 2789 4561 lucidam
2805 4520 3006 4576 aquam
3031 4505 3345 4571 habentem,
3364 4519 3397 4559 a
3414 4520 3530 4574 quo
3549 4513 3763 4560 sanctus

2160 4594 2396 4654 Joannes
2418 4598 2635 4663 biberit,
2668 4599 2763 4668 qui
2791 4607 2848 4653 et
2866 4598 3086 4679 lapideo
3119 4607 3267 4655 tecto
3285 4597 3560 4668 calceque
3579 4597 3764 4670 perlito

451 4685 506 4732 et
553 4652 825 4738 destituta:
854 4681 1055 4741 Judaea:
1111 4686 1368 4743 solatium
1419 4652 1810 4762 redempiionis
1844 4706 2055 4748 annun-
2077 4652 2135 4716 D
2156 4695 2437 4760 protectus
2472 4689 2563 4744 sit.
2600 4652 2825 4760 Mystice
2862 4652 3044 4745 au‘tem
3070 4675 3306 4745 Joannes
3336 4689 3394 4744 in
3676 4686 3763 4743 Ju-

454 4771 573 4826 tiat.
621 4773 761 4841 Quid
790 4784 975 4832 autem
1024 4778 1290 4834 clamaret
1318 4780 1537 4852 aperit,
1589 4797 1714 4838 cum
1759 4782 2048 4839 subditur:

452 4862 652 4922 Parate
699 4869 838 4923 viam
891 4869 1145 4938 Domini,
1208 4882 1376 4927 rectas
1437 4873 1597 4944 facite
1653 4877 1867 4931 semitas
1912 4876 2047 4946 ejus.

450 4958 639 5015 Omnis
666 4961 759 5031 qui
790 4960 951 5019 fidem
996 4972 1205 5019 rectam
1255 4973 1309 5022 et
1339 4964 1481 5021 bona
1528 4982 1695 5038 opera
1747 4966 2047 5038 praedicat,

450 5051 579 5121 quid
607 5052 751 5110 aliud
776 5069 943 5125 quam
969 5054 1211 5111 venienti
1264 5056 1497 5112 Domino
1524 5057 1594 5112 ad
1620 5056 1786 5114 corda
1825 5057 2049 5113 audien-

451 5142 585 5197 tium
608 5144 752 5199 viam
775 5152 955 5217 parat,
984 5154 1045 5201 ut
1073 5136 1218 5204 hanc
1239 5147 1321 5203 vis
1351 5148 1553 5219 gratim
1584 5155 1858 5219 penetret,
1881 5155 1937 5205 et
1959 5148 2047 5204 lu-

450 5250 574 5291 men
606 5238 852 5295 veritatis
878 5238 1135 5308 illustrct,
1167 5249 1228 5296 ut
1254 5249 1435 5297 rectas
1465 5239 1579 5296 Deo
1607 5242 1831 5299 semitas
1856 5240 2043 5313 faciat,

450 5325 577 5381 dum
607 5330 836 5387 mundas
883 5331 940 5388 in
987 5334 1173 5390 animo
1200 5334 1560 5407 cogitationes
1596 5349 1698 5406 per
1739 5349 2047 5393 sermonem

450 5415 605 5473 bonte
624 5418 1027 5488 praedicationis
1050 5423 1271 5482 format.

524 5506 646 5564 lose
681 5520 857 5568 autem
884 5512 1118 5571 Joannes
1166 5515 1391 5573 habebat
1434 5514 1794 5572 vestimentum
1819 5516 1885 5571 de
1923 5515 2044 5588 pilis

449 5601 787 5672 camelorum.
819 5615 869 5663 et
916 5624 1105 5665 sonam
1156 5609 1428 5682 pelliceam
1474 5611 1617 5665 circa
1659 5608 1861 5665 lumbos
1899 5627 2044 5678 suos,

446 5711 568 5753 esca
596 5706 772 5753 autem
812 5698 925 5771 ejus
955 5710 1069 5756 erat
1095 5701 1300 5758 locusta
1322 5744 1337 5771 ,
1379 5710 1428 5759 et
1455 5701 1561 5757 mel
1586 5700 1839 5757 silvestre.
1890 5700 2049 5774 (Hie-

448 5785 592 5859 run.)
618 5787 760 5844 Ecce
788 5789 843 5846 in
872 5785 1082 5846 Joanne
1120 5790 1304 5848 vilitas
1352 5791 1461 5848 cibi
1490 5798 1546 5847 et
1588 5789 1900 5847 vestimenti
1931 5790 2047 5847 lau—

448 5875 627 5947 datur,
641 5895 876 5951 quorum
895 5881 1214 5937 exercitatio
1233 5882 1289 5939 iu
1316 5882 1484 5939 divite
1507 5882 1771 5954 arguitur.
1798 5881 1876 5943 De
1898 5883 2044 5956 pilis,

2155 4778 2286 4835 daeae
2313 4780 2617 4852 praedicans
2646 4780 2917 4852 significat
2940 4780 3220 4838 Christum
3256 4781 3313 4836 in
3342 4782 3573 4838 deserto
3615 4782 3764 4837 istius

2155 4871 2344 4927 mundi
2372 4872 2672 4941 praedicare
2701 4872 2815 4929 sive
2841 4888 2940 4944 per
2970 4888 3052 4939 se,
3078 4874 3192 4929 sive
3208 4888 3306 4945 per
3327 4873 3598 4930 doctores
3621 4887 3758 4935 suos,

2154 4962 2249 5032 qui
2286 4974 2433 5018 recte
2454 4978 2559 5019 vox
2598 4963 2887 5020 clamantis
2909 4964 2981 5020 ob
3004 4964 3379 5021 fortitudinem
3408 4966 3758 5036 praedicatio-

2153 5055 2240 5111 nis
2265 5054 2486 5112 dicitur.
2540 5056 2680 5124 Quia
2708 5057 2765 5113 in
2796 5057 3090 5128 Evangelio
3132 5059 3201 5115 de
3244 5073 3312 5114 eo
3340 5059 3616 5131 scriptum
3641 5069 3756 5115 est:

2151 5146 2309 5202 Jesus
2338 5148 2451 5203 hwc
2487 5148 2687 5216 dicens,
2731 5146 2993 5204 clamabat
3043 5165 3061 5202 :
3102 5148 3208 5217 Qui
3257 5150 3412 5205 habet
3462 5168 3629 5206 aures
3667 5169 3759 5205 au-

2149 5236 2330 5291 diendi
2358 5237 2543 5292 audiat
2566 5237 2718 5311 (Luc.
2751 5238 2890 5311 vm).
2918 5238 3015 5295 Et:
3035 5239 3103 5295 In
3129 5242 3410 5296 novissimo
3434 5241 3524 5296 die
3554 5257 3758 5314 magn

2147 5327 2445 5399 festivitatis
2484 5329 2655 5384 stabat
2696 5329 2873 5397 Iesus,
2911 5340 2960 5385 et
2990 5329 3254 5386 clamabat
3294 5332 3478 5388 dicens
3503 5350 3524 5388 :
3552 5333 3621 5389 Si
3644 5333 3756 5403 quis

2147 5419 2274 5485 sitit,
2306 5419 2476 5476 veniat
2505 5420 2574 5473 ad
2600 5436 2681 5475 me
2712 5432 2760 5475 et
2804 5421 2944 5476 bibat
2979 5421 3163 5494 (Joan.
3193 5423 3314 5497 vn).
3361 5424 3428 5479 Et
3472 5425 3755 5497 discipulis

2151 5510 2265 5567 suis
2297 5510 2416 5581 ipse
2466 5512 2746 5591 praecepit,
2791 5512 2979 5569 dicens
3012 5532 3024 5567 :
3059 5514 3214 5581 Quod
3252 5516 3372 5570 dico
3402 5517 3547 5571 vobis
3598 5519 3653 5571 in
3682 5527 3756 5570 te-

2151 5603 2345 5670 nebris,
2373 5603 2527 5658 dicite
2546 5605 2604 5658 in
2632 5602 2846 5670 lumine,
2878 5615 2925 5661 et
2953 5607 3094 5678 quod
3117 5609 3171 5661 in
3196 5624 3325 5663 aure
3354 5609 3757 5677 audistis,pra.'o

2149 5695 2321 5750 dicate
2375 5711 2531 5765 super
2560 5704 2693 5750 tecta
2742 5695 2958 5769 (Matth.
3017 5697 3095 5772 χ).
3152 5699 3349 5754 Tribus
3396 5715 3529 5771 ergo
3573 5699 3753 5756 modis

2150 5786 2357 5843 clamor
2396 5786 2628 5853 accidit,
2678 5788 2781 5844 hoc
2816 5798 2920 5855 est,
2971 5787 3017 5844 si
3067 5789 3228 5862 longe
3252 5790 3448 5861 positis
3492 5792 3620 5861 quis
3667 5788 3725 5846 lo

2150 5884 2374 5951 quatur,
2407 5877 2454 5933 si
2476 5878 2688 5948 surdis,
2712 5880 2757 5937 si
2784 5897 2882 5952 per
2924 5881 3372 5953 indignationem.
3404 5884 3472 5940 Et
3498 5884 3616 5941 haec
3641 5884 3750 5940 tria
