3946 6460
141 4413 157 4505 l

156 4623 160 4631 η
197 4556 472 4611 salubrem
501 4557 762 4628 consequi
784 4572 893 4612 non
919 4557 1140 4628 poterit.
1176 4557 1332 4613 Unde
1363 4566 1486 4627 apte
1514 4557 1792 4628 sequitur:

154 4823 160 4840 '
200 4841 391 4883 eorum
422 4828 642 4884 dicitur.
676 4827 815 4883 Nam
836 4827 975 4883 bene
998 4827 1052 4882 in
1079 4827 1314 4884 Iordane
1354 4827 1796 4897 baptizabantur,

179 405 294 465 769

1147 394 1500 456 COMMENT.
1540 395 1610 453 ΙΝ
1647 392 2087 483 ΜΑΤΤΗᾸΞΗΜ.
2121 422 2194 436 -
2233 393 2362 451 LIB.
2394 393 2444 451 l.

3357 392 3468 457 .770

179 519 370 597 generi
399 518 640 574 humano
673 509 1006 572 acciderunt.
1034 511 1217 587 Longe
1253 523 1430 579 erant,
1458 513 1587 584 quia
1628 512 1764 570 seri-
1793 520 1848 579 Α
1871 510 2021 584 xix),
2053 519 2321 582 quatenus
2368 510 2615 568 abdicata
2653 509 2765 567 vita
2814 516 3020 577 vetere,
3067 509 3320 566 renovari
3346 525 3466 568 me-

177 625 337 688 ptum
357 618 440 666 est
469 627 484 665 :
515 607 690 678 Longe
726 623 760 660 a
797 604 1154 677 peccatoribus
1184 605 1330 660 salus
1365 603 1538 676 (Psal.
1561 602 1771 675 cxvni).

178 708 253 762 Et
288 703 519 776 prophta
549 699 747 755 talibus
772 696 1011 767 loquitur
1034 696 1219 752 dicens
1247 715 1260 750 :
1290 695 1483 750 Audite
1505 696 1595 766 qui
1624 694 1776 766 longe

180 797 331 861 estis,
356 793 483 847 dicit
509 789 769 846 Dominus
796 787 931 860 (Isa.
960 787 1173 861 χχχιιι).
1196 787 1358 844 Surdi
1378 796 1552 854 erant,
1579 787 1775 858 quibus

180 903 284 957 per
308 884 504 941 Isaiam
551 880 751 937 dicitur
783 898 795 933 :
827 877 1010 946 Surdi,
1031 879 1248 945 audite;
1290 888 1348 936 et
1378 899 1390 934 :
1425 879 1556 946 Quis
1597 889 1669 934 est
1718 878 1774 932 in

183 978 327 1033 vobis
372 977 461 1048 qui
511 973 695 1029 audiat
733 974 862 1040 hoc,
905 972 1169 1040 attendat,
1202 981 1251 1028 et
1287 970 1542 1027 auscultet
1592 971 1776 1040 futura

183 1069 322 1141 (Isa.
377 1065 531 1138 xui).
567 1065 712 1121 Iram
764 1073 1098 1132 meruerunt,
1145 1065 1214 1120 de
1260 1064 1456 1136 quibus
1511 1063 1774 1136 propheta

183 1162 318 1218 dicit
359 1176 374 1215 :
405 1159 662 1217 Dominus
694 1157 846 1230 {ortis
876 1158 1166 1230 egredietur
1194 1158 1330 1213 sicut
1370 1159 1446 1213 vir
1483 1156 1770 1229 prwliator,

181 1252 458 1310 suscitabit
505 1250 675 1306 zelum
701 1291 717 1318 ,
769 1250 1160 1320 vociferabitur,
1199 1257 1248 1303 et
1293 1249 1569 1315 clamabit,
1620 1264 1778 1318 super

182 1345 424 1401 inimicos
468 1360 592 1399 suos
643 1341 1028 1413 confortabitur
1072 1341 1288 1413 (Exod.
1338 1341 1464 1412 xv).
1495 1341 1563 1396 Et
1602 1339 1771 1396 item:

184 1434 614 1490 Provocaverunt
661 1449 773 1499 me,
813 1432 1007 1502 inquit,
1052 1432 1109 1486 in
1160 1431 1262 1486 diis
1307 1431 1493 1486 alienis
1515 1439 1564 1485 et
1587 1447 1680 1501 ego
1719 1430 1776 1483 in

183 1528 369 1597 furore
422 1525 681 1598 expellam
727 1541 814 1580 eos
855 1524 1034 1596 (Deut.
1080 1523 1274 1596 xxx").
1311 1524 1466 1579 Viam
1507 1539 1636 1595 ergo
1666 1524 1773 1578 Do-

182 1620 335 1674 mino
366 1627 493 1674 tunc
537 1617 882 1690 praeparavit,
930 1616 1146 1688 quando
1177 1617 1340 1687 empit
1383 1616 1679 1687 praedicare
1721 1623 1778 1671 et

182 1713 409 1770 dicere:
455 1710 826 1768 Paenitentiam
873 1711 1044 1782 agite,
1071 1712 1468 1782 appropinquat
1516 1711 1664 1776 enim,
1694 1725 1776 1764 re-

180 1824 348 1877 gnum
377 1805 644 1862 caelorum.
674 1806 744 1861 Et
772 1825 787 1860 :
837 1805 1142 1877 Designavit
1170 1807 1499 1876 septuaginta
1530 1806 1684 1870 duos,
1727 1813 1776 1859 et

1876 610 2126 660 rerentur
2151 604 2206 659 in
2227 603 2464 662 Christo.
2494 601 2646 660 Unde
2676 603 2843 659 etiam
2862 603 3024 660 beato
3049 601 3212 659 Petro
3231 603 3468 660 ostensis

1877 697 1932 752 in
1956 696 2124 754 linteo
2149 696 2358 754 omlesti
2389 696 2589 753 diversi
2613 696 2831 768 generis
2854 694 3223 752 animantibus
3262 694 3468 752 dictum

1877 799 1962 846 est
1987 808 2000 845 :
2027 789 2221 862 Surge,
2251 788 2429 858 Petre,
2461 791 2638 846 occide
2657 799 2706 846 et
2735 789 2999 845 manduca
3025 788 3164 861 (Act.
3195 788 3277 863 ι).
3316 787 3472 858 Quod

1877 890 1964 938 est
1984 888 2172 952 aperte
2199 879 2410 936 dicere:
2431 880 2628 937 Occide
2645 879 2892 936 inﬁdeles
2914 879 2982 935 ab
3003 895 3070 937 eo
3084 880 3230 951 quod
3251 880 3472 936 fuerant

1876 970 2049 1042 prius,
2075 970 2548 1027 abrenuntiatione
2593 969 2860 1026 scelerum
2898 977 2954 1026 et
2976 969 3340 1042 promissione
3365 968 3470 1040 pia:

1877 1062 2174 1136 religionis,
2206 1078 2273 1119 ac
2316 1063 2396 1119 sic
2428 1063 2554 1120 ﬁdei
2594 1063 2920 1120 Christianae
2954 1061 3316 1119 sacramentis
3363 1060 3472 1118 im-

1876 1155 2040 1211 butos
2066 1155 2124 1210 in
2153 1163 2358 1212 sanctae
2377 1155 2640 1212 Ecclesiae
2667 1155 2916 1212 membra
2951 1161 3248 1211 commuta.

1947 1248 2170 1306 .Videns
2213 1258 2390 1306 autem
2447 1248 2643 1304 multos
2691 1247 3095 1305 Pharisworum
3127 1258 3192 1310 et
3255 1248 3478 1304 Saddu-

1879 1360 2108 1399 avorum
2143 1344 2404 1398 venientes
2450 1343 2520 1398 ad
2565 1342 2883 1414 baptismum
2933 1359 3090 1397 suum
3115 1383 3130 1409 ,
3183 1341 3478 1396 dixit'eis:

1879 1435 2167 1510 Progenies
2194 1438 2514 1507 viperarum,
2545 1435 2664 1507 quis
2693 1435 3070 1491 demonstravit
3116 1433 3258 1488 vobis
3303 1432 3481 1502 fugere

1878 1529 1943 1584 ab
1970 1529 2053 1583 ira
2080 1529 2342 1584 ventura?
2368 1526 2790 1600 Pharisaei'ergo
2822 1534 2879 1582 et
2900 1523 3219 1590 Sadducaei,
3252 1537 3320 1578 ex
3373 1523 3482 1576 hae-
3547 1535 3550 1538 '

1878 1618 2065 1674 reticis
2093 1617 2244 1675 fuere
2265 1618 2596 1684 Iudaeorum,
2619 1617 2716 1674 sed
2744 1625 2929 1672 tamen
2956 1616 3101 1670 inter
3122 1628 3182 1670 se
3211 1610 3485 1668 contrarie

1878 1711 2204 1779 sentiebant,
2237 1720 2299 1767 ut
2347 1711 2404 1766 in
2442 1710 2655 1767 actibus
2683 1708 3053 1780 apostolorum
3101 1706 3316 1762 dicitur.
3346 1703 3484 1759 Nam

1881 1799 2142 1857 Pharisaei
2170 1815 2239 1856 ex
2282 1799 2512 1858 Hebraeo
2538 1801 2594 1855 in
2637 1798 2891 1855 Latinum
2937 1797 3370 1868 interpretantur
3395 1793 3482 1848 di-

182 1897 328 1950 misit
360 1895 480 1951 illos
503 1895 650 1951 binos
674 1907 797 1951 ante
821 1897 1185 1968 faciemsuam
1213 1897 1269 1951 in
1290 1913 1493 1952 omnem
1531 1898 1703 1951 locum
1727 1905 1776 1952 et
1803 1889 1854 1950 B
1881 1891 1994 1956 visi,
2027 1907 2094 1948 eo
2124 1891 2269 1963 quod
2290 1891 2645 1947 traditionum
2661 1899 2716 1944 et
2736 1888 3210 1954 Observationum,
3242 1898 3380 1955 quas
3405 1882 3484 1937 illi

183 1989 469 2054 civitatem,
498 2005 601 2059 quo
623 1999 734 2044 erat
762 1989 871 2058 ipse
891 1999 1134 2044 venturus
1159 1989 1310 2062 (Luc.
1339 1990 1416 2060 ιι).
1441 1989 1543 2044 Pili
1565 2005 1781 2061 quoque

183 2078 524 2133 camelorum
549 2077 856 2150 signiﬁcant
893 2090 1081 2150 gentes
1121 2080 1176 2134 in
1225 2079 1512 2135 Dominum
1540 2080 1779 2135 creditu-

186 2186 304 2237 ras,
336 2186 457 2240 qua:
479 2171 547 2226 ab
573 2171 904 2227 inﬁdelitatis
926 2185 1136 2237 errore,
1160 2180 1217 2226 et
1251 2187 1282 2225 a
1306 2170 1625 2227 fortitudine
1651 2186 1780 2243 pec-

184 2269 439 2316 catorum
485 2269 684 2331 ereptae
741 2262 797 2316 in
854 2261 1059 2318 Christi
1113 2263 1495 2318 vestimentum
1550 2264 1784 2319 redactae

186 2359 336 2409 sunt.
365 2352 519 2408 Unde
543 2368 642 2423 per
669 2355 990 2425 prophetam
1013 2355 1213 2411 dicitur
1233 2371 1248 2410 :
1267 2355 1524 2410 Omnibus
1539 2355 1620 2410 his
1642 2354 1798 2414 velut.

185 2455 500 2500 ornamento
525 2446 755 2502 vestieris
787 2445 1004 2518 (Ezecli.
1030 2448 1169 2517 xw).
1198 2448 1343 2503 Zona
1371 2461 1504 2504 vero
1531 2446 1781 2518 pellicea,

184 2551 313 2607 quae
355 2536 421 2592 de
447 2537 590 2607 pelle
637 2539 930 2594 animantis
972 2539 1170 2595 mortui
1219 2553 1384 2595 carne
1437 2549 1491 2595 et
1523 2538 1786 2610 sanguine

187 2627 386 2688 deraso
415 2626 669 2695 edicitur,
715 2629 966 2685 similiter
1015 2629 1287 2702 signiﬁcat
1326 2640 1515 2702 gentes
1563 2645 1684 2702 quae
1720 2631 1788 2685 de

186 2725 554 2785 mortuorum,
587 2719 640 2773 id
667 2727 751 2775 est
789 2727 1137 2790 peccatorum
1177 2720 1482 2788 hominum,
1525 2719 1787 2776 societate

185 2808 502 2875 abstractae,
534 2807 677 2864 ultra
723 2809 877 2865 carni
904 2817 960 2864 et
987 2809 1237 2880 sanguini
1264 2825 1373 2865 non
1400 2810 1662 2866 serviunt.
1691 2807 1788 2863 Ha:

185 2896 406 2956 lumbos
430 2898 637 2956 Christi
668 2900 940 2956 veraciter
987 2902 1231 2970 cingunt,
1279 2903 1405 2971 quia
1453 2901 1786 2956 incarnatio-

185 3007 318 3047 nem
346 2991 464 3063 ejus
494 2993 729 3050 ﬁdeliter
756 2995 1007 3050 credunt.
1034 2994 1206 3050 Porro
1237 2993 1460 3050 locusta:
1482 3009 1602 3064 quae
1626 3002 1788 3050 vento

185 3087 409 3156 agitatae
437 3102 535 3158 per
570 3096 781 3158 segetes
802 3089 1061 3156 volitant,
1108 3097 1164 3143 et
1191 3087 1370 3158 spicas
1402 3088 1691 3144 succidunt
1717 3087 1791 3143 si-

1883 1985 2196 2041 deutereses
2253 1993 2484 2051 vocant,
2537 1983 2803 2053 justitiam
2845 1979 3167 2054 praeferunt.
3228 1975 3384 2033 Unde
3429 1981 3488 2030 et

1883 2076 2044 2133 divisi
2070 2091 2102 2131 a
2128 2075 2324 2149 populo
2353 2082 2641 2142 vocantur,
2665 2072 2823 2145 quasi
2867 2085 2965 2142 per
3009 2070 3280 2142 privatam
3318 2065 3484 2137 justi-

1883 2169 2048 2236 tiam;
2075 2167 2357 2224 Sadducaai
2379 2181 2510 2224 vero
2540 2167 2969 2238 interpretantur
2998 2161 3152 2234 justi,
3193 2157 3489 2216 vendicant

1885 2263 2030 2319 enim
2073 2262 2175 2319 sibi
2206 2263 2350 2332 quod
2391 2277 2500 2318 non
2544 2268 2696 2329 sunt,
2725 2257 2973 2332 corporis
3024 2253 3489 2313 resurrectionem

1885 2363 2110 2426 negant,
2131 2362 2187 2410 et
2215 2354 2454 2409 animam
2483 2353 2721 2414 interire.
2740 2365 2864 2407 cum
2909 2362 3138 2420 corpore
3163 2344 3482 2418 praedicant.

1885 2446 1954 2503 Hi
2005 2446 2243 2518 quinque
2268 2454 2487 2511 tantum
2514 2444 2685 2502 libros
2729 2444 2865 2516 legis
2912 2441 3216 2513 recipiunt,
3248 2439 3485 2512 prophe-

1884 2546 2068 2595 tarum
2114 2538 2371 2595 vaticinia
2412 2545 2698 2609 respuunt.
2753 2535 2914 2593 Tales
2935 2546 3152 2605 quoque
3179 2532 3249 2587 ad
3271 2529 3479 2601 baptis-

1886 2645 2036 2685 mum
2080 2644 2239 2685 suum
2284 2629 2568 2686 venientes
2613 2628 2861 2699 increpat
2900 2623 3162 2690 Joannes,
3201 2620 3330 2694 quia
3373 2633 3488 2690 pm.

1889 2721 2196 2786 nitentia‘et
2220 2720 2560 2777 correctione
2581 2719 2832 2774 'maxime
2871 2717 3209 2788 indigebant.
3244 2713 3485 2769 Ventura

1888 2814 2035 2870 enim
2046 2799 2138 2868 ira
2159 2821 2244 2870 est
2270 2811 2438 2868 animi
2468 2811 2722 2868 adversio
2756 2809 2982 2866 ultionis
3004 2817 3282 2865 extremae.
3315 2802 3491 2872 Quam

1889 2912 2020 2960 tunc
2049 2910 2305 2974 peccator
2333 2902 2575 2974 effugere
2619 2917 2730 2958 non
2756 2901 2925 2968 valet,
2968 2899 3062 2970 qui
3109 2912 3256 2954 nunc
3293 2895 3362 2950 ad
3402 2894 3486 2949 la-

1889 3006 2075 3055 menta
2106 2997 2446 3069 peenitentiae
2489 3011 2599 3052 non
2632 2995 2887 3052 recurrit.
2918 2992 2988 3050 Et
3007 2991 3308 3051 notandum
3348 2990 3496 3063 quod

1889 3090 2048 3145 malae
2087 3089 2302 3146 soboles
2347 3087 2614 3146 malorum
2648 3094 2939 3160 parentum
2974 3085 3219 3141 actiones
3271 3083 3490 3140 imitan-

185 3179 453 3250 gniﬁcant
493 3179 740 3249 Iudaeos,
765 3181 857 3251 qui
888 3181 1039 3253 prius
1076 3180 1248 3252 legem
1296 3188 1564 3246 tenentes,
1605 3193 1790 3236 sacra-
1841 3252 1856 3253 ί
1893 3189 1999 3248 tes,
2029 3181 2318 3253 progenies
2363 3180 2678 3251 viperarum
2715 3186 3005 3244 vocantur,
3058 3175 3187 3247 quia
3238 3188 3338 3246 per
3386 3173 3492 3227 hoc

184 3277 374 3324 menta
402 3269 666 3340 spiritalia
712 3286 822 3327 non
866 3252 1260 3342 intelligebant,
1284 3285 1428 3326 nunc
1454 3278 1638 3326 autem
1664 3268 1790 3340 Spi-
1818 3252 1865 3317 C
1897 3252 2044 3347 quod
2065 3252 2226 3329 bonis
2257 3271 2501 3328 invident
2531 3283 2736 3341 eosque
2773 3274 3194 3340 persequuntur,
3219 3264 3362 3336 quod
3384 3264 3500 3334 qui-

184 3363 302 3416 ritu
329 3370 520 3419 sancto
558 3363 687 3430 acti,
713 3362 1018 3434 spiritalem
1064 3373 1365 3432 sequuntur
1409 3375 1649 3426 sensum,
1696 3374 1792 3414 va-

185 3467 318 3508 nam
347 3453 604 3522 stipulam
632 3452 830 3508 litterae
861 3453 1252 3524 relinquentes,
1308 3461 1369 3508 ut
1413 3467 1538 3509 esca
1575 3452 1790 3509 Domini

187 3543 311 3600 ﬁeri
339 3553 674 3600 mereantur.
708 3545 812 3600 Mel
846 3555 1028 3601 autem
1071 3545 1296 3602 dulcedo
1333 3554 1415 3603 est
1462 3560 1654 3602 sensus
1683 3547 1793 3616 spi-

95 3629 101 3633 ’
186 3637 389 3704 ritalis,
415 3637 470 3691 in
497 3636 642 3692 foliis
668 3637 925 3692 arborum
967 3639 1240 3704 inventus,
1267 3639 1512 3708 quicum
1558 3652 1658 3709 per
1691 3637 1790 3692 do-

186 3736 406 3783 ctorum
429 3727 794 3782 ministerium
825 3728 881 3782 in
903 3727 1142 3784 ﬁdelium
1165 3729 1787 3802 cordibusureconditur,

185 3819 442 3876 suaviter
467 3833 665 3891 corpus
692 3818 897 3876 Christi
923 3819 1176 3875 satiatur.

265 3910 398 3985 [11.]
449 3910 597 3967 Tunc
651 3913 864 3968 exibant
911 3913 980 3967 ad
1027 3930 1147 3968 eum
1191 3931 1256 3969 ea:
1299 3913 1714 3985 Hierosolymis,
1745 3922 1792 3970 et

189 4005 362 4058 omnis
406 4000 625 4071 Iudam,
655 4011 704 4058 et
755 4003 925 4058 omnis
975 4005 1120 4076 regio
1168 4006 1310 4060 circa
1369 4005 1689 4071 Iordanem,
1745 4015 1793 4060 et

192 4096 601 4166 baptizabantur
630 4097 695 4152 ab
747 4096 841 4152 illo
867 4099 924 4152 in
965 4096 1205 4154 Iordane
1248 4099 1550 4168 conﬁtentes
1579 4109 1794 4170 peccata

192 4202 316 4240 sua.
372 4186 521 4243 Bene
571 4197 753 4243 autem
811 4189 904 4260 qui
949 4189 1264 4260 baptizandi
1316 4199 1476 4246 erant
1525 4191 1677 4246 exire
1726 4190 1796 4245 ad

1894 3365 2124 3422 busdam
2145 3363 2287 3420 male
2309 3361 2637 3429 retribuunt,
2673 3368 2810 3427 etc.,
2834 3359 3088 3432 quoniam
3115 3357 3173 3412 in
3204 3356 3290 3412 his
3317 3355 3500 3412 omni-

1893 3458 1998 3514 bus
2043 3456 2288 3528 priorum
2336 3468 2563 3511 suorum
2623 3444 2924 3510 carnalium
2993 3449 3114 3506 vias
3161 3454 3496 3518 sequuntur,

1895 3549 2054 3620 quasi
2102 3547 2357 3605 venenati
2400 3545 2501 3602 ﬁlii
2555 3545 2623 3601 de
2671 3543 2956 3602 venenatis
3005 3540 3324 3613 parentibus
3385 3536 3500 3592 nati

1894 3649 2042 3700 sunt.
2073 3640 2182 3698 Sed
2222 3641 2349 3712 quia
2379 3640 2619 3712 peccatis
2658 3647 2714 3694 et
2761 3653 2864 3693 usu
2899 3635 3058 3692 mala:
3093 3631 3504 3691 consuetudinis

1896 3734 2124 3791 involuti
2155 3749 2342 3790 sumus
2366 3772 2383 3800 ,
2435 3732 2580 3788 dicat
2611 3731 2742 3802 quid
2770 3730 2928 3786 nobis
2970 3727 3282 3786 faciendum
3317 3725 3410 3791 sit,
3441 3731 3502 3780 ut

1895 3827 2089 3901 fugere
2109 3845 2142 3883 a
2171 3836 2400 3884 ventura
2433 3826 2517 3881 ira
2546 3825 2846 3881 valeamus.

1967 3918 2156 3975 Facite
2200 3935 2324 3990 ergo
2367 3918 2603 3988 fructum
2652 3917 2872 3987 dignum
2917 3910 3256 3984 paenitentia.
3297 3905 3503 3979 (Greg.)

1898 4012 1998 4068 Hic
2045 4021 2204 4080 nota,
2250 4013 2397 4084 quod
2454 4027 2565 4067 non
2614 4009 2790 4067 solum
2847 4007 3088 4063 fructum
3142 4000 3502 4076 poenitentiw,

1899 4106 1996 4162 sed
2039 4105 2264 4179 dignum
2315 4102 2655 4176 poenitentiae
2708 4101 2964 4156 admonet
3000 4113 3124 4154 esse
3168 4093 3506 4151 faciendum.

1899 4198 2060 4265 Aliud
2103 4211 2338 4266 namque
2383 4194 2622 4250 fructum
2666 4192 2879 4258 facere,
2925 4189 3072 4245 aliud
3113 4187 3338 4259 dignum
3389 4196 3506 4254 pue-

191 4280 518 4348 Ρνοβδθιὶὶῐη
559 4279 833 4336 (Πουηῑυΐο
867 4282 1005 4348 Qnia
1049 4283 1155 4338 Πίεί
1197 4282 1319 4352 (Illis
1365 4283 1434 4338 ab
1478 4282 1797 4337 inﬁdelitate
1899 4291 2142 4345 nitentia:
2170 4288 2382 4361 “facere.
2410 4286 2597 4357 Neque
2631 4286 2778 4341 enim
2822 4299 2923 4355 par
2952 4281 3161 4338 fructus
3205 4278 3334 4335 boni
3375 4291 3504 4347 ope-

195 4373 436 4440 recedat,
459 4381 566 4428 eta
596 4372 928 4442 perﬁdorum
958 4375 1233 4430 consortio
1275 4375 1561 4444 egrediens
1584 4389 1797 4446 pompae
1846 4368 1858 4402 ‘
1899 4383 1979 4439 ris
2026 4397 2147 4438 esse
2198 4381 2361 4437 debet
2404 4379 2521 4448 ejus
2564 4379 2658 4449 qui
2710 4378 2929 4441 minus,
2976 4384 3032 4430 et
3081 4374 3199 4446 ejus
3241 4369 3332 4442 qui
3393 4384 3508 4423 am-

196 4463 397 4519 diaboli
428 4479 492 4520 ac
521 4465 707 4520 mundi
734 4464 1006 4520 illecebris
1049 4465 1428 4532 abrenuntiet,
1465 4466 1798 4535 baptismum
1901 4475 2060 4546 pnus.
2089 4473 2334 4543 deliquit,
2367 4481 2462 4527 aut
2485 4470 2603 4540 ejus
2634 4470 2726 4539 qui
2767 4469 2822 4525 in
2857 4467 3048 4531 nullis,
3078 4473 3134 4521 et
3165 4463 3282 4532 eius
3331 4460 3421 4532 qui
3452 4459 3507 4514 in

1905 4568 2229 4638 quibusdam
2276 4563 2612 4620 facinoribus
2645 4561 2862 4617 cecidit.
2907 4559 3014 4614 Per
3056 4559 3160 4613 hoc
3188 4571 3319 4627 ergo
3359 4553 3505 4623 quod

198 4646 264 4701 Et
290 4617 716 4718 ebaptisabantur
753 4648 818 4702 ab
845 4617 938 4702 illi;
964 4649 1021 4702 in
1043 4647 1312 4712 Iordane,
1341 4617 1646 4716 co-nﬁtent-es
1675 4663 1788 4717 pec-

1907 4617 2110 4716 dicitur
2153 4657 2312 4728 facite
2358 4655 2563 4725 fructus
2609 4653 2797 4722 dignos
2849 4649 3188 4722 paenitentiae,
3241 4645 3504 4700 uniusou’

199 4747 319 4793 cata
343 4756 458 4793 sua.
484 4739 738 4796 Iordanis
769 4739 917 4794 enim
958 4738 1186 4794 Hebraeo
1213 4739 1475 4795 vocabulo
1519 4739 1801 4794 descensio
1901 4752 2101 4823 jusque
2156 4747 2493 4806 conscientia
2549 4743 2911 4808 convenitur,
2973 4748 3034 4796 ut
3087 4745 3238 4794 tanto
3295 4733 3506 4804 majora

1907 4852 2118 4915 quaerat
2165 4842 2432 4897 bonorum
2487 4853 2713 4910 operum
2755 4835 2908 4892 lucra
2952 4849 3052 4906 per
3093 4829 3509 4915 paenitentiam,

203 4921 297 4991 qui
323 4922 391 4977 de
415 4921 668 4991 superbia
715 4921 862 4988 vita},
893 4928 948 4977 et
977 4920 1190 4977 actibus
1232 4919 1433 4976 veteris
1465 4919 1702 4975 hominis
1731 4919 1800 4974 ad

203 5013 569 5069 humilitatem
632 5028 776 5068 verae
822 5011 1185 5069 confessionis
1248 5020 1304 5066 et
1363 5011 1801 5067 emendationem

205 5121 421 5163 morum
445 5108 853 5164 descenderant.
885 5107 1022 5175 Quia
1050 5115 1180 5162 tunc
1215 5105 1320 5161 rite
1341 5105 1571 5176 quisque
1590 5103 1802 5174 baptis-

207 5213 356 5253 mum
410 5198 660 5270 percipit,
710 5199 757 5254 si
803 5213 902 5270 per
945 5197 1343 5254 confessionem
1390 5203 1741 5267 peccatorum
1773 5208 1805 5249 a

211 5291 460 5362 superbia
513 5293 824 5360 recesserit,
874 5301 930 5349 et
975 5292 1220 5349 melioris
1262 5293 1389 5347 vitae
1435 5290 1803 5362 professione,

210 5384 402 5454 prisca:
427 5387 826 5442 conversationi
853 5387 1072 5457 penitus
1101 5386 1462 5443 interdixerit.
1488 5385 1806 5456 Exemplum

214 5477 355 5531 enim
379 5478 492 5550 jam
516 5487 646 5535 tunc
665 5478 956 5534 conﬁtendi
977 5488 1220 5549 peccata,
1249 5494 1315 5534 ac
1334 5477 1618 5533 meliorem
1638 5477 1806 5532 vitam

139 5631 143 5637 _
214 5565 562 5635 promittendi
593 5573 674 5628 eis
727 5570 819 5642 qui
862 5571 1128 5642 baptisma
1178 5572 1425 5640 accipere
1472 5570 1806 5636 desiderant,

223 5656 467 5714 dabatur.
494 5662 586 5720 Sic
623 5665 787 5719 etiam
814 5672 940 5733 post
989 5663 1365 5719 ascensionem
1402 5661 1636 5729 Domini,
1669 5676 1810 5732 pra:-

224 5748 435 5807 dicautc
474 5751 640 5808 Paulo
692 5755 747 5808 in
793 5755 1038 5826 Epheso,
1070 5755 1222 5809 multi
1272 5756 1592 5811 credentium
1635 5755 1808 5809 venie-

209 5838 375 5922 ‘bant,
419 5847 726 5936 conﬁtcntes
765 5859 813 5907 et
863 5849 1235 5940 mummium?
1285 5860 1432 5934 actus
1465 5865 1598 5924 suos
1637 5847 1821 5932 ,'(.Act_.'

1908 4913 2114 5006 quanto
2142 4931 2392 5006 graviora
2422 4929 2527 4987 sibi
2569 4926 2751 4983 intulit
2775 4926 2973 4982 damna
2998 4938 3099 4994 per
3124 4920 3361 4993 culpam.
3400 4913 3512 4971 Sed

1907 5025 2078 5083 Judaei
2121 5039 2180 5081 se
2229 5037 2526 5096 agnoscere
2569 5028 2888 5092 peccatores
2935 5016 3233 5080 nolebant,
3279 5009 3406 5082 quia
3445 5007 3516 5064 de

1906 5117 2142 5174 Abrahze
2171 5115 2341 5186 stirpe
2386 5110 2804 5178 descenderant,
2850 5108 3048 5179 quibus
3087 5112 3240 5160 recte
3269 5100 3508 5157 dicitur;

1979 5207 2050 5263 Et
2097 5224 2159 5262 ne
2207 5205 2374 5262 velitis
2403 5205 2544 5260 intra
2572 5220 2662 5258 vos
2709 5201 2883 5254 dicere
2929 5212 2949 5250 .'
2993 5195 3210 5250 Patrem
3256 5190 3508 5247 habemus

1908 5301 2200 5355 Abraham.
2225 5298 2359 5354 Dico
2391 5299 2530 5354 enim
2558 5295 2725 5361 vobis,
2754 5289 3010 5364 quoniam
3033 5297 3217 5361 potens
3254 5295 3330 5342 est
3363 5283 3508 5339 Deus

1911 5391 1976 5446 de
2005 5390 2269 5463 lapidibus
2308 5390 2425 5445 istis
2471 5387 2730 5443 suscitare
2785 5383 2928 5453 ﬁlias
2973 5379 3222 5436 Abrahw.
3274 5371 3510 5448 (ΜΑυιι.)

1911 5485 2049 5554 Quia
2089 5498 2222 5557 ergo
2268 5496 2451 5555 praeco
2494 5477 2744 5536 veritatis
2795 5475 2865 5532 ad
2905 5475 3126 5546 dignum
3176 5468 3512 5544 paenitentiae

1911 5576 2150 5632 fructum
2186 5574 2496 5633 faciendum
2543 5585 2639 5627 eos
2694 5568 2922 5624 incitare
2963 5565 3201 5632 volebat,
3229 5563 3299 5619 ad
3326 5559 3512 5617 humi-

1909 5663 2123 5724 litatem
2154 5665 2504 5739 provocabat,
2535 5669 2592 5717 et
2611 5674 2829 5718 omnem
2864 5656 3191 5732 arrogantia:
3238 5657 3510 5710 tumorem

1912 5758 2234 5814 abscindere
2280 5755 2583 5828 satagebat,
2617 5751 2744 5822 quia
2799 5750 2978 5807 omnis
3025 5746 3332 5820 arrogantia
3383 5741 3515 5797 abo-

1910 5850 2141 5934 minatio
2172 5849 2314 5924 apud
2346 5847 2672 5928 Dominum,
2715 5857 2822 5916 qua
2865 5841 3036 5902 Iudaei
3066 5839 3136 5898 ob
3173 5833 3511 5912 nobilitatem
