3946 6492
409 341 513 398 ’171

1052 327 1130 420 ίΒ.
1171 334 1427 394 RABANI
1465 330 1686 392 MAURI
1726 331 2044 391 ARClilEP.
2086 330 2398 391 MOGUNT.
2437 327 2722 389 OPERUM
2760 327 2936 386 PARS
2973 327 3016 383 1.

3624 325 3737 381 Τῑᾶ

410 453 625 527 generis
651 453 996 524 plaudebant,
1025 457 1082 506 et
1105 450 1362 506 dicebant
1391 468 1407 504 :
1435 446 1550 504 Nos
1576 463 1753 504 senten
1777 445 2002 502 Abt-alue
2029 445 2083 514 Α
2108 442 2336 518 quisque
2378 454 2668 516 pervorsus
2709 449 2954 514 paratam
2991 440 3154 498 citius
3183 439 3453 511 gehennae
3479 451 3737 497 concre-

409 555 596 600 sumus
636 544 684 596 et
714 542 908 596 nemini
936 540 1242 596 seruiuimus
1267 552 1501 614 unquam
1534 537 1718 612 (Joan.
1741 539 1862 610 vn).
1891 533 2007 593 Sed

411 636 539 708 quia
571 637 722 691 tanto
755 635 899 706 patri
925 634 1194 708 condigna
1222 647 1387 708 opera
1411 647 1522 691 non
1551 633 1851 700 habebant,
1883 631 2006 689 ideo

410 727 678 799 propheta
707 723 813 782 illis
847 725 1055 798 lapides
1074 725 1415 798 praeferebat.
1444 723 1584 794 Quid
1599 725 1748 780 enim
1775 721 2004 794 lapides,

409 823 516 879 nisi
574 823 735 879 corda
773 822 1055 894 gentilium
1110 821 1379 877 fuerunt?
1425 821 1495 876 ad
1520 817 1857 876 intellectum
1910 815 2006 872 Dei

411 911 798 984 omnipotentis
841 909 1133 969 invisibilia
1154 952 1169 979 ,
1237 913 1378 968 sicut
1422 911 1748 983 quibusdam
1806 907 2009 964 ludatis

410 1005 612 1062 dicitur
659 1019 674 1060 :
730 1001 986 1076 Auferam
1036 1009 1134 1062 ear
1169 1000 1437 1071 lapideum
1489 1001 1560 1060 de
1615 1013 1778 1060 carne
1839 1007 2008 1058 uestra

409 1095 628 1168 (Ezech.
680 1096 744 1172 ι).
794 1095 906 1154 Nec
959 1093 1232 1153 immerito
1276 1091 1518 1166 lapidum
1563 1095 1784 1151 nomine
1818 1099 2008 1167 gentes

409 1188 732 1259 signiﬁcata!
762 1195 910 1257 sunt,
938 1198 1058 1260 qua:
1093 1187 1302 1260 lapides
1326 1185 1628 1244 coluerunt.
1679 1184 1836 1241 Unde
1872 1183 2008 1240 seri-

406 1288 562 1351 ptum
612 1289 697 1338 est
731 1299 748 1338 :
778 1281 998 1339 Similes
1045 1280 1158 1337 illis
1182 1281 1336 1347 ﬂant,
1389 1279 1484 1350 qui
1535 1278 1746 1334 iaciunt
1794 1287 1860 1334 ea
1889 1317 1904 1345 ,
1951 1283 2007 1332 et

407 1386 599 1429 onmcs
637 1375 732 1444 qui
776 1374 1057 1430 conﬁdunt
1083 1372 1140 1427 in
1167 1373 1271 1428 eis.
1301 1369 1380 1428 De
1401 1372 1600 1442 quibus
1636 1370 1895 1427 nimirum
1922 1369 2004 1424 ιαμ

323 1451 327 1460 ’
409 1464 642 1536 pidibus,
675 1461 770 1520 niti
799 1465 1034 1522 Abrahze
1073 1465 1322 1522 suscitat
1357 1469 1502 1522 sunt.
1533 1465 1673 1534 Quia
1702 1465 1830 1520 dum
1871 1463 2004 1519 dura

409 1559 577 1614 corda
603 1556 886 1628 gentilium
915 1559 972 1614 in
997 1559 1230 1616 Ain-abte
1251 1559 1480 1627 semine,
1496 1555 1557 1616 id
1585 1565 1690 1624 est,
1707 1555 1766 1614 in
1789 1556 2008 1614 Christo

409 1645 780 1718 crediderunt,
812 1649 930 1722 ejus
953 1649 1050 1706 iiii!
1096 1651 1228 1708 tacti
1259 1656 1410 1719 sunt,
1443 1652 1599 1723 cujus
1651 1650 1844 1706 semini
1879 1655 2006 1706 sunt

409 1741 568 1798 uniti.
594 1739 750 1799 Unde
774 1752 830 1800 et
853 1743 1056 1811 eisdem
1087 1745 1338 1818 gentibus
1366 1743 1594 1801 dicitur:
1630 1741 1690 1800 Si
1714 1752 1890 1799 autem
1915 1757 2006 1798 nos

2107 538 2402 594 mationem
2433 539 2656 605 invenit,
2674 538 2768 610 qui
2796 537 2884 592 hic
2906 535 3138 591 fructum
3160 535 3288 591 boni
3313 533 3512 607 operis
3537 533 3736 592 facere

2108 630 2422 686 contemnit.
2450 627 2518 684 Et
2535 629 2831 684 notandum
2855 629 2998 698 quod
3019 628 3256 684 securim
3288 641 3402 682 non
3423 625 3606 696 juxta
3643 645 3734 683 ra-

2106 737 2224 780 mos
2235 723 2484 794 positam,
2507 721 2602 779 sed
2620 721 2688 778 ad
2707 722 2944 778 radicem
2963 721 3115 790 dicit,
3132 735 3258 778 cum
3269 723 3422 778 enim
3437 723 3730 779 malorum

2107 813 2202 870 lilii
2233 815 2515 882 tolluntur,
2541 815 2673 885 quid
2709 813 2857 870 aliud
2877 827 3043 884 quam
3064 813 3200 870 rami
3231 813 3614 870 infructuosae
3643 831 3726 871 ar-

2105 907 2254 962 baris
2283 906 2718 963 abscinduntur?
2741 901 2876 962 Cum
2905 919 3039 962 vero
3065 915 3176 962 tota
3217 907 3382 962 simul
3411 908 3724 978 progenies

2105 1009 2232 1053 cum
2258 1007 2487 1068 parente
2511 998 2740 1066 tollitur,
2773 996 3110 1055 infructuosa
3141 999 3308 1055 arbor
3329 1013 3362 1054 a
3396 1000 3602 1055 radice
3628 999 3719 1054 ab-

2105 1087 2274 1148 scissa
2299 1097 2405 1156 est,
2435 1105 2505 1146 nc
2525 1090 2640 1162 jam
2665 1096 2950 1148 remaneat
2985 1091 3129 1148 unde
3173 1103 3342 1164 prava
3374 1090 3598 1147 iterum
3630 1103 3718 1147 so-

2104 1181 2258 1239 boles
2280 1189 2608 1240 succrescat.

2177 1273 2525 1348 Ego'qteidem
2572 1291 2662 1332 vos
2704 1273 2914 1348 baptizo
2950 1277 3006 1332 in
3045 1287 3184 1349 aqua
3223 1276 3280 1330 ir!
3319 1275 3708 1348 penitentiam

2107 1364 2213 1434 Qui
2247 1377 2422 1423 autem
2450 1375 2566 1440 post
2612 1383 2696 1424 me
2724 1377 2974 1426 uenturus
3011 1375 3112 1440 est,
3155 1369 3348 1442 [artior
3369 1380 3592 1440 mest,
3627 1387 3715 1426 ιι-

2097 1459 2191 1530 jus
2219 1473 2322 1514 non
2351 1473 2469 1514 sunt
2495 1460 2686 1532 (lignus
2699 1461 3052 1526 calceatum
3075 1468 3302 1535 portare.
3326 1461 3584 1520 Joannes
3610 1477 3710 1520 non

2105 1551 2301 1623 spiritu
2347 1553 2442 1609 sed
2469 1567 2608 1624 aqua
2636 1554 2898 1626 baptizat,
2943 1555 3070 1626 quia
3095 1561 3318 1627 peccata
3348 1553 3580 1611 solvere
3611 1569 3710 1610 non

2104 1644 2310 1712 valens,
2359 1644 2758 1716 baptizatorum
2795 1659 3024 1719 corpora
3053 1661 3154 1720 per
3179 1657 3382 1718 nouam
3411 1647 3594 1712 lavat,
3625 1646 3712 1702 sed

2105 1745 2342 1792 mentem
2387 1752 2486 1808 per
2512 1738 2726 1794 veniam
2757 1753 2863 1796 non
2907 1740 3073 1796 lavat.
3119 1739 3232 1797 Cur
3265 1753 3406 1812 ergo
3447 1739 3709 1819 baptizat,

409 1832 628 1902 Christi,
659 1847 784 1908 ergo
824 1835 1050 1890 Abrahae
1093 1847 1268 1892 semen
1297 1837 1420 1892 estis
1447 1833 1600 1908 (Gal.
1625 1833 1732 1908 nr).
1770 1833 1830 1891 Si
1853 1835 2017 1906 igitur
2039 1828 2088 1890 B
2114 1833 2206 1904 qui
2235 1837 2458 1903 peccata
2472 1845 2571 1903 per
2593 1833 2921 1906 baptismum
2949 1843 3058 1889 non
3085 1833 3317 1901 relaxat,
3345 1833 3464 1890 nisi
3499 1843 3564 1887 ut
3585 1847 3712 1904 pra-

404 1935 506 1980 nos
539 1939 637 1998 per
661 1926 822 1983 ﬁdem
852 1922 1054 1985 Christi
1083 1925 1318 1984 Abrahae
1341 1939 1526 1984 semen
1555 1925 1672 1997 jam
1699 1925 2003 1992 existimas,

403 2013 574 2074 Judaei
601 2027 827 2091 propter
852 2017 1137 2091 perﬁdiam
1169 2017 1402 2076 Abrahae
1428 2019 1525 2075 ﬁlii
1553 2031 1674 2076 esse
1701 2015 2002 2076 desierunt.

473 2107 602 2165 Jant
629 2112 771 2166 enim
809 2111 1007 2168 securis
1051 2109 1127 2168 at!
1157 2113 1362 2168 radices
1412 2111 1664 2168 arborum
1702 2111 1879 2186 posita
1903 2117 2002 2166 est.

403 2199 582 2257 Arbor
620 2195 782 2272 huius
810 2202 1000 2260 mundi
1027 2209 1112 2261 εει
1142 2203 1455 2262 universum
1485 2215 1657 2278 genus
1684 2203 2003 2260 humanum.

405 2289 626 2350 Securis
655 2307 788 2352 vero
821 2303 906 2353 est
957 2292 1296 2369 Redemptor
1339 2303 1562 2364 noster,
1599 2293 1692 2370 qui
1742 2294 1892 2352 velut
1937 2305 2006 2352 ex

401 2385 691 2444 manubrio
735 2395 794 2443 et
834 2385 983 2444 ferro
1008 2389 1242 2457 constat,
1290 2389 1616 2460 tenetur-que
1651 2395 1720 2444 ex
1759 2384 2006 2443 humani-
2048 2459 2060 2468 _

403 2486 536 2545 uite,
565 2477 661 2535 sed
693 2477 885 2536 incidit
919 2489 986 2536 ex
1019 2479 1322 2538 divinitate.
1345 2475 1496 2554 {Quae
1527 2477 1777 2538 videlicet
1801 2477 2006 2537 securis

395 2565 510 2637 jam
556 2565 626 2624 ad
654 2567 894 2626 radicem
921 2571 1134 2629 arboris
1180 2573 1339 2630 istius
1379 2571 1559 2646 posita
1586 2579 1688 2630 est.
1716 2573 1856 2642 Quia
1901 2571 2004 2630 etsi

402 2667 502 2732 per
555 2661 877 2732 patientiam
931 2668 1229 2738 exspectat,
1257 2667 1478 2722 videtur
1524 2673 1704 2725 tamen
1745 2667 1875 2740 quid
1920 2663 2002 2725 fa-

404 2757 695 2824 ctura‘est.
727 2753 917 2810 Potest
947 2759 1003 2812 et
1051 2757 1260 2813 securis
1285 2757 1506 2814 nomine
1547 2757 1861 2830 praedicatio
1891 2771 2006 2816 ser-

402 2843 580 2901 monis
619 2843 916 2920 evangelici
962 2845 1214 2923 intelligi.
1249 2848 1387 2920 Quia
1431 2853 1729 2910 secundum
1775 2849 2004 2923 Aposw-

401 2936 512 2994 ium
543 2957 556 2995 :
605 2933 765 2997 Vivus
789 2949 866 2998 est
901 2955 1073 3000 sermo
1106 2943 1202 3001 Dei
1223 2953 1274 3001 et
1301 2947 1504 3020 efﬁcax,
1546 2958 1595 3004 et
1632 2943 2005 3020 penetrabilior

403 3031 546 3085 omni
571 3029 750 3103 gladio
779 3031 998 3108 ancipiti
1018 3043 1068 3092 et
1093 3037 1392 3111 pertingens
1408 3053 1572 3112 usque
1599 3037 1669 3094 ad
1693 3037 2005 3095 divisionem

401 3125 595 3179 anima:
623 3135 672 3180 et
714 3125 952 3198 spiritus,
985 3143 1295 3203 compagum
1317 3145 1520 3206 quoque
1547 3143 1596 3189 et
1625 3130 2002 3200 medullarum,

2107 1925 2379 1982 cursionis
2439 1941 2552 1982 sua:
2591 1925 2838 1984 ordinem
2887 1941 3116 1984 servans
3140 1969 3157 1997 ,
3216 1927 3314 2000 qui
3369 1928 3715 1984 nasciturus

2106 2017 2378 2074 nascendo
2407 2027 2764 2088 praevenerat,
2817 2018 3217 2091 baptizaturum
3270 2031 3510 2091 quoque
3538 2017 3718 2074 Domi-

2105 2123 2236 2166 num
2263 2109 2588 2182 baptizando
2615 2110 2979 2182 praeveniret;
3028 2117 3084 2168 et
3109 2111 3202 2182 qui
3244 2110 3616 2183 prmdicando
3639 2107 3716 2164 fa-

2106 2211 2228 2260 ctus
2257 2213 2342 2261 est
2388 2217 2694 2277 praecursor
2736 2201 2958 2271 Christi,
3012 2203 3343 2276 baptizando
3372 2202 3554 2259 etiam
3579 2215 3712 2274 pr:-

2106 2309 2299 2353 cursor
2340 2296 2460 2367 ejus
2505 2294 2684 2365 ﬂeret,
2717 2293 3025 2352 imitatione
3078 2293 3462 2352 sacramenti?
3505 2291 3721 2366 (Belin)

2105 2385 2186 2446 0b
2215 2387 2318 2446 hoc
2359 2403 2492 2461 ergo
2538 2387 2852 2460 baptizabat
2898 2399 3039 2460 aqua
3087 2386 3366 2454 Joannes,
3411 2391 3482 2443 nt
3533 2397 3718 2441 omnes

2106 2499 2242 2558 quos
2267 2483 2334 2540 ad
2359 2483 2730 2556 paenitendum
2759 2481 3083 2555 Christoque
3109 2476 3450 2540 credendum
3489 2493 3714 2554 persua-

2105 2571 2236 2634 dere
2261 2577 2558 2650 patuisset,
2611 2575 2697 2633 sui
2737 2577 3016 2650 signaculo
3039 2571 3396 2645 baptismatis
3429 2575 3509 2630 ab
3533 2572 3718 2629 inﬁtie-

2105 2665 2236 2725 iium
2267 2678 2324 2725 et
2354 2667 2810 2742 impoenitentium
2858 2671 3020 2726 turba
3055 2677 3396 2736 secerneret,
3440 2675 3616 2739 atque
3655 2665 3720 2722 ad

2102 2761 2430 2836 baptismum
2473 2759 2678 2820 Cnrtsti
2722 2763 3084 2836 appetendum
3133 2759 3422 2836 dirigeret.
3475 2759 3717 2833 Quipost

2103 2864 2207 2920 me,
2245 2853 2440 2924 inquit,
2470 2859 2716 2910 venturus
2736 2863 2834 2922 est,
2855 2855 2960 2911 hoc
2978 2861 3064 2910 est
3091 2853 3160 2910 ad
3196 2850 3640 2924 praedicandum,
3670 2854 3722 2907 et

2102 2943 2489 3016 baptizandum
2522 2943 2712 3017 fortior
2738 2961 2821 3001 me
2845 2953 2945 3013 est,
2981 2946 3110 3018 quia
3135 2961 3223 3002 me
3261 2942 3546 3018 dignitate
3589 2959 3719 3016 pra:-

2104 3039 2289 3108 cellit;
2334 3039 2494 3098 fortis
2523 3040 2744 3111 quidem
2795 3035 2888 3097 ille
2914 3050 3020 3110 est,
3069 3039 3164 3112 qui
3210 3041 3266 3096 in
3307 3039 3718 3097 confessionem

2106 3139 2477 3206 peccatorum,
2512 3134 2608 3189 sed
2639 3131 2850 3202 fortior,
2891 3134 2987 3204 qui
3013 3133 3070 3188 in
3118 3129 3514 3189 remissionem
3544 3128 3715 3202 bapti-

401 3217 450 3268 et
492 3213 747 3271 discretor
795 3198 1189 3289 cogitationum.
1219 3198 1411 3294 (Hebr.
1433 3198 1444 3206 ⁷
1469 3223 1568 3296 rv).
1619 3217 1688 3278 Et
1735 3198 2003 3280 Ieremias
2031 3198 2075 3264 (ἶ
2106 3198 2198 3280 Ξθι
2223 3241 2238 3292 ;
2283 3220 2440 3281 fortis
2464 3198 2559 3296 qui
2587 3198 2848 3295 Spiritum
2877 3198 3130 3280 sanetum
3160 3219 3365 3280 habere
3391 3222 3600 3294 dignus

400 3307 663 3378 propheta
690 3309 921 3369 verbum
961 3309 1176 3371 Domini
1217 3318 1396 3374 securi
1441 3325 1726 3390 comparat
1775 3318 2002 3375 caadenti

399 3410 612 3474 petram
653 3398 872 3475 (Ierem.
917 3405 1088 3480 nvi).
1139 3405 1267 3465 Sive
1295 3405 1505 3466 securis
1548 3409 1876 3467 sententiam
1904 3407 2002 3466 Ju-

401 3490 538 3550 dicls
567 3491 818 3552 altissimi
860 3493 1155 3570 significat,
1197 3514 1316 3572 quae
1347 3503 1414 3558 ad
1460 3498 1670 3560 radices
1719 3501 2000 3572 arborum,

401 3581 580 3656 idest,
609 3589 676 3644 ad
711 3589 874 3647 tinem
923 3595 1074 3666 regni
1107 3595 1294 3666 populi
1333 3589 1543 3654 Judaici
1571 3598 1754 3669 posita
1781 3606 1898 3665 est,
1946 3601 2004 3652 ut

401 3687 498 3736 eos
523 3679 614 3753 qui
659 3681 717 3739 in
761 3681 1038 3742 Christum
1094 3687 1317 3745 credere
1372 3683 1702 3757 noluerunt,
1753 3691 1820 3747 de
1854 3698 2004 3746 terra

400 3771 700 3832 viventium
722 3777 1021 3836 abscindat.
1054 3779 1241 3838 Omnis
1263 3797 1386 3854 ergo
1410 3783 1569 3839 arbor
1595 3801 1712 3857 qua:
1741 3801 1846 3840 non
1871 3777 2002 3855 facit

403 3865 632 3936 fructum
656 3871 848 3928 bonum
869 3875 1224 3942 exscindelur,
1243 3879 1292 3930 et
1314 3876 1370 3930 in
1384 3877 1556 3948 ignem
1573 3876 1826 3932 mittetur.
1851 3869 2000 3944 Qua-

403 3965 526 4015 tuor
547 3963 764 4032 quidem
791 3969 1000 4037 specics
1030 3969 1082 4022 in
1113 3963 1382 4039 lignorum
1407 3971 1698 4041 generibus
1726 3971 2004 4025 inrcniun-

404 4059 512 4120 tur,
541 4070 773 4125 quorum
814 4057 1060 4129 proiecto
1091 4077 1197 4115 una
1229 4067 1340 4118 tota
1375 4061 1526 4118 arida
1576 4071 1684 4129 est,
1719 4061 1889 4118 altera
1929 4061 2004 4118 vi-

402 4147 559 4213 ridis,
587 4147 682 4204 sed
714 4150 832 4206 sine
878 4150 1080 4218 fructu,
1111 4153 1271 4210 tertia
1297 4149 1508 4222 viridis,
1557 4151 1858 4219 fructuosa,
1905 4151 2003 4210 sed

401 4253 697 4306 venenosa,
727 4250 923 4312 quarta
948 4257 1077 4298 vero
1103 4244 1292 4301 viridis
1339 4251 1423 4301 est
1454 4253 1508 4302 et
1530 4246 1770 4302 fructum
1796 4245 1998 4301 bonum

405 4329 594 4400 gignit.
637 4329 695 4386 in
746 4331 832 4388 itis
881 4348 1012 4406 ergo
1051 4344 1285 4405 quatuor
1329 4333 1651 4394 diderentiis
1699 4339 1997 4405 arborum,

405 4433 642 4494 quatuor
677 4425 957 4482 hominum
1002 4429 1212 4499 species
1255 4425 1742 4500 demonstrantur,
1790 4427 1846 4488 id
1892 4440 1996 4500 est,

407 4527 767 4586 paganorum,
803 4515 1234 4592 hypocritarum,
1265 4519 1648 4577 hzrreticorum
1682 4525 1738 4578 et
1762 4517 1998 4578 ﬁdelium

407 4583 1097 4684 Christianorum:-Pagani
1134 4583 1316 4684 itaque
1363 4613 1533 4671 aridis
1575 4613 1866 4674 arboribus
1916 4583 2081 4672 as-D

405 4699 738 4772 similantur,
791 4707 886 4778 qui
929 4716 1136 4763 artemo
1167 4705 1420 4764 incendio
1463 4719 1591 4766 sunt
1640 4709 1770 4782 apti.
1824 4709 2006 4782 Hypo-

404 4791 554 4849 crita:
585 4793 851 4851 viridibus
893 4795 1076 4868 lignis,
1107 4798 1202 4853 sed
1231 4797 1348 4854 sine
1399 4799 1581 4854 fructu
1634 4800 1998 4866 manentibus,

404 4885 531 4956 quia
562 4879 873 4966 simulatam
908 4886 1165 4958 pietatem
1222 4887 1356 4946 foris
1389 4891 1722 4958 ostendunt,
1763 4891 1855 4947 sed
1891 4887 2004 4945 fru-

405 4986 495 5034 ctu
527 4986 734 5035 carent.
779 4975 1028 5036 ilzeretici
1059 4998 1274 5053 quoque
1301 4981 1564 5040 viridibus
1603 4995 1657 5040 et
1705 4983 2000 5042 fructuosis

405 5071 711 5140 arboribus,
741 5071 838 5138 sed
893 5081 1073 5129 tamen
1100 5077 1391 5132 venenosis
1434 5083 1840 5147 comparantur,
1871 5075 1999 5144 quia

405 5158 535 5219 licet
559 5161 906 5236 praedicando
937 5165 1021 5223 vel
1054 5165 1344 5225 scribendo
1398 5167 1635 5224 fructum
1676 5184 1872 5240 parere
1923 5169 2000 5223 vi-

406 5255 654 5324 deantur,
684 5273 792 5314 non
817 5257 1033 5315 vitalem
1071 5267 1273 5328 tamen,
1295 5261 1389 5318 sed
1412 5259 1748 5318 mortiferum
1776 5264 2000 5332 gustan-

407 5345 553 5401 tibus
576 5344 757 5404 cibum
787 5347 989 5406 i'erunt.
1039 5347 1210 5410 Porro
1241 5349 1368 5408 boni
1419 5349 1684 5411 Catholici
1729 5353 1998 5411 viridibus

404 5429 569 5516 lignis
601 5448 658 5494 et
683 5441 885 5498 bonum
912 5442 1148 5502 fructum
1182 5439 1531 5518 gignentibus
1566 5441 1668 5502 rite
1707 5445 1998 5518 adaequan-

410 5535 520 5598 tur,
549 5527 678 5601 quia
718 5531 772 5589 in
812 5533 1088 5593 viriditate
1109 5545 1314 5594 sancta:
1348 5535 1624 5610 religionis
1655 5538 1842 5595 sedulo
1873 5553 1998 5611 per-

408 5631 710 5691 manentes,
756 5623 1023 5684 bonorum
1049 5645 1276 5702 operum
1317 5629 1531 5688 fructus
1569 5627 1712 5688 ferre
1750 5647 1858 5688 non
1899 5631 1996 5689 de-

406 5721 609 5777 sinunt.
630 5717 695 5794 (ϐ
703 5721 832 5795 reg.)
845 5719 1014 5793 igitur
1026 5724 1202 5782 omnis
1223 5720 1386 5781 arbor
1404 5741 1511 5781 non
1526 5719 1732 5782 iaciens
1762 5727 1998 5784 fructum

406 5815 608 5874 bonum
644 5817 957 5894 excidetur‘,
998 5829 1052 5876 et
1085 5821 1140 5876 in
1167 5822 1346 5894 ignem
1385 5823 1652 5890 mittetur,
1681 5821 1806 5896 quia
1833 5838 1999 5881 unus-

2104 3313 2300 3373 i'ortior
2346 3317 2440 3388 qui
2483 3315 2756 3382 tribuere;
2799 3313 2955 3372 fortis
3001 3327 3108 3386 quo
3133 3315 3191 3372 in
3237 3314 3388 3372 natis
3427 3314 3722 3371 mulierum

2103 3407 2280 3482 major
2302 3423 2464 3467 nemo
2485 3417 2592 3476 est,
2619 3407 2816 3464 fortior
2839 3405 2924 3462 cui
2946 3405 3206 3462 minorato
3241 3406 3410 3479 paulo
3449 3406 3637 3462 minus
3661 3405 3718 3458 ab

2105 3500 2306 3572 angelis
2336 3503 2513 3556 omnia
2541 3501 2778 3572 subjecta
2801 3507 2944 3565 sunt,
2995 3499 3091 3554 sub
3119 3497 3338 3571 pedibus
3363 3495 3490 3568 ejus
3529 3495 3717 3571 (licet.

2103 3591 2168 3666 ιι)
2192 3609 2207 3660 ;
2239 3592 2395 3650 fortis
2439 3593 2531 3664 qui
2557 3609 2786 3666 regnum
2815 3591 3076 3650 cmlorum
3104 3589 3315 3664 primus
3341 3591 3496 3648 venit
3523 3591 3717 3665 praedi-

2105 3698 2253 3752 care,
2281 3682 2475 3741 fortior
2493 3685 2588 3756 qui
2613 3684 2716 3740 hoc
2745 3684 2894 3742 solus
2915 3683 3260 3756 potuitdare.
3291 3681 3487 3753 Cujus,
3519 3683 3716 3754 inquit,

2103 3791 2213 3833 non
2242 3793 2360 3833 sum
2389 3777 2586 3850 dignus
2636 3775 3004 3836 calceamenta
3049 3785 3292 3852 portare.
3340 3774 3455 3832 Alii
3481 3793 3718 3848 evange

2103 3869 2244 3926 listte
2283 3871 2658 3940 scripserunt,
2695 3868 2865 3942 Cujus
2914 3888 3018 3926 non
3060 3887 3177 3925 sum
3206 3869 3397 3941 dignus
3429 3870 3718 3940 corrigiam

2103 3964 2440 4032 calceamenlt'
2460 3965 2674 4022 solvere.
2708 3963 2892 4038 (Ang.)
2911 3963 3095 4020 Potuit
3118 3963 3262 4020 enim
3276 3962 3525 4019 Joannes

2103 4069 2187 4118 sta
2217 4070 2507 4134 utrumque
2536 4061 2757 4128 dixisse,
2793 4061 2907 4117 sive
2959 4057 3106 4116 aliud
3141 4060 3249 4116 alio
3297 4067 3575 4132 tempore,
3608 4061 3721 4116 sire

2105 4156 2451 4224 contextim;
2501 4171 2564 4210 ac
2611 4153 2658 4210 si
2701 4153 2907 4210 diceret
2953 4173 2966 4209 :
3003 4149 3168 4224 Cujus
3197 4169 3306 4209 non
3350 4169 3475 4209 sum
3516 4149 3722 4224 dignus

2102 4245 2393 4320 corrigiam
2413 4245 2767 4302 calceamenti
2800 4245 3032 4312 solvere,
3064 4259 3164 4302 nec
3185 4245 3548 4300 calceamenta
3579 4261 3722 4315 por-

2101 4353 2250 4411 tare;
2281 4347 2341 4394 ut
2368 4355 2510 4395 unus
2529 4333 2860 4408 evangelista
2890 4337 3016 4406 hoc,
3046 4336 3138 4391 alii
3161 4351 3292 4392 vero
3321 4331 3484 4402 aliud,
3511 4349 3722 4391 (turnus

2102 4431 2284 4489 lumen
2335 4449 2527 4489 verum
2579 4429 2947 4488 narraverint.
3021 4428 3172 4485 Nihil
3235 4435 3416 4484 autem
3474 4426 3718 4484 intendit

2104 4516 2342 4580 Joannes
2370 4523 2436 4580 de
2464 4519 2846 4580 calceamentis
2871 4519 3082 4578 Domini
3109 4519 3367 4594 loquens,
3393 4519 3502 4576 nisi
3527 4521 3716 4576 excel-

2105 4615 2330 4672 lentiam
2355 4614 2471 4686 ejus
2492 4625 2546 4671 et
2565 4613 2928 4671 humilitatem
2956 4629 3132 4668 suam.
3164 4611 3221 4669 Si
3243 4619 3426 4667 autem
3451 4611 3716 4683 allegoria

2105 4709 2162 4764 in
2190 4706 2294 4764 hoc
2323 4707 2586 4778 quaeritur
2608 4748 2624 4775 ,
2677 4715 2858 4779 potest
2909 4703 3337 4762 calceamentum
3369 4703 3601 4761 Domini
3637 4708 3717 4762 in—

2106 4797 2478 4858 carnationem
2509 4799 2627 4872 ejus
2649 4797 2979 4872 signiﬁcare.
3010 4797 3240 4870 (MAUB.)
3271 4795 3402 4868 Quis
3432 4799 3586 4853 enim
3617 4813 3712 4852 nc-

2106 4889 2245 4948 sciat
2271 4893 2416 4963 quod
2437 4889 2808 4948 calceamenta
2831 4907 2896 4946 ex
2928 4889 3160 4948 mortuis
3181 4883 3513 4946 animalibus
3537 4885 3714 4944 ﬁant?

2103 4984 2421 5043 incarnatus
2449 5000 2576 5040 vero
2621 4981 2882 5043 Dominus
2932 4982 3156 5038 veniens
3178 5008 3204 5050 ,-
3225 4981 3377 5052 quasi
3429 4979 3714 5035 calceatus

2103 5076 2371 5150 apparuit,
2399 5077 2493 5148 qui
2523 5075 2582 5130 in
2615 5075 2895 5132 divinitate
2922 5090 3018 5130 sua
3044 5089 3242 5144 corpus
3264 5079 3465 5128 nostra:
3495 5083 3704 5127 morta-

2102 5169 2272 5226 litatis
2297 5165 2613 5240 assumpsit.
2665 5163 2773 5222 Sed
2807 5165 2934 5236 quia
2959 5163 3223 5221 Joannem
3256 5158 3506 5218 homines
3545 5159 3710 5217 Chri—

2103 5272 2248 5320 stum
2277 5267 2606 5334 putavcrunt
2649 5275 2791 5327 esse,
2843 5259 2988 5331 quod
3033 5255 3179 5314 idem
3205 5255 3470 5313 Joannem
3517 5265 3705 5329 negat,

2101 5363 2269 5412 tantae
2303 5357 2560 5428 potentia:
2587 5353 2934 5428 semetipsum
2961 5353 3284 5426 subjiciens,
3331 5353 3625 5422 indignum
3652 5365 3710 5404 se

2103 5465 2224 5506 esse
2262 5446 2549 5522 proﬁtetur
2575 5463 2796 5504 carnem
2835 5446 2950 5503 sine
2978 5443 3121 5504 virili
3151 5444 3360 5502 semine
3387 5460 3454 5499 ex
3493 5439 3710 5514 virgine

2104 5538 2420 5612 sumpsisse.
2467 5535 2602 5597 Cum
2647 5535 2764 5596 haec
2795 5535 3035 5611 dignitas
3065 5547 3120 5596 ct
3143 5536 3386 5611 potentia
3416 5549 3524 5590 non
3556 5523 3708 5588 servi

2103 5633 2200 5690 sed
2225 5631 2460 5702 Domini,
2514 5645 2624 5690 non
2668 5640 2934 5688 creaturae
2957 5631 3050 5689 sed
3093 5629 3368 5688 Creatoris
3407 5627 3498 5686 sit.
3542 5622 3610 5680 Et
3634 5618 3702 5676 ob

2103 5728 2210 5784 hoc
2235 5743 2344 5787 non
2371 5725 2510 5784 velle
2531 5742 2593 5784 se
2623 5742 2654 5782 a
2685 5742 2956 5798 quoquam
2987 5725 3284 5790 Christum,
3333 5721 3430 5779 sed
3455 5733 3704 5792 praecur-

2105 5840 2284 5885 sorem
2309 5823 2424 5895 ejus
2449 5824 2726 5880 aestimari.
2769 5819 2970 5894 (Greg.)
3001 5819 3134 5875 Nam
3161 5818 3287 5891 quia
3314 5815 3473 5893 hujus
3518 5817 3701 5870 iurato
