3946 6452
185 348 300 410 ’175

1185 340 1537 401 ΟΟΜΜΕΝΤ.
1576 336 1644 397 ΙΝ
1683 338 2124 400 MATTHAEUM.
2166 370 2234 384 —-
2270 343 2398 400 LIB.
2435 344 2477 400 ι.

3364 350 3469 408 7ἳᾶ

180 465 424 525 mm
463 467 783 534 memon.
673 459 686 473 °
830 458 1100 517 humanus
1137 455 1327 512 oculus
1358 464 1643 527 penetrare
1670 472 1778 512 non
1806 461 1859 529 Α
1885 472 2065 510 aream
2092 473 2262 510 suam.
2290 455 2394 511 Per
2411 453 2770 512 ventilahrum
2791 498 2805 525 ,
2863 456 2915 512 id
2942 466 3027 512 est
3058 459 3235 530 palam
3275 462 3472 517 discre-

181 559 401 625 suchit,
432 554 747 625 investigari
777 552 922 611 enim
952 550 1251 608 nullatenus
1278 558 1478 621 potest,
1507 551 1775 621 quomodo

182 656 510 722 carperetur
558 645 815 712 Verbum,
873 643 1142 716 quomodo
1189 656 1433 705 summus
1473 642 1775 701 vivificator

184 745 426 818 Spiritus
450 743 597 800 intra
622 747 841 796 uterum
889 737 1077 795 matris
1106 736 1401 803 animatur,
1429 735 1699 806 quomodo
1727 736 1777 792 is

184 840 277 911 qui
301 833 518 893 initium
542 849 653 889 non
679 833 847 889 habet
865 831 1051 889 existit
1090 839 1145 887 et
1171 830 1497 901 concipitur.
1539 827 1774 898 ideoque

181 929 420 987 Joannes
467 925 765 983 woundum
813 924 950 980 alios
991 923 1352 995 evangelistaa
1399 937 1459 981 se
1490 936 1598 977 non
1650 936 1774 977 esse

181 1024 405 1095 dignum
445 1018 584 1076 dixit
631 1018 750 1090 ejus
795 1017 1003 1073 solvere
1047 1017 1342 1087 corrigiam
1395 1014 1768 1071 calceamenti.

180 1113 426 1186 Corrigia
438 1124 572 1185 ergo
590 1111 944 1169 ealceamenti
963 1118 1047 1167 est
1065 1111 1295 1182 ligatura
1312 1111 1573 1183 mysterii.
1602 1109 1769 1167 Joan-

181 1220 281 1261 nes
322 1207 511 1275 itaque
552 1204 761 1261 solvere
789 1204 1076 1276 corrigiam
1116 1202 1469 1259 calceamenti
1510 1200 1627 1270 ejus
1661 1217 1771 1260 non

137 1292 145 1301 ’
180 1298 345 1364 valet,
389 1298 521 1368 quia
555 1298 944 1361 incarnationis
976 1296 1295 1369 mysterium
1342 1311 1445 1353 nec
1477 1296 1593 1367 ipse
1621 1296 1769 1352 invc~

180 1391 383 1463 stigare
434 1390 670 1457 sufﬁcit,
714 1391 809 1461 qui
854 1390 995 1445 hanc
1035 1404 1134 1461 per
1183 1390 1479 1460 prophetia:
1516 1388 1768 1459 spiritum

178 1482 415 1553 agnovit.
471 1482 625 1550 Quid
652 1490 835 1537 tamen
863 1488 919 1538 et
963 1481 1124 1537 aliter
1149 1482 1373 1553 intelligi
1403 1489 1602 1553 potest.
1653 1479 1769 1537 Mos

178 1574 319 1644 apud
338 1582 556 1630 veteres
581 1573 687 1630 fuit
713 1584 774 1629 ut
796 1574 842 1630 si
865 1575 987 1645 quis
1013 1589 1134 1629 eam
1162 1589 1281 1644 qua:
1308 1574 1413 1630 sibi
1438 1580 1769 1645 competeret

99 1694 106 1704 -
177 1665 428 1736 accipere
446 1680 673 1725 uxorem
702 1664 893 1733 nollet,
922 1664 1014 1721 ille
1050 1665 1101 1720 ei
1138 1664 1568 1721 calceamentum
1595 1665 1767 1722 solve-

176 1764 279 1823 ret,
309 1758 405 1827 qui
427 1756 499 1812 ad
522 1759 663 1813 hanc
691 1772 920 1828 sponsus
937 1756 1061 1828 jure
1078 1759 1497 1831 propinquitatis
1530 1758 1763 1815 veniret.

1881 547 1957 603 tio
1978 546 2112 617 justi
2140 551 2425 613 examinis,
2476 565 2576 621 per
2598 565 2782 605 aream
2805 566 2933 606 vero
2962 567 3201 621 praesens
3226 553 3470 611 Ecclesia

1878 641 2213 713 designatur.
2254 644 2314 699 lu
2340 660 2447 715 qua
2489 644 2863 714 proculdubio,
2888 645 3060 715 quod
3086 644 3312 717 lugubre
3336 648 3471 703 satis

1876 743 1979 801 est,
2000 737 2153 791 multi
2183 745 2309 793 sunt
2335 738 2529 805 vocati,
2563 738 2717 808 pauci
2747 754 2875 794 vero
2896 738 3077 807 electi,
3104 755 3276 810 pauca
3297 756 3473 811 grana

1876 829 2126 897 supernis
2178 830 2487 903 recipienda
2538 831 2936 900 mansionibus,
2967 833 3023 888 in
3067 834 3470 904 comparatione

1874 920 2148 988 loliorum,
2174 938 2293 992 quin
2316 921 2551 978 ﬂammis
2580 931 2708 979 sunt
2756 925 3114 997 mancipanda
3163 926 3462 999 perpetuis.

1874 1009 2040 1082 Cujus
2071 1028 2212 1069 area:
2253 1014 2500 1086 purgatio
2539 1023 2594 1070 et
2640 1032 2786 1072 nunc
2822 1017 3026 1073 viritim
3057 1018 3294 1090 geritur,
3342 1034 3468 1074 eum

1874 1105 2101 1176 quisque
2134 1122 2424 1179 perversus
2450 1108 2534 1163 vel
2568 1110 2637 1164 ob
2666 1108 2955 1166 manifesta
2985 1118 3207 1181 peccata
3250 1110 3319 1166 de
3361 1109 3466 1165 Ec-

1873 1195 2037 1252 clesia
2072 1198 2394 1254 sacerdotali
2429 1201 2789 1272 castigatione
2825 1196 3094 1273 rejicitur,
3143 1202 3230 1258 vel
3274 1202 3346 1259 ob
3369 1218 3466 1259 oc-

1872 1287 2016 1343 culta
2049 1296 2171 1358 post
2190 1297 2420 1344 mortem
2450 1290 2631 1345 divina
2657 1291 2997 1351 districtione
3032 1294 3346 1351 damnatur.
3399 1295 3470 1350 Et

1870 1380 2249 1437 universaliter
2274 1382 2331 1438 in
2360 1382 2467 1441 line
2487 1384 2818 1455 perﬁcietur,
2856 1387 3072 1457 quando
3098 1390 3263 1444 mittet
3290 1388 3468 1445 Filius

1868 1473 2099 1528 hominis
2127 1473 2337 1544 angelos
2366 1491 2513 1543 suos,
2539 1486 2589 1532 et
2618 1476 2861 1549 colligant
2887 1479 2951 1533 de
2975 1495 3131 1551 regno
3154 1481 3271 1550 ejus
3291 1482 3470 1536 omnia
3536 1496 3553 1503 “

1868 1562 2124 1621 scandala
2167 1564 2381 1638 (Matth.
2409 1566 2554 1640 xm).
2603 1567 2979 1625 Ventilabrum
3004 1570 3190 1643 itaque
3209 1572 3470 1627 Dominus

1870 1657 1924 1712 in
1955 1674 2143 1726 manu,
2176 1657 2228 1714 id
2253 1667 2339 1715 est
2357 1658 2549 1730 judicii
2571 1661 2866 1720 discrimen
2908 1662 3071 1719 habet
3094 1664 3149 1720 in
3175 1672 3464 1736 potestate.

1815 1769 1825 1783 ο
1870 1747 2008 1816 Quia
2057 1749 2220 1805 Pater
2263 1766 2372 1807 non
2408 1750 2618 1825 judicat
2661 1768 3014 1827 quamquam,
3056 1755 3154 1813 sed
3203 1755 3466 1828 judicium

175 1846 316 1914 Quid
338 1850 505 1921 igitur
531 1850 677 1905 inter
704 1850 954 1907 homines
978 1849 1248 1917 Christus,
1298 1851 1405 1905 nisi
1436 1858 1637 1907 sancta:
1662 1850 1767 1907 Ee—
1792 1841 1842 1903 Β
1868 1858 2030 1900 omne
2057 1843 2206 1900 dedit
2230 1843 2386 1901 Filio.

173 1938 354 1995 clesite
400 1957 633 2012 sponsus
677 1943 969 2013 apparuit?
1024 1942 1101 1999 De
1139 1957 1246 2012 quo
1271 1951 1328 1998 et
1357 1943 1501 1998 idem
1530 1942 1768 2000 Joannes

173 2030 342 2089 dicit:
377 2035 485 2100 Qui
504 2034 657 2090 habet
680 2044 925 2107 sponsam
954 2052 1177 2105 sponsus
1202 2044 1279 2090 est
1307 2035 1487 2108 (Joan.
1521 2036 1626 2109 ιιι).
1661 2036 1768 2092 Sed

172 2127 305 2195 quia
341 2128 582 2184 Joannes
630 2144 741 2184 non
791 2144 1073 2201 sponsum,
1128 2128 1259 2198 quin
1305 2129 1486 2198 potius
1532 2130 1767 2184 amicum

171 2220 361 2287 sponsi
382 2234 443 2274 se
465 2220 614 2275 credi
641 2219 828 2287 voluit,
859 2228 1007 2276 recte
1034 2234 1095 2276 se
1118 2221 1397 2293 indignum
1418 2234 1539 2276 esse
1562 2218 1631 2276 ad
1655 2219 1767 2277 sol-

172 2314 410 2366 vendam
460 2314 748 2385 corrigiam
794 2312 912 2381 ejus
954 2314 1307 2370 ealeeamenti
1340 2314 1661 2381 denuntiat,
1704 2328 1769 2370 ac

172 2406 217 2463 si
243 2414 431 2476 aperte
456 2408 606 2463 dicat
630 2425 644 2462 :
674 2409 788 2481 Ego
830 2405 1209 2481 Redemptoris
1242 2409 1468 2481 vestigia
1493 2409 1768 2465 denudare

170 2510 277 2553 non
304 2498 497 2566 valeo,
527 2500 656 2570 quia
689 2501 875 2572 sponsi
900 2514 1099 2559 nomen
1129 2501 1265 2570 mihi
1311 2502 1618 2559 immeritus
1657 2517 1768 2558 non

169 2604 391 2662 usurpo.
677 2624 685 2633 ο

238 2682 362 2754 Ipse
376 2698 468 2738 eos
495 2684 782 2757 baptisabit
802 2688 858 2741 in
879 2685 1082 2759 Spiritu
1101 2697 1282 2745 sancto
1306 2699 1357 2746 et
1378 2692 1515 2761 igne.
1550 2689 1765 2763 (Βεάα.)

171 2771 281 2831 Hoc
304 2782 393 2832 est
418 2784 477 2832 et
527 2779 849 2848 purgatione
891 2780 1341 2838 sanctificationis
1366 2792 1421 2838 et
1447 2780 1769 2853 probatione

171 2867 555 2925 tribulationis.
618 2870 806 2928 Potest
848 2882 1030 2928 autem
1084 2872 1227 2929 idem
1269 2874 1503 2945 Spiritus
1548 2884 1770 2932 sanctus

170 2961 333 3018 etiam
357 2954 582 3020 nomine
607 2966 749 3037 ignis
786 2966 1123 3038 significatus
1145 2967 1389 3040 intelligi.
1438 2967 1576 3036 Quia
1605 2976 1662 3025 et
1687 2969 1769 3025 inp

169 3054 347 3110 cendit
384 3068 488 3127 per
532 3072 797 3125 antorem,
846 3066 902 3115 et
932 3072 1033 3129 per
1059 3061 1423 3131 sapientiam,
1457 3074 1562 3131 qua
1594 3061 1769 3131 replet

169 3147 352 3214 corda,
387 3147 680 3205 illuminat.
730 3149 886 3206 Unde
936 3159 991 3206 et
1039 3151 1114 3205 illi
1165 3152 1365 3221 quibus
1393 3153 1599 3209 dictum
1630 3161 1715 3208 est
1751 3171 1763 3206 :

172 3236 309 3305 Quia
338 3213 581 3296 Joannes
623 3242 833 3313 quidem
859 3241 1144 3313 baptizavit
1176 3213 1341 3315 dque,
1362 3253 1452 3300 eos
1480 3242 1655 3300 autem
1680 3246 1771 3299 ba-
1795 3213 1842 3277 Ο

165 3329 493 3397 ptitabimini
516 3331 719 3404 Spiritu
744 3343 925 3388 sancto
948 3333 1086 3406 (Act.
1107 3335 1171 3406 ι),
1204 3330 1349 3390 idem
1372 3336 1639 3406 baptisma
1656 3335 1772 3406 Spi-

171 3419 307 3478 ritus
334 3423 395 3478 in
423 3425 567 3495 ignis
590 3426 798 3483 visione
820 3427 1147 3498 percipiunt.
1198 3426 1337 3483 Sunt
1370 3429 1466 3498 qui
1496 3428 1572 3482 ita
1600 3440 1769 3498 expo-

167 3520 323 3580 nunt,
354 3515 505 3584 quod
542 3516 597 3570 in
624 3519 880 3585 praesenti
905 3518 961 3572 in
988 3519 1205 3588 spiritu,
1229 3528 1287 3574 et
1311 3520 1365 3575 in
1388 3518 1573 3574 ibturo
1594 3520 1770 3591 baptia-

167 3609 357 3661 remur
379 3604 438 3659 in
462 3605 606 3676 igne,
634 3613 699 3661 ut
719 3606 972 3664 videlicet
997 3609 1140 3664 sicut
1166 3622 1311 3667 nunc
1348 3610 1407 3666 in
1435 3612 1768 3682 redemptioa-

165 3708 291 3749 nem
315 3697 565 3752 omnium
584 3707 931 3768 peccatorum
965 3717 1032 3757 ex
1059 3714 1199 3774 aqua
1226 3711 1285 3759 et
1312 3703 1504 3774 spiritu
1530 3705 1770 3762 renasci-

162 3800 307 3851 mur,
351 3789 429 3843 ita
456 3798 514 3845 et
533 3798 665 3847 tunc
689 3793 755 3848 de.
776 3793 987 3851 levibus
1011 3796 1333 3865 quihusdam
1360 3799 1620 3869 peccatis,
1648 3812 1769 3870 quae

164 3877 292 3937 hinc
320 3883 481 3939 nobis
498 3886 751 3942 euntibus
771 3888 1132 3956 adhaeserunt,
1160 3892 1459 3963 purgatorii
1481 3894 1621 3965 ignis
1641 3901 1769 3949 ante

168 3970 416 4027 ultimum
431 3973 695 4043 judicium
733 3977 1055 4048 baptismate
1080 3983 1528 4050 permnudemur,
1555 3983 1768 4040 dicente

170 4062 411 4134 apostolo
441 4080 455 4118 :
512 4064 573 4121 Si
592 4067 709 4137 quis
739 4070 1237 4140 superadi/icaserit
1265 4088 1425 4143 super
1448 4073 1547 4128 hoc
1571 4074 1767 4144 [unda-

170 4163 421 4222 mentum,
470 4170 685 4227 aurum,
717 4171 1009 4230 argentum,
1049 4156 1252 4235 lapides
1289 4167 1564 4236 pretiosos,
1599 4164 1764 4238 ligna,

172 4244 366 4339 fenum,
397 4251 666 4320 stipulam,
706 4254 1119 4327 uniuscuiusque
1144 4270 1276 4328 opus
1305 4259 1462 4330 quale
1491 4261 1594 4325 sit,
1630 4261 1766 4339 iggtis

171 4337 424 4405 probabit.
456 4340 519 4396 Si
545 4342 701 4413 cujus
728 4360 858 4415 opus
888 4349 1170 4414 manserit,
1200 4350 1340 4420 quod
1366 4337 1767 4421 superrediﬁcaa

172 4429 261 4495 sit,
287 4433 579 4488 mercedem
612 4436 851 4506 accipiet.
904 4436 968 4493 Si
1015 4440 1168 4510 cujus
1197 4454 1326 4512 opus
1352 4443 1574 4508 arserit,
1604 4443 1769 4497 detri-

174 4531 396 4580 metuam
430 4528 696 4599 patietur;
744 4531 854 4601 ipse
878 4542 1053 4587 autem
1093 4535 1268 4590 salvus
1298 4536 1418 4603 erit,
1467 4537 1544 4591 sic
1589 4546 1765 4592 tamen

173 4615 318 4680 φιοοὶ
340 4632 434 4687 per
454 4619 628 4689 ignem
655 4621 705 4692 (1
728 4619 852 4677 Cor.
883 4624 990 4697 lii).
1016 4624 1173 4692 Quod
1199 4627 1449 4697 quamvis
1474 4635 1529 4684 ct
1548 4628 1616 4683 de
1640 4627 1764 4700 igne

179 4700 538 4766 tribuistionis
581 4710 639 4765 in
665 4710 771 4766 hee
796 4714 954 4768 nobis
979 4715 1090 4770 vita
1131 4716 1374 4772 adhibito
1402 4719 1573 4788 possit
1599 4718 1762 4773 intel‘

176 4790 284 4864 ligi,
310 4807 493 4858 tamen
516 4802 561 4857 sl
580 4804 707 4873 quis
730 4805 832 4861 hoc
858 4807 924 4861 de
940 4807 1066 4876 igne
1089 4806 1283 4864 futura:
1306 4811 1649 4882 purgationis
1677 4826 1766 4866 ac-

179 4886 352 4958 cipiat,
377 4898 718 4965 pensandum
750 4899 981 4956 sollicite
1003 4909 1087 4957 est
1111 4903 1237 4973 quia
1265 4903 1414 4958 illum
1445 4904 1581 4959 dixit
1604 4918 1769 4976 posse
1810 4971 1817 4977 ι

180 4995 270 5051 Per
299 4986 480 5057 ignem
507 4990 726 5059 salvari,
756 5006 863 5049 non
889 4995 981 5065 qui
1008 5005 1172 5066 super
1190 4996 1599 5053 fundamentum
1618 4998 1771 5054 Chri-

182 5074 246 5162 eti
273 5076 607 5149 ferrumine,
631 5086 911 5155 plumbum
937 5088 1191 5157 aedificat,
1224 5090 1278 5145 id
1300 5099 1382 5146 est
1401 5098 1627 5162 peccata
1659 5106 1772 5148 ma-

177 5160 290 5231 iora
317 5183 373 5226 et
403 5174 656 5244 duriora,
705 5186 866 5249 atque
897 5186 1024 5235 tunc
1054 5179 1171 5249 jam
1218 5160 1551 5251 insolubilis,
1582 5183 1680 5240 sed
1710 5183 1772 5238 li-

184 5268 328 5348 num,
354 5264 563 5334 fenum,
592 5270 864 5341 stipulam,
896 5272 948 5327 id
974 5281 1057 5329 est
1095 5283 1317 5345 peccata
1348 5276 1573 5332 minima
1602 5282 1772 5348 atque

187 5346 484 5427 levissima,
535 5368 657 5431 qum
692 5362 832 5431 ignis
876 5363 1032 5421 facile
1082 5372 1385 5422 consumat.
1440 5364 1556 5424 Hoc
1584 5346 1771 5424 tamen

189 5446 461 5509 sciendum
486 5462 593 5520 est,
610 5456 754 5525 quod
780 5453 888 5512 nuc
913 5456 1108 5515 saltem
1149 5460 1217 5515 de
1242 5460 1483 5516 minimis
1511 5456 1593 5531 nil
1617 5461 1768 5532 quis-

191 5544 291 5602 que
307 5547 642 5618 purgationis
670 5546 952 5618 obtinebit,
994 5550 1099 5606 nisi
1128 5552 1283 5608 bonis
1336 5552 1440 5609 hoc
1475 5540 1690 5609 actibus
1717 5553 1772 5610 in

196 5621 295 5775 ξιξ
320 5635 491 5692 adhuc
516 5639 632 5696 vita
669 5641 901 5713 positus,
946 5651 1008 5699 ut
1029 5642 1139 5701 illic
1165 5642 1427 5714 obtineat,
1451 5658 1771 5719 promerea-

266 5816 435 5902 (Μαι
456 5819 801 5912 rentilabram
846 5829 909 5913 in
937 5846 1097 5891 manu
1144 5850 1274 5907 sua,
1314 5840 1363 5895 et
1406 5834 1778 5896 vemundablt
1833 5910 1839 5915 .

1938 1934 2008 1990 Et
2043 1938 2374 2008 congregabit
2412 1946 2649 1996 triticum
2688 1957 2844 1996 suum
2888 1959 2945 1998 in
2981 1958 3247 2010 narreum,
3291 1941 3467 2014 paleas

1867 2036 2042 2083 autem
2070 2028 2333 2084 comburat
2357 2029 2465 2101 igni
2495 2031 2929 2103 inexstinguibili.
2972 2033 3041 2088 Et
3066 2033 3185 2102 ipse
3206 2032 3469 2089 Dominus

1866 2120 2182 2190 parabolam
2209 2122 2338 2177 boni
2380 2124 2624 2190 seminis,
2673 2126 2760 2180 cui
2796 2126 3251 2196 superseminavit
3283 2125 3469 2181 inimi-

1868 2226 1964 2267 cus
1992 2212 2154 2268 homo
2186 2212 2432 2281 zizania,
2476 2214 2552 2271 ita
2592 2218 2928 2285 terminavit,
2954 2226 3013 2274 ut
3042 2220 3287 2274 diceret:
3321 2218 3392 2273 Et
3413 2218 3471 2273 in

1868 2313 2096 2375 tempore
2129 2307 2311 2360 messis
2341 2306 2517 2361 dicam
2562 2309 2878 2364 messoribus
2908 2323 2926 2363 .'
2978 2308 3217 2381 Colligite
3238 2311 3471 2381 primum

1869 2396 2099 2464 zizania,
2125 2407 2173 2454 et
2200 2399 2413 2470 alligata
2449 2417 2512 2455 ea
2542 2402 2599 2456 in
2632 2402 2916 2471 fasciculos
2938 2403 3007 2458 ad
3034 2402 3464 2467 comburendum,

1868 2490 2105 2544 triticum
2125 2501 2300 2546 autem
2328 2502 2636 2564 congregate
2674 2495 2732 2549 in
2776 2494 3025 2549 horreum
3065 2511 3240 2553 meum
3278 2493 3468 2567 (Ibid.)

1868 2579 2137 2636 Nimirum
2164 2583 2370 2639 docens
2393 2572 2588 2653 impios
2612 2593 2669 2640 et
2708 2594 3027 2655 peceatores
3051 2587 3312 2657 gehennae
3356 2583 3469 2656 igni

1869 2676 2183 2743 tradendos,
2223 2685 2444 2733 sanctos
2474 2674 2611 2734 vero'
2649 2679 2856 2734 cmlesti
2908 2678 3079 2751 gloria
3106 2678 3466 2737 coronandus.

1871 2768 2072 2826 Verum
2101 2771 2205 2827 hoc
2234 2771 2377 2826 inter
2409 2770 2595 2841 paleas
2637 2778 2692 2825 et
2721 2770 2928 2825 zizania
2972 2771 3158 2832 distat.
3203 2767 3339 2835 Quia
3374 2782 3472 2838 pa.-

1871 2862 1969 2919 leae
2021 2874 2129 2918 non
2187 2863 2295 2917 alio
2341 2878 2508 2933 quam
2558 2862 2864 2918 triticorum
2920 2862 3127 2918 semine
3178 2860 3468 2931 prodeunt,

1871 2956 2122 3027 quamvis
2147 2972 2180 3011 ιι
2210 2956 2412 3012 radicis
2440 2958 2595 3012 bona:
2623 2955 2908 3011 nobilitate
2943 2955 3295 3026 degenerant,
3323 2951 3468 3007 ziza-

1872 3048 1961 3105 nia
1987 3057 2170 3104 autem
2209 3064 2318 3103 non
2341 3048 2552 3104 fructus
2580 3048 2757 3103 solum
2782 3046 2981 3103 merito
3007 3047 3343 3116 discerpunt,
3373 3041 3473 3100 sed

1872 3151 1928 3199 et
1955 3144 2168 3200 diversa
2195 3158 2420 3215 prorsus
2450 3144 2663 3215 origine
2705 3152 3083 3216 procreantur.
3135 3142 3272 3210 Quia
3301 3140 3472 3213 paleae

1874 3244 2001 3295 sunt
2028 3240 2104 3295 illi
2128 3239 2220 3311 qui
2249 3239 2490 3311 ejusdem
2522 3252 2645 3294 cum
2673 3239 2862 3294 electis
2892 3234 3016 3293 fidei
3065 3235 3340 3309 mysteriis
3366 3234 3471 3288 im-

1874 3330 2135 3396 buuntur,
2169 3330 2265 3386 sed
2293 3331 2364 3387 ab
2389 3344 2578 3386 eorum
2605 3330 2774 3387 solida
2818 3328 3151 3400 perfectione
3173 3365 3190 3392 ,
3223 3325 3305 3381 vel
3345 3340 3473 3395 ope—

1873 3434 1997 3478 rum
2034 3422 2290 3491 levitate,
2343 3424 2431 3479 vel
2486 3423 2725 3495 perfidia:
2772 3424 3079 3489 vacuitate,
3122 3420 3469 3477 dissentiunt.

1872 3514 2093 3569 Zizania
2137 3526 2290 3582 vero,
2341 3515 2435 3587 qui
2487 3532 2587 3572 nec
2636 3514 2826 3570 audire
2865 3515 3082 3584 quidem
3130 3513 3256 3568 fidei
3306 3514 3472 3568 verba

1872 3607 2186 3678 dignantur.
2233 3608 2469 3678 Ideoque
2518 3620 2548 3662 ιι
2576 3608 2845 3664 honorum
2877 3612 3021 3661 sorte
3042 3613 3099 3660 et
3122 3616 3289 3675 opere
3312 3600 3474 3659 simul

1872 3700 2279 3771 etprofessione
2299 3706 2680 3756 secernuntur.
2704 3696 2857 3753 Etita
2875 3698 2929 3752 in
2953 3695 3288 3769 agromundi
3314 3692 3473 3751 istius

1870 3808 2012 3849 unus
2058 3794 2378 3858 electorum,
2428 3799 2487 3848 et
2518 3791 2627 3847 duo
2669 3798 2797 3846 sunt
2832 3780 3048 3844 fruetus
3090 3787 3468 3857 reproborum.

1871 3885 2009 3954 Quia
2056 3894 2113 3941 et
2157 3885 2341 3941 omnia
2387 3894 2506 3953 quae
2547 3883 2800 3938 inimicus
2844 3881 3080 3937 seminat
3106 3879 3338 3933 flammis
3372 3876 3471 3932 ob-

1870 3982 2035 4037 noxia
2070 3986 2216 4047 sunt,
2244 3988 2299 4036 et
2327 3980 2473 4049 quod
2497 3986 2579 4034 est
2606 3978 2844 4049 gravius,
2886 3974 3120 4045 plurima
3147 3984 3213 4027 ex
3244 3972 3329 4027 his
3353 3984 3474 4039 quae

1870 4073 2030 4129 bonis
2059 4079 2209 4128 sator
2237 4070 2393 4141 jacit,
2441 4078 2591 4124 auta
2642 4067 2947 4123 volatilibus
2998 4069 3173 4135 raptu,
3221 4068 3313 4116 aut
3360 4060 3474 4115 sole

1870 4165 2133 4230 arefacta,
2191 4174 2285 4219 aut
2336 4164 2505 4234 spinis
2554 4161 2836 4226 suli'ocata,
2881 4166 2974 4215 aut
3023 4164 3171 4213 certe
3206 4157 3263 4211 in
3300 4155 3475 4225 paleis

1870 4270 2026 4313 versa
2057 4254 2375 4326 depereunt.
2428 4253 2615 4308 Solum
2650 4261 2831 4306 autem
2861 4251 2928 4305 de
2967 4255 3112 4304 terra
3154 4249 3298 4302 bona
3322 4258 3476 4301 crea-

1871 4357 2007 4416 tum,
2058 4356 2113 4403 et
2142 4329 2404 4418 patientia
2457 4346 2618 4416 digna
2648 4344 2936 4416 probatum
2982 4341 3225 4397 triticum
3267 4339 3473 4423 electo-

1871 4452 2013 4505 rum,
2038 4440 2278 4495 ctelestis
2307 4439 2435 4493 vitae
2456 4437 2782 4491 recondatur
2807 4436 2860 4488 in
2885 4433 3163 4488 horreum.
3193 4428 3474 4498 Quomodo

1864 4529 2023 4602 juxta
2052 4529 2213 4583 aliam
2243 4526 2555 4598 parabolam
2576 4540 2683 4581 non
2710 4523 2885 4580 solum
2914 4523 3110 4592 pisces,
3144 4520 3234 4590 qui
3259 4526 3477 4589 aposto-

1873 4622 1993 4676 lica:
2040 4619 2164 4674 lidci
2194 4618 2332 4673 retia
2361 4614 2670 4681 declinant,
2717 4615 2840 4669 imis
2865 4620 3214 4683 peccatorum
3256 4610 3476 4665 obscuri

1875 4711 2117 4767 resident
2146 4710 2201 4763 in
2231 4709 2410 4773 undis,
2463 4722 2648 4761 verum
2692 4704 2849 4760 multi
2886 4704 2954 4759 ad
2985 4704 3135 4759 littus
3164 4716 3337 4773 usque
3366 4702 3476 4757 dis.

1877 4802 2137 4859 cretionis
2162 4808 2437 4865 extremae,
2482 4798 2627 4853 inter
2649 4797 2821 4854 bonos
2847 4797 3085 4865 attracti,
3115 4804 3243 4851 tunc
3266 4796 3335 4851 ob
3362 4808 3474 4849 sua:

1877 4892 2134 4964 nequitia:
2172 4904 2371 4950 noxam
2402 4891 2704 4949 exteriores
2743 4892 2888 4948 mitti
2929 4896 3207 4949 merentur
3234 4889 3290 4946 in
3318 4895 3472 4945 tene-

1877 4988 2027 5043 bras.

1947 5083 2132 5154 lgnsm
2152 5088 2333 5137 autem
2360 5081 2623 5151 gehennae
2646 5079 2838 5136 bifaria
2874 5080 3086 5134 ratione
3119 5073 3475 5147 inexstlngui—

1876 5174 2039 5231 bilem
2066 5182 2244 5240 vocat,
2274 5173 2328 5228 id
2365 5180 2467 5239 est,
2514 5173 2642 5244 quia
2682 5186 2857 5239 neque
2879 5170 2969 5226 ille
3014 5174 3276 5239 perpetuo
3301 5167 3474 5238 possit

1877 5267 2145 5338 exstingui
2173 5307 2187 5333 ,
2239 5280 2415 5336 neque
2443 5280 2537 5319 eos
2567 5278 2703 5333 quos
2750 5263 2959 5317 cruciat
2995 5272 3234 5331 unquam
3263 5260 3470 5319 exstiti-

1874 5368 2085 5426 cturus,
2117 5359 2211 5415 sed
2242 5357 2554 5421 immortali,
2595 5361 2656 5411 ut
2677 5356 2750 5410 ita
2773 5354 3024 5421 dixerim,
3058 5354 3131 5411 sit
3157 5364 3333 5412 morte
3358 5353 3473 5424 ple—

1881 5462 2071 5509 xurus.
2114 5451 2198 5506 Ad
2229 5451 2632 5507 distinctionem
2671 5449 2920 5504 videlicet
2948 5447 3093 5503 illius
3122 5442 3472 5503 sacratissimi

1884 5548 2044 5620 ignis,
2071 5556 2179 5616 quo
2202 5546 2403 5602 electos
2431 5544 2632 5600 Christi
2660 5541 3016 5613 baptizandus
3049 5556 3171 5599 esse
3196 5540 3472 5613 praemiss-

1885 5649 1990 5698 rat.
2019 5641 2096 5696 De
2120 5656 2229 5711 quo
2253 5637 2540 5695 Psalmlsta
2573 5653 2585 5691 :
2628 5632 2760 5708 Igne
2780 5652 2876 5692 nos
2898 5637 3233 5703 examinusti,
3265 5635 3360 5701 ait,
3399 5633 3474 5689 ti-

1887 5740 1975 5789 cut
2003 5731 2338 5785 examinati"
2364 5736 2635 5800 argentum
2663 5726 2835 5801 (Psal.
2867 5727 3014 5801 λιν).
3045 5727 3115 5786 Et
3133 5727 3291 5801 paulo
3312 5731 3433 5799 post
3457 5738 3469 5778 .‘

1890 5825 2010 5887 Non
2021 5826 2130 5885 usti
2156 5840 2344 5886 sumus
2362 5825 2419 5882 in
2447 5833 2730 5891 teterrima,
2753 5821 2850 5880 sed
2875 5821 3255 5883 Traianum,
3273 5814 3472 5882 inquit.
