3914 6444
422 345 530 403 775

1112 340 1191 399 Β(
1211 341 1467 399 RABANI
1501 339 1724 400 MAURl
1757 338 2079 399 ARCHIEP.
2119 337 2433 398 MOGUNT.
2473 335 2760 398 OPERUM
2796 336 2974 421 PARS
3005 336 3051 393 ι.

3605 332 3717 390 ’Πΰ

421 475 514 531 per
540 459 713 530 ignem
735 464 784 511 et
804 470 1014 526 aquam,
1033 461 1083 511 et
1106 455 1304 511 duxisti
1324 473 1416 510 nos
1443 457 1501 511 in
1521 455 1852 526 refrigerium
1878 473 1896 520 ;
1924 456 2006 510 in—
2031 457 2086 519 Α
2109 455 2176 510 ad
2202 455 2305 513 hoc
2330 455 2480 511 venit
2517 455 2573 510 in
2607 453 2867 510 mundum
2891 460 2952 508 ut
2990 457 3214 524 peccata
3238 447 3464 520 tolleret
3485 447 3718 504 mundi.

424 549 594 602 troibo
615 548 672 601 in
695 546 906 601 domum
934 554 1080 600 tuam
1103 545 1160 600 in
1185 545 1523 612 holocaustis,
1555 544 1612 600 id
1637 552 1743 611 est,
1776 544 2003 600 devictis
2107 548 2191 604 Ab
2217 547 2307 603 illo
2337 547 2522 603 debuit
2550 548 2666 619 ipse
2690 546 2924 602 Joannes
2947 543 3237 616 baptizari,
3273 541 3328 598 id
3353 551 3469 607 est,
3512 555 3552 594 a
3585 555 3720 611 pec-

422 654 800 709 pressurarum
828 636 1141 710 angoribus,
1187 637 1241 693 in
1276 641 1573 708 gratiarum
1618 637 1832 694 actione
1851 635 2006 707 regni
2110 638 2217 696 cati
2261 639 2540 709 originalis
2587 638 2907 710 contagione
2961 635 3235 692 mandari.
3293 632 3400 702 Qui
3449 631 3720 703 quamvis

427 729 504 783 tui
526 728 662 783 atria
684 726 998 798 penetrabo.

496 837 628 911 [HL]
662 837 806 894 Tunc
830 840 969 895 venit
989 838 1147 895 Iesus
1181 858 1213 895 a
1252 837 1476 896 Galilwa
1497 840 1554 895 in
1588 838 1898 906 Iordanem,
1940 837 2008 893 ad

423 929 704 996 Joannem,
736 938 791 984 ut
817 929 1174 1000 baptizaretur
1207 930 1273 985 ab
1303 947 1383 986 eo.
1418 929 1648 1004 (MAUR.)
1695 931 1849 999 Quod
1879 930 2012 986 dicit

428 1017 572 1074 Tunc
598 1020 735 1075 venit
761 1019 941 1088 Iesus,
991 1020 1048 1076 id
1085 1030 1206 1088 est,
1243 1036 1310 1078 eo
1349 1031 1590 1092 tempore
1629 1039 1737 1093 quo
1776 1022 2013 1079 Joannes

425 1113 773 1183 praedicabat,
826 1121 882 1169 et
912 1113 1244 1185 baptizabat,
1282 1115 1600 1171 duodecimo
1631 1130 1773 1172 anno
1809 1116 2015 1173 scilicet

427 1197 629 1260 Tiberii
663 1205 917 1275 Caesaris,
963 1222 1088 1262 cum
1111 1207 1226 1276 ipse
1253 1205 1410 1263 Jesus
1437 1208 1777 1277 trigesimum
1814 1222 2015 1263 annum

427 1295 602 1350 aetatis
630 1296 856 1352 haberet
881 1313 896 1363 ;
926 1295 1226 1366 legitimum
1253 1295 1509 1352 videlicet
1544 1297 1601 1351 in
1632 1298 1736 1352 hoc
1766 1305 1821 1353 et
1841 1305 2016 1352 matu-

427 1403 549 1443 rum
580 1397 792 1460 tempus
819 1389 1111 1444 ostendens
1129 1389 1304 1444 aetatis
1331 1389 1416 1444 his
1442 1388 1536 1459 qui
1563 1404 1781 1446 omnem
1801 1399 2017 1444 aetatem

427 1481 514 1536 vel
538 1480 607 1535 ad
644 1480 1028 1547 sacerdotium,
1070 1479 1157 1535 vel
1182 1479 1252 1535 ad
1277 1480 1579 1536 docendum
1605 1488 1798 1551 putant
1823 1495 2018 1551 oppor-

432 1580 639 1639 tunam,
690 1572 834 1642 quod
872 1572 988 1642 ipse
1016 1571 1238 1642 triginta
1285 1587 1550 1628 annorum
1597 1571 1925 1642 baptizatur,
1965 1577 2020 1627 et

432 1672 561 1718 tunc
589 1662 806 1718 demum
834 1662 1023 1732 incipit
1058 1661 1209 1734 signa
1263 1662 1472 1731 facere,
1526 1670 1582 1717 et
1616 1663 1830 1719 docere.
1881 1662 2016 1717 Nam

431 1753 694 1810 duodenis
715 1755 1084 1826 interrogabat
1119 1755 1365 1812 homines
1399 1756 1455 1811 in
1483 1764 1648 1822 terra,
1685 1756 1777 1827 qui
1821 1770 1920 1826 per
1946 1753 2022 1810 di-

2110 733 2257 791 nullo
2305 734 2449 790 inter
2465 742 2623 790 natos
2646 731 2934 789 mulierum
2967 731 3170 798 minor,
3211 738 3397 784 tamen
3421 726 3599 798 quasi
3629 740 3719 780 na-

2115 835 2202 881 tus
2237 840 2307 882 ex
2344 825 2571 882 muliere
2617 825 2788 897 eulpae
2832 838 2982 881 naevo
3021 839 3132 880 non
3173 821 3424 878 carebat.
3472 819 3724 889 Ideoque

2113 933 2238 974 cum
2263 917 2475 974 caeteris
2501 917 2790 973 mulierum
2815 917 2954 972 natis
2984 917 3054 972 ab
3080 929 3145 972 eo
3169 915 3262 986 qui
3293 921 3462 969 natus
3499 927 3581 968 ex
3601 911 3723 965 Vir-

2115 1010 2240 1082 gine
2264 1009 2405 1064 Deus
2430 1009 2485 1063 in
2498 1023 2662 1064 carne
2686 1007 2933 1080 apparuit
2945 1023 3080 1078 opus
3101 1005 3337 1062 habebat
3356 1003 3543 1059 ablui.
3579 1002 3724 1070 Quo-

2116 1104 2260 1158 niam
2288 1118 2416 1174 ergo
2437 1103 2699 1173 scriptum
2730 1111 2850 1157 est:
2885 1101 3024 1170 Quid
3051 1110 3135 1158 est
3162 1101 3326 1156 homo
3350 1107 3418 1153 ut
3446 1097 3722 1152 immacu-

2117 1195 2330 1251 culatus
2356 1194 2453 1259 sit,
2490 1202 2544 1249 et
2571 1202 2631 1247 ut
2677 1192 2910 1248 mundus
2962 1197 3235 1263 appareat,
3290 1198 3463 1244 natus
3489 1203 3568 1244 ex
3609 1204 3722 1241 mn-

2116 1288 2250 1344 liere
2277 1285 2459 1358 (Ioan.
2489 1284 2665 1359 xxv)?
2710 1284 2838 1341 Jure
2864 1285 3063 1351 timuit,
3104 1284 3266 1340 homo
3299 1280 3571 1354 quamvis
3598 1295 3710 1334 san-

2119 1388 2257 1446 ctus,
2289 1386 2448 1434 natus
2475 1386 2657 1434 tamen
2684 1393 2753 1432 ex
2789 1376 3039 1442 muliere,
3069 1383 3124 1431 et
3140 1375 3209 1432 ob
3236 1373 3292 1430 id
3319 1388 3353 1428 a
3382 1372 3574 1443 culpae
3607 1386 3718 1424 ma-

2120 1471 2238 1528 cula
2258 1486 2367 1526 non
2383 1467 2963 1538 immunis,'baptizare
2977 1466 3283 1531 Dominum,
3310 1479 3487 1536 quem
3517 1478 3596 1517 ex
3618 1462 3720 1515 vir-

2121 1565 2243 1636 gine
2273 1573 2460 1620 natum
2480 1569 2704 1619 noverat
2727 1561 2928 1616 nullam
2956 1576 3178 1631 prorsus
3200 1561 3412 1616 habere
3442 1556 3716 1612 maculam

2122 1656 2311 1727 culpae.
2374 1654 2481 1710 Sed
2505 1653 2627 1724 quia
2653 1669 2782 1708 vera
2807 1661 2893 1708 est
2919 1651 3196 1708 humilitas
3223 1651 3363 1720 ipsa,
3396 1663 3575 1718 quam
3597 1647 3720 1701 obeo

2123 1748 2321 1804 dientia
2363 1761 2545 1802 comes
2573 1761 2682 1801 non
2726 1745 2947 1811 deserit,
2996 1743 3143 1815 quod
3166 1743 3319 1813 prius
3352 1739 3610 1796 ofﬁcium
3635 1754 3718 1793 re-

430 1846 711 1903 vinitatem
758 1862 912 1904 suam
961 1848 1117 1905 docet
1166 1848 1386 1920 angelos
1423 1849 1481 1904 in
1516 1849 1675 1905 caelo.
1729 1847 1822 1903 Sic
1850 1857 1907 1904 et
1927 1845 2017 1902 Jo-
2043 1847 2094 1910 Β
2119 1839 2329 1896 cusavit
2351 1879 2367 1906 ,
2421 1837 2764 1910 postmodum
2796 1835 3093 1910 humiliter
3117 1833 3404 1906 implevit;
3461 1847 3602 1888 nam
3641 1846 3722 1888 se-

432 1939 586 2008 seph,
613 1939 706 2010 qui
744 1939 798 1994 in
827 1938 1057 2010 ﬁguram
1102 1939 1522 1996 resurrectionis
1553 1939 1797 2009 Novique
1832 1937 2018 1994 Testa-

432 2032 599 2086 menti
643 2031 918 2103 octoginta
947 2031 1104 2086 annis
1151 2030 1438 2103 Egyptios
1492 2047 1522 2086 a
1568 2030 1713 2086 fame
1755 2028 2015 2096 defendit,

432 2122 776 2189 tricenarius,
804 2122 1004 2179 ablutis
1025 2121 1282 2194 ergastuli
1312 2122 1588 2188 sordibus,
1634 2121 1785 2192 regni
1821 2121 2018 2193 guber‘

433 2214 626 2270 uacula
655 2215 912 2285 suscepit.
942 2214 1010 2268 Et
1033 2212 1203 2269 David
1231 2214 1420 2270 eadem
1447 2222 1607 2269 aetate
1625 2227 1854 2284 regnum
1872 2211 2018 2283 quod

431 2305 898 2377 septuagenarius,
927 2304 982 2360 id
1004 2313 1109 2372 est,
1147 2313 1408 2376 perpetua
1439 2305 1623 2376 quiete
1651 2305 1846 2376 dignus
1872 2319 2018 2359 com-

431 2395 625 2466 pleret,
688 2395 984 2452 inchoavit.
1015 2396 1097 2468 ⁸Ει
1146 2395 1400 2452 Ezechiel
1457 2395 1679 2466 triginta
1731 2409 2014 2461 annorum,

435 2489 637 2557 apertis
686 2489 788 2545 sibi
839 2489 992 2544 caelis
1015 2528 1030 2555 ,
1066 2489 1363 2559 pr0phetize
1401 2489 1541 2544 dona
1584 2489 1915 2559 promeruit;
1965 2495 2022 2542 et

434 2577 560 2644 quia
590 2592 686 2647 per
728 2577 890 2632 ﬁdem
928 2585 984 2632 et
1010 2577 1236 2632 adversa
1267 2576 1648 2649 longanimiter
1677 2576 1810 2632 ferri
1849 2584 1904 2632 et
1930 2592 2021 2632 su-

432 2666 674 2724 blimiter
700 2669 896 2725 debent
917 2669 1138 2740 praemia
1167 2669 1374 2740 sperari
1395 2710 1410 2735 ,
1459 2678 1514 2726 et
1551 2685 1696 2726 arca:
1725 2670 1808 2726 vel
1833 2670 2021 2741 templi

434 2758 682 2825 altitudo,
740 2767 797 2815 et
843 2759 1178 2816 tabernaculi
1221 2760 1502 2833 longitudo
1554 2763 1772 2834 triginta
1823 2762 2020 2818 cubitis

433 2855 794 2904 mensuratur.
828 2847 974 2903 Tunc
999 2849 1156 2915 venit,
1210 2849 1406 2920 inquit,
1434 2850 1593 2906 Iesus
1619 2851 1676 2905 in
1705 2849 2019 2922 Iordanem,

431 2937 501 2991 ad
537 2936 821 3004 Joannem,
855 2947 912 2991 ut
936 2939 1290 3009 baptizaretur
1317 2941 1381 2994 ab
1406 2957 1487 2996 eo.
1526 2940 1798 3014 (Hieron.)
1826 2941 2020 3012 Tripli-

431 3042 552 3084 cem
583 3029 653 3085 ob
694 3043 915 3084 causam
944 3029 1192 3087 Salvator
1231 3047 1263 3085 a
1306 3031 1516 3088 Joanne
1560 3033 1771 3104 accepit
1819 3034 2021 3103 baptis-

430 3135 600 3174 mum.
631 3120 897 3189 Primum,
925 3130 986 3176 ut
1036 3123 1164 3192 quia
1193 3125 1355 3180 homo
1404 3132 1567 3180 natus
1615 3132 1756 3189 erat,
1803 3141 2020 3181 omnem

2119 1931 2304 2003 quitur
2322 1948 2336 1985 :

2190 2021 2522 2092 Respondens
2547 2029 2719 2076 autem
2747 2020 2926 2088 Iesus,
2974 2020 3109 2074 dixit
3151 2019 3198 2074 ei
3227 2036 3244 2074 :
3275 2016 3406 2074 Sine
3432 2018 3626 2080 modo,
3653 2017 3722 2070 sic

2120 2116 2258 2171 enim
2282 2115 2423 2172 decet
2454 2133 2549 2171 nos
2573 2115 2786 2186 implere
2823 2132 3029 2172 omnem
3049 2115 3345 2185 justitiam.
3380 2112 3537 2168 Tunc
3563 2112 3719 2166 dimi-

2120 2209 2186 2265 sit
2211 2226 2350 2264 eum.
2377 2208 2436 2264 ld
2456 2217 2558 2277 est,
2589 2217 2720 2265 tunc
2741 2210 2960 2264 demum
2995 2208 3222 2273 dimisit,
3255 2215 3390 2262 tunc
3418 2205 3721 2268 consensit,

2122 2309 2252 2358 tunc
2271 2316 2464 2372 passus
2483 2309 2567 2356 est
2593 2316 2717 2356 eum
2755 2316 2788 2355 a
2817 2315 2876 2356 se
2901 2299 3191 2371 baptizari,
3240 2312 3372 2353 cum
3406 2296 3498 2351 tali
3520 2295 3726 2350 ordine

2122 2393 2462 2465 cognovisset
2499 2407 2714 2448 omnem
2734 2392 3002 2463 justitiam
3023 2391 3225 2448 debere
3249 2388 3536 2459 compleri.
3582 2385 3724 2441 Sine

2121 2486 2302 2552 modo,
2328 2485 2526 2555 inquit,
2565 2485 2683 2541 sine
2711 2500 2800 2540 me
2836 2483 3019 2552 modo,
3047 2483 3290 2553 utjussi,
3320 2479 3602 2551 baptizari
3630 2480 3724 2532 abs

2123 2587 2177 2636 te
2200 2581 2257 2635 in
2283 2596 2444 2650 aqua,
2484 2587 2545 2635 ut
2573 2587 2633 2634 tu
2677 2589 2800 2650 post
2844 2581 3063 2636 modum
3095 2595 3126 2634 a
3148 2593 3238 2635 me
3261 2619 3275 2644 ,
3304 2578 3460 2649 quod
3503 2576 3719 2647 quznris,

2122 2673 2414 2745 baptizeris
2441 2674 2496 2728 in
2522 2673 2736 2744 spiritu.
2785 2672 2878 2730 Sic
2898 2673 3044 2728 enim
3086 2673 3244 2728 decet
3280 2686 3386 2727 nos
3410 2683 3722 2740 praerogare

2123 2763 2427 2833 exemplum
2457 2763 2949 2833 implendaa'omnis
2971 2761 3214 2832 justitite,
3254 2771 3316 2816 ut
3362 2760 3629 2817 videlicet
3653 2759 3721 2812 di-

2125 2862 2281 2911 scant
2312 2854 2496 2911 ﬁdeles
2541 2855 2814 2912 neminem
2847 2868 3008 2926 posse
3037 2854 3314 2910 hommem
3345 2853 3567 2922 absque
3592 2852 3722 2906 unda

2123 2945 2464 3016 baptismatis
2515 2946 2757 3017 perleete
2798 2942 3006 3014 justum
3035 2944 3292 3008 existere,
3336 2942 3724 3011 omnibusque,

2125 3035 2374 3106 quamvis
2399 3035 2718 3091 innocenter
2745 3044 2800 3090 et
2819 3033 2968 3105 juste
2995 3033 3328 3100 viventibus,
3353 3032 3725 3089 necessarium

2124 3125 2352 3182 viviﬁeae
2380 3127 2804 3198 regenerationis
2831 3127 3066 3184 cilicium
3083 3167 3100 3194 ,
3126 3141 3253 3182 eum
3279 3141 3394 3194 me,
3433 3126 3538 3197 qui
3567 3124 3728 3194 Spiri-

424 3209 695 3280 justitiam
720 3221 777 3269 et
803 3212 1164 3269 humilitatem
1194 3213 1328 3286 legis
1359 3214 1608 3286 impleret
1636 3233 1651 3283 ;
1701 3216 1936 3272 secundo
1960 3223 2020 3272 ut
2046 3213 2092 3278 C
2122 3224 2212 3274 tus
2253 3220 2428 3273 sancti
2452 3230 2620 3290 apere
2651 3227 2947 3290 conceptus
2971 3227 3026 3275 et
3067 3227 3228 3274 natus
3271 3233 3423 3282 sum,
3455 3232 3725 3288 cognove—

429 3303 754 3374 baptismate
780 3320 878 3361 suo
901 3304 1125 3362 Joannis
1149 3306 1420 3377 baptisma
1449 3309 1864 3380 comprobaret;
1909 3317 2020 3365 ter-

430 3396 506 3452 tio
534 3405 593 3450 ut
619 3396 870 3453 Iordanis
901 3413 1070 3468 aquas
1099 3399 1445 3456 sanctiﬁcans
1475 3416 1574 3471 per
1613 3402 2019 3458 descensionem

430 3486 722 3553 columbas,
777 3487 1012 3558 Spiritus
1069 3490 1243 3544 sancti
1303 3489 1358 3545 in
1407 3490 1627 3546 lavacro
1676 3491 2017 3547 credentium

430 3585 758 3634 monstraret
786 3579 1098 3635 adventum.
1134 3580 1348 3653 (Beda.)
1398 3580 1559 3638 Venit
1603 3598 1818 3653 quoque
1845 3583 2015 3638 Filius

353 3696 360 3701 -
429 3667 526 3723 Dei
556 3669 824 3738 baptizari
853 3670 922 3725 ab
953 3669 1203 3736 homine,
1233 3687 1340 3728 non
1366 3672 1526 3727 anxia
1566 3674 1891 3730 necessitate
1920 3674 2015 3729 ab-

428 3756 610 3814 luendi
657 3757 882 3829 alicujus
923 3761 1006 3816 sui
1057 3762 1286 3832 peccati,
1315 3762 1404 3834 qui
1447 3774 1715 3834 peccatum
1765 3782 1868 3820 non
1893 3764 2014 3834 fecit

426 3851 614 3918 ullum,
645 3868 738 3908 nec
758 3852 995 3910 inventus
1021 3864 1096 3910 est
1119 3855 1272 3911 dolus
1302 3856 1358 3910 in
1385 3872 1472 3911 ore
1500 3857 1636 3927 ejus,
1669 3857 1764 3913 sed
1788 3858 1878 3928 pia
1906 3858 2016 3914 dis-

424 3943 740 4010 pensatione
770 3942 1020 4001 abluendi
1048 3960 1237 4002 omnes
1275 3957 1586 4004 nostrorum
1614 3951 1803 4005 sordes
1827 3965 2016 4020 pecea-

428 4037 626 4085 torum.
658 4032 794 4099 Quia
818 4035 874 4088 in
898 4035 1076 4089 multis
1099 4036 1410 4105 offendimus
1437 4055 1634 4106 omnes,
1670 4049 1716 4093 et
1748 4041 1793 4094 si
1818 4041 2015 4095 dixeri-

428 4135 544 4174 mus
569 4122 706 4190 quod
736 4132 1004 4191 peccatum
1043 4141 1146 4178 non
1182 4124 1453 4192 habemus,
1495 4143 1587 4182 nos
1617 4129 1754 4198 ipsos
1804 4129 2012 4183 seduci-

430 4226 565 4275 mus,
608 4220 656 4264 et
699 4212 892 4266 veritas
942 4213 997 4266 in
1023 4214 1170 4268 nobis
1204 4231 1308 4268 non
1333 4225 1427 4271 est.
1462 4217 1622 4274 Venit
1665 4220 1930 4289 baptizari
1957 4221 2015 4277 in

429 4299 584 4367 aquis
629 4301 868 4369 ipsarum
895 4302 1143 4358 conditor
1190 4318 1478 4374 aquarum,
1532 4317 1591 4362 ut
1645 4311 1800 4365 nobis
1829 4313 1920 4380 qui
1958 4312 2012 4367 in

425 4390 799 4459 iniquitatibus
821 4407 1008 4447 sumus
1035 4397 1302 4464 concepti,
1331 4399 1463 4452 etin
1499 4399 1712 4456 delictis
1748 4403 2010 4472 generati,

261 4483 336 4550 ἐξ
423 4483 672 4537 secundae
697 4483 1020 4550 nativitatis,
1056 4499 1175 4554 quae
1201 4501 1297 4555 per
1324 4503 1520 4557 aquam
1550 4499 1607 4546 et
1640 4492 1890 4562 spiritum
1919 4508 2010 4550 ce-

421 4572 681 4641 lebratur,
713 4575 1068 4645 appetendum
1101 4575 1403 4633 insinuaret
1431 4582 1770 4651 mysterium.
1803 4582 2006 4655 Digna-
2032 4568 2088 4630 Ῑ)

423 4672 509 4719 tus
532 4673 615 4720 est
641 4665 809 4720 lavari
860 4666 1015 4736 aquis
1058 4665 1384 4735 Jordanicis,
1437 4673 1527 4740 qui
1555 4683 1672 4726 erat
1713 4676 1946 4730 mundus
1980 4691 2011 4730 a

422 4755 674 4810 sordibus
697 4755 927 4820 cunctis,
954 4764 1015 4810 ut
1054 4756 1123 4810 ad
1163 4756 1443 4815 diluendas
1466 4770 1776 4817 nostrorum
1822 4765 2011 4822 sordes

420 4845 690 4903 scelerum
714 4846 955 4904 omnium
981 4845 1180 4903 ﬂuenta
1219 4849 1586 4907 sanctiﬁcaret
1605 4868 1888 4924 aquarum.

493 4959 727 5014 Ioannes
775 4967 950 5013 autem
986 4957 1286 5028 prohibebat
1313 4977 1431 5016 eum
1469 4963 1645 5018 dicens
1680 4982 1693 5018 :
1733 4964 1848 5036 Ego
1895 4983 1929 5020 a
1961 4975 2010 5022 te

419 5050 576 5105 debeo
609 5048 867 5120 baptizari
905 5057 954 5103 et
980 5059 1037 5103 tu
1063 5050 1204 5104 venis
1242 5052 1311 5105 ad
1338 5069 1419 5107 me
1442 5054 1466 5107 i’
1493 5054 1720 5124 Expavit
1759 5055 1907 5111 illum
1938 5056 2008 5112 ad

422 5155 482 5196 se
511 5142 714 5206 venire,
770 5147 830 5193 ut
880 5140 1246 5209 baptizaretur
1275 5158 1454 5214 aqua,
1503 5147 1590 5200 cui
1645 5148 1788 5202 nulla
1833 5148 2009 5205 inerat

425 5247 543 5301 quae
560 5229 830 5301 baptismo
864 5238 1164 5301 tergeretur
1185 5232 1359 5302 culpa,
1393 5234 1502 5288 imo
1541 5236 1630 5304 qui
1658 5252 1754 5306 per
1781 5238 1864 5293 sui
1887 5253 2008 5309 gra-

427 5322 555 5376 tiam
602 5322 824 5391 spiritus
871 5329 1122 5378 cunctam
1167 5324 1509 5381 credentibus
1557 5329 1744 5384 mundi
1795 5329 2011 5390 tolleret

427 5411 636 5480 culpam
662 5430 676 5466 :
716 5412 858 5469 unde
880 5422 1029 5470 recte
1062 5413 1381 5487 intelligitur
1404 5418 1548 5487 quod
1575 5419 1666 5474 hic
1685 5420 1817 5476 dicit
1845 5421 2008 5478 Joan-

423 5518 552 5569 nes,
585 5502 697 5573 Ego
723 5521 755 5557 α
796 5512 847 5558 te
863 5504 1021 5560 debeo
1050 5507 1336 5577 baptizari,
1376 5509 1480 5565 hoc
1507 5524 1647 5578 esse,
1696 5513 1840 5582 quod
1870 5515 2008 5585 apud

423 5593 809 5666 evangelistam
846 5592 1130 5664 Joannem,
1177 5598 1266 5655 illo
1294 5602 1360 5656 ad
1390 5617 1450 5657 se
1490 5603 1776 5671 veniente,
1807 5605 2008 5663 dixisse

422 5696 694 5752 narratur,
751 5687 886 5744 Ecce
928 5706 1094 5761 agnus
1154 5690 1280 5758 Dei,
1323 5708 1437 5747 ecce
1483 5694 1573 5765 qui
1612 5694 1747 5749 tollit
1793 5707 2006 5767 peccata

400 5780 626 5848 ,ιπηιηαὶ⁹
651 5778 735 5839 Ab
767 5779 1037 5857 illoheuim
1076 5781 1332 5871 debemus
1371 5797 1562 5845 omnes
1596 5787 1880 5862 baptizari,
1911 5791 2004 5864 qui

2121 3310 2234 3366 rint
2257 3311 2507 3367 secundae
2529 3312 2830 3368 nativitatis
2856 3312 3084 3380 subisse,
3129 3311 3210 3367 vel
3244 3312 3435 3382 potius
3482 3312 3593 3367 sibi
3612 3325 3727 3365 eon-

2118 3415 2361 3458 secrasse
2379 3402 2676 3459 lavacrum.
2727 3403 2885 3460 Nulla
2908 3416 3269 3474 personarum
3296 3403 3583 3473 majorum
3607 3418 3726 3458 coa-

2119 3500 2328 3549 temnat
2363 3495 2432 3550 ab
2457 3493 2750 3550 humilibus
2793 3495 2930 3550 meis
2954 3496 3012 3550 in
3048 3494 3437 3551 remissionem
3475 3503 3726 3565 peceato-

2119 3601 2240 3641 rum
2279 3587 2584 3657 baptizari,
2613 3603 2738 3643 cum
2787 3587 3136 3643 meminerint
3179 3587 3506 3656 Dominum,
3555 3588 3720 3658 quiin

2119 3677 2324 3749 Spiritu
2347 3688 2536 3734 saneto
2572 3679 2872 3750 baptizans,
2924 3688 3148 3751 peccata
3195 3679 3483 3736 dimittere
3527 3687 3720 3751 potest,

2117 3784 2276 3825 suum
2297 3769 2684 3840 baptizandum
2711 3769 2768 3825 in
2791 3783 2934 3843 aqua
2951 3768 3272 3827 submisisse
3300 3770 3450 3827 servi
3469 3772 3722 3826 manibus

2115 3871 2297 3936 caput.

2187 3953 2326 4026 [lV.]
2355 3952 2669 4024 Baptizatus
2693 3966 2868 4010 autem
2890 3955 3163 4026 confestim
3185 3956 3427 4011 ascendit
3457 3958 3531 4013 de
3566 3975 3722 4029 aqua,

2115 4053 2162 4100 et
2183 4061 2299 4100 ecce
2321 4045 2489 4116 aperti
2508 4054 2630 4100 sunt
2671 4047 2720 4101 ei
2745 4046 2893 4112 caeli,
2920 4056 2968 4102 et
3009 4047 3136 4101 vidit
3174 4046 3442 4118 Spiritum
3481 4048 3596 4104 Dei
3637 4051 3724 4103 de—

2113 4138 2445 4193 scendentem
2471 4139 2608 4193 sicut
2631 4137 2921 4194 columbam
2949 4149 2995 4193 et
3023 4140 3307 4194 venientem
3332 4157 3499 4210 super
3535 4159 3617 4196 se.
3662 4141 3724 4195 Et

2115 4227 2222 4282 hoc
2259 4229 2328 4283 ad
2374 4228 2744 4298 impletionem
2793 4229 2971 4284 omnis
3009 4229 3233 4299 iustitiae
3268 4231 3520 4301 pertinet,
3567 4233 3725 4301 quod

2113 4318 2387 4387 baptizato
2412 4320 2640 4376 Domino
2659 4322 2831 4391 aperti
2853 4333 2980 4378 sunt
3003 4321 3054 4376 ei
3084 4322 3228 4389 caeli,
3254 4330 3312 4378 ct
3353 4322 3604 4393 Spiritus
3631 4327 3726 4378 de-

2115 4415 2324 4469 scendit
2372 4428 2535 4484 super
2578 4431 2737 4481 eum,
2789 4424 2850 4470 ut
2895 4417 3021 4472 hinc
3046 4418 3300 4472 nimirum
3342 4418 3480 4474 ﬁdes
3524 4428 3721 4474 nostra

2114 4503 2468 4559 conﬁrmetur
2493 4520 2590 4576 per
2615 4507 2935 4577 mysterium
2959 4509 3099 4564 sacri
3133 4509 3478 4580 baptismatis
3508 4511 3722 4579 aperiri

2114 4596 2271 4651 nobis
2317 4597 2600 4654 introitum
2637 4601 2792 4670 regni
2831 4600 3068 4657 coelestis
3090 4642 3105 4666 ,
3153 4610 3209 4657 et
3256 4602 3433 4656 sancti
3469 4599 3720 4670 Spiritus

2115 4689 2346 4758 gratiam
2397 4691 2718 4748 ministrari.
2779 4691 3030 4761 Nunquid
3059 4693 3205 4748 enim
3234 4692 3382 4749 credi
3413 4693 3586 4749 decet
3611 4694 3718 4748 Do-

2114 4781 2261 4836 mino
2292 4792 2418 4838 tunc
2441 4783 2678 4853 primum
2713 4783 2961 4840 caelestia
2994 4785 3237 4855 patuisse
3269 4793 3483 4841 secreta
3503 4785 3531 4837 2
3585 4784 3719 4839 ﬁdes

2113 4873 2277 4928 habet
2311 4873 2577 4929 catholica
2607 4889 2717 4930 non
2753 4876 2932 4932 minus
2959 4884 3202 4948 tempore
3226 4892 3334 4947 quo
3356 4893 3482 4934 cum
3529 4882 3718 4935 homi-

2112 4961 2274 5018 nibus
2303 4972 2654 5021 conversatus
2676 4975 2777 5033 est,
2809 4981 2970 5036 quam
3007 4977 3161 5037 post,
3203 4978 3259 5023 et
3280 4977 3466 5034 antea,
3493 4970 3559 5025 in
3595 4973 3720 5026 sinu

2113 5053 2289 5111 Patris
2317 5056 2412 5112 Dei
2441 5057 2637 5114 Filium
2659 5059 2946 5128 mansisse,
2990 5069 3045 5116 et
3067 5062 3252 5118 sedem
3276 5062 3518 5118 tenuisse
3546 5065 3720 5120 cele—

2113 5156 2272 5202 stem.
2309 5148 2417 5204 Aut
2460 5150 2786 5207 credendum
2818 5160 2903 5208 est
2942 5167 2975 5208 a
3020 5154 3298 5211 tricesimo
3323 5156 3501 5211 aetatis
3539 5173 3720 5220 anno.

2113 5240 2328 5308 quando
2357 5239 2662 5312 baptizatus
2685 5250 2790 5311 est,
2823 5241 3057 5313 Spiritus
3070 5246 3244 5302 sancti
3265 5247 3403 5304 dona
3430 5262 3565 5302 eum
3595 5263 3723 5317 per-

2113 5330 2340 5402 cepisse,
2373 5333 2468 5402 qui
2497 5349 2527 5388 a
2550 5334 2727 5404 prima
2754 5336 3112 5407 conceptione
3138 5337 3341 5408 Spiritu
3367 5348 3572 5395 saneto
3603 5340 3722 5411 ple-

2115 5437 2218 5476 nus
2243 5436 2456 5493 semper
2487 5424 2714 5479 exstitit.
2763 5425 2931 5482 Nobis
2976 5444 3213 5499 quoque,
3263 5430 3356 5501 qui
3379 5430 3501 5502 ejus
3531 5449 3723 5488 mem-

2112 5511 2211 5568 bra
2233 5527 2439 5580 sumus,
2471 5519 2596 5569 sunt
2620 5515 2738 5572 haec
2764 5517 3038 5574 celebrata
3075 5523 3368 5592 mysteria;
3397 5523 3527 5593 quia
3555 5527 3722 5586 enim

2113 5605 2268 5660 nobis
2301 5605 2559 5662 Dominus
2595 5611 2927 5664 sacrosancti
2953 5613 3036 5666 sui
3060 5615 3303 5684 corporis
3332 5617 3572 5671 intinctu
3617 5615 3720 5670 ha-

2110 5695 2295 5763 ptismi
2322 5696 2597 5751 lavacrum
2626 5699 2924 5768 dedicavit,
2960 5705 3115 5760 nobis
3139 5719 3354 5774 quoque
3382 5713 3506 5774 post
3541 5720 3719 5765 acce-

2106 5794 2264 5861 ptum
2289 5789 2558 5859 baptisma
2585 5791 2706 5848 coeli
2730 5793 2937 5852 aditum
2960 5801 3150 5870 patere
3190 5803 3246 5854 et
3282 5793 3718 5873 Spiritum_san-'
