3914 6456
173 369 276 426 777

1147 372 1502 432 COMMENT.
1541 373 1610 431 ΙΝ
1649 373 2085 433 MATTHA'IUM.
2122 406 2196 420 —
2231 377 2359 434 LlB.
2399 379 2443 434 l.

3359 381 3462 442 778

173 495 320 542 ctum
349 485 469 541 dari
495 465 817 542 monstravit
842 505 854 541 :
886 491 1205 562 et‘congrua
1233 494 1462 549 multum
1483 494 1761 560 distantia,
1791 496 1843 556 Α
1869 493 1988 563 ipso
2020 493 2382 566 Redemptore
2405 505 2616 566 nostro,
2642 497 2940 555 mediatore
2953 499 3047 556 Dei
3078 506 3132 556 et
3156 498 3458 570 hominum,

173 577 299 648 quia
328 577 538 648 printus
567 575 738 632 Adam
764 578 832 633 ab
856 578 1134 638 immundo
1157 585 1352 654 spiritu
1380 585 1641 656 deceptus
1670 603 1768 657 per

171 677 485 740 serpentem
538 668 733 740 gaudia
769 672 918 742 regni
963 674 1198 732 caelestis
1228 678 1429 733 amisit.
1485 677 1768 736 Secundus

167 762 340 818 Adam
369 777 402 816 a
443 760 647 832 Spiritu
689 771 876 818 sancto
927 781 1026 836 per
1060 766 1366 825 columbam
1408 771 1763 842 gloriﬁcatus,

167 854 413 926 ejusdem
455 855 608 928 regni
659 855 863 912 lumina
911 861 1211 929 reseravit,
1256 862 1638 936 ﬂammamque
1686 865 1766 920 vi-

165 945 458 1013 brantem,
513 961 622 1016 qua
675 947 978 1018 ingressum
1020 952 1281 1020 paradisi,
1334 957 1560 1027 expulso
1589 959 1764 1015 Adam

165 1038 362 1110 primo,
419 1039 625 1094 cherub
667 1047 850 1096 custos
881 1041 1228 1112 interclusit,
1285 1051 1558 1106 secundus
1590 1051 1764 1108 Adam

163 1145 262 1202 per
281 1147 482 1203 aquam
499 1132 702 1189 lavacri
729 1137 1066 1191 renascentis
1088 1140 1355 1212 exstingui
1387 1143 1586 1200 debere
1613 1160 1765 1201 mon-

161 1229 374 1283 stravit.
419 1227 492 1285 Ut
520 1229 663 1284 unde
693 1229 784 1285 ille
839 1246 964 1286 cum
1004 1248 1099 1287 sua
1134 1233 1360 1306 conjuge
1400 1237 1469 1292 ab
1499 1239 1654 1294 hoste
1683 1240 1763 1294 vi-

161 1329 280 1377 ctus
307 1322 464 1388 exiit,
489 1321 614 1378 illuc
649 1322 754 1378 iste
776 1339 899 1379 cum
919 1334 1232 1380 sanctorum
1263 1327 1529 1397 Ecclesia,
1565 1347 1761 1402 sponsa

160 1415 409 1473 videlicet
437 1434 536 1473 sua
562 1458 577 1484 ,
614 1418 682 1474 de
705 1419 861 1476 hoste
905 1419 1082 1477 victor
1121 1422 1344 1479 rediret.
1393 1424 1538 1481 Bene
1578 1439 1760 1483 autem

160 1508 396 1579 Spiritus
422 1511 803 1568 reconciliator
843 1513 896 1568 in
928 1513 1198 1582 columba,
1227 1532 1346 1586 quae
1376 1519 1604 1574 multum
1629 1522 1760 1576 sim-

156 1600 274 1670 plex
307 1610 395 1656 est
419 1603 558 1670 avis,
593 1604 864 1675 apparuit,
914 1614 974 1660 ut
1017 1615 1072 1661 et
1115 1623 1227 1663 suae
1253 1609 1506 1668 videlicet
1551 1622 1759 1670 natura:

154 1691 564 1763 simplicitatem
593 1712 692 1766 per
714 1695 875 1766 hujus
905 1699 1144 1768 speciem
1172 1701 1422 1759 animalis
1449 1706 1758 1763 ostenderet

154 1784 411 1855 (Spiritus
448 1791 588 1843 enim
617 1800 832 1845 sanctus
876 1791 1168 1864 disciplina:
1207 1789 1420 1868 eﬂugiet
1461 1799 1662 1872 ﬁctum)
1702 1811 1757 1857 et

152 1890 273 1930 eum
307 1878 364 1932 in
405 1894 567 1949 quem
615 1881 895 1938 descendit
931 1895 1298 1953 mansuetum,
1353 1889 1649 1961 mitemque
1690 1907 1754 1948 ac

151 1971 545 2030 misericordia:
569 1991 814 2047 supernae
845 1994 1154 2049 praeconem
1203 1981 1626 2054 ministrumque
1657 1987 1754 2042 do-

150 2075 299 2120 ceret
323 2069 526 2124 mundo
553 2084 673 2125 esse
702 2069 966 2138 futurum,
1001 2073 1162 2128 simul
1184 2083 1241 2130 et
1271 2091 1482 2143 omnes,
1517 2079 1606 2147 qui
1630 2096 1753 2151 gra-

148 2156 223 2210 tia
269 2168 455 2215 essent
485 2163 781 2217 renovandi
818 2163 1094 2234 simplices
1132 2181 1197 2222 ac
1238 2168 1438 2223 mundo
1466 2171 1630 2225 corde
1657 2172 1752 2227 ad-

146 2258 400 2304 moneret
431 2251 659 2323 ingredi.
701 2252 861 2308 Juxta
896 2255 1038 2324 quod
1077 2257 1339 2326 scriptum
1375 2267 1459 2315 est
1490 2278 1502 2314 :
1555 2260 1752 2316 Sentite

145 2340 208 2394 de
237 2341 469 2398 Domino
496 2344 549 2398 in
574 2345 826 2414 bonitate,
867 2357 916 2402 et
958 2348 1012 2402 in
1037 2349 1372 2420 simplicitate
1407 2354 1580 2407 cordis
1601 2371 1747 2425 qure-

144 2436 241 2488 rite
267 2434 463 2503 illum;
515 2439 767 2508 quoniam
808 2439 865 2494 in
905 2440 1216 2496 malevolam
1249 2445 1481 2498 animam
1527 2461 1630 2500 non
1668 2448 1750 2500 in—

144 2527 323 2581 troibit
352 2529 635 2598 sapientia,
665 2547 758 2586 nec
785 2530 1041 2586 habitabit
1075 2534 1130 2586 in
1152 2550 1368 2606 corpore
1390 2537 1602 2591 subdito
1624 2555 1747 2609 pec-

143 2619 272 2672 catis
309 2619 467 2690 (Sap.
509 2620 572 2692 1).
628 2621 766 2677 Nam
809 2623 936 2693 quia
976 2623 1134 2679 nobis
1179 2626 1248 2680 ad
1291 2627 1605 2683 discendam
1638 2630 1749 2687 Deo

142 2709 396 2777 placitam
433 2711 838 2782 simplicitatem
865 2715 1116 2771 columba
1138 2719 1492 2789 proponitur,
1523 2721 1751 2793 diligen-

143 2799 248 2854 tius
291 2809 548 2855 naturam
580 2803 885 2872 videamus,
933 2813 992 2859 ut
1031 2821 1128 2875 per
1166 2809 1376 2880 singula
1421 2811 1748 2868 innocentia:

143 2890 256 2958 ejus
295 2895 567 2965 exempla,
597 2897 722 2951 vita:
757 2898 912 2954 nobis
959 2901 1347 2958 emcndatioris
1381 2903 1627 2960 instituta
1654 2922 1747 2961 su-

145 2995 370 3037 mamus.
404 2986 450 3037 A
481 2986 686 3041 malitia
707 2988 844 3044 fellis
871 2991 1043 3046 aliena
1067 3001 1170 3048 est.
1210 2993 1395 3049 Omnis
1424 2998 1746 3067 amaritudo,

145 3080 188 3125 et
215 3073 295 3126 ira
319 3083 368 3128 et
391 3076 690 3146 indignatio
714 3079 935 3136 tollatur
956 3101 988 3138 a
1015 3083 1160 3138 nobis
1185 3125 1198 3151 ,
1225 3101 1342 3138 cum
1373 3088 1514 3140 omni
1541 3089 1747 3144 malitia

146 3161 358 3233 (Epltes.
397 3165 497 3237 ιν).
528 3167 742 3223 Nullum
767 3186 863 3227 ore
901 3172 986 3230 vel
1021 3176 1294 3246 unguibus
1322 3175 1491 3244 laedit,
1535 3193 1605 3232 ne
1644 3179 1746 3233 mi-

1869 601 1966 656 per
1995 586 2298 643 columbam
2324 591 2592 660 apparuit,
2617 592 2672 646 in
2697 591 2974 662 discipulis
2997 608 3127 648 vero
3146 608 3245 662 per
3260 594 3459 666 ignem.

1870 677 2030 733 Certe
2072 680 2382 751 unigenitus
2429 681 2526 736 Dei
2574 681 2745 738 Filius
2792 682 2965 738 Judex
3001 692 3086 740 est
3122 687 3334 756 generis
3364 687 3465 740 hu-

1868 771 2036 825 mani.
2083 771 2190 828 Sed
2224 774 2346 844 quis
2395 774 2512 845 ejus
2539 773 2808 844 justitiam
2842 776 3012 832 ferret
3043 778 3090 833 si
3141 779 3462 850 priusquam

1869 879 1970 918 nos
1993 880 2092 935 per
2137 869 2611 924 mansuetudinem
2647 869 2964 940 colligeret,
3011 868 3199 940 culpas
3243 880 3466 928 nostras

1866 973 1966 1028 per
1991 959 2167 1014 zelum
2195 962 2538 1018 rectitudinis
2576 963 2896 1019 examinare
2939 965 3241 1022 voluisset?
3289 966 3463 1022 Homo

1867 1066 1996 1123 ergo
2021 1069 2120 1124 pro
2151 1055 2460 1112 hominibus
2497 1055 2672 1112 factus
2695 1058 2882 1113 mitem
2904 1074 2964 1132 se
2996 1059 3308 1114 hominibus
3327 1074 3464 1128 prae-

1867 1145 2026 1201 buit:
2068 1148 2242 1203 noluit
2266 1157 2584 1220 peccatores
2620 1151 2803 1218 ferire,
2853 1153 2946 1207 sed
2988 1151 3261 1222 colligere.
3304 1151 3464 1206 Prius

1865 1236 2032 1290 voluit
2056 1247 2336 1294 mansuete
2374 1242 2668 1313 corrigere,
2716 1250 2775 1297 ut
2803 1243 3032 1298 haberet
3059 1259 3196 1313 quos
3221 1252 3462 1313 postmo-

1866 1325 1989 1380 dum
2022 1327 2078 1382 iu
2104 1327 2312 1398 judicio
2349 1329 2604 1386 salvaret.
2658 1331 2716 1387 ln
2747 1333 2996 1389 columba
3025 1350 3156 1405 ergo
3197 1349 3462 1405 apparere

1864 1434 2040 1490 super
2078 1437 2200 1476 eum
2241 1421 2427 1478 debuit
2457 1424 2730 1494 Spiritus,
2770 1426 2899 1494 quia
2950 1441 3058 1481 non
3109 1427 3363 1481 veniebat
3400 1434 3461 1480 ut

1862 1521 2083 1584 peccata
2117 1515 2284 1569 etiam
2313 1531 2412 1586 per
2459 1515 2635 1570 zelum
2663 1525 3006 1587 percuteret,
3047 1518 3141 1573 sed
3165 1517 3341 1572 adhuc
3366 1534 3464 1588 per

1863 1607 2335 1662 mansuetudinem
2366 1607 2642 1664 toleraret.
2675 1608 2747 1663 At
2772 1618 2962 1664 contra
2982 1625 3146 1680 super
3171 1609 3465 1680 discipulos

1862 1693 1919 1748 in
1953 1695 2077 1764 igne
2126 1697 2309 1752 debuit
2361 1696 2598 1767 Spiritus
2625 1707 2844 1754 sanctus
2891 1700 3279 1765 demonstrari,
3318 1708 3378 1754 ut
3406 1701 3462 1754 bi

1863 1787 1954 1855 qui
1982 1797 2140 1843 erant
2187 1790 2504 1860 simpliciter
2547 1791 2818 1858 nomines,
2869 1800 3032 1861 atque
3062 1793 3184 1848 ideo
3215 1800 3463 1862 peccato-

1781 1868 1830 1928 Β
1859 1895 1967 1947 res,
1994 1895 2089 1938 eos
2116 1891 2309 1937 contra
2333 1884 2657 1954 semetipsos
2685 1884 2949 1954 spiritalis
2981 1885 3164 1940 fervor
3191 1885 3460 1940 accendes

1856 1981 1963 2039 ret,
2007 1983 2062 2029 et
2111 1984 2357 2046 peccata,
2409 1976 2607 2046 quibus
2657 1976 2801 2032 Deus
2845 1992 2943 2046 per
2988 1977 3462 2032 mansuetudinem

1853 2077 2129 2136 parceret,
2171 2069 2274 2139 ipsi
2304 2068 2359 2122 in
2399 2084 2458 2124 se
2500 2083 2599 2138 per
2623 2068 3002 2139 pmnitentiam
3031 2069 3303 2138 punirent.
3349 2066 3462 2122 Nec

1853 2161 1956 2232 ipsi
1981 2163 2181 2232 quippe
2207 2177 2330 2219 esse
2373 2170 2628 2233 poterant
2673 2163 2790 2218 sine
2814 2170 3059 2234 peccato,
3098 2163 3191 2232 qui
3219 2164 3465 2218 adhaere-

1853 2254 1988 2309 bant
2013 2253 2224 2309 coelesti
2259 2253 2594 2326 magisterio,
2645 2251 2853 2308 Joanne
2896 2262 3212 2318 attestante,
3244 2253 3337 2322 qui
3361 2252 3456 2315 ait,

1855 2344 1914 2400 Si
1939 2346 2230 2399 dixerimus
2272 2346 2397 2416 quia
2425 2355 2698 2416 peccatum
2731 2362 2834 2400 non
2873 2346 3146 2411 habemus,
3196 2363 3288 2399 nos
3324 2347 3462 2415 ipsos

1853 2437 2170 2502 seducimus,
2199 2444 2247 2489 et
2278 2437 2470 2490 veritas
2498 2453 2602 2490 non
2630 2447 2705 2491 est
2727 2438 2782 2490 in
2809 2436 2957 2490 nobis
2986 2436 3035 2507 (Ι
3073 2435 3236 2490 Joan.
3270 2437 3331 2508 ι).

1924 2523 1995 2578 Et
2020 2542 2134 2580 ecce
2160 2542 2257 2581 uox
2278 2527 2344 2580 de
2367 2525 2528 2591 caelis,
2553 2527 2730 2582 dicens
2745 2542 2764 2580 :
2786 2525 2890 2580 Hic
2915 2535 2990 2580 est
3016 2524 3192 2580 Filius
3214 2543 3359 2580 meus
3388 2527 3442 2580 di

1855 2615 2020 2672 lectus
2045 2619 2103 2673 in
2129 2637 2232 2690 quo
2263 2620 2393 2674 mihi
2419 2619 2732 2691 complacui.
2780 2619 2964 2692 (Aug)
2998 2619 3112 2675 Hoc
3153 2629 3208 2674 ct
3234 2621 3326 2673 alii
3356 2619 3464 2674 duo

1852 2708 2068 2766 Marcus
2108 2720 2164 2766 et
2209 2712 2385 2767 Lucas
2434 2713 2685 2768 similiter
2713 2722 2958 2778 narrant,
3008 2713 3104 2767 sed
3155 2715 3222 2768 de
3278 2712 3464 2766 verbis

1852 2805 2007 2860 vocis
2033 2821 2156 2875 quae
2181 2807 2248 2860 de
2279 2805 2417 2862 coelo
2445 2805 2588 2860 facta
2615 2814 2700 2861 est
2724 2805 2940 2859 variant
2969 2804 3320 2870 locutionem,
3357 2803 3466 2858 sal-

1851 2913 1918 2951 va
1943 2906 2123 2951 tamen
2150 2897 2438 2952 sententia.
2471 2897 2625 2964 Quod
2650 2897 2795 2950 enim
2815 2896 3102 2950 Matthmus
3121 2896 3198 2949 ait
3222 2896 3459 2949 dictant:

1854 2985 1958 3041 llic
1981 3001 2056 3041 est
2090 2987 2137 3040 F
2142 2988 2263 3042 ilius
2303 3005 2448 3042 meus
2485 2987 2723 3050 dilectus,
2767 2995 2822 3042 et
2863 2987 2954 3040 alii
2991 2987 3097 3041 duo
3121 2987 3346 3041 dicunt:
3383 2983 3463 3038 Tu

1851 3096 1905 3142 es
1933 3077 2106 3132 Filius
2135 3095 2282 3133 meus
2309 3078 2552 3144 dilectus,
2583 3079 2651 3132 ad
2675 3076 2921 3132 eamdem
2944 3076 3264 3132 sententiam
3293 3074 3464 3144 expli-

1853 3171 2083 3225 caudam
2121 3170 2285 3225 valet.
2319 3168 2439 3225 Vox
2458 3169 2604 3224 enim
2631 3169 2872 3224 caelestis
2894 3184 3058 3223 unum
3089 3169 3280 3222 horum
3305 3168 3461 3232 dixit,

144 3254 315 3311 nimas
359 3257 582 3327 quidem
606 3261 868 3330 aviculas,
899 3265 984 3320 vel
1004 3268 1353 3335 vermiculos,
1394 3267 1592 3340 quibus
1635 3270 1742 3325 mi-

1857 3261 1947 3317 sed
1972 3262 2309 3334 evangelista
2335 3261 2626 3318 ostendere
2655 3263 2825 3317 voluit
2848 3263 2916 3318 ad
2952 3262 3096 3317 idem
3118 3259 3300 3316 valere
3319 3260 3464 3329 quod

146 3360 304 3401 nores
331 3361 472 3416 pene
497 3365 686 3406 omnes
715 3354 940 3409 aviculae
968 3371 1028 3411 se
1075 3373 1311 3428 suosque
1341 3361 1607 3415 nutriunt.
1645 3359 1743 3416 Vi-

144 3433 365 3492 deamus
398 3455 467 3495 ne
515 3441 694 3496 dentes
719 3447 886 3498 nostri
924 3447 1029 3500 sint
1059 3465 1210 3504 arma
1250 3460 1299 3503 et
1329 3451 1535 3520 sagitta:
1565 3451 1739 3521 (Psal.

144 3528 275 3599 LVI),
318 3545 389 3584 ne
419 3535 729 3590 mordentes
742 3545 797 3591 et
815 3540 1163 3596 comedentes
1201 3543 1433 3598 invicem
1457 3560 1746 3600 consuma-

142 3633 264 3675 mur
295 3623 364 3677 ab
392 3623 624 3680 invicem
651 3624 794 3696 (Gal.
817 3629 892 3700 v).
932 3630 1318 3690 Contineamus
1353 3652 1547 3693 manus
1586 3656 1616 3692 a
1659 3655 1746 3693 ra-

140 3708 319 3776 pinis;
355 3713 446 3782 qui
478 3713 760 3781 furabatur
777 3718 896 3787 jam
925 3736 1031 3774 non
1058 3723 1285 3790 amplius
1317 3723 1546 3794 furatur,
1576 3729 1743 3799 magis

140 3809 320 3852 autem
351 3800 553 3858 laboret
581 3808 848 3876 operando
875 3812 1138 3880 manibus,
1179 3815 1319 3885 quod
1343 3817 1536 3872 bonum
1557 3828 1656 3886 est,
1689 3831 1746 3874 ut

143 3893 331 3946 habeat
374 3897 511 3949 unde
538 3899 733 3954 tribuat
761 3905 1116 3960 necessitatem
1146 3910 1364 3978 patienti
1399 3911 1614 3981 (Ep/tes.
1647 3914 1742 3984 Iv).

146 3983 278 4040 Nam
301 3993 360 4040 et
383 3985 632 4043 columba
655 4005 798 4060 saepe
829 3992 1034 4050 alienos
1062 4000 1217 4065 quasi
1240 4015 1366 4055 suos
1408 4001 1580 4057 fertur
1601 4004 1746 4059 alere

149 4076 342 4146 pullos,
391 4079 506 4149 ipsa
533 4088 692 4136 terra:
725 4080 992 4141 fructibus
1031 4095 1088 4140 et
1109 4087 1316 4144 semine
1341 4091 1602 4160 pascitur.
1634 4092 1748 4148 Au-

152 4169 358 4226 diamus
369 4172 688 4242 Apostolum
714 4189 737 4229 :‘
758 4177 966 4232 Bonum
987 4189 1063 4234 est
1096 4197 1199 4236 non
1221 4183 1489 4238 comedere
1511 4203 1745 4255 carnem,

154 4272 195 4314 et
228 4281 330 4318 non
380 4265 551 4320 bibere
594 4269 772 4322 vinum
815 4269 994 4342 (Rom.
1037 4272 1170 4344 xlv).
1232 4274 1298 4328 Et
1335 4277 1611 4346 apostolus
1641 4277 1744 4334 Pe-

156 4363 302 4410 trus:
355 4356 676 4426 Ministrate,
708 4360 907 4430 inquit,
946 4363 1003 4415 in
1027 4363 1133 4431 ﬁde
1161 4374 1329 4419 vestra
1375 4366 1638 4434 virtutem,
1689 4371 1748 4424 in

156 4447 337 4502 uirtute
361 4459 538 4504 autem
579 4452 878 4518 scientiam,
919 4454 973 4506 in
1013 4455 1232 4509 scientia
1259 4467 1434 4512 autent
1476 4459 1746 4515 abstinen-

157 4539 298 4607 tiam,
345 4543 402 4596 in
435 4543 750 4597 abstinentia
796 4553 970 4600 autem
1011 4547 1353 4616 patientiam,
1406 4551 1462 4604 in
1491 4553 1746 4621 patientia

159 4638 323 4683 autem
361 4633 629 4701 pietatem,
671 4637 727 4688 in
748 4636 939 4705 pietate
968 4647 1143 4692 autem
1169 4656 1400 4694 amorem
1431 4641 1746 4710 fraternita-

161 4719 221 4772 tis
252 4719 336 4793 (ΙΙ
361 4722 511 4777 Petr.
553 4725 613 4795 ι).
641 4726 915 4780 Gemitum
937 4743 1035 4796 pro
1060 4738 1225 4784 cantu
1255 4733 1435 4787 habet.
1469 4734 1653 4792 Miseri
1675 4739 1748 4792 si-

161 4832 275 4874 mus
299 4829 354 4875 et
385 4822 690 4891 lugeamus,
739 4831 795 4876 et
836 4823 1115 4894 ploremus
1157 4840 1342 4881 coram
1373 4825 1625 4894 Domino,
1655 4828 1750 4898 qui

162 4910 282 4967 fecit
303 4931 422 4973 uos.
459 4916 618 4972 Risus
647 4925 833 4973 noster
859 4919 915 4973 in
939 4919 1146 4974 luctum
1165 4925 1516 4975 convertatur
1538 4929 1594 4976 et
1620 4937 1752 4992 gau-

166 5003 303 5059 dium
325 5010 379 5061 in
406 5025 720 5066 mmrorem.
748 5010 900 5066 Beati
924 5013 1062 5066 enim
1090 5012 1341 5082 lugentes,
1382 5013 1632 5084 quoniam
1652 5014 1752 5084 ipsi

167 5096 796 5168 consolabuntur(Matm.
817 5104 896 5167 v).
920 5105 1098 5165 Super
1119 5121 1292 5177 aquas
1318 5108 1508 5162 sedere
1527 5123 1754 5162 consue-

168 5190 258 5255 vit,
298 5202 358 5248 ut
379 5191 596 5250 venturi
626 5197 838 5260 raptum
880 5187 1180 5258 accipitris,
1220 5201 1449 5255 prmvnsa
1499 5200 1555 5240 tu
1597 5200 1754 5257 aquis

170 5283 377 5352 umbra,
396 5284 661 5350 declinet;
687 5297 750 5336 ac
780 5278 1140 5336 mundatoriis
1155 5278 1561 5346 Scripturarum
1587 5277 1755 5334 ﬂuen-

175 5374 239 5431 tis
273 5378 442 5433 seduli
471 5378 710 5433 assidere
729 5389 1003 5439 curemus,
1030 5386 1259 5443 quarum
1290 5370 1522 5440 speculis
1550 5371 1749 5437 edocti,

176 5464 479 5538 dignoscere
499 5477 554 5524 et
576 5480 880 5539 praecavere
903 5462 1177 5520 valeamus
1206 5462 1428 5518 insidias
1453 5462 1626 5517 hostis
1651 5463 1754 5518 ini-

177 5557 281 5626 qui.
317 5559 444 5619 Haec
461 5562 527 5617 de
554 5569 748 5616 natura
767 5557 1031 5614 columbae
1052 5563 1258 5626 septem
1281 5556 1544 5611 virtutum
1574 5570 1753 5610 exem-

176 5649 259 5718 pla
294 5669 749 5711 commemorasse
783 5651 1032 5718 sufﬁciat,
1074 5657 1130 5706 et
1167 5658 1316 5706 recte
1347 5647 1597 5715 fortasse,
1625 5649 1749 5720 quia

181 5735 406 5817 Spiritus
426 5749 622 5817 sancti,
670 5747 839 5821 quiin
863 5746 1110 5804 columba
1153 5745 1450 5810 descendit,
1503 5744 1751 5815 septifor-

137 5821 279 5898 Imis
303 5852 384 5901 est
437 5845 627 5919 gratia.
679 5841 880 5914 (Greg.)
932 5840 1039 5894 Sed
1087 5840 1438 5910 (puerei-dum
1463 5845 1545 5894 est
1569 5852 1667 5893 cur
1696 5837 1752 5892 in

564 5939 846 6004 Parnm.
893 5934 1082 6000 ανιι.

1850 3355 2055 3409 dictum
2088 3363 2208 3409 est:
2240 3352 2344 3406 Hic
2380 3363 2456 3407 est
2497 3351 2672 3406 Filius
2703 3370 2849 3407 meus
2875 3352 3119 3418 dilectus,
3155 3361 3216 3405 ut
3237 3352 3344 3406 illis
3371 3367 3466 3421 po-

1848 3447 1956 3501 tius
1979 3447 2071 3516 qui
2109 3447 2402 3503 audiebant
2443 3447 2775 3502 indicaretur
2797 3461 2918 3501 esse
2940 3445 3108 3500 Filius
3135 3447 3267 3504 Dei;
3301 3455 3464 3509 atque

1847 3542 1924 3596 ita
1953 3543 2156 3598 dictum
2178 3543 2382 3598 referre
2403 3543 2602 3598 voluit:
2632 3541 2708 3590 Tu
2730 3559 2782 3591 es
2806 3540 2979 3590 Filius
3009 3552 3174 3598 meus,
3201 3551 3264 3590 ac
3291 3535 3337 3589 si
3357 3535 3464 3592 illis

1850 3636 2161 3690 diceretur:
2206 3632 2311 3688 Hic
2357 3643 2432 3688 est
2479 3631 2654 3686 Filius
2701 3649 2866 3686 meus.
2898 3629 3014 3685 Non
3045 3631 3189 3686 enim
3241 3630 3461 3686 Christo

1850 3727 2198 3782 indicabatur
2235 3727 2379 3797 quod
2435 3724 2660 3788 sciebat,
2715 3724 2810 3778 sed
2854 3722 3171 3788 audiebant,
3211 3721 3304 3791 qui
3334 3721 3464 3775 ade-

1851 3826 1993 3883 rant,
2023 3826 2244 3888 propter
2301 3832 2440 3887 quos
2494 3816 2658 3870 etiam
2710 3815 2825 3884 ipsa
2879 3828 2982 3867 vox
3018 3812 3160 3867 facta
3192 3819 3296 3867 est.
3339 3811 3461 3866 Jam

1849 3925 1980 3967 vero
2009 3913 2152 3980 quod
2184 3910 2323 3965 alius
2352 3909 2482 3964 dicit
2510 3927 2523 3962 :
2555 3907 2622 3961 In
2643 3925 2746 3979 quo
2770 3905 2898 3960 mihi
2920 3904 3215 3974 complacui
3232 3921 3252 3970 ;
3277 3902 3416 3958 alius
3442 3921 3455 3956 :

1851 4003 1919 4056 In
1948 4013 1997 4056 te
2021 4001 2316 4072 complacui
2347 4019 2367 4067 ;
2409 4001 2585 4055 alius:
2643 3999 2710 4052 In
2751 4009 2801 4053 te
2845 3997 3159 4068 complacuit
3189 3997 3338 4063 mihi,
3367 4012 3452 4067 ap-

1850 4102 2024 4165 paret,
2079 4077 2211 4147 cum'
2248 4092 2472 4162 quilibet
2521 4090 2976 4162 evangelistarum
3029 4088 3265 4144 caelestis
3309 4087 3460 4144 vocis

1850 4186 2016 4240 etiam
2045 4185 2210 4241 verba
2241 4183 2494 4248 tenuerit,
2551 4182 2685 4238 alios
2715 4183 2782 4236 ad
2831 4181 3078 4236 eamdem
3129 4179 3458 4236 sententiam

1851 4276 2172 4333 familiarius
2216 4275 2592 4347 explicandam
2641 4275 2806 4329 verba
2857 4285 3132 4338 narrasse,
3177 4281 3236 4326 ut
3262 4269 3459 4326 intelli-

1851 4378 2009 4440 gatur
2043 4369 2146 4423 hoc
2185 4367 2392 4422 dictum
2436 4381 2558 4421 esse
2586 4367 2654 4421 ab
2704 4365 2975 4430 omnibus,
3029 4373 3286 4434 tanquam
3315 4363 3460 4418 dice—

1853 4468 2036 4514 retur:
2065 4459 2123 4513 In
2149 4467 2202 4512 te
2221 4457 2481 4527 placitum
2507 4470 2685 4510 meum
2713 4455 2994 4518 constitui,
3019 4455 3121 4508 hoc
3149 4463 3253 4518 est,
3283 4470 3376 4523 per
3406 4461 3460 4507 te

1854 4569 2068 4624 gerere,
2092 4552 2236 4622 quod
2258 4551 2388 4605 mihi
2415 4551 2612 4620 placet.
2649 4547 2968 4618 (RABANUS.)
2998 4547 3139 4615 Ergo
3166 4547 3334 4600 Filius
3363 4545 3459 4599 Dei

1851 4650 2160 4719 baptizatur
2189 4647 2243 4700 in
2296 4645 2534 4709 homine,
2587 4641 2821 4712 Spiritus
2849 4641 2944 4695 Dei
2973 4641 3248 4695 descendit
3280 4640 3332 4686 in
3362 4651 3454 4687 co-

1852 4741 2060 4806 lumba,
2103 4739 2266 4794 Pater
2293 4739 2434 4793 Deus
2464 4743 2615 4789 sonat
2657 4734 2711 4778 in
2741 4745 2893 4787 voce,
2927 4730 3127 4778 sanctae
3174 4731 3227 4778 et
3257 4723 3455 4776 indivi-

1855 4830 1975 4885 duze
2002 4825 2286 4881 Trinitatis
2322 4824 2378 4878 in
2429 4822 2702 4892 baptismo
2755 4819 3063 4876 declaratur
3114 4820 3451 4891 mysterium.

1853 4923 1923 4978 Et
1946 4928 2114 4984 recte,
2164 4927 2225 4974 ut
2267 4916 2362 4988 qui
2408 4922 2872 4971 sacramentorum
2909 4927 3130 4968 suorum
3177 4912 3456 4981 dispensa—

1857 5015 2068 5070 toribus
2117 5019 2237 5068 erat
2282 5017 2654 5080 pmcepturus
2700 5006 2887 5060 docere
2937 5021 3114 5058 omnes
3163 5014 3359 5075 gentes,
3407 5011 3456 5056 et

1859 5106 2128 5177 baptizare
2150 5119 2237 5158 eos
2259 5105 2315 5157 in
2359 5102 2568 5156 nomine
2611 5099 2811 5164 Patris,
2861 5106 2908 5151 et
2945 5095 3094 5158 Filii,
3126 5104 3176 5148 et
3224 5094 3454 5162 Spiritus

1857 5201 2046 5256 ωηοεὸ,
2078 5199 2288 5260 primus
2317 5197 2430 5259 ipso
2453 5211 2550 5244 suo
2572 5195 2626 5243 in
2656 5193 2976 5257 baptismate
3005 5195 3173 5241 totam
3193 5201 3454 5255 persona-

1857 5283 1984 5338 liter
2009 5281 2276 5353 panderet
2292 5281 2482 5337 adesse
2506 5280 2842 5335 Trinitatem.
2873 5278 3025 5346 Quod
3049 5287 3230 5334 autem
3253 5279 3330 5332 ait
3350 5294 3452 5333 vox

1857 5385 2124 5447 paterna:
2159 5374 2261 5430 Hic
2298 5384 2374 5430 est
2405 5373 2578 5429 Filius
2621 5390 2766 5428 meus
2807 5373 3046 5438 dilectus,
3089 5373 3144 5426 in
3182 5391 3283 5445 quo
3323 5374 3451 5427 milii

1859 5467 2171 5539 complacui,
2203 5468 2271 5522 ad
2298 5465 2760 5538 comparationem
2788 5463 2989 5520 terreni
3020 5462 3256 5518 hominis
3297 5463 3448 5530 dicit,

1858 5558 1915 5614 iu
1943 5575 2052 5629 quo
2111 5568 2370 5630 peccante
2421 5558 2815 5628 quodammodo
2863 5572 2923 5612 se
2971 5556 3076 5610 sibi
3112 5555 3452 5627 displicuisse

1856 5649 1999 5707 Deus
2035 5652 2283 5707 conditor
2308 5650 2566 5715 insinuat,
2594 5666 2716 5705 cum
2759 5647 2871 5704 ait:
2913 5645 3452 5703 Pwnitet'mehomi-

1859 5761 1972 5798 nem
2002 5744 2186 5814 fecisse
2209 5747 2259 5800 in
2302 5753 2441 5799 terra
2467 5741 2618 5815 (Gen.
2645 5743 2744 5815 vr).
2778 5742 3104 5798 Poenitentia
3143 5741 3361 5812 quidem
3392 5739 3450 5793 in

1857 5838 2027 5896 Deum
2061 5840 2204 5895 nulla
2257 5839 2423 5902 cadit,
2479 5839 2573 5892 sed
2621 5841 2806 5893 nostro
2857 5850 3007 5892 more
3057 5835 3307 5904 loquens,
3354 5827 3449 5900 qui

2933 5929 3011 5990 25

1953 6006 2048 6029 ’ῖς-ιν
