3914 6442
338 378 342 383 ‘
405 359 513 417 πθ

1079 348 1141 408 Β.
1182 350 1435 408 RABANI
1473 348 1694 409 MAUBI
1726 344 2044 407 ARCHIEP.
2083 338 2397 399 MOGUNT.
2436 334 2729 399 OPERUM
2765 330 2947 390 PARS
2982 326 3029 388 l.

3599 322 3719 386 τω

405 468 696 540 eompungl
722 466 1045 538 poenitentia
1068 464 1325 531 solemus,
1354 462 1570 534 quando
1592 468 1781 523 contra
1806 465 1993 515 votum
2017 456 2070 519 Α
2094 454 2256 511 debat
2285 453 2341 511 in
2371 466 2432 513 se
2474 457 2725 509 nostrum
2760 446 3026 513 laborem,
3072 442 3401 540 illic‘autem
3446 444 3511 501 in
3540 439 3720 501 nobis

404 574 594 623 nostra
623 576 788 633 opera
815 558 954 615 verti
982 555 1250 623 videmus,
1270 556 1537 628 pmnitere
1574 569 1633 611 se
1656 552 1793 610 dixit
1815 548 1995 609 homi-

406 671 533 715 nem
561 654 779 723 fecisse,
828 665 990 723 quem
1040 665 1073 707 a
1101 648 1424 709 rectitudine
1458 664 1571 710 sum
1618 644 1843 707 iactura:
1867 656 1998 714 pec—

407 746 581 805 cando
608 745 936 814 degenerare
967 740 1268 824 conspexit.
1303 740 1364 797 lc
1386 739 1524 797 Filio
1545 746 1727 803 autem
1757 750 1858 795 suo
1882 732 2001 790 uni-

408 839 589 911 genito
615 838 719 894 sibi
759 836 1110 909 singulariter
1134 833 1483 905 complacuit,
1531 832 1660 904 quia
1704 832 1851 889 hunc
1896 828 1998 889 h0-

407 931 608 991 minem
643 945 803 1001 quem
838 929 1090 987 induerat
1113 943 1146 984 a
1170 934 1396 1000 peccato
1436 927 1731 984 immunem
1780 933 2002 979 servare

408 1024 682 1096 cognovit.
712 1022 783 1079 Et
807 1022 864 1081 in
890 1023 995 1081 hac
1034 1035 1254 1095 quoque
1277 1034 1413 1078 voce
1450 1016 1629 1074 Patris
1677 1016 1820 1079 sicut
1865 1021 1916 1069 et
1946 1011 2003 1068 in

408 1117 621 1177 caeteris
648 1116 908 1188 baptizati
957 1113 1174 1172 Domini
1210 1111 1508 1185 mysteriis,
1554 1110 1731 1167 omnis
1778 1107 2004 1181 justitim

327 1268 335 1289 η
408 1210 717 1267 declaratur
740 1208 1004 1279 impletio.
1030 1204 1345 1267 Comternus
1371 1204 1516 1261 enim
1551 1211 1609 1261 et
1643 1201 2004 1261 consubstan-

410 1302 553 1360 tialis
573 1302 721 1359 Patri
747 1301 916 1359 Filius
941 1298 1319 1359 descendendo
1339 1312 1502 1367 super
1524 1310 1651 1355 eum
1674 1294 1890 1367 spiritu,
1913 1293 2006 1363 qui

2101 566 2255 607 suam
2283 545 2730 611 consolationem,
2774 537 3132 615 quadragenis
3156 536 3348 607 diebus
3398 544 3721 623 utrumque

2098 642 2382 708 deﬁniens,
2431 640 2559 711 quia
2602 650 2864 697 numerus
2898 634 3036 707 ipse,
3081 633 3187 691 hoc
3230 637 3333 697 est,
3385 628 3719 701 quadrage-

2101 734 2304 805 narius,
2355 731 2519 804 hujus
2566 727 2750 791 saeculi
2804 725 3113 797 signiﬁcare
3158 721 3377 787 videtur
3405 735 3721 783 excursus,

2099 825 2470 895 observandus
2514 824 2571 881 in
2599 822 2686 879 his
2724 820 2818 894 qui
2844 834 2914 889 ex
2956 825 3185 891 quatuor
3210 813 3467 888 partibus
3514 810 3723 871 mundi

2100 926 2365 979 vocantur
2389 933 2488 990 per
2513 915 2745 989 gratiam
2769 913 2841 983 ad
2877 927 3027 983 eum,
3073 909 3166 981 qui
3195 924 3306 971 non
3339 904 3502 965 venit
3536 903 3723 978 legem

2104 1014 2331 1079 solvere,
2382 1010 2477 1083 sed
2523 1007 2840 1081 adimplere.
2884 1005 3084 1061 Decem
3139 1015 3376 1073 namque
3429 1005 3724 1072 praecepta

2103 1103 2238 1179 legis
2259 1109 2384 1169 sunt
2399 1101 2513 1174 jam
2540 1099 2715 1175 gratia
2744 1097 2949 1157 Christi
2976 1093 3167 1165 ditiusa
3194 1108 3294 1166 per
3320 1092 3633 1163 mundum.
3660 1088 3726 1157 Et

2106 1197 2532 1271 quadripartitus
2557 1201 2642 1250 est
2684 1191 2938 1257 mundus,
2974 1196 3031 1247 et
3075 1188 3261 1245 decem
3289 1180 3722 1260 quadmplicata

2109 1289 2464 1363 quadraginta
2505 1286 2729 1351 faciunt.
2779 1282 3047 1354 Quoniam
3088 1281 3183 1355 qui
3228 1278 3494 1351 redeaspti
3540 1284 3725 1332 sunt:

406 1399 496 1465 sit,
524 1397 833 1456 hominibus
865 1397 1167 1461 intimatur,
1186 1402 1247 1450 ut
1266 1408 1363 1465 per
1385 1393 1491 1450 hoc
1520 1392 1734 1451 discant
1760 1387 2009 1447 homines
2109 1385 2335 1441 Domino
2378 1383 2512 1457 (lsa.
2544 1380 2645 1453 LI),
2673 1380 2740 1437 de
2769 1377 3082 1451 regionibus
3107 1372 3468 1447 congregavit
3503 1367 3725 1465 «ιθ-ιι

411 1458 521 1561 per.
536 1489 767 1561 gratiam
795 1504 855 1547 se
880 1458 1225 1560 baptismatis
1253 1458 1477 1557 accepto
1502 1484 1707 1555 Spiritu
1730 1488 1921 1539 sancto
1942 1480 2009 1537 de
2111 1477 2351 1542 Oriente,
2378 1483 2435 1531 et
2462 1474 2531 1530 ab
2557 1472 2871 1540 Occidente,
2914 1469 2982 1539 ab
3014 1467 3302 1540 Aquilone,
3349 1472 3409 1523 et
3438 1462 3612 1525 mari.
3636 1458 3725 1517 Je-

409 1581 536 1638 ﬁliis
566 1581 765 1638 diaboli
792 1581 848 1637 in
879 1580 975 1636 Dei
1000 1580 1140 1637 ﬁlios
1166 1594 1330 1651 posse
1349 1577 1655 1635 transferri.
1687 1575 1840 1632 Sicut
1865 1575 2011 1645 Apo-
2106 1572 2307 1645 junans
2332 1570 2517 1641 itaque
2540 1566 2901 1641 quadraginta
2930 1563 3122 1621 diebus
3160 1568 3288 1656 ante
3312 1565 3585 1656 99"
3603 1570 3723 1656 cf"

409 1677 580 1733 stolus
616 1677 827 1742 edocet,
855 1675 1103 1732 ﬁdelibus
1128 1649 1202 1731 ita
1225 1676 1489 1745 loquens:
1519 1673 1805 1744 Accepistis
1833 1670 2011 1747 Spiri-
2112 1664 2220 1731 nis,
2246 1661 2414 1718 veluti
2442 1659 2712 1721 clamabat
2735 1676 2748 1712 :
2769 1656 3050 1721 Abstinete
3067 1669 3166 1713 vos
3184 1669 3218 1708 a
3242 1650 3543 1751 desideriis
3570 1649 3727 1751 huius

409 1780 523 1825 tum
536 1740 833 1840 adoptionis
854 1767 1106 1837 ﬁliorum,
1121 1770 1177 1823 in
1195 1740 1606 1837 quo-clamamus
1621 1782 1639 1821 :
1654 1740 1808 1820 tAbba
1826 1740 2010 1835 pater;
2117 1758 2320 1816 sreculi.
2355 1756 2685 1814 Manducans
2707 1761 2889 1811 autem
2915 1759 2971 1813 et
2997 1751 3191 1817 bibens
3210 1740 3727 1840 quadraginta‘die-

411 1869 467 1918 et
490 1834 823 1934 evangelista
851 1834 1123 1918 loannes:
1165 1834 1452 1934 Quotquot,
1482 1860 1684 1931 inquit,
1710 1866 2011 1930 receperunt
2038 1842 2087 1905 Β
2112 1854 2216 1910 bus
2263 1857 2386 1923 post
2431 1846 2881 1907 resurrectionem
2934 1842 3138 1913 carnis,
3186 1838 3361 1899 veluti
3407 1834 3725 1934 clamabat:

407 1970 528 2010 sunt
554 1926 699 2011 dedit
717 1955 793 2011 eis
816 1962 1124 2026 potestatem
1146 1926 1287 2023 ﬁlios
1319 1926 1419 2008 Dei
1439 1926 1578 2023 ﬁeri
1597 1950 1780 2024 (Joan.
1803 1926 1866 2023 ι).
2114 1944 2252 2002 Ecce
2270 1960 2362 2016 ego
2384 1941 2647 2001 vobiscum
2667 1955 2788 1997 sum
2816 1935 3055 2001 omnibus
3077 1933 3485 2027 dicebam-usque
3508 1926 3583 1982 ad
3606 1942 3726 2027 eon-

1025 2020 1255 2101 CAPUT
1290 2042 1379 2100 IV.
1448 2020 1458 2023 -
1606 2020 1617 2024 ⁷
1826 2020 1832 2023 ν
2114 2035 2515 2096 summationem
2535 2031 2715 2097 saeculi
2736 2029 2956 2104 (Matth.
2983 2024 3210 2118 ιιιηιι)ἶ
3224 2020 3513 2118 Jejunium
3534 2020 3728 2118 quippe

410 2136 491 2194 De
518 2137 729 2210 jejunio
755 2136 952 2194 Christi
990 2138 1049 2193 in
1083 2137 1287 2193 deserto
1317 2145 1368 2192 et
1390 2137 1532 2192 trina
1560 2135 1873 2201 nutatione,
1898 2139 2011 2190 etc.
2115 2137 2199 2186 est
2257 2128 2313 2184 in
2379 2124 2725 2183 tribulatione
2783 2117 3121 2179 certaminis.
3176 2113 3457 2210 Quoniam
3518 2113 3615 2181 qui
3676 2113 3727 2209 in

483 2206 585 2302 [l.]—
607 2228 753 2285 Tunc
785 2228 943 2285 Jssus
987 2229 1178 2285 ductus
1207 2228 1262 2283 in
1302 2227 1566 2283 desertum
1606 2242 1641 2282 α
1684 2224 1913 2296 Spiritu,
1956 2228 2017 2279 ut
2114 2236 2289 2296 agone
2315 2229 2421 2287 est,
2445 2219 2503 2276 in
2526 2217 2780 2275 omnibus
2810 2213 3092 2273 abstinens
3116 2217 3222 2267 est.
3253 2206 3429 2302 ilibus
3467 2211 3653 2261 autem
3680 2206 3729 2253 in

412 2298 707 2377 tentaretur
742 2340 777 2378 a
823 2320 1057 2377 diabolo.
1093 2319 1342 2376 Dubitari
1377 2335 1409 2374 a
1430 2317 1754 2390 quibusdam
1778 2321 1958 2386 potest
1981 2328 2018 2375 a
2118 2330 2214 2386 spe
2240 2312 2410 2386 ρθοὶδ,
2457 2326 2579 2383 illm
2621 2306 2861 2382 Peffecta
2916 2320 3025 2373 non
3052 2303 3179 2398 (ἴτην
3230 2298 3338 2398 {mi
3378 2310 3521 2398 cum,

413 2430 521 2485 quo
547 2414 741 2486 spiritu
762 2412 921 2472 Iesus
942 2415 1138 2471 ductus
1160 2414 1233 2469 sit
1259 2414 1315 2469 in
1341 2385 1638 2475 desertum,
1672 2418 1893 2479 propter
1914 2408 2022 2465 hoc
2117 2385 2364 2465 nostrum
2397 2401 2550 2473 cuius
2574 2408 2956 2473 exspectamus
2994 2392 3459 2486 redemptionem,
3506 2385 3734 2486 induerit

415 2476 879 2575 quod-subditur:
926 2507 1221 2577 Assumpsit
1260 2521 1381 2560 sum
1411 2476 1751 2558 diabolus—iu
1774 2476 2019 2555 sanctam
2120 2497 2607 2563 immortalitatem,
2655 2493 2800 2565 quod
2840 2490 3080 2551 nondum
3126 2481 3495 2577 adipiscendo
3541 2476 3732 2577 ειιξιὶθ·

416 2597 699 2663 ciuitatem,
725 2606 782 2652 et
825 2612 1063 2659 rursum,
1093 2590 1375 2666 assumpsit
1419 2610 1540 2649 eum
1578 2594 1635 2648 in
1674 2600 1902 2647 montem
1929 2605 2023 2645 eat-

415 2688 610 2744 celsum
637 2688 853 2763 (llatth.
879 2689 976 2763 iv).
1006 2690 1116 2746 Sed
1142 2704 1269 2745 vere
1290 2699 1338 2743 et
1365 2689 1573 2759 absque
1590 2686 1697 2742 ulla
1725 2684 2024 2756 quaestione

417 2781 805 2837 convenienter
848 2781 1116 2852 accipitur
1144 2790 1259 2836 uta
1287 2787 1475 2837 sancto
1517 2778 1724 2848 Spiritu
1756 2776 1811 2833 in
1838 2776 2024 2832 deser-

417 2881 531 2928 tum
560 2875 756 2930 ductus
781 2876 1059 2944 credatur,
1088 2883 1145 2930 ut
1178 2875 1307 2931 illuc
1333 2890 1457 2929 eum
1489 2888 1621 2929 suus
1662 2870 1898 2941 Spiritus
1926 2870 2027 2926 du—

425 2972 589 3030 ceret,
639 2965 730 3020 ubi
757 2966 903 3021 hunc
939 2967 1008 3021 ad
1039 2967 1359 3021 tentandum
1388 2966 1612 3036 spiritus
1650 2963 1918 3035 malignus
1941 2961 2026 3017 in-

420 3056 650 3113 veniret.
691 3056 848 3125 Quod
875 3066 932 3113 et
984 3059 1126 3129 apud
1174 3057 1567 3130 evangelistam
1612 3056 1820 3112 Lucam
1849 3054 2029 3119 mani-

418 3148 558 3205 teste
585 3148 918 3222 designatur,
977 3166 1102 3207 cum
1133 3150 1372 3208 dicitur:
1419 3151 1579 3206 Jesus
1614 3158 1791 3204 autem
1840 3147 2026 3220 plenus

2122 2606 2267 2658 mur,
2296 2589 2393 2647 sed
2417 2587 2688 2660 sperando
2726 2583 2841 2654 jam
2890 2581 3185 2656 pascimur.
3238 2574 3561 2642 Utrumque
3602 2568 3735 2637 Apo-

2123 2686 2299 2744 stolus
2347 2682 2509 2747 simul
2555 2695 2656 2737 nos
2684 2692 2848 2751 agere
2891 2671 3153 2737 ostendit,
3202 2667 3437 2725 dicens:
3475 2661 3582 2735 Spe
3610 2676 3734 2732 9n-

2124 2778 2325 2843 dentes,
2360 2777 2415 2831 in
2446 2771 2785 2829 tribulatione
2808 2769 3063 2841 patientes
3092 2762 3268 2837 (Rom.
3297 2759 3426 2831 xu).
3460 2757 3736 2826 Tanquam

2126 2870 2258 2927 illud
2281 2875 2425 2924 esset
2452 2867 2506 2935 in
2533 2864 2676 2932 cibo,
2709 2863 2814 2918 hoc
2857 2860 2913 2917 in
2952 2856 3183 2930 jejunio.
3225 2850 3407 2909 Simul
3429 2850 3587 2905 enim
3624 2861 3738 2902 cum

2125 2964 2271 3033 viam
2314 2960 2527 3019 Domini
2554 2957 2851 3029 carpimus,
2882 2960 2938 3011 et
2981 2969 3012 3013 a
3042 2950 3282 3009 vanitate
3318 2945 3620 3018 praesentis
3643 2953 3737 2995 se»

2128 3056 2235 3115 culi
2258 3053 2593 3126 jejunamus,
2624 3059 2681 3106 et
2707 3047 2876 3105 futuri
2922 3041 3285 3116 promissione
3316 3037 3630 3103 reﬁcimur,
3659 3034 3739 3126 hic

2129 3164 2240 3209 non
2262 3124 2600 3218 opponentes
2628 3159 2742 3210 cor,
2775 3141 2885 3201 illic
2910 3146 3175 3210 ponentes
3199 3148 3425 3201 sursum
3448 3146 3573 3199 cor.
3597 3124 3740 3195 Quod

421 3241 625 3313 Spiritu
666 3220 849 3299 sancto
888 3260 1154 3317 regressus
1185 3253 1260 3301 est
1313 3263 1347 3300 α
1386 3244 1644 3313 Iordane,
1676 3255 1727 3299 et
1767 3244 2023 3315 agebatur
2049 3232 2097 3296 C
2127 3249 2308 3301 autem
2336 3238 2600 3299 Dominus
2633 3231 3023 3291 consummatis
3059 3226 3254 3300 ieiunii
3283 3224 3489 3317 ἀξεῧξιδ

418 3332 475 3387 in
502 3332 710 3405 Spiritu
737 3337 795 3390 in
812 3336 1098 3393 desertum.
1125 3336 1245 3395 Non
1274 3353 1406 3410 ergo
1425 3338 1624 3393 virtute
1645 3337 1871 3408 spiritus
1892 3336 2024 3392 mali

421 3414 580 3473 ἔθευ»
606 3425 865 3489 agebatur
892 3429 947 3481 in
974 3429 1272 3496 desertum,
1310 3430 1406 3485 sed
1436 3429 1711 3485 voluntate
1739 3429 1825 3485 sui
1850 3428 2026 3499 Spiri-

422 3512 511 3560 tus
533 3505 660 3561 boni
689 3505 869 3564 locum
898 3512 1214 3569 certaminis
1252 3533 1361 3584 quo
1398 3519 1771 3575 adversarium
1813 3525 2027 3574 sternat

425 3596 493 3653 de
520 3596 747 3655 victoria
770 3610 954 3657 certus
989 3603 1310 3676 ingreditur.
1360 3607 1465 3662 Ubi
1495 3608 1652 3664 nobis
1692 3610 1901 3677 pariter
1930 3624 2024 3663 or-

426 3687 607 3745 dinem
639 3699 787 3749 recte
814 3697 1174 3753 conversandi
1218 3707 1622 3767 praemonstrat,
1667 3708 1727 3755 ut
1769 3707 1893 3770 post
1935 3715 2027 3756 ac-

426 3788 641 3850 ceptam
669 3783 922 3842 videlicet
961 3786 1016 3842 in
1061 3788 1328 3859 baptismo
1364 3790 1739 3847 remissionem
1777 3799 2028 3862 peccato-

427 3887 573 3941 rum,
596 3877 881 3949 sanctique
909 3878 1145 3950 Spiritus
1164 3882 1417 3952 gratiam,
1441 3884 1622 3953 aptius
1641 3891 1835 3941 contra
1857 3901 2028 3941 novas

429 3968 639 4038 antiqui
679 3969 851 4026 hostis
878 3972 1107 4028 insidias
1132 3974 1503 4042 accingamur,
1535 3986 1826 4049 menteque
1854 3992 2027 4034 saecu-

428 4056 541 4113 lum
568 4059 903 4128 deserentes,
951 4064 1109 4132 quasi
1142 4079 1341 4119 manna
1389 4065 1612 4134 deserti,
1668 4066 1782 4123 sola
1810 4074 2028 4125 aeternas

430 4147 559 4229 vitae
584 4151 782 4222 gaudia
811 4152 1088 4210 discamus
1121 4157 1351 4211 esurire.

505 4238 578 4297 Et
606 4259 727 4298 cum
758 4244 1057 4316 jejunasset
1089 4240 1446 4320 quadraginta
1484 4248 1665 4306 diebus
1697 4258 1745 4305 et
1788 4251 2027 4321 quadra-

434 4334 580 4404 ginta
605 4337 841 4392 noctibus
869 4349 1049 4409 postea
1089 4341 1295 4395 esuriit.
1328 4340 1542 4412 (Beda.)
1591 4341 2029 4414 Quadragesimte

434 4428 692 4499 jejunium
718 4431 881 4487 habet
905 4434 1284 4490 auctoritatem
1309 4445 1366 4489 et
1390 4436 1443 4490 in
1476 4437 1749 4492 veteribus
1778 4437 1931 4493 libris
1957 4454 2028 4494 ex

433 4517 634 4587 jejunio
660 4520 845 4588 Mosis,
874 4532 931 4579 et
953 4524 1103 4591 Elim,
1134 4533 1190 4581 et
1219 4541 1286 4582 ex
1311 4527 1623 4598 Evangelio,
1651 4529 1777 4599 quia
1802 4528 2025 4584 totidem

2130 3348 2253 3392 cum
2284 3332 2352 3391 de
2377 3329 2524 3386 Ncse
2548 3327 2634 3384 vel
2654 3326 2771 3389 Elia
2792 3320 3171 3396 jejunantibus
3199 3315 3340 3383 nihil
3367 3314 3480 3375 tale
3512 3315 3589 3373 sit
3614 3310 3741 3367 scri-

2126 3434 2301 3499 ptum,
2351 3423 2474 3479 ideo
2518 3420 2719 3477 factum
2769 3423 2877 3481 est,
2914 3428 2981 3471 ne
3008 3411 3080 3468 ab
3125 3424 3195 3467 eo
3241 3405 3737 3499 tentando_paveill

2128 3493 2303 3575 hostis
2332 3512 2634 3584 aufugeret,
2682 3522 2845 3578 quem
2898 3519 3023 3565 cum
3071 3509 3155 3558 tot
3198 3499 3376 3570 signis
3430 3493 3742 3584 cmlestihus

2127 3615 2519 3681 praeconatum,
2582 3611 2696 3667 tum
2748 3601 2917 3663 etiam
2969 3596 3103 3652 visis
3155 3583 3740 3681 excellentissimis

2133 3679 2464 3759 abstinendo
2504 3697 2720 3754 videret
2761 3701 3057 3765 aequatum.
3088 3686 3296 3745 Esuriit
3321 3684 3478 3743 enim
3533 3679 3743 3741 humilis

2129 3796 2274 3853 Deus
2302 3796 2486 3859 homo,
2516 3804 2588 3847 ne
2630 3787 2855 3847 inimico
2906 3786 3229 3844 innotescat.
3281 3774 3549 3869 sublimis

2130 3890 2292 3945 Deus.
2311 3881 2606 3959 (Mannum)
2630 3880 2856 3952 llystice
2885 3885 3069 3936 autem
3095 3871 3307 3933 esuries
3325 3868 3423 3923 illa
3444 3863 3745 3959 quam

2130 3996 2234 4037 nus
2261 3957 2539 4035 esuriebat
2563 3972 2836 4044 signiﬁcat
2859 3968 3192 4029 desiderium
3225 3959 3377 4031 quod.
3406 3957 3609 4023 habuit
3625 3969 3746 4025 erg!

2131 4071 2363 4127 salutem
2391 4075 2655 4124 nostram.
2675 4062 2815 4130 Quia
2832 4060 2956 4119 ideo
2978 4057 3093 4127 ipse
3116 4052 3386 4125 jejunavit
3406 4049 3695 4109 absumas
3716 4060 3745 4099 a

2133 4171 2350 4219 terreno
2372 4161 2515 4226 cibo,
2542 4166 2604 4215 ut
2630 4172 2733 4214 nos
2771 4152 2896 4210 cibo
2936 4148 3145 4209 calcati
3195 4147 3580 4211 retinemus,
3631 4139 3747 4196 illeo

2132 4262 2373 4311 tentatus
2415 4261 2522 4318 est,
2556 4258 2615 4307 ut
2662 4262 2760 4305 sua
2815 4243 3044 4303 victoria
3095 4255 3198 4301 nos
3242 4238 3463 4297 vincere
3510 4234 3745 4330 faceret,

2132 4348 2364 4415 ideoque
2398 4351 2646 4398 mortuus
2695 4346 2801 4405 est,
2837 4344 2895 4411 et
2928 4332 3252 4398 resurrexit,
3282 4337 3343 4393 ut
3392 4342 3495 4382 ms
3543 4333 3747 4379 morm

2132 4440 2342 4498 delictis
2364 4439 2419 4494 in
2449 4436 2662 4509 iustitia
2689 4434 2935 4489 vivamus
2958 4444 3056 4500 per
3092 4428 3290 4497 ipsum.
3337 4422 3581 4490 Quando
3627 4433 3745 4488 erg:

2131 4550 2232 4590 nos
2258 4547 2356 4605 per
2382 4532 2501 4603 ejus
2530 4529 2760 4602 gratiam
2806 4526 2875 4581 ad
2926 4521 3233 4578 faciendam
3263 4516 3613 4575 voluntatem

434 4610 623 4663 diebus
646 4613 907 4671 Dominus
935 4616 1219 4688 jejunavit.
1268 4620 1659 4677 Demonstrans
1684 4619 2035 4692 Evangelium
2060 4606 2115 4670 Ι)
2141 4603 2531 4688 convertimur,
2566 4618 2915 4676 refectionem
2946 4613 3023 4670 illi
3069 4612 3397 4683 prmbemus.
3450 4606 3613 4663 Sicut

438 4716 544 4753 non
574 4700 863 4757 dissentire
886 4716 920 4755 ει
940 4711 1080 4774 hac.
1106 4721 1163 4758 οι
1182 4716 1478 4776 prophetis.
1501 4718 1557 4772 ln
1579 4732 1813 4785 persona
1837 4719 2035 4787 quippe

438 4794 602 4849 Mosis
632 4795 740 4860 lex,
774 4796 830 4849 in
871 4811 1105 4865 persona
1152 4798 1282 4853 Elia:
1327 4804 1606 4873 prophetm
1641 4804 1984 4874 accipiuntur
2016 4823 2030 4861 :

438 4885 580 4941 inter
605 4901 741 4956 quos
778 4887 834 4942 in
878 4896 1060 4943 monte
1104 4889 1373 4959 gloriosus
1420 4895 1689 4964 apparuit,
1717 4903 1778 4950 ut
1814 4895 2037 4952 evidenv

438 4978 551 5032 tius
596 4979 862 5035 emineret
892 4981 1038 5049 quod
1085 4981 1150 5036 de
1194 4982 1286 5038 ille
1314 4983 1447 5038 dicit
1497 4984 1817 5054 Apostolus:
1873 4986 2040 5042 Testi-

440 5073 671 5127 monium
702 5074 895 5129 habsns
919 5092 951 5128 a
986 5074 1097 5146 lege
1127 5086 1181 5130 et
1207 5078 1469 5147 prophetis
1494 5078 1667 5148 (Rom.
1700 5080 1805 5154 ιιι).
1835 5080 1893 5137 ιιι
1930 5094 2038 5152 qua

445 5172 623 5218 autem
649 5170 802 5234 parte
849 5166 979 5218 anni
1020 5169 1408 5235 congruentius
1443 5171 1754 5220 obseruatio
1786 5173 2036 5231 Quadra-

446 5257 663 5327 gesimae
698 5259 1140 5323 constitueretur,
1172 5257 1276 5313 nisi
1320 5256 1521 5312 conﬁci
1576 5266 1742 5327 atque
1783 5258 2038 5327 contigua

448 5349 740 5406 Dominicae
762 5350 1071 5421 passionis?
1093 5352 1229 5419 Quia
1255 5352 1311 5405 in
1340 5366 1404 5406 ea
1428 5350 1767 5422 signiﬁcatur
1787 5351 1903 5407 hmo
1927 5352 2040 5407 vita

450 5439 740 5507 laboriosa,
785 5442 873 5499 cui
922 5458 1061 5515 opus
1111 5452 1196 5499 est
1241 5443 1595 5508 continentia,
1643 5451 1702 5497 ut
1750 5443 1819 5499 ab
1870 5443 2041 5514 ipsius

450 5532 635 5587 mundi
657 5533 894 5588 amicitia
918 5532 1211 5603 jejunetur.
1241 5534 1452 5591 Aliter:
1471 5532 1737 5604 jejunavit
1754 5532 2033 5597 Dominus.

449 5641 575 5682 cum
610 5633 911 5683 tentaretur
939 5632 1065 5681 ante
1111 5634 1342 5682 mortem
1384 5627 1507 5682 cibo
1551 5625 1730 5681 adhuc
1768 5624 2036 5695 indigens.

450 5718 793 5777 Manducavit
813 5727 993 5774 autem
1026 5727 1083 5774 et
1101 5718 1239 5775 bibit
1265 5735 1387 5776 cum
1415 5718 1771 5792 gloriﬁcatur,
1807 5726 1931 5789 post
1956 5732 2041 5774 re-

453 5814 843 5871 surrectionem
863 5811 978 5881 jam
1006 5813 1129 5872 cibo
1156 5830 1264 5872 non
1279 5816 1545 5888 indigens.
1569 5812 1671 5871 llic
1693 5812 1838 5870 enim
1859 5820 2043 5871 osten-

2145 4735 2176 4774 n
2202 4716 2428 4772 muliere
2456 4713 2803 4769 Samaritana
2831 4715 3019 4779 potum
3065 4702 3339 4774 poscebat.
3372 4696 3446 4757 Et
3468 4691 3742 4764 θεοί,ηῄ

2144 4806 2258 4861 suis
2285 4804 2465 4861 cibum
2514 4810 2790 4859 terrenum
2843 4798 2948 4859 sibi
2999 4792 3355 4859 merentibus
3410 4790 3542 4847 ait:
3606 4786 3743 4843 less

2144 4897 2291 4957 cibus
2317 4907 2392 4955 est
2436 4906 2491 4951 ut
2535 4896 2732 4965 [nciam
2772 4891 3088 4951 voluntatem
3130 4887 3244 4957 ejus
3269 4884 3359 4955 qui
3388 4882 3541 4945 11ιὶεῆ
3566 4897 3668 4947 ιιι»
3696 4888 3745 4935 ἰ

2144 4988 2421 5060 perﬁciam
2443 5003 2574 5059 opus
2594 4986 2710 5055 ejus
2751 4984 2937 5056 (Joan.
2970 4984 3067 5053 tv).
3107 4980 3177 5036 Et
3203 4977 3365 5034 alibi:
3398 4974 3521 5031 Hac
3551 4984 3651 5037 ea.
3672 4972 3745 5026 il-

2146 5082 2287 5152 quit,
2315 5098 2447 5152 opus
2477 5079 2576 5135 Dei
2602 5088 2661 5137 ut
2688 5078 2936 5137 credatur
2960 5078 3018 5131 in
3042 5090 3164 5129 eum
3182 5082 3339 5138 vi"!
3363 5066 3510 5129 misit
3532 5066 3647 5127 illa.

2216 5174 2553 5225 nam
2575 5169 2805 5219 seruator
2825 5160 2957 5217 dixit
2979 5162 3026 5216 ei
3043 5177 3060 5215 :
3079 5160 3141 5217 Si
3160 5159 3332 5217 Filius
3353 5160 3457 5217 Dei
3476 5178 3563 5228 ss,
3586 5161 3674 5214 die
3692 5168 3741 5214 ut

2140 5252 2348 5324 lapides
2371 5251 2459 5309 isti
2475 5268 2635 5320 panes
2656 5252 2808 5320 ﬁant.
2852 5251 2965 5309 siisi
2988 5268 3118 5323 ergo
3145 5252 3405 5319 Dominus
3444 5251 3743 5325 jejunasset

2146 5344 2389 5402 tentandi
2410 5344 2628 5403 occasio
2647 5343 2862 5401 diabolo
2886 5359 2995 5403 non
3017 5343 3209 5411 fuisset
3255 5343 3504 5413 Accusat
3522 5343 3742 5415 quidel-

2148 5438 2388 5493 tentandi
2417 5436 2795 5507 permissioue,
2833 5437 2927 5505 qui
2956 5436 3116 5508 longe
3153 5445 3277 5499 erat
3323 5444 3453 5493 voto
3499 5435 3741 5497 malitia.

2145 5533 2391 5589 Accessit
2416 5533 2705 5604 instigatae
2750 5532 2893 5605 fastu
2942 5532 3231 5603 sum
3276 5530 3508 5601 quinos
3552 5529 3744 5595 obses»

2146 5625 2310 5681 vabat
2333 5633 2578 5683 mliorem
2599 5624 2842 5696 iustitiae.
2883 5624 3072 5681 Erexit
3110 5640 3170 5681 se
3196 5636 3389 5685 servus
3413 5632 3613 5685 contra
3640 5622 3746 5681 Do-

2149 5718 2378 5785 minum,
2419 5718 2665 5788 captivus
2726 5725 2914 5775 contra
2958 5716 3209 5781 liberum,
3257 5716 3507 5789 inﬁrmus
3553 5722 3746 5777 multa

2152 5812 2369 5873 fortem,
2395 5818 2452 5867 et
2473 5809 2601 5865 dum
2629 5809 2969 5865 itmocentetu
3013 5807 3265 5877 studebat
3295 5806 3483 5879 λίβη»
3532 5820 3667 5870 reus
3690 5819 3750 5861 se
