3914 6448
178 320 279 395 ⁸181

1146 331 1503 405 βοωωβΝτ.
1544 294 1614 394 ut
1650 336 2086 409 nummum.
2128 373 2199 384 -
2238 343 2364 411 LIB.
2401 340 2444 401 l.
2484 300 2490 303 ’

3368 350 3470 413 782

178 444 396 503 dolebat
441 441 712 534 amittere.
762 434 878 502 Non
917 457 1045 517 ergo
1090 443 1367 523 indignum
1414 448 1772 525 Redemptore
1797 457 1851 529 Α
1876 455 1976 512 tibi
2000 459 2144 529 quod
2170 475 2275 529 non
2312 458 2370 516 in
2398 458 2513 516 solo
2535 473 2676 534 pane
2713 458 2844 514 vivit
2876 460 3061 528 homo,
3092 463 3192 521 sed
3228 463 3283 519 in
3313 469 3467 527 omni

178 547 389 604 nostro,
422 532 563 607 quod
595 534 792 595 tentari
839 534 1023 605 voluit,
1061 537 1152 611 qui
1203 550 1428 613 venerat
1451 543 1645 599 occidi.
1679 543 1774 615 Ju-

177 638 320 684 stuiu
345 628 544 713 quippe
565 633 683 683 erat
711 635 770 685 ut
790 627 868 684 sic
898 628 1222 687 tentationes
1260 642 1477 691 nostras
1502 635 1614 692 suis
1658 647 1772 697 ten-

176 718 475 776 tationibus
502 718 763 793 vinceret,
801 718 941 793 sicut
984 730 1213 777 mortem
1260 733 1505 797 nostram
1547 737 1772 787 venerat

175 829 270 869 sua
301 822 478 868 morte
505 827 781 889 superare.
810 812 871 877 Si
900 811 951 883 F
953 813 1095 881 ilius,
1132 815 1325 891 inquit,
1357 817 1455 885 Dei
1484 837 1558 886 es,
1600 818 1685 876 dic
1714 830 1769 876 ut

172 905 371 983 lapides
391 907 483 969 isti
507 924 669 981 panes
689 906 844 983 ﬁant.
876 906 1149 983 Antiquus
1165 913 1311 981 enim
1338 913 1510 973 hostis
1537 914 1767 973 Redem-

169 1009 378 1075 ptorem
404 1002 627 1069 humani
654 1002 871 1079 generis
912 1003 1297 1069 debellatorem
1328 1022 1485 1077 suum
1517 1008 1571 1065 in
1612 1025 1767 1067 mun-

170 1092 296 1153 dum
325 1092 541 1159 venisse
570 1093 841 1169 cognovit.
887 1094 1024 1167 Quia
1072 1112 1166 1157 seu
1189 1113 1289 1170 per
1317 1101 1607 1172 prophetas
1635 1117 1765 1174 pro-

166 1186 393 1257 missum
423 1203 519 1245 seu
544 1202 643 1262 per
663 1189 885 1267 angelos
909 1192 1311 1263 annuntiatum,
1344 1194 1461 1257 sive
1488 1195 1652 1259 etiam
1668 1211 1765 1277 per

164 1276 431 1347 Joannem
491 1281 661 1354 digito
717 1282 1146 1347 demonstratum
1209 1303 1503 1361 agnoscere
1564 1276 1760 1366 potuit.

134 1444 137 1445 ν
166 1369 317 1437 Unde
343 1379 401 1437 et
420 1388 520 1445 per
542 1373 825 1435 obsessum
854 1372 1128 1435 hominem
1161 1376 1334 1432 dixit:
1369 1376 1511 1446 Quid
1539 1378 1687 1445 nobis
1714 1387 1762 1439 et

162 1466 275 1532 tibi,
302 1464 418 1525 Fili
440 1467 580 1525 Dei?
604 1467 782 1543 venisti
809 1477 931 1529 ante
950 1478 1151 1542 tempus
1172 1480 1410 1553 torquere
1432 1492 1523 1535 nos
1545 1474 1759 1549 (Matth.

161 1558 300 1629 vni).
340 1557 479 1619 Cum
529 1569 731 1629 tamen.
760 1561 905 1618 hunc
957 1563 1267 1634 passibilem
1314 1575 1589 1636 cerneret,
1636 1584 1759 1627 cum

160 1665 319 1720 posse
344 1651 595 1715 mortalia
617 1654 826 1728 perpeti
846 1655 1160 1713 humanitus
1181 1658 1410 1728 videret,
1435 1675 1597 1717 omne
1616 1661 1762 1733 quod

160 1742 226 1799 de
254 1743 373 1815 ejus
394 1743 678 1805 divinitate
707 1744 1017 1821 suspicatus
1043 1755 1127 1807 est
1152 1748 1203 1807 ei
1245 1748 1388 1809 fastu
1416 1767 1527 1808 suae
1571 1768 1761 1824 super-

1873 550 2040 605 verbo
2065 534 2205 627 quod
2235 551 2513 623 egreditur
2557 564 2623 606 ex
2653 566 2750 606 ore
2778 550 2896 608 Dei.
2938 550 3082 624 Ergo
3107 552 3155 609 si
3194 553 3319 626 quis
3356 571 3469 616 non

1871 641 2109 697 vescitur
2142 643 2237 697 Dei
2265 643 2452 715 verbo,
2484 644 2587 715 iste
2610 659 2720 699 non
2743 643 2895 705 vivit.
2928 643 3067 717 Quia
3095 646 3238 705 sicut
3265 663 3468 724 corpus

1870 732 2167 789 humanum
2194 750 2301 795 non
2329 735 2461 795 vivit
2487 736 2605 797 sine
2650 744 2870 794 terreno
2913 736 3058 807 cibo,
3090 738 3166 796 ita
3196 747 3254 800 et
3282 742 3469 800 anima

1869 821 2053 879 vivere
2081 839 2190 879 non
2216 832 2394 901 potest
2424 826 2542 883 sine
2569 825 2666 882 Dei
2696 827 2879 884 verbo.
2930 825 3237 887 Procederc
3278 838 3464 891 autem

1868 916 2092 975 verbum
2134 918 2202 974 de
2242 934 2339 975 ore
2366 919 2460 975 Dei
2497 920 2715 989 dicitur,
2743 935 2867 977 cum
2893 921 3180 979 consilium
3210 941 3369 981 suum
3396 941 3465 983 ac

1867 1007 2198 1065 voluntatem
2245 1012 2493 1081 conditor
2542 1029 2787 1079 summus
2828 1029 2928 1087 per
2972 1024 3285 1073 sanctarum
3314 1016 3464 1075 Scri-

1864 1107 2147 1181 pturarum
2175 1102 2483 1159 testimonia
2529 1105 2776 1160 revelare
2819 1112 3020 1162 nostra:
3057 1105 3337 1183 fragilitati
3364 1126 3464 1167 vo-

1862 1184 2045 1248 luerit.
2093 1191 2212 1263 Non
2239 1192 2382 1269 quod
2411 1194 2764 1279 incorporeus
2808 1197 2955 1257 Deus
2980 1196 3309 1255 lineamenta
3335 1216 3460 1256 cor-

1860 1284 2013 1360 poris
2057 1285 2111 1342 in
2161 1297 2355 1359 natura
2402 1304 2499 1359 sua
2542 1289 2761 1363 habeat,
2792 1291 2888 1346 sed
2918 1290 3202 1365 invisibilia
3227 1294 3342 1365 ejus
3368 1313 3464 1369 per

1862 1388 1926 1427 ea
1948 1390 2066 1445 qua:
2087 1374 2229 1445 facta
2256 1386 2375 1431 sunt
2414 1375 2676 1432 intellecta
2705 1379 3116 1455 conspiciuntur,
3145 1384 3463 1454 sempiterna

1860 1483 2063 1543 quoque
2104 1470 2266 1525 virtus
2291 1471 2429 1543 .ejus
2469 1488 2532 1539 ac
2561 1471 2809 1527 divinitas
2845 1471 3025 1547 (Rem.
3051 1474 3113 1549 ι).
3155 1474 3463 1534 Notandum

1837 1566 2044 1634 autem
2071 1561 2216 1631 quod
2245 1560 2576 1633 Redemptor
2596 1571 2784 1620 noster
2810 1572 3048 1627 tentatus
3074 1565 3195 1623 ideo
3214 1583 3313 1640 per
3337 1584 3461 1625 sen-

1863 1651 2061 1708 tentias
2096 1651 2502 1727 Scripturarum
2548 1655 2764 1713 diabolo
2812 1658 3116 1739 respondit,
3160 1661 3287 1732 quia
3332 1676 3463 1737 pro-

1860 1743 2099 1815 positum
2120 1745 2171 1808 ei
2203 1756 2323 1803 erat
2345 1748 2653 1805 humilitate
2678 1750 2954 1808 diabolum
2977 1752 3194 1825 vincere
3216 1770 3324 1813 non
3358 1770 3459 1827 po-

159 1835 261 1891 hia:
288 1836 347 1893 iii
373 1838 596 1909 dubium
626 1839 793 1897 venit.
825 1839 971 1899 Nihil
1000 1841 1199 1915 quippe
1226 1859 1286 1901 se
1326 1844 1432 1901 nisi
1469 1847 1760 1918 superbum
1788 1825 1838 1889 Β
1866 1835 2057 1892 ιεηιίει·
2094 1836 2372 1921 Nobisque
2407 1841 2715 1917 exemplum
2748 1842 2918 1912 dedit,
2944 1850 3003 1923 ιιι
3038 1845 3250 1919 quoties
3270 1859 3300 1905 a
3334 1825 3462 1917 ura-

156 1927 357 1995 sciens,
388 1944 514 1995 cum
542 1931 688 1989 hunc
711 1947 830 1993 eSSe
854 1932 1115 1993 humilem
1140 1937 1427 2010 conspicit,
1467 1938 1759 2009 Dominum

155 2032 277 2076 esse
306 2019 597 2087 dubitavit,
632 2024 773 2104 unde
797 2031 852 2082 et
872 2025 941 2083 ad
972 2027 1331 2099 mutationum
1354 2046 1414 2088 se
1440 2040 1759 2105 argumenta

155 2113 450 2173 convertit.
492 2113 600 2179 Sed
623 2131 732 2179 non
758 2117 900 2183 sicut
926 2134 1047 2189 nos,
1083 2121 1176 2195 qui
1217 2124 1337 2195 puri
1389 2125 1638 2183 homines
1661 2142 1757 2183 su-

153 2222 300 2283 mus,
332 2207 577 2269 irruente
621 2226 764 2289 smpti
796 2213 1094 2283 tentatione
1140 2216 1506 2285 conculimur,
1538 2220 1615 2277 ita
1648 2218 1756 2277 Re-

152 2295 457 2370 demptoris
486 2301 659 2363 nostri
707 2303 888 2367 anima
932 2308 1247 2369 tentationis
1298 2318 1385 2377 eSt
1432 2311 1757 2373 necessitate

152 2389 390 2461 turbata.
424 2390 621 2455 Tribus
646 2409 882 2469 namque
926 2398 1104 2459 modis
1131 2401 1358 2465 tentatio
1386 2402 1587 2479 agitur,
1625 2419 1756 2476 sug-

151 2481 419 2559 gestione,
468 2483 852 2559 delectatione,
898 2505 1189 2560 consensu,
1247 2502 1304 2551 et
1352 2508 1453 2561 nos
1480 2510 1603 2552 cum
1635 2504 1754 2551 ten-

152 2580 333 2637 tamur
377 2575 699 2653 plerumque
754 2580 811 2643 in
854 2582 1290 2659 delectationem,
1337 2596 1434 2649 aut
1479 2589 1642 2647 etiam
1696 2590 1753 2647 in

150 2682 479 2735 censetisum
505 2671 761 2731 labimur.
792 2674 929 2743 Quia
955 2679 1135 2739 carnis
1173 2689 1401 2755 peccato
1441 2682 1751 2757 propagati,

149 2758 205 2821 in
225 2762 635 2837 nobismetipsis
688 2767 851 2825 etiam
885 2770 1124 2841 gerimus
1164 2773 1305 2830 unde
1344 2774 1644 2843 pertamiua
1667 2782 1752 2831 to-

148 2850 403 2914 leramus.
439 2856 584 2919 Deus
606 2875 736 2917 vero
762 2862 856 2933 qui
879 2863 949 2931 ad
976 2866 1375 2937 susceptionem
1421 2868 1605 2927 carnis
1632 2869 1751 2925 sine

148 2956 371 3016 peccato
428 2960 677 3020 venerat,
728 2953 806 3010 nil
855 2957 1303 3023 contradictionis
1351 2959 1407 3017 in
1452 2961 1751 3034 semetipso

151 3040 436 3103 tolerabat.
497 3043 718 3111 Tentari
775 3062 906 3123 ergo
945 3065 1043 3124 per
1096 3052 1497 3129 suggestionem
1549 3055 1746 3125 potuit,

147 3131 239 3187 sed
293 3134 417 3204 ejus
465 3144 702 3209 mentem
749 3140 959 3213 peccati
1009 3141 1297 3203 delectatio
1348 3161 1459 3213 non
1512 3161 1749 3205 momor-

148 3220 243 3275 dit.
300 3224 481 3296 Atque
524 3226 644 3287 ideo
676 3230 859 3305 omnis
883 3230 1148 3291 diabolica
1189 3232 1283 3291 illa
1324 3237 1551 3311 tentatio
1592 3237 1746 3305 foris,

147 3326 254 3369 non
279 3314 430 3373 intus
477 3315 598 3374 fuit.
652 3319 743 3391 Sic
775 3322 921 3379 enim
948 3323 1202 3397 dignatus
1252 3337 1337 3384 est
1364 3328 1482 3389 haec
1508 3331 1750 3405 exterius

149 3417 343 3465 cuncta
368 3411 667 3484 suscipere,
695 3421 757 3471 ut
797 3424 977 3472 tamen
1002 3416 1120 3490 ejus
1169 3434 1329 3491 mens
1354 3421 1588 3493 interius
1615 3424 1751 3481 divi—

145 3498 305 3555 nitati
343 3516 457 3558 sua:
514 3502 802 3573 inhaerens,
849 3507 1176 3567 inconcussa
1227 3523 1593 3587 permaneret.
1646 3514 1748 3591 Qui

145 3590 248 3644 etsi
277 3592 498 3662 quando
525 3597 773 3659 turbatus
801 3599 996 3670 Spiritu
1024 3601 1371 3677 intremuisse
1390 3606 1608 3674 dicitur,
1632 3590 1748 3679 ipse

144 3680 412 3741 divinitus
454 3684 774 3755 disponebat
820 3700 1083 3761 quantum
1124 3694 1241 3766 ipse
1282 3695 1602 3759 humttnitus
1633 3708 1747 3755 tur-

142 3772 393 3829 baretur.
451 3777 728 3849 Esurienti
764 3783 964 3856 quippe
1013 3785 1242 3843 Domino
1289 3804 1399 3847 non
1448 3791 1514 3847 de
1559 3792 1743 3861 humo,

143 3881 249 3922 nec
274 3868 345 3923 de
368 3868 519 3938 leno,
544 3874 641 3930 sed
686 3877 753 3932 de
791 3877 1061 3950 lapidibus
1086 3898 1256 3953 panes
1293 3883 1477 3943 facere
1501 3886 1747 3944 diabolus

144 3960 344 4027 suasit,
382 3962 509 4032 quia
550 3974 733 4022 mente
778 3970 946 4024 durus
986 3972 1243 4030 duritiam
1274 3989 1528 4033 sermone
1566 3989 1745 4034 osten-

148 4052 246 4108 dit.
276 4052 399 4121 Dic,
423 4055 619 4128 inquit,
650 4068 704 4112 ut
725 4056 927 4129 lapides
950 4062 1040 4116 isti
1060 4080 1225 4133 panes
1246 4064 1402 4135 ﬁant.
1446 4065 1566 4123 Non
1610 4069 1746 4125 dixit

149 4142 257 4211 (ac,
285 4145 385 4203 sed
407 4145 514 4215 die,
538 4149 663 4217 quia
702 4151 970 4222 scriptum
1008 4164 1238 4215 noverat
1263 4175 1275 4211 :
1311 4157 1459 4213 Dixit
1482 4158 1625 4217 Deus
1644 4160 1742 4232 ﬁat

147 4232 260 4300 tu,
278 4247 329 4291 et
352 4240 496 4306 facta
517 4250 593 4303 est
613 4240 708 4297 tua:
728 4239 881 4314 (Cen.
921 4244 987 4317 ι).
1018 4246 1086 4307 Ει
1111 4247 1243 4305 alibi
1269 4267 1281 4303 :
1312 4249 1450 4317 Quia
1476 4251 1586 4322 ipse
1607 4251 1742 4311 dixit

150 4333 198 4381 et
243 4326 387 4395 facta
432 4339 576 4398 sunt,
606 4332 715 4401 ipse
762 4335 1031 4391 mandauit
1076 4346 1125 4391 et
1174 4350 1351 4401 creata
1391 4352 1514 4395 sunt
1564 4340 1738 4414 (Psal.

154 4419 348 4490 xuii).
386 4419 580 4477 Dicere
607 4426 752 4479 enim
778 4423 897 4492 Dei,
924 4424 1108 4483 facere
1132 4436 1234 4485 est.
1267 4429 1376 4485 Sed
1398 4431 1453 4485 in
1480 4433 1587 4489 hoc
1606 4447 1742 4505 quo-

153 4522 255 4575 que
279 4509 375 4565 Dei
400 4510 571 4573 Filius
601 4514 948 4572 admirandus
989 4533 1099 4581 non
1147 4528 1252 4587 est,
1281 4520 1329 4574 si
1374 4536 1443 4576 ex
1472 4521 1741 4594 lapidibus

154 4610 316 4665 panes
345 4611 518 4669 creet,
541 4620 666 4663 cum
690 4607 794 4662 hoc
816 4610 1055 4678 quotidie
1083 4611 1245 4682 jactis
1272 4614 1329 4669 in
1360 4621 1559 4671 terram
1582 4618 1743 4675 semi-

157 4688 309 4745 nibus
328 4691 482 4758 facit,
500 4692 698 4765 Riguus
719 4707 917 4753 montes
940 4700 1005 4753 de
1023 4703 1378 4772 superioribus
1392 4707 1523 4771 suis,
1539 4717 1594 4763 ut
1615 4708 1745 4763 edu-

158 4789 235 4832 cat
247 4799 439 4850 panem
451 4784 517 4841 de
534 4793 699 4854 terra,
714 4799 761 4842 et
777 4789 951 4845 vinum
974 4790 1201 4863 lwtiﬁcet
1216 4810 1307 4847 cor
1324 4796 1552 4851 hominis
1567 4798 1741 4867 (Psal.

157 4880 291 4947 uti}.
312 4875 543 4949 Mystice
559 4891 743 4941 autem
768 4898 837 4938 ex
858 4884 1128 4956 lapidibus
1154 4902 1323 4959 panes
1350 4890 1497 4956 l'acit,
1524 4905 1647 4945 cum
1669 4890 1750 4946 di-

160 4976 341 5023 νετδαε
358 4980 571 5041 nentes,
596 4991 717 5047 quae
731 4976 1000 5047 lapidibus
1020 4982 1091 5037 ob
1110 4982 1364 5038 duritiam
1379 4984 1580 5040 mentis
1598 4999 1747 5041 com-

162 5070 448 5129 parantur,
488 5076 589 5133 per
613 5068 964 5134 vaaelium
1012 5073 1069 5128 in
1100 5089 1302 5145 corpus
1330 5091 1488 5132 suum
1527 5077 1742 5147 redigit.

165 5148 298 5216 Quia
320 5154 620 5229 secundum
648 5154 1004 5226 Apostolum:
1049 5162 1197 5211 Unus
1231 5169 1748 5227 Ww-

166 5255 260 5309 tm
283 5260 378 5303 nos
399 5245 553 5302 multi
587 5263 767 5309 sumus
787 5248 845 5303 in
873 5245 1082 5307 Christo
1108 5246 1237 5305 Iesu
1265 5245 1316 5318 (Ι
1338 5245 1463 5305 Cor.
1487 5248 1568 5319 χ).

235 5335 305 5399 Et
326 5340 641 5411 respondens
666 5340 819 5408 dixit,
834 5339 1098 5415 Scriptum
1116 5350 1197 5409 est
1211 5355 1232 5393 .'
1251 5338 1305 5395 Ν
1308 5358 1376 5409 on
1400 5342 1457 5396 in
1480 5340 1594 5413 solo
1611 5359 1751 5414 pane

171 5427 289 5485 uiuit
332 5431 515 5499 Itone,
536 5432 629 5489 sed
658 5433 715 5489 in
741 5433 883 5495 omni
927 5434 1078 5493 uerbo
1118 5434 1259 5505 quod
1293 5434 1526 5505 procedit
1553 5435 1618 5491 de
1660 5453 1752 5491 ore

174 5514 289 5579 Dei.
318 5523 711 5589 Testimonium
749 5525 857 5587 hoc
898 5527 966 5583 de
1010 5527 1430 5591 Deuteronomio
1480 5534 1753 5599 ωωυιυω

174 5618 274 5702 est.
328 5615 431 5702 tibi
476 5617 689 5690 Hoyses
734 5619 1177 5677 commemoravit
1223 5620 1422 5693 populo
1467 5620 1752 5690 beneﬁcia,

181 5700 357 5765 dictum
372 5700 447 5769 ad
460 5726 558 5771 eos
581 5731 593 5767 :
624 5712 779 5771 Dedit
796 5713 892 5768 tibi
910 5712 1167 5771 Dominus
1187 5715 1360 5770 cibum
1385 5730 1599 5781 manna,
1613 5712 1753 5785 quod

168 5792 453 5875 σίσηωαὸοᾳ
478 5813 560 5880 ευ,
597 5818 645 5866 et
668 5817 844 5879 patres
868 5810 952 5867 tui
993 5807 1174 5881 (Deut.
1197 5808 1339 5881 vni),
1366 5816 1425 5871 ut
1446 5808 1755 5869 ostenderet

1769 4563 1821 4623 D

1864 1929 1946 1987 vis
1980 1930 2289 1987 hominibus
2317 1932 2521 2015 aliquid
2544 1936 2810 2013 patimur,
2838 1935 2911 2007 ad
2948 1935 3252 1995 doctrinam
3280 1936 3461 2007 potius

1862 2024 2184 2092 excitemur,
2232 2040 2395 2101 quam
2436 2027 2505 2083 ad
2551 2028 2870 2087 vindictam.
2902 2028 3086 2089 Hostis
3108 2031 3252 2097 enim
3275 2038 3461 2103 noster

1861 2118 2039 2177 adhuc
2066 2119 2119 2175 in
2159 2120 2263 2175 hac
2292 2121 2405 2193 vita
2431 2137 2529 2179 nos
2554 2122 2785 2196 positos,
2809 2133 3015 2195 quanto
3040 2123 3213 2197 magis
3232 2138 3333 2178 nos
3354 2121 3459 2178 sibi

1858 2210 2125 2269 rebellare
2169 2216 2457 2289 conspicit,
2510 2225 2660 2274 tanto
2713 2216 2945 2290 amplius
2990 2231 3302 2291 expugnare
3329 2232 3460 2273 con-

1857 2306 2053 2385 tendit.
2109 2307 2218 2365 Eos
2252 2323 2491 2381 namque
2535 2309 2755 2382 pulsare
2789 2309 3037 2385 negligit,
3087 2325 3224 2381 quos
3275 2309 3460 2380 quieto

1847 2382 1976 2473 jure
2015 2403 2299 2474 possidere
2339 2419 2400 2463 se
2433 2404 2617 2462 sentit.
2669 2406 2873 2460 Contra
2905 2382 3003 2471 nos
3033 2419 3162 2460 vero
3206 2418 3271 2459 eo
3296 2403 3462 2458 vehe-

1855 2494 2095 2551 mentius
2118 2494 2378 2553 incitatur
2403 2511 2510 2568 quo
2534 2511 2604 2552 ex
2647 2498 2811 2553 corde
2835 2503 3024 2553 nostro
3052 2496 3209 2569 quasi
3231 2510 3300 2551 ex
3335 2493 3461 2567 jure

1852 2590 2088 2665 prOprize
2122 2590 2473 2659 habitationis
2498 2590 2806 2662 expellitur.
2840 2589 2954 2648 Hoc
3001 2589 3148 2646 enim
3179 2589 3234 2665 in
3257 2604 3317 2645 se
3338 2588 3458 2662 ipso

1854 2680 2118 2745 Dominus
2163 2684 2266 2741 sub
2308 2684 2542 2758 quadam
2576 2683 2982 2755 dispensatione
3040 2681 3314 2759 ﬁguravit,
3365 2678 3460 2753 qui

1854 2773 2130 2833 diabolum
2155 2790 2265 2831 non
2287 2775 2393 2831 nisi
2417 2783 2541 2851 post
2560 2775 2832 2847 baptisma
2857 2790 2917 2833 se
2947 2781 3159 2833 tentare
3182 2772 3457 2851 permisit,

1852 2873 1914 2923 ut
1939 2865 2154 2937 signum
2180 2867 2338 2927 nobis
2377 2866 2650 2937 quoddam
2688 2865 2885 2927 futurae
2915 2863 3347 2922 conversationis
3376 2861 3460 2915 in-

1851 2966 2074 3023 nueret,
2103 2959 2249 3033 quod
2282 2960 2527 3035 membra
2566 2958 2683 3030 ejus
2720 2966 3011 3033 postquam
3039 2956 3105 3010 ad
3132 2955 3303 3031 Deum
3326 2967 3454 3024 pro-

1851 3049 2227 3111 ticiscerentur
2252 3092 2272 3123 ,
2326 3061 2458 3119 tunc
2511 3052 2754 3131 acriores
2813 3050 3177 3125 tentatiouum
3232 3047 3459 3111 insidias

1854 3143 2152 3209 tolerarent
2168 3190 2169 3195 η

1929 3233 2076 3290 Tunc
2108 3236 2389 3307 assumpsit
2414 3252 2535 3293 eum
2558 3233 2802 3291 diabolus
2822 3234 2878 3289 in
2903 3241 3146 3289 sanctam
3170 3231 3456 3299 civitatem,

1849 3335 1901 3397 et
1929 3327 2113 3382 statuit
2150 3344 2287 3382 .eum
2334 3345 2497 3400 supra
2542 3325 2891 3401 pinnaculum
2931 3325 3127 3397 templi.
3185 3319 3457 3396 (Eiet-on.)

1850 3417 2168 3488 Assumplio
2193 3417 2297 3473 ista
2322 3433 2447 3490 quae
2473 3416 2692 3484 dicitur,
2722 3432 2831 3475 non
2859 3431 2927 3472 ex
2963 3413 3337 3489 imbecillitate
3361 3412 3459 3463 Do-

1851 3508 1986 3562 mini
2014 3509 2183 3575 venit,
2212 3509 2311 3571 sed
2354 3508 2421 3569 de
2449 3508 2654 3567 inimici
2686 3504 2967 3577 superbia,
2998 3505 3091 3575 qui
3120 3498 3457 3555 voluntatem

1852 3595 2149 3653 Salvatoris
2178 3579 2562 3655 necessitatem
2585 3594 2827 3667 putavit:
2875 3609 2944 3649 ex
2984 3592 3089 3647 hoc
3130 3598 3311 3645 autem
3336 3588 3456 3644 loco

1850 3688 2175 3759 intelligitur
2198 3690 2331 3762 quid
2351 3688 2422 3745 sit
2452 3688 2583 3743 illud
2610 3687 2828 3761 quodin
2861 3686 2968 3742 alio
2996 3684 3116 3740 loco
3145 3701 3159 3738 :
3196 3683 3453 3738 Abierunt

1849 3783 2164 3837 iusanctam
2210 3781 2492 3849 civitatem,
2524 3792 2571 3835 et
2626 3777 2805 3837 multis
2835 3784 3193 3850 apparuerunt
3234 3772 3449 3847 (Matth.

1846 3873 2040 3949 xxvii).
2059 3872 2354 3947 (MAURUS.)
2377 3872 2576 3929 Sancta
2590 3882 2773 3927 autem
2790 3871 2984 3926 civitas
2997 3866 3298 3923 Jerusalem
3312 3865 3453 3919 dice-

1847 3964 2026 4033 batur,
2055 3964 2110 4020 in
2134 3981 2239 4036 qua
2269 3963 2525 4036 templum
2553 3964 2649 4027 Dei
2676 3971 2870 4018 eratet
2898 3969 3089 4017 sancta
3115 3965 3448 4026 sanctorum,

1847 4065 1904 4112 et
1930 4056 2109 4112 cultus
2152 4057 2316 4115 unius
2347 4055 2445 4113 Dei
2475 4055 2778 4113 secundum
2806 4053 2982 4127 legem
3025 4050 3217 4125 Moysi.
3260 4047 3456 4105 Pinna-

1846 4150 2028 4207 culum
2059 4158 2242 4206 autem
2267 4150 2554 4208 summitas
2583 4161 2668 4204 est
2693 4149 2841 4204 tecti.
2893 4146 3012 4202 Non
3041 4144 3188 4201 enim
3215 4142 3453 4198 habebat

1846 4245 2108 4315 templum
2138 4244 2353 4302 culmen
2386 4245 2445 4323 in
2492 4242 2864 4315 superioribus
2892 4241 3031 4317 sicut
3060 4254 3163 4295 nec
3198 4236 3451 4291 taberna-

1846 4338 2050 4405 culum,
2080 4338 2175 4393 sed
2201 4345 2318 4393 erat
2349 4336 2574 4415 mqualc.
2607 4335 2896 4411 Quomodo
2918 4333 3173 4401 omnibus
3200 4331 3255 4385 in
3281 4326 3452 4415 Baiae-

1844 4433 1985 4488 stitia
2007 4440 2064 4487 et
2082 4431 2321 4505 tEgypto
2336 4431 2527 4491 domus
2546 4412 2940 4513 aedilicautibus
2952 4424 3136 4481 facere
3158 4412 3324 4478 moris
3344 4427 3448 4475 est.

1918 4526 1988 4581 Et
2008 4526 2144 4581 dixit
2187 4526 2276 4581 ei:
2324 4524 2387 4583 Si
2426 4510 2741 4595 Filius'Dei
2790 4538 2864 4587 es,
2917 4521 3062 4573 mitte
3093 4526 3143 4571 te
3179 4517 3445 4568 deorsum.

1848 4618 2076 4693 (Hilar.)
2101 4617 2159 4674 In
2187 4617 2451 4694 omnibus
2465 4614 2857 4677 tentationibus
2896 4609 3009 4666 suis
3037 4609 3155 4700 hoc
3190 4605 3307 4700 Egit
3327 4603 3451 4700 .dia—

1844 4687 2025 4775 holus,
2056 4687 2118 4762 ut
2152 4687 2502 4781 ῇιιιεωεεέέξεί
2529 4704 2703 4781 ἓᾞρμὲ
2738 4702 2841 4761 Dei
2888 4700 2978 4746 sit.
3028 4698 3133 4746 Sed
3185 4687 3449 4781 Dominus

1846 4800 1929 4850 sic
1949 4778 2667 4862 responnsionemteinpérat,
2714 4793 2773 4843 ut
2815 4798 2941 4838 eum
2985 4779 3450 4853 relinquatambi-

1849 4899 2033 4959 guum.
2066 4881 2219 4935 Mitte
2257 4890 2307 4933 te
2348 4879 2595 4935 deorsum
2640 4876 2735 4943 ait,
2783 4874 2910 4949 quia
2952 4890 3057 4931 vox
3094 4871 3310 4935 diaboli,
3341 4886 3448 4941 qua

1853 4991 2068 5047 semper
2095 4990 2286 5030 omnes
2318 4973 2511 5028 cadere
2534 4972 2791 5055 deorsum
2818 4969 3091 5033 desiderat
3117 4965 3448 5039 persuadere

1850 5081 2050 5148 potest,
2080 5070 2425 5145 praecipitare
2476 5083 2585 5124 non
2629 5074 2836 5147 potest;
2876 5060 3449 5148 (iisunus)siiiiulque

1840 5167 2148 5230 notandum
2197 5164 2351 5229 αμοά
2378 5162 2636 5229 ,Christus
2664 5160 2789 5231 licet
2815 5157 3085 5235 diabolum
3109 5153 3448 5235 permisisset

1852 5268 1916 5323 se
1952 5268 2120 5322 super
2149 5250 2498 5326 pinnaeulum
2540 5250 2725 5325 templi
2766 5264 2990 5321 ponere,
3040 5256 3217 5307 tamen
3270 5244 3452 5301 renuit

1854 5346 1926 5413 ad
1950 5346 2067 5416 ejus
2115 5345 2403 5416 imperium
2428 5344 2679 5405 deorsum
2729 5342 3077 5399 descendere.
3132 5338 3298 5396 Nobis
3345 5352 3446 5409 pro

1857 5436 2122 5509 exemplo,
2152 5446 2212 5493 ut
2238 5436 2487 5509 quisquis
2524 5434 2872 5507 imperaverit
2896 5434 3039 5490 viam
3078 5432 3324 5488 veritatis
3358 5446 3447 5486 ar-

1858 5538 2001 5586 ctam
2041 5538 2095 5585 et
2120 5544 2413 5600 supernam
2457 5542 2560 5584 nos
2598 5525 2911 5593 ascendere,
2966 5524 3440 5595 obtemperemus;

1858 5622 1908 5683 si
1929 5622 2052 5692 quis
2072 5629 2254 5678 autem
2275 5619 2388 5676 vult
2404 5634 2505 5675 nos
2526 5617 2667 5676 lictis
2697 5616 3038 5683 suasionibus
3062 5617 3128 5691 de
3159 5615 3446 5695 altitudine

1863 5716 2106 5773 veritatis
2135 5724 2189 5772 et
2240 5715 2499 5771 virtutum
2554 5714 2623 5771 ad
2675 5714 2788 5770 ima
2836 5713 3039 5771 erroris
3084 5719 3146 5777 et
3189 5710 3445 5782 vitiorum

1862 5807 2222 5883 praecipitare,
2251 5821 2359 5863 non
2386 5806 2537 5863 illum
2575 5804 2876 5863 audiamus.
2922 5804 3058 5863 Nam
3089 5805 3142 5858 in
3170 5802 3289 5857 istis
3312 5798 3443 5853 duo-

3487 368 3513 475 ξ
