3914 6448
436 366 543 427 785

1114 365 1176 419 Β.
1215 364 1475 422 BABANI
1510 361 1731 422 MAURI
1766 360 2089 420 ARClllEP.
2129 359 2441 419 MOGUNT.
2481 359 2770 420 OPERUM
2802 360 2986 419 PARS
3021 360 3066 418 Ι.

3625 364 3737 423 ’183

433 489 540 545 bus
574 481 873 556 apostolica
902 494 1001 536 nos
1020 480 1243 536 instruit
1281 480 1493 536 oratio:
1528 478 1663 536 dicit
1690 478 1833 534 enim
1870 478 2015 533 Pau-
2041 473 2098 536 A
2119 476 2319 532 mirum
2357 476 2403 532 si
2439 491 2499 533 se
2526 477 2775 549 permisit
2794 478 2864 534 ab
2890 477 2986 535 illo
3010 478 3067 534 in
3094 486 3335 536 montem
3360 483 3517 547 duci,
3548 482 3654 553 qui
3682 500 3743 541 se

427 579 515 635 lus
540 579 609 633 ad
628 574 999 646 Philippeuses
1018 570 1127 627 ita:
1152 570 1385 638 Quidam
1398 588 1519 643 ergo
1542 578 1753 643 propter
1771 570 2023 625 invidiam

427 679 477 725 et
501 668 900 731 contentionem,
927 664 1145 736 quidam
1175 673 1350 719 autem
1387 672 1598 735 propter
1617 663 1809 718 bonam
1833 661 2023 717 volun-

428 772 590 818 tatem
617 757 885 814 Christum
911 756 1204 828 prtedicant
1244 752 1466 828 (Philip.
1488 752 1551 826 ι).
1581 753 1650 808 Et
1675 753 1835 824 paulo
1857 760 1978 823 post
2004 770 2016 807 :

429 852 571 920 Quid
597 852 758 919 enim,
785 848 984 921 inquit,
1009 848 1138 904 dum
1164 846 1464 903 omnimodo
1505 845 1611 900 sive
1652 862 1745 916 per
1783 846 2021 900 occasio-

426 962 568 1012 nem,
589 944 698 999 sive
721 959 815 1014 per
834 942 1105 997 veritatem
1133 936 1375 995 Christus
1418 936 1783 1002 annuntietur,
1822 937 1879 990 in
1922 935 2019 988 hoc

423 1036 649 1110 gaudeo,
680 1034 772 1091 sed
800 1043 849 1090 et
870 1033 1130 1106 gaudebo,
1172 1033 1283 1087 scio
1308 1031 1448 1086 enim
1470 1030 1722 1102 quoniam
1764 1028 1862 1082 hoc
1890 1026 2021 1079 mihi

422 1129 690 1201 proveniet
713 1127 783 1181 ad
812 1125 1038 1182 salutem
1067 1141 1162 1198 per
1185 1133 1412 1179 vestram
1436 1122 1729 1176 orationem
1756 1137 1776 1186 ;
1802 1132 2022 1174 rursum

422 1222 491 1276 ad
525 1219 746 1276 Galatas
771 1219 845 1275 ait
869 1237 883 1274 :
916 1217 1063 1274 Licet
1116 1233 1230 1283 nos,
1257 1224 1350 1271 aut
1378 1212 1593 1286 angelus
1620 1213 1685 1267 de
1710 1211 1837 1268 caelo
1862 1228 2021 1267 evan-

419 1313 607 1385 gelizet
638 1312 779 1369 vobis
808 1320 1156 1383 prwterquam
1196 1305 1662 1379 evangelizavimus
1684 1304 1852 1370 vobis,
1892 1318 2022 1357 ana-

419 1406 594 1459 thema
623 1405 695 1458 sit
728 1400 872 1475 (Gal.
896 1400 960 1474 ι).

494 1492 761 1565 Scriptum
794 1500 873 1548 est
894 1492 1035 1547 enim
1058 1491 1185 1563 quia
1206 1488 1404 1562 angelis
1430 1490 1541 1544 suis
1566 1486 1833 1543 mandavit
1856 1484 1924 1539 de
1946 1492 2015 1550 te,

419 1595 476 1641 ut
497 1585 556 1641 in
578 1584 822 1640 manibus
850 1582 1041 1639 tollant
1071 1592 1143 1649 te,
1177 1599 1240 1637 ne
1271 1581 1406 1652 forte
1434 1579 1672 1651 offendas
1698 1578 1767 1633 ad
1790 1576 2019 1648 lapidem

416 1679 603 1749 pedem
649 1687 816 1734 tuum.
873 1675 1147 1749 (Hieron.)
1194 1676 1310 1732 Hoc
1337 1677 1392 1732 in
1424 1691 1490 1731 xc
1519 1674 1729 1747 psalmo
1766 1672 2018 1743 legimus,

416 1771 515 1826 sed
536 1770 612 1828 ibi
657 1785 768 1826 non
822 1771 890 1827 de
943 1769 1184 1836 Christo,
1224 1771 1321 1826 sed
1357 1769 1479 1824 viro
1507 1776 1697 1824 sancto
1735 1764 2020 1837 prophetia

2127 568 2347 640 pertulit
2393 569 2555 626 etiam
2598 585 2629 625 a
2658 570 2917 627 membris
2945 570 3088 627 illitis
3111 571 3391 645 cruciﬁgi?
3422 573 3738 647 (Maenas)

2126 659 2357 733 Mystice
2396 669 2580 718 autem
2608 677 2764 719 mons
2801 663 2905 719 iste
2943 664 3251 734 superbiam
3291 664 3583 737 significat
3622 666 3739 722 dia-

2124 750 2233 809 boli
2252 794 2267 819 ,
2294 767 2394 823 per
2419 768 2583 823 quam
2619 752 2736 825 ipse
2769 754 3027 825 deceptus
3063 763 3178 824 est,
3206 761 3263 809 et
3290 753 3432 811 alios
3474 754 3739 828 decipere

2125 846 2305 916 gestit.
2338 844 2475 901 Nam
2504 846 2766 902 Dominus
2792 847 2860 903 ad
2883 846 3132 913 humilia,
3159 848 3230 904 ad
3268 850 3617 920 campestria
3647 850 3740 905 de-

2126 937 2357 1004 scendit,
2380 946 2443 993 ut
2471 937 2743 995 diabolum
2784 936 3094 995 humilitate
3121 947 3425 1009 superaret.
3466 936 3737 995 Diabolus

2126 1038 2308 1085 autem
2334 1030 2530 1086 ducere
2567 1044 2694 1086 eum
2718 1029 2784 1085 ad
2807 1036 3049 1086 montem
3077 1028 3316 1096 festinat,
3337 1037 3401 1085 ut
3429 1045 3537 1100 per
3569 1046 3734 1101 quem

2125 1120 2241 1191 ipse
2285 1129 2567 1177 corruerat
2610 1120 2774 1176 etiam
2801 1121 2986 1177 ueteri
3028 1128 3304 1177 corruant.
3334 1118 3623 1186 Ostendit,
3658 1122 3736 1177 iu-

2126 1212 2263 1283 quit,
2290 1212 2338 1269 ei
2367 1214 2546 1269 omnia
2571 1212 2755 1267 mundi
2786 1229 2970 1284 regna,
2992 1221 3041 1269 et
3065 1212 3289 1284 gloriam
3318 1229 3533 1268 eorum.
3566 1213 3735 1286 Igitur

2126 1306 2386 1364 adversus
2411 1306 2700 1363 Dominum
2723 1313 2834 1362 tota
2863 1305 2979 1375 jam
3005 1306 3189 1363 saeculi
3220 1313 3501 1376 potestate
3524 1321 3735 1377 pum

2122 1410 2235 1469 tur,
2262 1408 2319 1457 et
2345 1401 2579 1458 creatori
2606 1417 2706 1457 suo
2732 1401 3005 1471 possessio
3048 1397 3209 1469 hujus
3244 1399 3643 1455 universitatis
3659 1398 3733 1454 of-

2124 1490 2318 1560 fertur,
2343 1501 2403 1547 ut
2425 1500 2614 1549 tenens
2639 1492 2888 1548 ordinem
2910 1490 3117 1546 fraudis
3144 1489 3405 1561 antiquze,
3440 1505 3619 1560 quem
3642 1504 3731 1545 ne-

2126 1599 2233 1655 que
2280 1584 2403 1641 cibo
2458 1583 2775 1655 pellexerat,
2823 1599 2926 1639 nec
2973 1582 3091 1640 loco
3146 1590 3413 1647 moverat,
3450 1597 3609 1639 nunc
3655 1582 3731 1636 vel

2127 1678 2422 1735 ambitione
2441 1687 2775 1750 corrumpat.
2801 1676 2983 1734 Gloria
3005 1678 3153 1734 enim
3180 1692 3489 1749 regnorum
3518 1675 3728 1741 mundi,

2126 1770 2239 1826 sive
2268 1769 2421 1826 favor
2460 1771 2711 1826 humana:
2749 1769 2946 1835 laudis,
2970 1784 3091 1839 qua:
3119 1768 3361 1824 maxime
3407 1768 3646 1840 regibus
3686 1776 3734 1821 et

415 1870 518 1918 est.
574 1861 714 1918 Male
765 1877 896 1934 ergo
946 1862 1340 1934 interpretatur
1399 1861 1711 1931 Scripturas
1753 1856 2019 1913 diabolus-
2048 1858 2099 1920 B
2126 1863 2435 1934 potentibus
2454 1862 2615 1934 hujus
2633 1862 2823 1917 mundi
2849 1861 3016 1929 favet,
3048 1877 3143 1918 seu
3183 1860 3416 1917 ambitio
3449 1860 3729 1931 quaslibet,

415 1953 577 2012 Certe
625 1955 673 2012 si
714 1970 846 2012 vere
894 1953 963 2010 de
1013 1953 1296 2011 Salvatore
1327 1954 1591 2025 scriptum
1633 1959 1882 2018 noverat,
1912 1951 2018 2005 de-

413 2046 612 2105 buerat
635 2057 692 2105 et
716 2048 847 2105 illud
876 2049 1076 2117 dicere,
1107 2049 1254 2120 quod
1276 2049 1334 2105 in
1364 2047 1557 2104 eodem
1586 2045 1800 2117 psalmo
1823 2052 2017 2101 contra

415 2157 475 2198 se
499 2142 780 2212 sequitur:
812 2140 982 2213 Super
1010 2142 1246 2215 aspidem
1285 2150 1335 2197 et
1357 2140 1663 2197 basiliscum
1700 2137 2013 2201 ambulabis,

412 2242 463 2288 et
491 2232 823 2288 conculcabis
874 2232 1076 2288 leonem
1121 2243 1171 2289 et
1200 2233 1507 2288 draconem.
1543 2230 1621 2287 De
1649 2229 1893 2303 angelico
1922 2244 2019 2283 au-

413 2325 546 2382 xilio
586 2327 745 2398 quasi
788 2326 858 2383 ad
886 2325 1169 2382 infirmum
1219 2324 1481 2397 loquitur,
1514 2324 1583 2380 de
1613 2322 1697 2379 sui
1733 2321 2020 2378 conculca-

411 2416 584 2484 tioue,
613 2418 772 2489 quasi
811 2419 1220 2490 tergiversator,
1268 2424 1431 2473 tacet.
1462 2416 1551 2471 Ait
1594 2414 1678 2469 illi
1714 2414 1872 2470 Jesus
1901 2431 2021 2468 rur-

415 2524 560 2575 sum,
602 2507 874 2580 Scriptum
914 2518 1033 2566 est:
1079 2507 1207 2563 Non
1250 2508 1473 2564 tentabis
1519 2507 1805 2563 Dominum
1850 2505 2019 2561 Deum

413 2606 586 2654 tuum.
641 2597 831 2656 Falsas
882 2601 952 2657 de
999 2600 1299 2671 Scripturis
1344 2598 1548 2654 diaboli
1597 2598 1828 2669 sagittas
1874 2597 2020 2654 veris

417 2689 828 2763 Scripturarum
870 2691 1075 2766 frangit
1119 2692 1345 2764 clypeis.
1373 2691 1442 2746 Et
1471 2697 1623 2757 nota,
1648 2690 1793 2761 quod
1822 2704 2017 2745 neces-

412 2782 560 2838 saria
617 2782 932 2840 testimonia
985 2784 1053 2840 de
1104 2782 1526 2840 Deuteronomio
1573 2790 1787 2838 tantum
1834 2792 2020 2854 protu-

411 2869 556 2939 lerit,
585 2881 648 2928 ut
689 2876 942 2932 secunda:
983 2875 1119 2948 legis
1145 2884 1486 2932 sacramenta
1512 2882 1863 2931 monstraret.
1893 2873 2020 2929 Non

411 2963 655 3030 tentabis,
679 2963 876 3034 inquit,
906 2964 1196 3020 Dominum
1215 2965 1386 3020 Deum
1421 2974 1588 3031 tuum,
1618 2964 1802 3036 (A’ug.)
1829 2978 2021 3034 sugge-

411 3053 638 3129 rebatur
671 3056 820 3112 enim
865 3063 1127 3128 tanquam
1157 3057 1388 3125 homini,
1433 3064 1495 3112 ut
1522 3057 1680 3129 signo
1705 3055 1891 3126 aliquo
1919 3071 2019 3111 ex-

410 3150 654 3221 ploraret
698 3151 816 3222 ipse
864 3160 1102 3223 quantus
1147 3161 1316 3220 esset,
1364 3151 1422 3207 id
1467 3158 1552 3207 est
1590 3165 1754 3221 quam
1784 3149 2017 3205 multum

2121 1972 2243 2027 quae
2270 1956 2325 2011 in
2347 1971 2500 2022 auro,
2526 1953 2610 2010 vel
2634 1961 2881 2026 argento,
2903 1952 2989 2010 vel
3017 1953 3077 2009 in
3099 1953 3354 2026 gemmis,
3380 1950 3475 2007 vel
3502 1952 3561 2007 in
3579 1961 3731 2008 cxte-

2119 2051 2196 2107 ris
2242 2050 2405 2105 rebus
2442 2047 2696 2119 pretiosis
2737 2046 2934 2119 pollet,
2968 2045 3191 2117 intelligi
3233 2052 3443 2116 potest.
3490 2043 3733 2101 Osteuﬁt

2120 2158 2249 2214 ergo
2273 2142 2327 2197 in
2352 2149 2537 2197 monte
2565 2138 2814 2197 diabolus
2834 2137 3018 2194 omnia
3048 2152 3217 2209 regna
3248 2135 3450 2192 mundi
3479 2134 3727 2199 Domino,

2120 2249 2230 2290 non
2258 2232 2402 2304 quod
2444 2232 2562 2302 ipse
2608 2231 2726 2304 ejus
2749 2231 2925 2286 visum
2963 2228 3298 2302 amplificare
3338 2228 3619 2299 potuerit,
3647 2236 3731 2281 aut

2121 2327 2325 2398 aliquid
2354 2326 2599 2398 ignotum
2624 2324 2677 2380 ei
2701 2324 3077 2380 demonstrare
3119 2320 3427 2394 (quomodo
3472 2321 3626 2376 enim
3664 2317 3732 2372 fa-

2120 2419 2271 2475 brica
2291 2432 2474 2475 rerum
2495 2425 2843 2487 conspectum
2860 2415 3160 2472 conditoris
3170 2414 3257 2471 sui
3271 2414 3455 2471 latere
3474 2410 3728 2485 poterat),

2122 2513 2216 2571 sed
2244 2513 2541 2569 vanitatem
2567 2526 2780 2584 pompa:
2802 2510 3091 2565 mundanae
3111 2524 3279 2580 quam
3305 2508 3429 2579 ipse
3453 2508 3730 2579 diligelnt,

2121 2605 2278 2676 quasi
2306 2603 2610 2676 speciosam
2635 2618 2701 2659 ac
2729 2600 3148 2659 desiderabilem
3191 2599 3384 2656 verbis
3409 2601 3730 2666 ostendens,

2122 2697 2180 2753 iu
2203 2710 2446 2752 amorem
2482 2693 2701 2751 Christo
2725 2708 3021 2766 suggerens
3046 2692 3234 2748 venire
3261 2690 3515 2747 volebat.
3555 2690 3730 2746 Potest

2122 2789 2228 2844 hoc
2257 2794 2314 2843 et
2333 2786 2490 2842 aliter
2516 2786 2744 2858 intelligi
2771 2804 2784 2840 :
2810 2785 2988 2841 sciens
3018 2784 3220 2855 quippe
3256 2781 3527 2838 diabolus
3546 2781 3618 2836 ad
3639 2781 3731 2836 hoc

2121 2879 2337 2935 venisse
2359 2876 2657 2943 Christum,
2691 2884 2751 2932 ut
2775 2890 3004 2949 regnum
3027 2875 3171 2930 illius
3199 2873 3447 2939 tolleret,
3482 2882 3544 2928 et
3574 2872 3630 2928 hi
3652 2870 3732 2940 qui

2122 2971 2224 3026 sub
2249 2985 2316 3027 eo
2342 2978 2500 3027 erant
2529 2970 2833 3041 inciperent
2856 2983 2978 3025 esse
3006 2981 3129 3023 cum
3155 2965 3410 3031 Christo,
3437 2963 3668 3019 ostendit
3687 2962 3731 3015 ei

2121 3065 2301 3121 omnia
2343 3082 2506 3137 regna
2554 3063 2760 3131 mundi,
2788 3063 2843 3119 id
2890 3069 2975 3119 est
3007 3060 3257 3117 hdmines
3301 3059 3480 3130 hujus
3534 3056 3728 3123 saeculi,

2122 3158 2393 3228 quomodo
2418 3156 2509 3212 alii
2537 3164 2798 3229 regantur
2824 3170 2858 3210 a
2890 3153 3288 3217 fornicatione,
3314 3149 3419 3205 alii
3451 3150 3529 3205 ab
3568 3148 3732 3204 avari-

410 3243 557 3314 τινυά
582 3243 757 3300 Deum
784 3252 990 3316 posset.
1021 3243 1179 3313 Ωιιοά
1199 3244 1398 3302 νὶῑίοεθ
1424 3242 1487 3299 ﬁt
1509 3257 1636 3299 cum
1658 3242 1752 3308 ﬁt;
1781 3242 2021 3314 Pertinet
2046 3229 2092 3294 Ο
2125 3249 2220 3315 tia,
2246 3249 2336 3304 alii
2366 3248 2616 3321 populari
2644 3247 2927 3320 rapiantur
2959 3261 3113 3312 aura,
3139 3244 3197 3302 hi
3223 3242 3429 3300 forma:
3448 3242 3732 3313 capiantur

410 3350 648 3406 namque
693 3335 763 3393 ad
809 3352 1001 3393 sanam
1043 3336 1374 3402 doctrinam,
1426 3336 1644 3406 quando
1674 3334 1841 3390 habet
1870 3332 2020 3404 quod

414 3420 579 3478 faciat
622 3424 805 3494 homo,
860 3444 971 3485 non
1025 3436 1244 3484 tentare
1291 3428 1584 3485 Dominum
1612 3426 1784 3484 Deum
1837 3441 2015 3482 suum.

412 3511 600 3585 Neque
624 3515 770 3571 enim
800 3523 856 3571 et
880 3516 998 3587 ipse
1021 3519 1274 3572 Salvator
1308 3534 1419 3575 non
1444 3526 1663 3586 poterat
1690 3518 1832 3574 tueri
1859 3516 2020 3574 disci-

414 3605 573 3678 pulos
608 3621 759 3673 suos,
790 3607 992 3678 quibus
1020 3614 1208 3663 tamen
1233 3607 1310 3662 ait
1336 3625 1350 3661 :
1404 3606 1467 3663 Si
1492 3623 1579 3661 vos
1606 3609 1863 3678 persecuti
1906 3609 2021 3678 fue-

417 3701 524 3756 rint
557 3702 612 3757 in
635 3718 745 3757 una
774 3700 980 3757 civitate
1003 3702 1170 3774 fugite
1215 3703 1273 3757 in
1301 3700 1467 3757 aliam
1492 3701 1708 3775 (Matth.
1743 3705 1803 3777 x)
1828 3723 1842 3759 :
1866 3704 2021 3775 cujus

417 3791 499 3847 rei
529 3792 685 3862 prior
714 3794 1024 3865 exemplum
1072 3794 1323 3867 praebuit.
1364 3793 1502 3850 Nam
1529 3812 1658 3852 cum
1693 3805 2021 3868 potestatem

413 3883 642 3940 haberet
692 3885 931 3956 ponendi
978 3884 1218 3941 animam
1267 3900 1443 3954 suam,
1477 3903 1580 3944 nec
1624 3902 1746 3943 eam
1789 3896 2021 3958 poneret

412 3974 520 4030 nisi
562 3990 686 4031 cum
718 3975 902 4044 vellet,
930 3976 988 4032 in
1022 3975 1323 4048 Egyptum
1364 3986 1553 4035 tamen
1590 3979 1774 4035 infans
1799 3989 2023 4051 portan-

415 4064 563 4121 tibus
600 4067 921 4135 parentibus
955 4066 1116 4138 fugit,
1161 4074 1219 4122 et
1242 4068 1313 4123 ad
1356 4067 1499 4125 diem
1540 4068 1741 4124 festum
1770 4084 1883 4125 non
1910 4070 2024 4126 evi-

420 4155 634 4223 denter,
658 4158 754 4213 sed
801 4157 1038 4215 latenter
1091 4159 1356 4230 ascendit,
1385 4174 1511 4216 cum
1542 4160 1677 4217 alias
1724 4161 1908 4232 palam
1936 4163 2020 4219 lo-

420 4255 702 4316 queretur,
750 4246 955 4306 Judaais
985 4249 1368 4318 irascentibus,
1425 4258 1483 4306 et
1528 4252 1596 4308 de
1646 4252 2023 4310 inimicissimo

420 4339 605 4396 animo
630 4341 996 4410 audientibus,
1039 4358 1142 4400 nec
1183 4352 1367 4400 tamen
1394 4344 1702 4401 valentibus
1724 4347 1943 4403 mittere
1967 4347 2024 4402 in

420 4426 544 4487 eum
576 4449 791 4502 manus,
832 4435 960 4506 quia
994 4434 1227 4490 nondum
1274 4443 1484 4491 venerat
1522 4437 1655 4492 hora
1681 4437 1797 4509 ejus
1837 4437 2019 4510 (Joan.

418 4525 539 4599 vn).
570 4525 674 4595 Qui
716 4543 846 4601 ergo
876 4526 1059 4599 palam
1088 4526 1333 4584 docendo
1361 4534 1417 4584 et
1442 4529 1723 4600 arguendo
1756 4536 1812 4584 et
1838 4536 2022 4585 tamen

420 4611 764 4671 inimicorum
788 4616 996 4674 rabiem
1018 4617 1201 4674 valere
1230 4618 1288 4673 in
1315 4633 1375 4674 se
1400 4618 1605 4689 aliquid
1643 4634 1753 4675 non
1793 4618 2021 4675 sinendo

419 4702 517 4759 Dei
548 4703 889 4758 demonstrat
913 4717 1262 4773 putesnam.
1290 4709 1436 4765 idem
1460 4717 1644 4765 tamen
1691 4697 1947 4780 fugiendo
1966 4716 2022 4766 et

419 4793 639 4850 latendo
669 4792 906 4849 hominis
956 4792 1263 4850 instruebat
1304 4792 1699 4861 inﬁmitatem,
1751 4809 1819 4850 ne
1850 4795 2020 4853 Deum

420 4895 635 4944 tentare
663 4886 882 4952 audeat,
929 4886 1146 4956 quando
1189 4884 1353 4942 habet
1378 4886 1523 4959 quod
1568 4886 1755 4957 faciat,
1784 4896 1845 4945 ut
1874 4892 2020 4961 quod

421 4993 617 5034 cavere
640 4984 855 5049 oportet
875 4976 1089 5033 evadat.

499 5071 521 5118 Ι
526 5080 697 5125 terum
718 5069 1004 5141 assumpsit
1020 5084 1139 5125 eum
1159 5068 1401 5126 diabolus
1420 5070 1478 5127 in
1498 5082 1725 5128 montem
1752 5073 2015 5131 excelsum

421 5160 594 5228 valde,
618 5169 666 5217 et
698 5160 923 5217 ostendit
960 5163 1010 5215 ei
1038 5164 1217 5215 omnia
1254 5180 1416 5231 regna
1454 5167 1672 5225 mundi,
1697 5176 1747 5215 et
1787 5169 2013 5229 gloriam

422 5269 624 5308 eorum.
658 5251 868 5326 (Greg.)
894 5250 1031 5308 Cum
1056 5261 1239 5309 autem
1260 5251 1406 5309 Deus
1432 5253 1596 5309 homo
1622 5252 1821 5309 dicitur
1846 5252 1935 5308 vel
1956 5252 2015 5308 in

424 5343 703 5398 excelsum
743 5350 1006 5410 montem,
1031 5344 1119 5400 vel
1145 5344 1199 5399 in
1231 5349 1472 5399 sanctam
1508 5342 1783 5398 civitatem
1806 5358 2017 5399 assum—

423 5442 551 5506 ptus
573 5448 605 5488 a
626 5432 858 5501 diabolo,
890 5450 1043 5492 mens
1073 5434 1271 5506 refugit
1314 5435 1575 5503 humana,
1603 5448 1765 5491 aures
1787 5431 1893 5490 hoc
1916 5449 2011 5490 au-

427 5525 546 5582 dire
590 5536 978 5596 expavescunt.
1018 5525 1118 5582 Cui
1162 5534 1341 5582 tamen
1370 5542 1479 5583 non
1515 5541 1637 5583 esse
1679 5524 2016 5583 incredibilia

425 5618 534 5675 ista
579 5618 955 5689 cognoscimus
994 5618 1041 5675 si
1080 5619 1136 5675 in
1168 5619 1259 5676 illo
1296 5627 1351 5676 et
1381 5620 1485 5675 alia
1533 5618 1675 5676 facta
1703 5634 2016 5690 pensamus.

404 5694 589 5765 Certe
616 5708 925 5780 iniquorum
954 5711 1194 5767 omnium
1225 5710 1469 5768 diabolus
1494 5718 1655 5782 caput
1683 5719 1794 5777 est,
1824 5719 1880 5767 et
1918 5712 2018 5767 hu-
2044 5742 2047 5743 ν

421 5799 512 5873 jus
534 5801 729 5877 capitis
772 5804 1018 5863 membra
1059 5813 1188 5865 sunt
1230 5820 1418 5863 omnes
1461 5804 1650 5878 iniqui.
1706 5803 1846 5874 Quid
1888 5819 2019 5878 ergo

2119 3338 2397 3395 illecebra.
2433 3336 2622 3409 Neque
2664 3353 2795 3393 vero
2830 3334 3206 3392 arbitrandum
3252 3341 3340 3388 est
3370 3331 3528 3403 quod
3570 3343 3729 3401 regna

2120 3431 2172 3487 ei
2200 3430 2389 3487 mundi
2417 3428 2731 3496 ostendens,
2757 3427 3044 3484 Persarum
3071 3423 3243 3498 (verbi
3269 3421 3480 3495 gratia)
3509 3434 3730 3492 regnum

2119 3525 2485 3596 Indorumque
2507 3522 2913 3587 monstraverit,
2940 3520 3029 3575 sed
3051 3517 3278 3573 ostendit
3294 3516 3346 3571 ei
3366 3516 3558 3569 omnia
3580 3529 3729 3584 regas

2120 3617 2328 3683 mundi,
2369 3616 2427 3672 id
2455 3622 2542 3671 est
2587 3629 2816 3687 regnum
2845 3627 3021 3676 suum,
3052 3608 3324 3682 quomodo
3368 3614 3639 3677 regnaret
3680 3604 3727 3657 in

2121 3706 2343 3773 mundo,
2382 3714 2443 3761 ut
2464 3705 2758 3763 cohortans
2792 3718 2917 3759 eum
2939 3701 3121 3757 facere
3148 3699 3295 3771 quod
3320 3697 3576 3763 volebat,
3608 3695 3731 3751 inci-

2119 3809 2276 3870 peret
2319 3798 2597 3855 Christum
2643 3798 2850 3855 habere
2894 3797 3219 3868 subjectum.
3276 3793 3440 3861 Quod
3479 3792 3636 3848 enim
3679 3790 3729 3842 iu

2121 3891 2269 3949 Luca
2310 3892 2574 3962 scriptum
2598 3900 2704 3958 est,
2732 3898 2952 3947 ostensa
2999 3889 3104 3946 sibi
3144 3886 3326 3944 omnia
3360 3899 3535 3955 regna
3582 3881 3733 3938 orbis

2122 3992 2284 4040 terra:
2311 3984 2365 4036 in
2397 3992 2657 4038 momento
2686 3982 2932 4051 temporis
2973 3979 3128 4050 (Luc.
3168 3977 3267 4048 tv),
3298 3990 3411 4030 non
3440 3984 3562 4029 tam
3606 3988 3735 4028 ocn-

2122 4082 2341 4146 spectus
2383 4073 2637 4129 celeritas
2675 4070 2968 4137 indicatur,
2999 4084 3159 4139 quam
3191 4066 3412 4123 caducae
3455 4064 3736 4137 fragilitas

2122 4162 2406 4235 potestatis
2435 4159 2779 4232 exprimitur.
2822 4157 2883 4213 In
2927 4164 3203 4213 momento
3229 4155 3379 4211 enim
3403 4162 3614 4210 cuncta
3644 4151 3737 4205 illa

2121 4261 2472 4326 praetereunt,
2509 4260 2566 4309 et
2606 4266 2749 4322 szepe
2792 4251 2969 4306 honor
3016 4247 3200 4306 saeculi
3236 4245 3392 4311 abiit,
3420 4251 3737 4313 antequam

2123 4348 2352 4403 venerit.
2395 4344 2535 4413 Quid
2579 4345 2727 4399 enim
2767 4342 2951 4399 saeculi
2996 4347 3178 4412 potest
3224 4353 3345 4397 esse
3375 4336 3736 4403 diuturnum,

2125 4453 2249 4496 cum
2270 4439 2386 4510 ipsa
2410 4435 2607 4493 secula
2633 4450 2742 4492 non
2769 4435 2879 4491 sint
2905 4434 3195 4491 diuturna?

2197 4529 2269 4584 Et
2289 4528 2425 4583 dixit
2449 4527 2530 4582 illi
2556 4543 2575 4582 :
2597 4525 2730 4583 Ha'c
2766 4527 2943 4582 omnia
2970 4526 3065 4581 tibi
3093 4524 3250 4592 dabo,
3279 4526 3327 4580 si
3364 4523 3575 4579 cadens
3610 4525 3738 4577 ado—

2046 4589 2101 4651 D
2127 4622 2324 4678 raveris
2344 4638 2447 4676 me.
2471 4619 2742 4693 (Hieron.)
2762 4619 3041 4691 Arrogans
3061 4627 3118 4675 et
3144 4589 3412 4689 superbus
3431 4617 3612 4671 etiam
3638 4617 3735 4671 hoc

2124 4713 2194 4769 de
2233 4712 2496 4784 iactantia
2528 4711 2789 4781 loquitur,
2818 4727 2927 4766 non
2957 4712 3103 4781 quod
3142 4711 3199 4765 in
3229 4718 3343 4765 toto
3384 4708 3607 4763 mundo
3643 4709 3737 4763 ha—

2125 4801 2253 4857 beat
2270 4809 2616 4873 potestatem,
2630 4808 2691 4855 ut
2710 4801 2885 4871 possit
2904 4801 3088 4857 omnia
3110 4816 3275 4872 regna
3296 4800 3431 4855 dare
3451 4799 3734 4859 diabolus.

2124 4910 2251 4951 cum
2300 4896 2536 4952 sciamus
2582 4895 2873 4966 plerosque
2916 4902 3135 4951 sanctos
3180 4894 3377 4949 virosa
3415 4891 3537 4947 Deo
3582 4906 3739 4963 reges

2122 4984 2313 5043 factos.
2352 4985 2414 5042 Si
2442 4987 2665 5053 cadens,
2707 4986 2915 5057 inquit,
2947 4986 3252 5041 adoraveris
3290 4999 3396 5038 me.
3443 4982 3605 5049 Ergo
3648 4982 3737 5050 qm‘

2123 5074 2445 5131 adoratums
2476 5084 2560 5131 est
2580 5076 2853 5131 diabolum
2883 5083 3013 5130 ante
3042 5074 3266 5124 comit.
3316 5065 3427 5123 Sed
3462 5069 3513 5124 si
3549 5071 3736 5141 ipsum

2119 5167 2368 5214 οι-ειίοοω
2396 5168 2709 5212 ιοηιαιιυηιε
2735 5156 3030 5228 aspicimus
3052 5174 3345 5230 pensamus
3369 5171 3595 5232 quanta
3628 5179 3739 5218 un-

2120 5247 2398 5319 gnitudine
2419 5263 2518 5303 nos
2541 5263 2571 5302 a
2592 5248 2890 5303 tentatione
2907 5247 3220 5306 liberamur.
3246 5250 3525 5321 Antiquus
3552 5254 3736 5309 hostis

2120 5354 2311 5401 contra
2336 5344 2570 5415 primum
2595 5344 2869 5400 hominem
2881 5354 3160 5416 parentem
3183 5354 3431 5402 nostrum
3458 5347 3515 5401 in
3550 5348 3736 5405 tribus

2121 5435 2511 5494 tentationibus
2540 5450 2601 5491 se
2625 5436 2818 5492 erexit.
2847 5436 2987 5505 Quia
3031 5438 3178 5494 hunc
3200 5437 3459 5494 videlicet
3486 5438 3653 5511 gula,
3684 5444 3743 5495 et

2121 5526 2366 5596 avaritia,
2396 5535 2451 5583 et
2493 5541 2631 5583 vana
2680 5527 2852 5599 gloria
2898 5530 3151 5598 tentavit,
3175 5530 3272 5588 sed
3317 5532 3598 5588 tentando
3648 5549 3744 5589 su—

2118 5622 2346 5695 peravit,
2376 5622 2502 5692 quia
2540 5622 2643 5677 sibi
2681 5637 2806 5678 eum
2840 5638 2939 5695 per
2965 5639 3293 5681 consensum
3322 5623 3601 5681 subdidit.
3658 5626 3743 5681 Ex

2120 5712 2242 5784 gula
2272 5711 2468 5783 quippe
2495 5713 2727 5768 tentavit
2757 5729 2879 5769 cum
2905 5713 3086 5771 cibum
3111 5713 3243 5785 ligni
3266 5713 3421 5771 vetiti
3452 5714 3740 5778 ostendit,

2122 5812 2284 5878 atque
2326 5805 2394 5862 ad
2443 5806 2835 5866 comedendum
2883 5808 3079 5879 suasit,
3104 5809 3327 5867 dicens:
3354 5806 3616 5866 Gustare.
3655 5809 3747 5869 Bx
