3914 6456
168 507 279 567 ’185

1160 495 1514 556 COMMENT.
1554 496 1622 555 IN
1658 494 2092 553 ΜΑΤΤΗᾹΞΗΜ.
2131 523 2203 535 -
2239 494 2370 552 LIB.
2410 493 2479 551 ll.

3346 495 3451 550 786

166 636 313 678 vana
339 625 526 675 autem
551 614 721 690 gloria
744 616 972 672 tentavit
1014 629 1137 671 cum
1164 614 1405 670 diceret:
1430 613 1596 669 Eritis
1625 615 1759 668 sicut
1786 616 1841 677 Α
1864 612 2024 667 alieni
2071 612 2287 668 invasor
2330 612 2544 683 imperii
2600 611 2849 683 repulsus
2894 616 3096 667 aeterna
3138 609 3454 666 confusione

167 714 264 768 dii.
315 713 387 769 Et
430 709 675 783 profecto
708 725 775 765 ex
811 708 1038 765 avaritia
1078 707 1304 763 tentavit
1343 721 1468 763 cum
1506 706 1711 762 diceret
1744 724 1756 761 :

167 805 405 862 Scientes
434 813 613 860 autem
642 803 831 858 bonum
859 812 907 857 et
951 801 1169 857 malum.
1206 801 1450 858 Avaritia
1479 801 1625 857 enim
1650 814 1761 857 non

163 896 346 953 solum
388 894 633 965 pecuniae
675 900 780 960 est,
829 893 925 950 sed
969 893 1136 949 etiam
1179 893 1544 950 sublimitatis.
1590 892 1763 950 Recte

166 990 315 1046 enim
362 987 593 1042 avaritia
639 986 836 1043 dicitur
861 1000 985 1042 cum
1018 999 1184 1056 super
1207 986 1427 1042 modum
1457 984 1762 1041 sublimitas

164 1079 430 1134 ambitur.
480 1076 587 1134 Sed
615 1077 812 1148 quibus
838 1076 1012 1133 modis
1038 1077 1276 1148 primum
1305 1077 1585 1135 hominem
1613 1085 1757 1133 stra-

164 1171 263 1238 vit,
296 1171 509 1227 eisdem
539 1170 714 1226 modis
737 1185 768 1224 a
796 1170 1030 1226 secundo
1076 1168 1294 1225 homine
1334 1177 1542 1226 tentato
1571 1184 1761 1225 succu-

163 1264 299 1321 buit.
320 1262 431 1319 Per
449 1262 628 1336 gulam
650 1262 847 1335 quippe
863 1267 1057 1328 tentat,
1073 1262 1165 1333 qui
1185 1261 1317 1318 dicit
1335 1280 1346 1315 :
1364 1261 1464 1317 Dic
1484 1270 1543 1316 ut
1561 1261 1761 1333 lapides

163 1355 250 1411 isti
269 1373 438 1427 panes
463 1355 627 1426 fiant;
648 1370 747 1426 per
773 1370 971 1410 vanam
994 1354 1220 1426 gloriam
1248 1361 1424 1410 tentat
1445 1369 1570 1409 cum
1598 1353 1757 1409 dicit:

164 1443 224 1499 Si
255 1443 438 1501 Filius
466 1444 565 1501 Dei
603 1462 677 1512 es,
712 1446 857 1499 mitte
886 1454 934 1500 te
970 1444 1234 1500 deorsum.
1274 1444 1382 1500 Per
1411 1444 1760 1502 sublimitatis

162 1538 456 1594 avaritiam
497 1546 690 1607 tentat,
715 1554 838 1595 cum
864 1555 1031 1610 regna
1058 1540 1239 1595 omnia
1285 1540 1471 1595 mundi
1500 1540 1758 1609 ostendit,

162 1630 353 1687 dicens
380 1649 393 1686 :
421 1630 554 1686 Haec
580 1633 758 1687 omnia
790 1631 882 1686 tibi
911 1630 1047 1686 dabo
1082 1631 1130 1687 si
1155 1631 1429 1702 procidens
1458 1632 1759 1688 adoraveris

162 1738 264 1777 me.
296 1720 408 1779 Sed
430 1723 487 1780 in
513 1723 723 1779 hisdem
739 1722 915 1779 modis
934 1722 1171 1779 vincitur
1197 1724 1393 1795 quibus
1406 1724 1640 1796 primum
1662 1724 1762 1781 ho-

162 1814 371 1869 minem
399 1829 458 1870 se
486 1816 682 1871 vicisse
701 1815 981 1887 gloriatur,
1000 1822 1060 1870 ut
1086 1830 1118 1870 a
1141 1815 1344 1872 nostris
1368 1815 1621 1872 cordibus
1641 1816 1761 1887 ipso

161 1909 353 1964 auditu
367 1919 559 1981 captus
570 1918 749 1976 exeat,
765 1925 873 1981 quo
884 1925 982 1965 nos
996 1909 1144 1966 aditu
1158 1910 1501 1966 intromissus
1515 1911 1756 1967 tenebat.

1863 705 2056 776 dignus
2081 705 2383 775 apparebit.

1932 799 2196 871 Scriptum
2243 810 2318 855 est
2360 801 2498 856 enim
2537 816 2557 856 :
2601 799 2887 855 Dominum
2939 799 3109 854 Deum
3163 798 3408 856 adorabis
3433 837 3448 863 ,

1861 903 1909 948 et
1944 892 2025 946 illi
2061 893 2160 948 soli
2186 895 2395 949 servies.
2434 891 2707 965 (Hieron.)
2753 892 2948 948 Diceris
2976 891 3223 948 diabolus
3266 890 3453 948 Salva,

1860 983 1988 1049 tori,
2015 980 2306 1039 Procidens
2328 984 2632 1039 adoraveris
2652 1000 2755 1051 me,
2778 999 2810 1039 e
2835 984 3112 1039 contrario
3133 985 3287 1040 audit
3309 986 3455 1056 quod

1860 1075 1975 1145 ipse
2017 1077 2191 1147 magis
2221 1076 2451 1131 adorare
2484 1091 2609 1130 eum
2647 1074 2839 1131 debeat
2876 1075 3165 1131 Dominum
3198 1083 3256 1131 et
3282 1076 3454 1131 Deum

1859 1183 2040 1225 suum.
2070 1167 2275 1236 Quaerit
2304 1167 2443 1223 forte
2465 1167 2660 1239 aliquis
2689 1168 2963 1239 quomodo
2992 1166 3285 1224 conveniat
3307 1165 3452 1235 quod

1860 1259 1951 1316 hic
1993 1258 2341 1330 praecipitur,
2373 1257 2603 1314 Domino
2649 1258 2749 1315 soli
2794 1259 3169 1327 serviendum,
3207 1256 3454 1329 Apostoli

1859 1354 2048 1421 verbo,
2079 1353 2172 1423 qui
2196 1352 2358 1408 dicit:
2384 1350 2493 1408 Sed
2525 1368 2620 1424 per
2660 1354 2970 1409 charitatem
3008 1354 3195 1408 servite
3229 1352 3452 1408 invicem

1861 1444 2004 1520 (Gal.
2030 1448 2107 1518 v).
2136 1444 2242 1501 Sed
2266 1444 2393 1501 huic
2423 1443 2584 1501 facile
2610 1442 2813 1501 Graecae
2848 1444 3048 1516 lingua:
3072 1459 3137 1499 ex
3169 1457 3275 1514 qua
3302 1441 3458 1497 Scri-

1859 1552 2019 1616 ptura
2059 1542 2315 1598 translata
2347 1548 2432 1597 est
2468 1540 2622 1612 origo
2657 1538 2946 1606 satisfecit,
2982 1538 3037 1593 in
3071 1551 3180 1608 qua
3217 1535 3454 1592 servitus

1860 1638 2068 1693 duobus
2090 1636 2263 1692 modis
2286 1651 2348 1691 ac
2371 1636 2585 1691 diversa
2605 1633 3000 1706 signiﬁcatione
3020 1632 3155 1688 solet
3170 1629 3453 1703 appellari,

1858 1729 2057 1785 dicitur
2085 1729 2230 1785 enim
2267 1729 2497 1804 λατρεία,
2531 1727 2729 1784 dicitur
2767 1734 2822 1782 et
2856 1725 3093 1792 doulsia;
3127 1724 3226 1780 sed
3255 1722 3455 1780 δουλεία

1859 1825 2178 1896 intelligitur
2204 1824 2438 1879 servitus
2467 1823 2792 1889 communis,
2818 1822 2877 1878 id
2903 1829 3008 1887 est,
3035 1821 3149 1876 sive
3176 1817 3309 1879 Deo,
3339 1814 3456 1871 sive

1859 1916 2090 1983 homini,
2122 1916 2235 1971 sive
2278 1915 2501 1972 cuilibet
2526 1930 2710 1971 rerum
2736 1922 2967 1980 naturae,
2995 1912 3258 1978 exhibita,
3285 1924 3318 1964 a
3346 1922 3457 1978 quo

236 1999 390 2056 Tunc
415 2002 541 2057 dicit
568 2004 615 2057 ei
637 2001 791 2058 Jesus
816 2018 835 2057 :
865 1999 1031 2068 Vade,
1055 1999 1276 2056 Satana.
1312 1999 1582 2075 (Hieron.)
1617 2001 1757 2069 Non,
1788 1990 1837 2052 Β
1864 2011 2030 2068 etiam
2078 2026 2283 2079 servus,
2315 2011 2369 2066 id
2395 2018 2477 2066 ρει
2522 2009 2716 2075 δοῦλος,
2750 2007 2939 2065 αι-ωοθ
2971 2021 3169 2063 nomen
3216 2002 3451 2072 accipit;

158 2099 222 2146 ut
248 2093 498 2165 plerique
527 2102 751 2166 putant,
785 2095 976 2151 eadem
1011 2093 1243 2150 Satanas
1272 2103 1327 2149 et
1355 2094 1629 2166 apostolus
1653 2094 1758 2149 Pe-

161 2192 282 2240 trus
332 2188 600 2243 sententia
658 2189 1075 2256 condemnatur;
1116 2187 1280 2245 Petro
1324 2189 1470 2244 enim
1520 2188 1757 2245 dicitur:

166 2275 320 2332 Vade
348 2288 488 2334 retro
518 2297 618 2346 me,
645 2279 867 2349 Satana,
898 2282 952 2337 id
972 2289 1077 2348 est,
1100 2296 1329 2352 sequere
1349 2296 1458 2349 me,
1481 2282 1606 2352 quia
1630 2296 1761 2338 con-

160 2367 366 2423 trarius
390 2383 453 2425 es
481 2369 743 2425 voluntati
765 2386 919 2427 meae.
954 2370 1055 2427 llic
1072 2387 1203 2427 vero
1232 2371 1383 2427 audit
1412 2389 1425 2425 :
1460 2367 1627 2436 Vade,
1656 2369 1761 2426 Sa-

157 2465 309 2524 tana,
343 2468 401 2514 et
440 2474 551 2516 non
589 2460 639 2516 ei
677 2460 877 2517 dicitur
905 2469 1077 2529 retro,
1110 2469 1171 2517 ut
1199 2460 1554 2518 subaudiatur
1580 2480 1593 2516 :
1622 2462 1759 2519 vade

156 2548 211 2603 in
256 2549 442 2622 ignem
487 2559 771 2620 aeternum,
805 2552 897 2623 qui
942 2561 1166 2623 paratus
1212 2552 1422 2609 esttibi
1454 2563 1509 2609 et
1554 2554 1760 2625 angelis

157 2641 285 2698 tuis.
321 2643 620 2721 (Maenas)
667 2645 727 2702 Si
767 2653 949 2703 autem
976 2646 1271 2704 secundum
1297 2647 1402 2702 alia
1424 2648 1759 2720 exemplaria

156 2732 278 2800 quis
295 2731 451 2790 Vade
468 2744 636 2804 retro,
653 2738 907 2805 Satanas,
923 2738 1104 2811 legere
1116 2739 1371 2808 voluerit,
1385 2748 1565 2811 potest
1583 2742 1637 2797 in
1653 2743 1759 2798 hoc

156 2822 229 2878 ita
250 2826 480 2894 sentire,
496 2829 640 2899 quod
662 2838 810 2886 retro
828 2831 897 2886 ad
924 2838 1197 2888 transacta
1220 2840 1463 2903 tempora
1478 2835 1755 2905 respiciat,

154 2913 353 2983 quibus
397 2917 505 2973 sibi
545 2934 697 2975 reum
730 2920 977 2977 diabolus
1014 2923 1235 2978 tenebat
1261 2924 1541 2979 mundum.
1591 2924 1757 2992 Quasi

154 3004 420 3067 Dominus
444 3011 658 3070 diabolo
677 3014 862 3072 dicens
888 3034 900 3069 :
921 3017 1071 3072 Vade
1093 3025 1263 3085 retro,
1283 3016 1534 3084 Satanas,
1553 3014 1758 3089 signiﬁ-

156 3104 363 3159 caverit
392 3105 733 3177 principatus
756 3109 842 3165 sui
868 3118 1130 3182 tempora,
1162 3126 1325 3182 quem
1356 3110 1411 3166 in
1442 3118 1590 3166 retro
1620 3109 1757 3165 actis

154 3195 366 3253 saeculis
414 3200 665 3267 tenebat,
690 3204 804 3272 jam
844 3218 966 3259 esse
1013 3203 1278 3269 ﬁnienda,
1315 3219 1381 3260 ac
1421 3203 1467 3260 si
1512 3203 1751 3259 diceret:

149 3286 386 3350 Attende
428 3303 594 3363 retro,
622 3296 837 3366 quando
867 3297 1129 3370 decepisti
1170 3292 1407 3370 primum
1449 3298 1748 3363 hominem,

1860 2101 2068 2178 λατρεία
2093 2109 2274 2156 autem
2293 2112 2521 2157 vocatur
2545 2100 2779 2155 servitus
2805 2098 2895 2154 illa
2920 2114 3040 2168 qua:
3065 2096 3180 2152 sola
3204 2094 3458 2150 divinita-

1862 2194 1934 2250 tis
1981 2193 2150 2249 cultui
2197 2192 2401 2260 debila,
2432 2207 2608 2263 neque
2634 2191 2728 2247 ulli
2764 2199 2850 2247 est
2888 2189 3262 2262 participanda
3304 2201 3459 2243 crea-

1862 2295 2030 2354 turne;
2075 2286 2218 2344 unde
2247 2293 2303 2342 et
2341 2285 2639 2342 idololatra:
2667 2291 3050 2355 nuncupantur
3075 2280 3131 2335 hi
3166 2279 3260 2351 qui
3296 2286 3455 2345 vota,

1858 2395 2050 2452 preces
2091 2387 2147 2434 et
2196 2377 2483 2443 sacriﬁcia,
2510 2391 2630 2447 qua:
2675 2376 2768 2431 uni
2796 2375 2908 2430 Deo
2947 2374 3272 2438 debuerant,
3300 2368 3460 2430 idolis

1860 2472 2195 2542 impendunt.
2247 2469 2509 2527 Jubemur
2542 2484 2690 2547 ergo
2729 2482 2829 2540 per
2878 2467 3201 2523 charitatem
3253 2462 3458 2520 servire

1862 2563 2111 2628 invicem,
2138 2562 2283 2634 quod
2310 2568 2394 2618 est
2421 2560 2610 2617 Graece
2637 2559 2927 2626 sonitum;
2951 2558 3210 2630 iubemur
3226 2555 3322 2610 uni
3348 2568 3463 2610 ser-

1860 2656 1998 2723 vire,
2025 2654 2170 2726 quod
2207 2664 2296 2735 est
2332 2653 2520 2711 Graece
2546 2655 2830 2732 λατρεύειν,
2861 2651 3005 2708 unde
3035 2650 3237 2706 dicitur
3266 2647 3339 2703 Et
3376 2644 3461 2701 illi

1859 2744 1959 2801 soli
1999 2746 2212 2813 servies,
2242 2744 2390 2816 quod
2423 2751 2508 2800 est
2542 2741 2730 2799 Graece
2767 2744 3090 2820 λατρεύσεις,
3112 2747 3170 2795 et
3213 2738 3411 2793 iterum
3438 2752 3454 2790 :

1862 2836 1977 2893 Nos
2020 2838 2158 2892 enim
2205 2853 2388 2892 sumus
2430 2837 2761 2891 circumcisio
2811 2834 3023 2905 spiritui
3052 2831 3150 2886 Dei
3180 2830 3461 2885 servientes

1862 2926 2117 3002 (Philipp.
2146 2928 2254 3001 ιιι),
2289 2928 2433 3000 quod
2462 2937 2545 2984 est
2579 2927 2769 2984 Grmce
2796 2927 3150 3006 λατρεύοντες.

1933 3017 2082 3074 Tunc
2116 3018 2327 3090 reliquit
2361 3035 2481 3074 eum
2515 3017 2777 3084 diabolus,
2801 3026 2851 3072 et
2873 3032 2989 3072 ecce
3022 3012 3195 3086 anqeli
3215 3027 3457 3075 accesse-

1861 3120 2007 3180 runt,
2036 3120 2084 3168 et
2107 3112 2474 3168 ministrabant
2503 3114 2570 3167 ei.
2604 3110 2877 3186 (Hierom)
2906 3111 3175 3175 Plagcedit
3205 3114 3456 3180 tentatio,

1859 3213 1921 3261 ut
1962 3214 2222 3276 sequatur
2265 3205 2527 3272 victoria,
2558 3204 2737 3286 angeli
2783 3212 3095 3267 ministrant
3133 3219 3196 3265 ut
3240 3208 3464 3264 victoris

1860 3296 2095 3369 dignitas
2144 3297 2548 3367 complebatur.
2593 3305 2671 3360 Ex
2705 3320 2811 3375 qua
2848 3319 2911 3359 re
2951 3302 3082 3374 quid
3116 3300 3261 3356 aliud
3296 3311 3463 3369 quam

153 3388 206 3439 et
240 3392 493 3458 posteros
521 3386 640 3464 ejus
665 3404 765 3465 per
793 3390 975 3452 varios
1016 3391 1284 3452 idolorum
1327 3389 1504 3453 cultus
1532 3389 1755 3451 deludea
1780 3371 1826 3440 Ο
1857 3387 2019 3449 unius
2067 3402 2312 3464 personis
2364 3402 2596 3466 utraque
2638 3371 2834 3450 natura
2876 3371 3217 3450 ostenditur?
3253 3391 3380 3462 quia
3409 3394 3464 3443 et

148 3477 281 3546 bas;
312 3482 547 3540 sufﬁciat
573 3487 669 3542 tibi
698 3504 867 3560 usque
894 3491 1020 3557 huc,
1049 3506 1193 3546 nunc
1224 3498 1407 3547 autem
1437 3505 1545 3546 non
1577 3489 1752 3546 solum

150 3583 237 3624 me
288 3572 607 3630 subvertere
653 3593 761 3633 non
807 3578 1039 3647 valebis,
1070 3580 1179 3637 imo
1206 3597 1238 3636 a
1262 3588 1550 3653 potestate,
1584 3596 1750 3653 quam

147 3667 201 3716 te
234 3661 442 3720 habere
463 3666 757 3738 plaudebas
782 3684 881 3741 per
906 3688 995 3729 me
1033 3673 1289 3746 ejicieris.
1320 3673 1475 3731 Sicut
1509 3676 1624 3746 ipse
1648 3690 1747 3747 ap-

144 3756 549 3828 propinquante
576 3761 711 3817 hora
739 3778 849 3820 suae
872 3766 1141 3836 passionis
1185 3767 1405 3824 dicebat
1433 3787 1445 3823 :
1474 3768 1634 3823 Nunc
1650 3769 1748 3839 ju-

146 3846 349 3901 dicium
376 3861 451 3905 est
468 3855 672 3922 mundi,
696 3873 834 3912 nunc
854 3858 1092 3931 princeps
1117 3859 1279 3931 hujus
1300 3860 1487 3915 mundi
1511 3860 1749 3930 ejicietur

149 3937 330 4007 foras;
359 3949 411 3995 et
436 3959 529 4013 ego
555 3945 600 3999 si
623 3946 884 4003 exaltatus
915 3948 1065 4018 fuero
1089 3967 1121 4003 a
1150 3958 1313 4016 terra,
1333 3942 1509 4005 omnia
1535 3952 1746 4005 traham

151 4030 219 4083 ad
261 4049 343 4087 me
382 4033 552 4105 ipsum
581 4034 764 4107 (Joan.
791 4040 913 4111 xu).
962 4038 1195 4098 Satanas
1235 4057 1364 4114 ergo
1413 4043 1748 4099 adversarius

152 4119 361 4190 Latine,
387 4124 502 4182 sive
530 4138 901 4200 transgressor,
932 4132 1342 4204 interpretatur.
1368 4135 1438 4191 Et
1467 4145 1617 4193 recte
1643 4136 1747 4192 ini-

154 4212 324 4270 micus
352 4218 595 4276 veritatis
621 4230 784 4293 atque
806 4231 1177 4297 transgressor
1198 4227 1422 4300 justitite
1442 4238 1743 4285 retrorsum

155 4303 328 4374 vadit,
359 4308 488 4379 quia
518 4324 642 4366 cum
684 4312 801 4385 ipse
835 4330 991 4371 suum
1018 4315 1283 4376 honorem
1323 4335 1432 4375 non
1480 4319 1739 4387 servavit,

1859 3485 2025 3540 homo
2063 3493 2147 3541 est
2187 3500 2348 3555 quem
2385 3485 2629 3541 diabolus
2668 3492 2859 3552 tentat,
2889 3493 2945 3540 et
2985 3484 3129 3539 idem
3165 3483 3281 3549 ipse
3318 3477 3462 3533 Deus

1857 3587 1943 3636 est
1979 3580 2067 3635 cui
2100 3580 2168 3634 ab
2198 3579 2407 3651 angelis
2447 3579 2809 3633 ministratur.
2862 3574 3267 3646 Cognoseamus
3293 3570 3461 3642 igitur

1856 3674 1914 3730 in
1938 3688 2006 3731 eo
2036 3682 2289 3728 naturam
2317 3679 2579 3740 nostram,
2611 3671 2738 3742 quia
2764 3669 2870 3727 nisi
2906 3670 3054 3725 hunc
3080 3664 3327 3723 diabolus
3355 3664 3455 3719 ho-

1857 3767 2062 3822 minem
2087 3774 2359 3832 cerneret,
2390 3780 2497 3821 non
2522 3769 2777 3820 tentaret.
2804 3759 3143 3816 Veneremur
3170 3756 3228 3812 in
3252 3754 3343 3811 illo
3371 3754 3456 3808 di-

1855 3859 2143 3915 vinitatem
2172 3873 2348 3925 suam,
2385 3856 2515 3928 quia
2538 3855 2646 3912 nisi
2670 3853 2815 3909 Deus
2839 3865 3003 3921 super
3042 3848 3225 3904 omnia
3253 3845 3458 3900 existe-

1854 3960 1961 4019 ret,
1991 3950 2137 4007 nullo
2169 3950 2333 4005 modo
2376 3947 2554 4021 angeli
2584 3946 2960 4002 ministrarent
2986 3941 3056 3997 ei.
3090 3939 3294 3996 Verum
3327 3936 3457 4007 quia

1851 4041 2178 4113 principium
2207 4040 2380 4097 sancti
2408 4036 2685 4110 Evangelii
2712 4036 2779 4091 de
2803 4032 3118 4106 genealogis
3140 4037 3198 4086 et
3223 4028 3456 4085 infantia

1851 4131 2169 4198 Salvatoris,
2198 4132 2265 4187 de
2299 4131 2576 4203 baptismo
2602 4136 2659 4185 et
2689 4127 2988 4183 tentatione
3014 4123 3152 4195 ejus,
3180 4124 3286 4179 hoc
3316 4121 3456 4178 libro

1849 4225 2257 4296 explicavimus,
2277 4227 2343 4281 de
2366 4223 2522 4280 initio
2544 4220 2946 4296 praedicationis
2966 4218 3112 4276 illius
3131 4215 3279 4274 aliud
3299 4229 3457 4275 exor-
3504 4240 3505 4243 η

1848 4320 1999 4375 dium
2032 4333 2331 4374 sumamus.

170 4455 3433 4489 ΝΜ

1321 4573 1627 4653 LIBER
1702 4574 2268 4656 SECUNDUS.

1567 4761 1975 4779 ψ

581 4848 932 4921 SEQUITUR
968 4853 1199 4914 CAPUT
1231 4854 1323 4912 IV.

158 4956 227 5012 De
252 4960 402 5018 initio
438 4962 1090 5090 pradicationilehristi,
1115 4976 1165 5024 et
1194 4968 1466 5025 uacatione
1499 4969 1740 5042 discipu-

866 5055 1037 5090 orum.

866 5055 1037 5094 orum.

223 5120 308 5197 [1.]
334 5123 631 5195 Postquam
662 5138 789 5195 ergo
829 5128 1114 5182 Matthqu
1149 5134 1479 5206 evangelista
1509 5134 1577 5191 de
1601 5150 1740 5206 qua-

160 5211 393 5286 draginta
420 5215 626 5270 dierum
645 5213 871 5286 jejunio,
894 5222 950 5270 et
966 5215 1034 5271 de
1057 5215 1351 5271 tentatione
1371 5210 1475 5286 qua
1503 5216 1744 5274 tentatus

160 5314 287 5362 esta
316 5309 532 5364 diabolo
580 5307 849 5377 Salvator,
894 5310 1044 5367 etde
1088 5310 1404 5383 angelorum
1439 5313 1746 5373 ministerio

161 5402 408 5469 narravit,
441 5403 700 5460 continuo
725 5403 953 5473 subjecit
987 5404 1209 5463 dicens:

228 5490 354 5549 Cum
395 5504 573 5551 autem
604 5496 836 5552 audisset
878 5497 1033 5553 Iesus
1073 5498 1214 5572 quod
1249 5498 1484 5555 Joannes
1518 5501 1745 5559 traditus

162 5596 304 5653 esset,
352 5590 560 5645 secessit
600 5589 657 5644 in
703 5585 999 5646 Galilwam.
1055 5588 1167 5665 [ΙΙ.]
1218 5592 1374 5661 Quod
1415 5602 1596 5649 tamen
1637 5610 1747 5652 non

166 5679 410 5740 continuo
458 5681 662 5741 factum
714 5681 951 5741 Joannes
998 5686 1272 5757 apostolus
1316 5696 1373 5743 et
1413 5688 1746 5761 evangelista

164 5772 496 5846 manifestat;
540 5792 662 5834 cum
704 5777 857 5845 dicit,
891 5788 1181 5851 antequam
1222 5779 1458 5840 Joannes
1502 5783 1745 5855 Baptista

164 5864 354 5926 missus
391 5880 537 5929 esset
577 5872 633 5929 in
671 5888 977 5940 carcerem,
1008 5871 1194 5931 Jesum
1224 5876 1331 5933 isse
1361 5876 1414 5931 in
1445 5875 1742 5934 Galilaeam.

166 5955 447 6036 Postquam
487 5969 634 6027 enim
663 5969 1108 6027 commemoravit
1134 5968 1278 6041 quod
1318 5968 1375 6026 in
1413 5969 1560 6027 Cana
1601 5970 1748 6028 Gali-

1762 4861 1819 4923 D
1842 4861 1956 4918 lanae
1982 4859 2113 4917 fecit
2137 4860 2205 4918 de
2229 4873 2370 4931 aqua
2395 4857 2606 4927 vinum,
2632 4863 2690 4914 et
2731 4856 3012 4916 descendit
3036 4862 3162 4915 cum
3191 4865 3369 4914 matre
3395 4869 3467 4927 et,

1850 4951 2147 5024 discipulis,
2178 4960 2234 5007 et
2265 4930 2341 5007 ibi
2372 4958 2689 5008 manserunt
2715 4966 2826 5008 non
2869 4952 3053 5007 multis
3079 4951 3290 5018 diebus,
3318 4930 3472 5007 dicit‘

1851 5063 1976 5104 eum
1999 5046 2194 5102 deinde
2210 5045 2522 5102 ascendisse
2533 5043 2964 5119 Hierosolymam
2984 5053 3209 5117 propter
3219 5044 3443 5115 pascha,

1848 5143 2091 5214 posthaec
2114 5140 2323 5196 venisse
2345 5140 2402 5194 in
2424 5138 2666 5196 Iudaeam
2691 5147 2894 5195 terram
2915 5147 2971 5194 et
2993 5137 3285 5207 discipulos
3305 5136 3445 5209 ejus,

1838 5233 1907 5283 ’et
1936 5232 2050 5283 illic
2083 5232 2421 5284 demoratum
2452 5244 2575 5285 cum
2602 5229 2703 5294 eis,
2730 5236 2788 5285 et
2818 5228 3206 5300 baptizantem,
3232 5227 3323 5285 ubi
3354 5243 3445 5285 se-

1849 5329 2007 5376 cutus
2028 5319 2133 5375 ait:
2152 5318 2286 5375 Erat
2311 5330 2484 5377 autem
2507 5330 2555 5376 et
2580 5318 2816 5375 Joannes
2842 5319 3115 5391 baptizari:
3139 5318 3196 5375 in
3221 5317 3446 5377 Enimn

1841 5411 2004 5485 juxta
2029 5411 2223 5479 Salim,
2250 5414 2376 5485 quia
2405 5430 2557 5486 aqua:
2595 5413 2778 5469 multa:
2803 5422 2955 5469 erant
2980 5412 3092 5468 illic
3121 5411 3305 5486 (Joan.
3330 5414 3442 5489 ιιι).

1851 5502 2133 5561 Matthaaus
2180 5513 2395 5571 autem,
2448 5505 2589 5561 sicut
2635 5503 2884 5576 superius
2928 5504 3444 5573 demonstravimus,

1849 5597 2018 5655 dicit:
2048 5597 2182 5654 Cum
2234 5610 2408 5654 autem
2453 5599 2686 5654 audisset
2728 5598 2870 5670 quod
2926 5595 3163 5653 Joannes
3214 5597 3444 5652 traditus

1847 5700 2014 5759 esset,
2064 5693 2274 5747 secessit
2317 5692 2375 5746 in
2427 5688 2725 5747 Galilaeam.
2781 5689 3045 5746 Similiter
3095 5698 3152 5747 et
3201 5689 3441 5746 Marcus.

1847 5785 2043 5843 Postea
2070 5796 2273 5854 autem,
2304 5803 2423 5841 cum
2450 5784 2676 5839 traditus
2705 5784 2996 5856 est,inquit
3020 5782 3277 5849 Joannes,
3300 5781 3441 5837 venit

1847 5878 2003 5934 Iesus
2028 5880 2082 5934 in
2118 5876 2414 5934 Galiltcam.
2447 5876 2624 5934 Lucas
2663 5877 2881 5949 quidem
2908 5877 3045 5933 nihil
3069 5875 3200 5932 dicit
3225 5875 3294 5930 de
3323 5881 3441 5931 tra-

1848 5971 1962 6027 dito
1986 5969 2214 6039 Joanne,
2243 5971 2339 6028 sed
2368 5978 2576 6027 tantum
2605 5978 2661 6028 et
2680 5980 2803 6044 post
2831 5971 3158 6043 baptismum
3187 5977 3242 6025 et
3269 5975 3442 6023 tenta-
