3914 6452
442 557 546 615 787

1102 541 1166 605 Β,
1207 534 1462 596 RABANI
1501 514 1718 589 MAURl
1752 514 2075 584 ARCIIIEP.
2118 480 2431 605 uocum.
2474 492 2760 570 omnem
2799 507 2980 564 rans
3014 505 3057 560 ι.

446 673 651 728 tionem
678 668 878 724 Christi
911 663 1043 715 dicit
1070 672 1195 712 eum
1236 653 1447 709 venisse
1482 650 1536 704 in
1565 642 1863 710 Galilaeam,
1897 638 2041 697 sicut
2066 627 2121 698 Α
2144 633 2379 692 ctrinam
2707 639 2815 681 non
2845 618 3113 694 despexit,
3150 608 3631 728 perrumpant“,
3664 616 3754 672 ,ω

444 765 524 821 illi
565 763 691 818 duo.
752 756 889 812 Nam
933 755 1010 810 ita
1058 749 1302 807 contexit
1342 742 1711 801 narrationem
1750 752 1938 794 suam:
1966 728 2032 788 Et

445 861 824 916 consummata,
849 848 1045 919 inquit,
1072 845 1213 900 omni
1236 841 1539 905 tentatione,
1561 830 1803 891 diabolus
1828 830 2035 887 secessit

445 948 509 1002 ab
539 944 632 1000 illo
662 959 827 1015 usque
849 940 919 995 ad
950 948 1171 1010 tempus,
1200 945 1248 990 et
1272 947 1535 1005 regressus
1554 938 1627 984 est
1658 920 1814 982 Jesus
1844 926 1901 979 in
1926 924 2033 978 vir-

442 1047 549 1095 tute
571 1038 628 1092 in
651 1032 951 1097 Galilwam,
965 1040 1012 1086 et
1035 1030 1180 1101 fama
1201 1028 1326 1082 eaiit
1347 1042 1441 1097 per
1460 1023 1753 1078 universam
1775 1018 2045 1091 regionem,

442 1132 507 1187 de
546 1130 662 1185 illo.
706 1128 861 1185 Unde
906 1124 1226 1197 intelligitur
1256 1122 1354 1177 bos
1385 1127 1496 1174 tres
1533 1110 1893 1186 evangelistas
1928 1120 2036 1164 non

440 1227 637 1285 Joanni
680 1221 1024 1295 evangelista!
1063 1208 1338 1279 coniraria
1367 1227 1641 1276 narrasse,
1682 1208 1776 1265 sed
1816 1213 2037 1278 praeter-

443 1321 661 1377 misisse
684 1318 918 1388 primum
948 1298 1483 1369 Domini'adventum
1510 1305 1565 1361 in
1586 1301 1866 1359 Galilaeam
1894 1292 2038 1370 post—

443 1428 674 1485 eaquam
703 1411 1013 1482 baptizatus
1039 1417 1145 1472 est,
1172 1403 1389 1476 quando
1417 1401 1525 1457 illic
1553 1414 1751 1470 aquam
1772 1393 2037 1485 convertit

444 1506 503 1561 in
528 1506 741 1571 vinum,
766 1511 895 1557 tunc
922 1500 1066 1553 enim
1098 1498 1335 1552 nondum
1362 1502 1482 1549 erat
1519 1490 1748 1546 traditus
1777 1478 2035 1553 Joannes,

442 1614 569 1652 cum
612 1612 743 1654 vero
785 1596 1077 1652 adventum
1122 1591 1239 1661 ejus
1288 1590 1343 1644 in
1390 1586 1669 1643 Galilaeam
1716 1582 2037 1640 connexisse

440 1688 846 1745 narrationibus
888 1686 1000 1742 suis
1044 1684 1137 1754 qui
1179 1688 1301 1754 post
1353 1679 1623 1734 Joannem
1667 1676 1922 1732 traditum
1957 1672 2038 1728 fa-

440 1794 559 1838 ctus
587 1790 705 1848 est;
732 1782 798 1837 de
837 1795 945 1851 quo
975 1777 1093 1849 ejus
1129 1776 1305 1832 reditu
1335 1776 1389 1830 in
1413 1773 1686 1830 Galilaeam
1731 1771 1894 1828 etiam
1920 1769 2037 1839 ipse

436 1873 676 1931 Joannes
707 1873 1035 1943 evangelista
1081 1870 1161 1927 sic
1206 1865 1578 1940 loquitur:Ut
1631 1883 1754 1937 ergo
1801 1864 2034 1935 cognovit

437 1965 594 2021 Jesus
641 1966 768 2038 quia
811 1965 1094 2019 audierunt
1156 1960 1422 2016 Pltariswi
1473 1960 1599 2032 quia
1646 1954 1803 2013 Jesus
1858 1956 2031 2029 plures

438 2057 726 2129 discipulos
753 2058 881 2128 facit
911 2066 959 2111 et
988 2056 1243 2127 baptizat,
1270 2071 1429 2126 quam
1451 2051 1705 2118 Joannes,
1733 2068 2036 2124 quanquam

437 2148 596 2205 Jesus
639 2168 745 2205 non
787 2150 1079 2221 baptizaret
1119 2148 1207 2202 sed
1252 2144 1521 2216 discipuli,
1554 2144 1760 2215 reliquit
1785 2142 2035 2197 Juda’am

435 2250 485 2297 et
512 2242 639 2296 abiit
665 2242 855 2296 iterum
883 2241 939 2294 in
967 2237 1246 2293 Galila'am
1279 2238 1462 2309 (Joan.
1491 2236 1586 2307 tv).
1617 2235 1768 2289 Tunc
1797 2250 1926 2304 ergo
1956 2226 2037 2287 in-

437 2335 728 2407 teiligimus
750 2332 863 2404 jam
888 2333 1053 2389 fuisse
1079 2333 1335 2387 traditum
1360 2331 1643 2395 Joannem,
1672 2320 1885 2383 .ludatos
1909 2342 2036 2381 vero

437 2426 657 2480 audisse
686 2425 831 2496 quod
859 2424 1041 2496 plures
1073 2422 1367 2491 discipulos
1401 2418 1603 2475 faceret
1626 2427 1679 2474 et
1708 2412 2033 2489 baptizaret,

379 2576 388 2583 δ
435 2530 601 2586 quam
630 2513 833 2570 fecerat
854 2522 910 2569 et
928 2514 1301 2583 baptizaVcrat
1325 2509 1578 2566 Joannes.
1610 2508 1721 2564 Nec
1750 2508 1852 2562 hoc
1876 2507 2037 2563 silen-

436 2603 567 2658 dum
615 2602 887 2669 arbitror,
935 2600 1079 2671 quod
1120 2598 1488 2655 ecclesiastica
1537 2604 1726 2652 narrat
1775 2586 2033 2661 historia,

434 2692 807 2751 beatissimum
833 2693 1097 2750 Joannem
1135 2682 1437 2763 apostolum
1469 2705 1638 2760 usque
1687 2684 1755 2744 ad
1786 2688 2035 2742 ultimum

433 2801 574 2859 pene
598 2802 710 2842 sute
735 2786 859 2841 vita:
904 2788 1116 2856 tempus
1145 2783 1349 2855 absque
1375 2776 1537 2837 ullius
1568 2776 1862 2851 Scripturaa
1891 2774 2033 2833 intll-

433 2875 536 2933 ciis
564 2876 919 2958 Evangelium
944 2876 1290 2948 praedicasse.
1332 2868 1439 2930 Sed
1467 2890 1588 2929 cum
1623 2866 1807 2937 trium,
1836 2870 2034 2941 inquit,

431 2967 851 3041 Evangeliorum
900 2969 1065 3025 etiam
1102 2960 1167 3024 ad
1210 2970 1388 3040 ipsum
1431 2962 1623 3022 notitia
1674 2966 2033 3037 pervenisset,

428 3061 695 3132 probasse
736 3061 955 3132 quidem
986 3069 1096 3116 tum
1128 3060 1289 3116 ﬁdem
1335 3067 1391 3115 et
1428 3059 1716 3115 veritatem
1744 3050 2033 3125 dictorum,

432 3152 624 3210 deesse
652 3164 833 3210 tamen
860 3152 995 3209 vidit
1020 3146 1223 3223 aliqua,
1251 3160 1308 3208 et
1346 3166 1409 3206 ea
1438 3150 1673 3206 maxime
1699 3166 1819 3221 quae
1858 3150 2036 3222 primo

428 3240 833 3320 prtedicationis
870 3263 982 3303 sua:
1007 3256 1248 3318 tempore
1284 3245 1544 3303 Dominus
1579 3252 1843 3316 gesserat,
1874 3258 2033 3314 roga-

429 3345 629 3413 tusque
657 3356 689 3396 a
719 3331 968 3396 fidelibus
1017 3334 1356 3396 auditoribus
1402 3334 1547 3405 suis,
1590 3346 1645 3393 et
1688 3332 2035 3393 credentibus

429 3426 491 3484 in
516 3428 827 3515 Gbristum,
860 3439 921 3485 ut
965 3446 1030 3486 ea
1074 3447 1194 3501 quae
1238 3429 1613 3500 prieterierant
1653 3427 1866 3499 priores
1906 3436 2032 3483 ante

432 3514 780 3575 traditionem
807 3515 1030 3576 Joannis
1079 3514 1382 3577 Salvatoris
1410 3532 1562 3593 gesta
1590 3518 1944 3583 describeret,
1980 3522 2037 3574 et

433 3614 558 3671 ideo
584 3616 716 3703 dicit
749 3617 804 3670 in
830 3616 1123 3703 Evangelio
1148 3635 1160 3671 :
1187 3608 1319 3671 Htec
1350 3617 1471 3687 fecit
1508 3612 1563 3670 in
1585 3615 1736 3669 initio
1763 3616 2036 3685 signorum

433 3698 797 3781 Jesus(Joan.
836 3706 921 3782 ιι).
964 3698 1033 3764 Ει
1077 3708 1275 3765 iterum
1316 3703 1372 3763 in
1406 3706 1514 3763 alio
1558 3704 1680 3763 loco
1709 3700 1911 3763 indicat
1957 3698 2038 3761 di-

434 3818 566 3861 cens
590 3824 603 3861 :
628 3804 882 3861 Nondum
916 3806 1056 3861 enim
1078 3803 1315 3861 Joannes
1341 3805 1518 3876 fuerat
1545 3805 1740 3859 missus
1768 3802 1825 3858 in
1854 3818 2033 3857 carce-

434 3910 545 3952 rem
573 3895 753 3968 (Joan.
793 3897 900 3968 ιιι).
933 3894 1011 3951 Ex
1040 3896 1239 3967 quibus
1268 3896 1487 3951 constat
1510 3890 1655 3965 quod
1683 3910 1748 3950 ea
1776 3910 1896 3965 qua:
1942 3910 2038 3948 an-

435 3994 656 4057 tequam
688 3987 927 4043 Joannes
977 3988 1283 4044 traderetur
1328 3978 1396 4042 ab
1437 3978 1566 4043 Jesu
1607 3985 1825 4042 fuerant
1859 3996 2035 4057 geSta,

436 4077 718 4143 describit,
751 4078 853 4133 hoc
888 4085 972 4132 est
1002 4077 1159 4133 unius
1185 4085 1397 4132 tantum
1421 4074 1582 4143 anni,
1618 4074 1673 4131 in
1696 4085 1879 4146 quoet
1910 4093 2035 4148 pas-

438 4184 533 4225 sus
561 4180 666 4236 est,
702 4179 822 4242 post
850 4186 1126 4226 carcerem
1153 4170 1377 4226 Joannis
1397 4210 1411 4236 ,
1447 4166 1732 4226 historiam
1778 4170 2035 4225 texuisse.

512 4258 581 4312 Et
623 4259 804 4314 relicta
843 4261 1051 4315 civitate
1098 4259 1400 4327 Nazareth,
1436 4261 1569 4314 venit
1613 4269 1660 4313 et
1707 4254 1956 4315 habitavit
1984 4258 2039 4315 in

439 4348 815 4421 Capharnaum
835 4351 1124 4418 maritima,
1142 4353 1195 4405 in
1225 4351 1419 4421 finibus
1435 4346 1673 4405 Zabulon
1702 4361 1748 4404 et
1773 4342 2043 4419 Neplttha-

439 4441 555 4500 lini.
587 4442 855 4516 (Hieron)
882 4443 1150 4500 Nazareni
1181 4444 1364 4514 Itaque
1395 4444 1537 4498 unde
1568 4432 1827 4497 Dbminus
1854 4451 2045 4498 noster

437 4541 495 4590 et
521 4533 771 4590 Salvator
797 4536 1089 4592 Nazaraeus
1109 4543 1333 4591 vocatus
1362 4544 1465 4601 est,
1497 4535 1553 4589 in
1579 4533 1799 4590 Galilrea
1831 4534 2043 4590 vieulus

2142 716 2475 802 exspectavit
2503 718 2673 779 donec
2707 729 2926 774 cursum
2952 728 3110 770 suum
3152 709 3457 782 discipulus
3486 722 3754 763 consum-

2142 799 2402 886 maverit;
2434 812 2739 886 exemphtm
2764 808 2922 865 nobis
2948 804 3215 879 praebens,
3242 817 3312 858 ne
3344 802 3476 874 quis
3507 801 3589 855 ab
3613 799 3750 855 infe-

2142 914 2285 974 riore
2310 926 2539 986 persona
2569 906 2828 981 despiciat
2863 912 3170 961 sermonem
3206 897 3635 973 tri-indicatian
3662 908 3751 952 au-

2140 1004 2278 1076 dire,
2308 1008 2415 1063 imo
2460 996 2815 1070 humilitatem
2858 996 3207 1070 apostolicam
3256 991 3480 1049 studeat
3516 990 3746 1057 imitari,

2139 1101 2265 1174 quia
2292 1094 2471 1156 dicit:
2502 1094 2564 1152 Si
2589 1094 2672 1149 cui
2704 1088 2985 1147 revelatum
3032 1086 3191 1157 fuerit
3225 1083 3457 1149 sedenti,
3484 1083 3649 1153 prior
3668 1092 3747 1135 ta-

2139 1204 2251 1251 ceat
2283 1193 2333 1267 (Ι
2353 1193 2475 1249 Cor.
2500 1191 2635 1262 xw).
2668 1178 2734 1242 Et
2758 1186 2960 1247 relicta,
2978 1182 3174 1253 inquit,
3199 1178 3413 1234 civitate
3442 1174 3743 1239 Nazareni,

2138 1282 2276 1342 venit
2296 1266 2352 1339 et
2375 1282 2626 1339 habitavit
2652 1272 3025 1351 Capharnanm
3052 1270 3398 1328 maritimam.
3448 1266 3743 1331 Nazareni,

2137 1380 2258 1453 flos,
2290 1382 2383 1432 aut
2415 1370 2694 1447 virgultum
2725 1371 2858 1442 ejus.
2901 1364 3283 1438 Capharnaum
3320 1359 3459 1415 vitta
3508 1360 3745 1431 ραιειιετο

2138 1450 2295 1538 rima,
2325 1471 2440 1526 sive
2485 1480 2611 1539 ager
2654 1459 3007 1537 pinguedinis,
3033 1458 3149 1513 sive
3186 1453 3309 1510 villa
3360 1450 3744 1506 consolationi:

2139 1560 2545 1633 interpretatur.
2571 1554 2713 1612 Bene
2742 1554 2924 1624 itaque
2947 1546 3280 1619 Redemptor
3308 1552 3531 1610 noster,
3562 1542 3740 1596 relicta

2140 1652 2413 1710 Nazarelh
2460 1646 2841 1722 Capharnaum
2894 1642 3323 1715 transgreditur,
3358 1634 3497 1708 quia
3526 1636 3597 1691 de
3625 1634 3742 1689 ﬂore

2138 1744 2454 1820 ﬁgurarum,
2485 1758 2603 1815 qua:
2645 1741 2745 1799 sub
2788 1738 2905 1810 lege
2948 1733 3282 1807 imperfecta:
3333 1728 3743 1794 inanebant,ad

2137 1842 2376 1898 fructum
2422 1837 2684 1911 spiritalis
2728 1832 3009 1896 doctrinae,
3056 1827 3149 1901 qui
3195 1828 3249 1882 in
3297 1822 3615 1896 Evangelia
3652 1830 3739 1885 est,

2139 1938 2373 1994 transire
2418 1952 2515 1991 nos
2541 1928 2715 1989 docet.
2757 1926 2818 1985 in
2863 1932 3050 1984 sancta
3084 1924 3283 1996 quippe
3330 1916 3616 1985 Ecclesia,
3640 1932 3745 1987 qu

2061 2004 2110 2071 Β
2141 2039 2223 2088 est
2260 2029 2383 2085 villa
2426 2026 2789 2100 pulcherrima
2829 2023 2883 2077 in
2926 2020 3121 2076 decore
3162 2014 3437 2073 virtutum
3465 2055 3483 2081 ,
3530 2023 3587 2068 et
3630 2025 3743 2081 ager

2063 3382 2108 3448 C

2139 2122 2483 2201 pinguedinis
2511 2116 2564 2175 in
2592 2110 2925 2174 abundantia
2951 2111 3258 2174 charitatis,
3283 2112 3460 2177 atque
3486 2104 3742 2177 amictui:

2138 2198 2402 2276 bonorum
2432 2226 2677 2287 operum,
2711 2212 2825 2267 sive
2851 2218 2982 2281 ager
3016 2202 3443 2266 consolationis,
3480 2200 3542 2256 in
3568 2198 3743 2255 solatio

2142 2310 2546 2383 Scripturarum
2575 2310 2629 2364 et
2658 2323 2752 2378 spe
2780 2306 2934 2361 lirnta
2972 2298 3279 2358 lutttrorum
3305 2296 3604 2360 habitans,
3642 2290 3746 2348 Sal-

2140 2418 2295 2463 vator
2340 2422 2437 2476 per
2483 2400 2734 2459 doctores
2784 2392 3047 2470 praedicat
3080 2388 3325 2467 quotidie
3376 2386 3744 2459 Evangelium,

2140 2496 2268 2572 quia
2309 2499 2363 2554 in
2410 2494 2526 2569 ipsa
2560 2488 2893 2549 fructificant
2936 2482 3120 2546 oinnia
3163 2484 3421 2558 germina
3462 2478 3743 2545 virtutum;

2139 2586 2284 2650 unde
2315 2590 2367 2648 in
2391 2584 2605 2647 laudem
2635 2582 2750 2658 ejus
2782 2596 3014 2657 sponsus
3050 2576 3376 2665 in‘Caniico
3417 2574 3745 2632 canticorum

2141 2678 2540 2745 dicitzllortus
2593 2679 2893 2744 conclusus,
2940 2692 3091 2732 soror
3139 2680 3257 2727 mea
3303 2680 3542 2741 sponsa,
3585 2666 3745 2719 hortus

2141 2777 2443 2845 conclusus,
2477 2772 2594 2849 fons
2639 2769 2896 2846 signatus.
2944 2760 3272 2825 Emissionet
3314 2773 3431 2818 tum
3479 2758 3747 2833 paradisus

2141 2869 2405 2929 malorum
2435 2866 2769 2943 punicorum,
2802 2881 2923 2918 cum
2950 2855 3226 2938 pomorum
3257 2852 3563 2927 fructibus.
3606 2847 3747 2918 Cyrri

2141 2983 2258 3021 cum
2282 2964 2467 3029 nardo,
2488 2956 2708 3027 nardus,
2734 2968 2781 3014 et
2806 2973 3011 3022 crocus,
3039 2950 3245 3023 ﬁstula,
3264 2956 3312 3005 et
3330 2950 3745 3003 cinnamomum,

2141 3074 2258 3113 cum
2276 3053 2534 3111 universis
2557 3052 2714 3125 lignis
2728 3044 2939 3115 Libani,
2955 3042 3193 3119 myrrha,
3218 3040 3269 3098 ei
3298 3035 3426 3096 aloe
3454 3048 3581 3092 cum
3604 3033 3750 3088 amni-

2141 3144 2237 3204 bus
2256 3146 2439 3220 primis
2462 3142 2761 3218 unguentis.
2788 3136 2934 3197 Fons
2960 3139 3255 3200 hortorum,
3278 3144 3483 3205 puteus
3508 3140 3750 3199 aquarum

2139 3218 2439 3306 viventium,
2479 3256 2598 3311 qua:
2638 3230 2811 3309 ﬂuunt
2852 3230 3049 3305 impetu
3092 3226 3157 3285 de
3199 3226 3414 3282 Libano
3445 3218 3631 3295 (Cant.
3663 3219 3748 3286 tv).

2139 3328 2265 3390 Haec
2310 3324 2448 3389 bene
2493 3326 2768 3387 maritima
2812 3322 3037 3392 dicitur,
3065 3322 3191 3396 quia
3216 3318 3382 3390 juxta
3422 3330 3586 3373 mare
3615 3314 3753 3369 istius

2140 3425 2328 3484 mundi
2369 3424 2570 3498 posita,
2598 3416 2840 3494 quotidie
2869 3416 3313 3491 persecutionum
3348 3406 3623 3466 ﬂuctibus
3646 3412 3751 3460 tun-

2140 3512 2305 3576 ditur.
2358 3518 2613 3573 Attamen
2660 3508 2909 3571 homines
2954 3506 3111 3566 undis
3151 3502 3507 3578 voluptatum
3562 3511 3750 3557 mersus

2140 3610 2347 3670 retibus
2374 3600 2651 3681 Evangelii
2683 3620 2788 3661 non
2818 3609 2998 3661 cessat
3022 3598 3273 3657 liberare.
3307 3591 3447 3666 Quae
3482 3601 3545 3651 et
3572 3591 3626 3649 iu
3647 3590 3751 3647 liui-

2142 3696 2244 3762 buS
2273 3694 2511 3759 Zahuion
2560 3706 2614 3756 et
2639 3688 2987 3770 Nephthailm
3033 3692 3137 3750 sita
3166 3701 3273 3757 eSt,
3306 3686 3442 3760 quis
3486 3684 3548 3743 in
3589 3682 3750 3742 medio

2143 3792 2382 3869 gentium
2407 3795 2473 3849 ad
2501 3791 2835 3849 dilatandam
2862 3782 3077 3844 Fortiter
3099 3776 3326 3841 verbum
3354 3780 3459 3837 Dei
3485 3776 3749 3842 consistit,

2142 3894 2204 3943 ut
2245 3885 2595 3948 credentibus
2642 3882 2709 3939 sit
2751 3876 3055 3952 refugium,
3085 3884 3140 3933 et
3171 3870 3623 3947 periclitantibus
3666 3869 3753 3923 de-

2144 3986 2412 4037 monstret
2458 3976 2581 4034 lidei
2630 3982 2871 4047 portum.
2924 3961 3167 4026 Zabuldn
3211 3976 3341 4037 ergo
3393 3960 3750 4019 habitaculum

2142 4066 2471 4144 fortitudinis
2500 4068 2913 4140 interpretatur,
2944 4069 3001 4119 et
3030 4050 3380 4132 Nephthalim
3412 4052 3689 4111 dilatatio.

2219 4158 2285 4219 Ut
2336 4161 2714 4236 adimpleretur
2741 4156 2883 4231 quod
2929 4155 3127 4210 dictum
3164 4161 3239 4207 est
3269 4165 3363 4222 per
3398 4146 3612 4236 Isaiam
3642 4156 3758 4236 prtio

2142 4254 2350 4331 phetam
2394 4272 2412 4312 :
2449 4233 2613 4309 Terra
2659 4242 2924 4314 Zabulon,
2961 4255 3009 4302 et
3056 4252 3201 4300 terra
3251 4234 3635 4312 Nephtdaliat,
3679 4233 3755 4289 via

2144 4326 2307 4404 inuris
2340 4361 2487 4400 trans
2522 4336 2816 4398 Iordanem
2847 4334 3088 4394 Gallitta:
3123 4330 3380 4405 gentium,
3406 4326 3648 4401 populi:
3674 4326 3754 4397 qli

2145 4440 2356 4497 sedebat
2384 4440 2441 4493 in
2462 4436 2687 4492 tenebris
2725 4432 2896 4487 lucem
2924 4430 3052 4485 vidit
3081 4442 3352 4497 magnam,
3388 4419 3753 4476 habitantibus

2144 4535 2198 4587 in
2244 4533 2453 4604 regione
2500 4528 2701 4584 umbra:
2740 4524 2945 4587 mortis,
2982 4520 3077 4575 lux
3106 4528 3225 4573 orta
3267 4527 3343 4570 est
3370 4515 3452 4568 eis
3482 4512 3632 4585 (ιω.
3660 4510 3750 4582 ιι).

438 4635 625 4681 contra
648 4628 1014 4699 regionem,in
1032 4626 1347 4683 duodecimo
1365 4625 1482 4693 ejus
1501 4623 1753 4680 milliaria
1767 4618 1838 4679 ad
1855 4616 2040 4681 Orien-
2066 4691 2070 4695 η
2147 4603 2454 4681 Secundum
2503 4630 2636 4692 ergo
2679 4614 3022 4687 evangelista:
3071 4607 3310 4664 Matthtei
3360 4619 3632 4668 sensum,
3661 4603 3754 4655 hoc

438 4719 603 4777 talem
645 4718 859 4788 plagam
900 4720 1057 4785 juxta
1103 4729 1346 4775 montem
1375 4719 1625 4785 Thabor,
1649 4718 2041 4806 iCapharnaum
2067 4747 2120 4806 Β

439 4828 571 4869 vero
594 4812 753 4883 juxta
795 4816 1045 4879 stagnum
1074 4806 1410 4862 Genesareth
1439 4819 1611 4874 usque
1646 4803 1807 4858 hodie
1834 4813 1920 4858 est
1946 4820 2042 4875 op-

439 4904 626 4977 pidum
660 4890 715 4955 in
749 4886 968 4955 Galilzea
995 4890 1259 4970 gentium,
1292 4890 1455 4951 situm
1487 4896 1542 4950 in
1572 4890 1771 4951 ﬁnibus
1797 4886 2041 4952 Zabulon

440 5004 496 5052 et
545 4982 911 5065 Nephthalim.
967 4984 1163 5044 Narrat
1211 4986 1429 5059 quidam
1491 5004 1655 5059 supra
1706 4992 2041 5045 memoratus

442 5088 728 5159 episcOpus
769 5076 1106 5155 Arculphus,
1158 5078 1350 5139 harum
1411 5076 1693 5137 civitatum
1750 5088 2040 5152 utramque

444 5168 715 5235 modernis
745 5168 1077 5247 temporibus
1111 5173 1313 5244 absque
1338 5190 1619 5227 murorum
1658 5166 1865 5228 ambitu
1895 5189 2037 5235 esse.

445 5278 504 5327 et
528 5262 799 5324 Nazareth
848 5274 1009 5338 supra
1042 5270 1285 5321 montem
1328 5262 1563 5333 positam
1589 5301 1604 5327 ,
1654 5256 2037 5329 Capharnaum

446 5378 579 5416 vero
610 5369 835 5432 augusto
866 5362 1008 5415 inter
1042 5368 1281 5414 montem
1326 5364 1379 5410 et
1413 5360 1662 5425 stagnum
1708 5356 2039 5407 coarctatam

447 5450 645 5521 spatio,
672 5451 745 5527 ab
771 5446 1087 5521 Aquilonari
1130 5448 1285 5521 plaga
1312 5455 1571 5510 montem,
1601 5442 1776 5497 lacum
1817 5457 1944 5495 vero
1972 5440 2041 5495 ab

446 5544 681 5601 Australi
711 5532 1023 5609 habentem,
1047 5552 1103 5598 et
1127 5542 1267 5613 quod
1302 5536 1370 5597 ab
1400 5538 1611 5595 Occasu
1638 5530 1692 5590 in
1733 5534 1922 5591 Ortum
1947 5550 2039 5589 ex-

448 5648 603 5695 tensa
633 5636 913 5709 dirigatur.
944 5624 1164 5708 Mystice
1200 5642 1381 5689 autem
1420 5626 1564 5704 quod
1589 5620 1798 5684 Joanne
1842 5625 2038 5682 tradito

382 5796 386 5801 ,
447 5720 606 5790 Jesus
656 5730 848 5801 incipit
890 5728 1203 5802 praedicare,
1252 5720 1520 5800 signiﬁcat
1568 5717 1709 5794 quod
1761 5714 2041 5779 desinente

449 5825 586 5897 lege,
614 5831 1009 5896 consequenter
1054 5821 1229 5877 oritur
1281 5814 1654 5889 Evangelium,
1679 5829 1874 5870 aurora
1910 5808 2039 5869 deli-

451 5916 629 5973 ciente
667 5932 831 5972 verus
864 5914 1142 5985 consurgit
1186 5908 1299 5977 Sol,
1328 5906 1592 5980 discipulo
1633 5912 1883 5963 cessante
1930 5903 2041 5960 Ma-

451 6014 622 6089 gister
664 6014 835 6070 adest.
881 6010 989 6067 Sed
1041 6006 1262 6065 humilis
1307 6002 1565 6075 magister
1594 6013 1676 6060 est
1706 5996 1796 6058 ille
1826 5999 1920 6075 qui
1947 5998 2040 6056 do-

2147 4715 2517 4773 testimonium
2558 4712 2823 4783 propheta
2867 4706 3036 4762 Isaias
3063 4704 3129 4758 de
3169 4702 3405 4756 adventu
3452 4696 3667 4752 Christi
3705 4703 3751 4749 et

2145 4806 2541 4863 illuminatione
2562 4799 2841 4872 Evangelii
2864 4796 3111 4869 praecinit
3136 4794 3266 4850 licet
3292 4790 3383 4846 alii
3414 4789 3552 4844 illud
3584 4789 3654 4843 ad
3686 4802 3757 4841 re-

2144 4900 2455 4956 versionem
2478 4897 2545 4951 de
2566 4890 2881 4964 captivitate
2904 4886 3005 4945 sub
3025 4880 3326 4942 Zorobabel
3349 4883 3563 4937 factam
3596 4881 3757 4935 inter-

2142 4994 2447 5063 pretentur.
2464 4979 2598 5042 itam
2617 4990 2780 5040 verus
2806 4980 3048 5038 medicus
3073 4974 3141 5033 ad
3166 4975 3320 5032 initia
3341 4970 3587 5029 recurrit
3614 4970 3747 5023 dolo

2144 5062 2286 5151 rum,
2303 5084 2433 5154 quia
2455 5081 2547 5136 ubi
2564 5080 2737 5150 prima
2753 5070 3043 5154 captivitas
3056 5064 3490 5154 Heln‘morum‘ab
3512 5062 3753 5154 Assprﬁs

2148 5146 2357 5232 ΐιιὶιξέι
2375 5146 2673 5218 divina-lca
2712 5165 2765 5212 tn
2805 5146 3134 5211 Oblivionem
3174 5152 3345 5218 venit,
3380 5148 3456 5207 ibi
3493 5146 3754 5207 Dominus

2147 5256 2323 5330 prium
2356 5250 2534 5326 ignem
2567 5246 2971 5322 praedicationis
3002 5244 3249 5302 accendit
3287 5242 3341 5320 (1
3356 5238 3392 5297 ι’
3427 5238 3564 5316 Reg.
3599 5246 3753 5311 xm).

2150 5345 2368 5421 (Narrat
2386 5343 2604 5417 quidem
2629 5334 2838 5414 Regum
2858 5336 3085 5396 historia
3111 5334 3254 5410 quod
3277 5336 3644 5393 Salmanasar
3664 5348 3753 5393 rex

2147 5442 2494 5514 Assyriorum
2515 5436 2812 5495 debellaret
2832 5432 3161 5498 Samariam,
3177 5440 3232 5487 et
3244 5429 3381 5487 Osee
3396 5442 3592 5502 regem
3613 5428 3755 5484 illius

2148 5532 2387 5594 vinctum
2416 5530 2651 5591 misisset
2673 5531 2727 5588 in
2749 5545 3046 5595 carcerem,
3063 5523 3465 5597 translatusque
3489 5525 3563 5580 sit
3586 5524 3755 5579 Israel

2148 5626 2214 5685 dc
2247 5638 2388 5683 terra
2418 5642 2514 5681 sua
2540 5622 2593 5679 iu
2613 5618 2886 5693 Assyrios,
2918 5617 3339 5689 immisissetque
3367 5628 3467 5673 rex
3491 5614 3758 5689 Assyrio-

2147 5737 2267 5776 rum
2303 5714 2633 5788 aiienigenas
2662 5718 2719 5769 ut
2750 5709 3084 5769 custodirent
3115 5718 3318 5766 terram
3340 5704 3531 5774 Israel,
3562 5720 3644 5764 ne
3676 5723 3757 5763 re-

2146 5808 2423 5883 digcrctur
2476 5802 2528 5863 in
2578 5800 2954 5870 solitudinem,
3004 5798 3095 5874 qui
3141 5814 3239 5875 per
3289 5794 3638 5857 sacerdotem
3690 5814 3757 5855 ex

2146 5912 2305 5978 gente
2334 5900 2701 5958 lsraelitat‘um
2732 5896 3013 5964 instructi,
3045 5892 3333 5953 Dominum
3366 5886 3530 5951 lsraei
3557 5886 3765 5950 coiere

2147 5992 2473 6071 didicerunt,
2498 5998 2869 6050 verumtamen
2893 5988 3023 6048 deos
3045 5986 3249 6064 patrios
3269 5998 3405 6065 quos
3429 5982 3757 6045 habuerunt
