  <div class='ocr_page' id='page_1' title='image "/cluster/home/n/w/nwhite01/storage/ocr_20150623/107/hvd.32044015466832/400.png"; bbox 0 0 3914 6452; ppageno 0'>
   <div class='ocr_carea' id='block_1_1' title="bbox 198 466 316 534">
    <p class='ocr_par' dir='ltr' id='par_1_1' title="bbox 198 466 316 534">
     <span class='ocr_line' id='line_1_1' title="bbox 198 466 316 534; baseline 0 0"><span class='ocrx_word' id='word_1_1' title='bbox 198 466 316 534; x_wconf 67' lang='grc'><strong>’⁸789</strong></span> 
     </span>
    </p>
   </div>
   <div class='ocr_carea' id='block_1_2' title="bbox 1226 414 2529 526">
    <p class='ocr_par' dir='ltr' id='par_1_2' title="bbox 1226 414 2529 526">
     <span class='ocr_line' id='line_1_2' title="bbox 1226 414 2529 526; baseline -0.003 -1"><span class='ocrx_word' id='word_1_2' title='bbox 1226 446 1580 525; x_wconf 73' lang='lat' dir='ltr'><strong>COMMENT.</strong></span> <span class='ocrx_word' id='word_1_3' title='bbox 1620 471 1687 526; x_wconf 79' lang='lat' dir='ltr'><strong>IN</strong></span> <span class='ocrx_word' id='word_1_4' title='bbox 1723 414 2162 523; x_wconf 54' lang='lat' dir='ltr'><strong>narrum</strong></span> <span class='ocrx_word' id='word_1_5' title='bbox 2201 494 2271 505; x_wconf 89' lang='lat'>_</span> <span class='ocrx_word' id='word_1_6' title='bbox 2300 456 2427 521; x_wconf 77' lang='lat' dir='ltr'><strong>me.</strong></span> <span class='ocrx_word' id='word_1_7' title='bbox 2464 456 2529 521; x_wconf 89' lang='lat' dir='ltr'><strong>n.</strong></span> 
     </span>
    </p>
   </div>
   <div class='ocr_carea' id='block_1_3' title="bbox 3403 469 3508 527">
    <p class='ocr_par' dir='ltr' id='par_1_3' title="bbox 3403 469 3508 527">
     <span class='ocr_line' id='line_1_3' title="bbox 3403 469 3508 527; baseline 0 0"><span class='ocrx_word' id='word_1_8' title='bbox 3403 469 3508 527; x_wconf 82' lang='lat'><strong>790</strong></span> 
     </span>
    </p>
   </div>
   <div class='ocr_carea' id='block_1_4' title="bbox 210 569 3508 656">
    <p class='ocr_par' dir='ltr' id='par_1_4' title="bbox 210 569 3508 656">
     <span class='ocr_line' id='line_1_4' title="bbox 210 569 3508 656; baseline -0.003 -5"><span class='ocrx_word' id='word_1_9' title='bbox 210 594 266 652; x_wconf 91' lang='lat' dir='ltr'><strong>in</strong></span> <span class='ocrx_word' id='word_1_10' title='bbox 304 600 451 649; x_wconf 88' lang='lat' dir='ltr'><strong>terra</strong></span> <span class='ocrx_word' id='word_1_11' title='bbox 479 589 578 643; x_wconf 83' lang='lat' dir='ltr'><strong>sua</strong></span> <span class='ocrx_word' id='word_1_12' title='bbox 602 598 710 641; x_wconf 90' lang='lat' dir='ltr'><strong>non</strong></span> <span class='ocrx_word' id='word_1_13' title='bbox 733 569 1414 656; x_wconf 42' lang='lat' dir='ltr'><strong>reliquerunt.)&#39;(ﬂieron.)</strong></span> <span class='ocrx_word' id='word_1_14' title='bbox 1443 576 1597 651; x_wconf 83' lang='lat' dir='ltr'><strong>Quod</strong></span> <span class='ocrx_word' id='word_1_15' title='bbox 1625 587 1806 636; x_wconf 91' lang='lat' dir='ltr'><strong>autem</strong></span> <span class='ocrx_word' id='word_1_16' title='bbox 1834 581 1887 643; x_wconf 83' lang='grc' dir='ltr'><strong>Α</strong></span> <span class='ocrx_word' id='word_1_17' title='bbox 1909 572 2155 635; x_wconf 73' lang='lat' dir='ltr'><strong>Andreas</strong></span> <span class='ocrx_word' id='word_1_18' title='bbox 2178 577 2366 645; x_wconf 80' lang='lat' dir='ltr'><strong>uirilis,</strong></span> <span class='ocrx_word' id='word_1_19' title='bbox 2416 584 2470 635; x_wconf 90' lang='lat' dir='ltr'><strong>et</strong></span> <span class='ocrx_word' id='word_1_20' title='bbox 2495 579 2598 636; x_wconf 87' lang='lat' dir='ltr'><strong>hoc</strong></span> <span class='ocrx_word' id='word_1_21' title='bbox 2640 576 2779 637; x_wconf 84' lang='lat' dir='ltr'><strong>bene</strong></span> <span class='ocrx_word' id='word_1_22' title='bbox 2808 579 2874 636; x_wconf 91' lang='lat' dir='ltr'><strong>ad</strong></span> <span class='ocrx_word' id='word_1_23' title='bbox 2906 574 3187 638; x_wconf 89' lang='lat' dir='ltr'><strong>doctorum</strong></span> <span class='ocrx_word' id='word_1_24' title='bbox 3215 598 3508 655; x_wconf 86' lang='lat' dir='ltr'><strong>personam</strong></span> 
     </span>
    </p>
   </div>
   <div class='ocr_carea' id='block_1_5' title="bbox 186 668 1808 744">
    <p class='ocr_par' dir='ltr' id='par_1_5' title="bbox 186 668 1808 744">
     <span class='ocr_line' id='line_1_5' title="bbox 186 668 1808 744; baseline -0.009 -4"><span class='ocrx_word' id='word_1_25' title='bbox 186 684 384 741; x_wconf 78' lang='lat' dir='ltr'><strong>‘dicit:</strong></span> <span class='ocrx_word' id='word_1_26' title='bbox 416 678 515 734; x_wconf 81' lang='lat' dir='ltr'><strong>Via</strong></span> <span class='ocrx_word' id='word_1_27' title='bbox 558 676 720 732; x_wconf 85' lang='lat' dir='ltr'><strong>maris</strong></span> <span class='ocrx_word' id='word_1_28' title='bbox 765 682 913 729; x_wconf 84' lang='lat' dir='ltr'><strong>trans</strong></span> <span class='ocrx_word' id='word_1_29' title='bbox 953 670 1242 728; x_wconf 78' lang='lat' dir='ltr'><strong>Iordanem</strong></span> <span class='ocrx_word' id='word_1_30' title='bbox 1288 668 1528 727; x_wconf 68' lang='lat' dir='ltr'><strong>(inlitam</strong></span> <span class='ocrx_word' id='word_1_31' title='bbox 1555 672 1808 744; x_wconf 84' lang='lat' dir='ltr'><strong>gentium,</strong></span> 
     </span>
    </p>
   </div>
   <div class='ocr_carea' id='block_1_6' title="bbox 218 760 1814 837">
    <p class='ocr_par' dir='ltr' id='par_1_6' title="bbox 218 760 1814 837">
     <span class='ocr_line' id='line_1_6' title="bbox 218 760 1814 837; baseline -0.007 -7"><span class='ocrx_word' id='word_1_32' title='bbox 218 774 288 829; x_wconf 84' lang='lat' dir='ltr'><strong>ad</strong></span> <span class='ocrx_word' id='word_1_33' title='bbox 334 766 695 829; x_wconf 79' lang='lat' dir='ltr'><strong>diﬂ&#39;erentiam</strong></span> <span class='ocrx_word' id='word_1_34' title='bbox 738 764 976 837; x_wconf 87' lang='lat' dir='ltr'><strong>positum</strong></span> <span class='ocrx_word' id='word_1_35' title='bbox 1017 774 1102 819; x_wconf 89' lang='lat' dir='ltr'><strong>est</strong></span> <span class='ocrx_word' id='word_1_36' title='bbox 1142 760 1364 820; x_wconf 80' lang='lat' dir='ltr'><strong>alterius</strong></span> <span class='ocrx_word' id='word_1_37' title='bbox 1409 762 1665 831; x_wconf 62' lang='lat' dir='ltr'><strong>Galilzem,</strong></span> <span class='ocrx_word' id='word_1_38' title='bbox 1694 778 1814 834; x_wconf 73' lang='lat' dir='ltr'><strong>quae</strong></span> 
     </span>
    </p>
   </div>
   <div class='ocr_carea' id='block_1_7' title="bbox 212 856 1814 929">
    <p class='ocr_par' dir='ltr' id='par_1_7' title="bbox 212 856 1814 929">
     <span class='ocr_line' id='line_1_7' title="bbox 212 856 1814 929; baseline -0.006 -4"><span class='ocrx_word' id='word_1_39' title='bbox 212 873 300 925; x_wconf 89' lang='lat' dir='ltr'><strong>est</strong></span> <span class='ocrx_word' id='word_1_40' title='bbox 325 866 380 923; x_wconf 86' lang='lat' dir='ltr'><strong>in</strong></span> <span class='ocrx_word' id='word_1_41' title='bbox 410 864 553 920; x_wconf 87' lang='lat' dir='ltr'><strong>tribu</strong></span> <span class='ocrx_word' id='word_1_42' title='bbox 592 860 856 917; x_wconf 83' lang='lat' dir='ltr'><strong>Zabulon.</strong></span> <span class='ocrx_word' id='word_1_43' title='bbox 906 856 1035 914; x_wconf 73' lang='lat' dir='ltr'><strong>Dum</strong></span> <span class='ocrx_word' id='word_1_44' title='bbox 1063 857 1332 929; x_wconf 89' lang='lat' dir='ltr'><strong>siquidem</strong></span> <span class='ocrx_word' id='word_1_45' title='bbox 1363 856 1597 915; x_wconf 74' lang='lat' dir='ltr'><strong>Galilzete</strong></span> <span class='ocrx_word' id='word_1_46' title='bbox 1628 864 1755 913; x_wconf 91' lang='lat' dir='ltr'><strong>sunt</strong></span> <span class='ocrx_word' id='word_1_47' title='bbox 1782 874 1814 915; x_wconf 88' lang='lat' dir='ltr'><strong>e</strong></span> 
     </span>
    </p>
   </div>
   <div class='ocr_carea' id='block_1_8' title="bbox 217 948 1815 1033">
    <p class='ocr_par' dir='ltr' id='par_1_8' title="bbox 217 948 1815 1033">
     <span class='ocr_line' id='line_1_8' title="bbox 217 948 1815 1033; baseline -0.007 -18"><span class='ocrx_word' id='word_1_48' title='bbox 217 960 414 1033; x_wconf 78' lang='lat' dir='ltr'><strong>quibus</strong></span> <span class='ocrx_word' id='word_1_49' title='bbox 448 966 559 1012; x_wconf 81' lang='lat' dir='ltr'><strong>una</strong></span> <span class='ocrx_word' id='word_1_50' title='bbox 601 951 821 1011; x_wconf 65' lang='lat' dir='ltr'><strong>Galilaaa</strong></span> <span class='ocrx_word' id='word_1_51' title='bbox 846 950 1088 1025; x_wconf 90' lang='lat' dir='ltr'><strong>gentium</strong></span> <span class='ocrx_word' id='word_1_52' title='bbox 1130 959 1375 1016; x_wconf 75' lang='lat' dir='ltr'><strong>vocatur,</strong></span> <span class='ocrx_word' id='word_1_53' title='bbox 1406 949 1583 1006; x_wconf 87' lang='lat' dir='ltr'><strong>vicina</strong></span> <span class='ocrx_word' id='word_1_54' title='bbox 1616 948 1815 1005; x_wconf 83' lang='lat' dir='ltr'><strong>ﬁnibus</strong></span> 
     </span>
    </p>
   </div>
   <div class='ocr_carea' id='block_1_9' title="bbox 218 1042 1815 1127">
    <p class='ocr_par' dir='ltr' id='par_1_9' title="bbox 218 1042 1815 1127">
     <span class='ocr_line' id='line_1_9' title="bbox 218 1042 1815 1127; baseline -0.008 -16"><span class='ocrx_word' id='word_1_55' title='bbox 218 1055 528 1127; x_wconf 78' lang='lat' dir='ltr'><strong>Tyriorum,</strong></span> <span class='ocrx_word' id='word_1_56' title='bbox 552 1047 644 1106; x_wconf 90' lang='lat' dir='ltr'><strong>ubi</strong></span> <span class='ocrx_word' id='word_1_57' title='bbox 666 1056 721 1105; x_wconf 91' lang='lat' dir='ltr'><strong>et</strong></span> <span class='ocrx_word' id='word_1_58' title='bbox 732 1045 988 1104; x_wconf 84' lang='lat' dir='ltr'><strong>Salomon</strong></span> <span class='ocrx_word' id='word_1_59' title='bbox 1005 1044 1225 1101; x_wconf 91' lang='lat' dir='ltr'><strong>donavit</strong></span> <span class='ocrx_word' id='word_1_60' title='bbox 1238 1043 1423 1117; x_wconf 75' lang='lat' dir='ltr'><strong>viginti</strong></span> <span class='ocrx_word' id='word_1_61' title='bbox 1440 1044 1685 1100; x_wconf 80' lang='lat' dir='ltr'><strong>civitates</strong></span> <span class='ocrx_word' id='word_1_62' title='bbox 1700 1042 1815 1115; x_wconf 86' lang='lat' dir='ltr'><strong>regi</strong></span> 
     </span>
    </p>
   </div>
   <div class='ocr_carea' id='block_1_10' title="bbox 219 1132 1815 1216">
    <p class='ocr_par' dir='ltr' id='par_1_10' title="bbox 219 1132 1815 1216">
     <span class='ocr_line' id='line_1_10' title="bbox 219 1132 1815 1216; baseline -0.008 -14"><span class='ocrx_word' id='word_1_63' title='bbox 219 1146 408 1203; x_wconf 79' lang='lat' dir='ltr'><strong>Hiram</strong></span> <span class='ocrx_word' id='word_1_64' title='bbox 441 1140 606 1216; x_wconf 81' lang='lat' dir='ltr'><strong>Tyrio</strong></span> <span class='ocrx_word' id='word_1_65' title='bbox 645 1139 699 1196; x_wconf 91' lang='lat' dir='ltr'><strong>in</strong></span> <span class='ocrx_word' id='word_1_66' title='bbox 747 1144 893 1196; x_wconf 85' lang='lat' dir='ltr'><strong>sorte</strong></span> <span class='ocrx_word' id='word_1_67' title='bbox 931 1134 1494 1209; x_wconf 69' lang='lat' dir='ltr'><strong>tribus&#39;Nephthalim.</strong></span> <span class='ocrx_word' id='word_1_68' title='bbox 1525 1132 1815 1211; x_wconf 71' lang='lat' dir='ltr'><strong>(MAURUS.)</strong></span> 
     </span>
    </p>
   </div>
   <div class='ocr_carea' id='block_1_11' title="bbox 220 1227 1817 1302">
    <p class='ocr_par' dir='ltr' id='par_1_11' title="bbox 220 1227 1817 1302">
     <span class='ocr_line' id='line_1_11' title="bbox 220 1227 1817 1302; baseline -0.007 -7"><span class='ocrx_word' id='word_1_69' title='bbox 220 1238 407 1295; x_wconf 77' lang='lat' dir='ltr'><strong>Altera</strong></span> <span class='ocrx_word' id='word_1_70' title='bbox 428 1233 649 1292; x_wconf 70' lang='lat' dir='ltr'><strong>Galiltea</strong></span> <span class='ocrx_word' id='word_1_71' title='bbox 692 1231 892 1287; x_wconf 88' lang='lat' dir='ltr'><strong>dicitur</strong></span> <span class='ocrx_word' id='word_1_72' title='bbox 920 1231 1065 1287; x_wconf 86' lang='lat' dir='ltr'><strong>circa</strong></span> <span class='ocrx_word' id='word_1_73' title='bbox 1096 1227 1452 1302; x_wconf 84' lang='lat' dir='ltr'><strong>Tyberiadem</strong></span> <span class='ocrx_word' id='word_1_74' title='bbox 1485 1234 1540 1284; x_wconf 87' lang='lat' dir='ltr'><strong>et</strong></span> <span class='ocrx_word' id='word_1_75' title='bbox 1565 1238 1817 1301; x_wconf 78' lang='lat' dir='ltr'><strong>stagnum</strong></span> 
     </span>
    </p>
   </div>
   <div class='ocr_carea' id='block_1_12' title="bbox 221 1318 1817 1395">
    <p class='ocr_par' dir='ltr' id='par_1_12' title="bbox 221 1318 1817 1395">
     <span class='ocr_line' id='line_1_12' title="bbox 221 1318 1817 1395; baseline -0.006 -9"><span class='ocrx_word' id='word_1_76' title='bbox 221 1326 579 1393; x_wconf 83' lang='lat' dir='ltr'><strong>Genesaretli,</strong></span> <span class='ocrx_word' id='word_1_77' title='bbox 605 1325 659 1380; x_wconf 92' lang='lat' dir='ltr'><strong>in</strong></span> <span class='ocrx_word' id='word_1_78' title='bbox 705 1323 848 1379; x_wconf 85' lang='lat' dir='ltr'><strong>tribu</strong></span> <span class='ocrx_word' id='word_1_79' title='bbox 891 1320 1154 1378; x_wconf 79' lang='lat' dir='ltr'><strong>Zabulon.</strong></span> <span class='ocrx_word' id='word_1_80' title='bbox 1201 1318 1438 1395; x_wconf 82' lang='lat' dir='ltr'><strong>Populus</strong></span> <span class='ocrx_word' id='word_1_81' title='bbox 1481 1322 1570 1393; x_wconf 85' lang='lat' dir='ltr'><strong>qui</strong></span> <span class='ocrx_word' id='word_1_82' title='bbox 1610 1320 1817 1378; x_wconf 85' lang='lat' dir='ltr'><strong>sedebat</strong></span> 
     </span>
    </p>
   </div>
   <div class='ocr_carea' id='block_1_13' title="bbox 223 1410 1817 1486">
    <p class='ocr_par' dir='ltr' id='par_1_13' title="bbox 223 1410 1817 1486">
     <span class='ocr_line' id='line_1_13' title="bbox 223 1410 1817 1486; baseline -0.004 -11"><span class='ocrx_word' id='word_1_83' title='bbox 223 1422 279 1475; x_wconf 87' lang='lat' dir='ltr'><strong>in</strong></span> <span class='ocrx_word' id='word_1_84' title='bbox 318 1420 540 1475; x_wconf 75' lang='lat' dir='ltr'><strong>tenebris</strong></span> <span class='ocrx_word' id='word_1_85' title='bbox 576 1416 703 1473; x_wconf 84' lang='lat' dir='ltr'><strong>vidit</strong></span> <span class='ocrx_word' id='word_1_86' title='bbox 744 1414 913 1470; x_wconf 82' lang='lat' dir='ltr'><strong>lucem</strong></span> <span class='ocrx_word' id='word_1_87' title='bbox 960 1418 1234 1486; x_wconf 84' lang='lat' dir='ltr'><strong>magnam,</strong></span> <span class='ocrx_word' id='word_1_88' title='bbox 1265 1423 1319 1470; x_wconf 91' lang='lat' dir='ltr'><strong>et</strong></span> <span class='ocrx_word' id='word_1_89' title='bbox 1352 1415 1583 1486; x_wconf 79' lang='lat' dir='ltr'><strong>reliqua;</strong></span> <span class='ocrx_word' id='word_1_90' title='bbox 1616 1410 1817 1470; x_wconf 84' lang='lat' dir='ltr'><strong>Sancta</strong></span> 
     </span>
    </p>
   </div>
   <div class='ocr_carea' id='block_1_14' title="bbox 221 1502 1819 1583">
    <p class='ocr_par' dir='ltr' id='par_1_14' title="bbox 221 1502 1819 1583">
     <span class='ocr_line' id='line_1_14' title="bbox 221 1502 1819 1583; baseline -0.004 -17"><span class='ocrx_word' id='word_1_91' title='bbox 221 1522 357 1583; x_wconf 86' lang='lat' dir='ltr'><strong>ergo</strong></span> <span class='ocrx_word' id='word_1_92' title='bbox 386 1508 651 1574; x_wconf 76' lang='lat' dir='ltr'><strong>Ecclesia,</strong></span> <span class='ocrx_word' id='word_1_93' title='bbox 675 1516 797 1577; x_wconf 70' lang='lat' dir='ltr'><strong>qua:</strong></span> <span class='ocrx_word' id='word_1_94' title='bbox 816 1504 970 1575; x_wconf 71' lang='lat' dir='ltr'><strong>iusta</strong></span> <span class='ocrx_word' id='word_1_95' title='bbox 1002 1516 1156 1559; x_wconf 89' lang='lat' dir='ltr'><strong>mare</strong></span> <span class='ocrx_word' id='word_1_96' title='bbox 1194 1505 1476 1575; x_wconf 68' lang='lat' dir='ltr'><strong>praesentis</strong></span> <span class='ocrx_word' id='word_1_97' title='bbox 1506 1502 1690 1577; x_wconf 79' lang='lat' dir='ltr'><strong>saeculi</strong></span> <span class='ocrx_word' id='word_1_98' title='bbox 1724 1520 1819 1575; x_wconf 91' lang='lat' dir='ltr'><strong>po-</strong></span> 
     </span>
    </p>
   </div>
   <div class='ocr_carea' id='block_1_15' title="bbox 225 1595 1815 1669">
    <p class='ocr_par' dir='ltr' id='par_1_15' title="bbox 225 1595 1815 1669">
     <span class='ocr_line' id='line_1_15' title="bbox 225 1595 1815 1669; baseline -0.005 -12"><span class='ocrx_word' id='word_1_99' title='bbox 225 1600 329 1658; x_wconf 88' lang='lat' dir='ltr'><strong>sita</strong></span> <span class='ocrx_word' id='word_1_100' title='bbox 356 1608 460 1664; x_wconf 87' lang='lat' dir='ltr'><strong>est,</strong></span> <span class='ocrx_word' id='word_1_101' title='bbox 492 1600 609 1669; x_wconf 87' lang='lat' dir='ltr'><strong>ipsa</strong></span> <span class='ocrx_word' id='word_1_102' title='bbox 637 1606 790 1653; x_wconf 84' lang='lat' dir='ltr'><strong>trans</strong></span> <span class='ocrx_word' id='word_1_103' title='bbox 817 1597 1126 1661; x_wconf 79' lang='lat' dir='ltr'><strong>Jordanem,</strong></span> <span class='ocrx_word' id='word_1_104' title='bbox 1154 1595 1207 1650; x_wconf 91' lang='lat' dir='ltr'><strong>id</strong></span> <span class='ocrx_word' id='word_1_105' title='bbox 1230 1598 1315 1651; x_wconf 82' lang='lat' dir='ltr'><strong>est</strong></span> <span class='ocrx_word' id='word_1_106' title='bbox 1344 1598 1441 1668; x_wconf 78' lang='lat' dir='ltr'><strong>per</strong></span> <span class='ocrx_word' id='word_1_107' title='bbox 1469 1595 1815 1666; x_wconf 79' lang='lat' dir='ltr'><strong>baptismum,</strong></span> 
     </span>
    </p>
   </div>
   <div class='ocr_carea' id='block_1_16' title="bbox 226 1687 1820 1762">
    <p class='ocr_par' dir='ltr' id='par_1_16' title="bbox 226 1687 1820 1762">
     <span class='ocr_line' id='line_1_16' title="bbox 226 1687 1820 1762; baseline -0.002 -16"><span class='ocrx_word' id='word_1_108' title='bbox 226 1689 295 1746; x_wconf 92' lang='lat' dir='ltr'><strong>de</strong></span> <span class='ocrx_word' id='word_1_109' title='bbox 315 1690 561 1762; x_wconf 89' lang='lat' dir='ltr'><strong>pristinis</strong></span> <span class='ocrx_word' id='word_1_110' title='bbox 584 1689 867 1745; x_wconf 87' lang='lat' dir='ltr'><strong>erroribus</strong></span> <span class='ocrx_word' id='word_1_111' title='bbox 892 1688 1071 1743; x_wconf 80' lang='lat' dir='ltr'><strong>ablata</strong></span> <span class='ocrx_word' id='word_1_112' title='bbox 1094 1687 1355 1759; x_wconf 78' lang='lat' dir='ltr'><strong>Spiritalls</strong></span> <span class='ocrx_word' id='word_1_113' title='bbox 1383 1687 1624 1755; x_wconf 73' lang='lat' dir='ltr'><strong>Galilzea,</strong></span> <span class='ocrx_word' id='word_1_114' title='bbox 1653 1687 1706 1743; x_wconf 88' lang='lat' dir='ltr'><strong>id</strong></span> <span class='ocrx_word' id='word_1_115' title='bbox 1735 1696 1820 1744; x_wconf 84' lang='lat' dir='ltr'><strong>est</strong></span> 
     </span>
    </p>
   </div>
   <div class='ocr_carea' id='block_1_17' title="bbox 225 1781 1818 1855">
    <p class='ocr_par' dir='ltr' id='par_1_17' title="bbox 225 1781 1818 1855">
     <span class='ocr_line' id='line_1_17' title="bbox 225 1781 1818 1855; baseline -0.001 -17"><span class='ocrx_word' id='word_1_116' title='bbox 225 1783 634 1855; x_wconf 70' lang='lat' dir='ltr'><strong>transmigratio</strong></span> <span class='ocrx_word' id='word_1_117' title='bbox 688 1782 831 1837; x_wconf 75' lang='lat' dir='ltr'><strong>facta</strong></span> <span class='ocrx_word' id='word_1_118' title='bbox 880 1788 995 1848; x_wconf 89' lang='lat' dir='ltr'><strong>est;</strong></span> <span class='ocrx_word' id='word_1_119' title='bbox 1028 1788 1083 1838; x_wconf 89' lang='lat' dir='ltr'><strong>et</strong></span> <span class='ocrx_word' id='word_1_120' title='bbox 1126 1796 1247 1853; x_wconf 72' lang='lat' dir='ltr'><strong>qua:</strong></span> <span class='ocrx_word' id='word_1_121' title='bbox 1295 1781 1447 1853; x_wconf 88' lang='lat' dir='ltr'><strong>prius</strong></span> <span class='ocrx_word' id='word_1_122' title='bbox 1482 1782 1581 1838; x_wconf 85' lang='lat' dir='ltr'><strong>sub</strong></span> <span class='ocrx_word' id='word_1_123' title='bbox 1631 1781 1818 1853; x_wconf 75' lang='lat' dir='ltr'><strong>gentili</strong></span> 
     </span>
    </p>
   </div>
   <div class='ocr_carea' id='block_1_18' title="bbox 208 1858 1819 1957">
    <p class='ocr_par' dir='ltr' id='par_1_18' title="bbox 208 1858 1819 1957">
     <span class='ocr_line' id='line_1_18' title="bbox 208 1858 1819 1957; baseline 0.003 -29"><span class='ocrx_word' id='word_1_124' title='bbox 208 1858 335 1957; x_wconf 29' lang='lat' dir='ltr'><strong>Trita</strong></span> <span class='ocrx_word' id='word_1_125' title='bbox 362 1874 415 1928; x_wconf 85' lang='lat' dir='ltr'><strong>in</strong></span> <span class='ocrx_word' id='word_1_126' title='bbox 443 1876 635 1931; x_wconf 86' lang='lat' dir='ltr'><strong>umbra</strong></span> <span class='ocrx_word' id='word_1_127' title='bbox 668 1875 880 1941; x_wconf 89' lang='lat' dir='ltr'><strong>mortis,</strong></span> <span class='ocrx_word' id='word_1_128' title='bbox 915 1875 968 1929; x_wconf 90' lang='lat' dir='ltr'><strong>id</strong></span> <span class='ocrx_word' id='word_1_129' title='bbox 995 1880 1079 1930; x_wconf 89' lang='lat' dir='ltr'><strong>est</strong></span> <span class='ocrx_word' id='word_1_130' title='bbox 1112 1875 1167 1929; x_wconf 89' lang='lat' dir='ltr'><strong>in</strong></span> <span class='ocrx_word' id='word_1_131' title='bbox 1199 1874 1382 1931; x_wconf 88' lang='lat' dir='ltr'><strong>carnis</strong></span> <span class='ocrx_word' id='word_1_132' title='bbox 1425 1875 1552 1931; x_wconf 78' lang='lat' dir='ltr'><strong>luxu</strong></span> <span class='ocrx_word' id='word_1_133' title='bbox 1590 1880 1643 1931; x_wconf 91' lang='lat' dir='ltr'><strong>et</strong></span> <span class='ocrx_word' id='word_1_134' title='bbox 1673 1875 1819 1933; x_wconf 83' lang='lat' dir='ltr'><strong>deie-</strong></span> 
     </span>
    </p>
   </div>
   <div class='ocr_carea' id='block_1_19' title="bbox 1917 668 3509 747">
    <p class='ocr_par' dir='ltr' id='par_1_19' title="bbox 1917 668 3509 747">
     <span class='ocr_line' id='line_1_19' title="bbox 1917 668 3509 747; baseline 0.002 -19"><span class='ocrx_word' id='word_1_135' title='bbox 1917 670 2189 728; x_wconf 91' lang='lat' dir='ltr'><strong>convenit.</strong></span> <span class='ocrx_word' id='word_1_136' title='bbox 2221 668 2357 739; x_wconf 83' lang='lat' dir='ltr'><strong>Quia</strong></span> <span class='ocrx_word' id='word_1_137' title='bbox 2382 670 2436 725; x_wconf 89' lang='lat' dir='ltr'><strong>hi</strong></span> <span class='ocrx_word' id='word_1_138' title='bbox 2459 669 2798 728; x_wconf 84' lang='lat' dir='ltr'><strong>solummodo</strong></span> <span class='ocrx_word' id='word_1_139' title='bbox 2818 673 2886 728; x_wconf 90' lang='lat' dir='ltr'><strong>ad</strong></span> <span class='ocrx_word' id='word_1_140' title='bbox 2911 688 3049 744; x_wconf 90' lang='lat' dir='ltr'><strong>opus</strong></span> <span class='ocrx_word' id='word_1_141' title='bbox 3077 674 3372 747; x_wconf 82' lang='lat' dir='ltr'><strong>magisterii</strong></span> <span class='ocrx_word' id='word_1_142' title='bbox 3406 677 3509 731; x_wconf 86' lang='lat' dir='ltr'><strong>ba-</strong></span> 
     </span>
    </p>
   </div>
   <div class='ocr_carea' id='block_1_20' title="bbox 1914 760 3507 833">
    <p class='ocr_par' dir='ltr' id='par_1_20' title="bbox 1914 760 3507 833">
     <span class='ocr_line' id='line_1_20' title="bbox 1914 760 3507 833; baseline 0.005 -17"><span class='ocrx_word' id='word_1_143' title='bbox 1914 760 2051 817; x_wconf 86' lang='lat' dir='ltr'><strong>biles</strong></span> <span class='ocrx_word' id='word_1_144' title='bbox 2083 766 2229 829; x_wconf 87' lang='lat' dir='ltr'><strong>sunt,</strong></span> <span class='ocrx_word' id='word_1_145' title='bbox 2256 762 2347 833; x_wconf 88' lang='lat' dir='ltr'><strong>qui</strong></span> <span class='ocrx_word' id='word_1_146' title='bbox 2375 761 2651 833; x_wconf 64' lang='lat' dir='ltr'><strong>sapientiae</strong></span> <span class='ocrx_word' id='word_1_147' title='bbox 2677 762 2879 820; x_wconf 86' lang='lat' dir='ltr'><strong>lumine</strong></span> <span class='ocrx_word' id='word_1_148' title='bbox 2900 760 3256 833; x_wconf 85' lang='lat' dir='ltr'><strong>illustrantur,</strong></span> <span class='ocrx_word' id='word_1_149' title='bbox 3288 776 3344 824; x_wconf 92' lang='lat' dir='ltr'><strong>et</strong></span> <span class='ocrx_word' id='word_1_150' title='bbox 3369 769 3507 824; x_wconf 89' lang='lat' dir='ltr'><strong>bene</strong></span> 
     </span>
    </p>
   </div>
   <div class='ocr_carea' id='block_1_21' title="bbox 1916 851 3503 933">
    <p class='ocr_par' dir='ltr' id='par_1_21' title="bbox 1916 851 3503 933">
     <span class='ocr_line' id='line_1_21' title="bbox 1916 851 3503 933; baseline 0.004 -24"><span class='ocrx_word' id='word_1_151' title='bbox 1916 861 2204 926; x_wconf 87' lang='lat' dir='ltr'><strong>operantes</strong></span> <span class='ocrx_word' id='word_1_152' title='bbox 2226 851 2495 910; x_wconf 83' lang='lat' dir='ltr'><strong>mandatis</strong></span> <span class='ocrx_word' id='word_1_153' title='bbox 2521 852 2617 911; x_wconf 88' lang='lat' dir='ltr'><strong>Dei</strong></span> <span class='ocrx_word' id='word_1_154' title='bbox 2641 854 2925 924; x_wconf 90' lang='lat' dir='ltr'><strong>obediunt,</strong></span> <span class='ocrx_word' id='word_1_155' title='bbox 2957 856 3187 929; x_wconf 72' lang='lat' dir='ltr'><strong>aliisque</strong></span> <span class='ocrx_word' id='word_1_156' title='bbox 3231 857 3373 931; x_wconf 88' lang='lat' dir='ltr'><strong>quod</strong></span> <span class='ocrx_word' id='word_1_157' title='bbox 3401 859 3503 933; x_wconf 87' lang='lat' dir='ltr'><strong>ipsi</strong></span> 
     </span>
    </p>
   </div>
   <div class='ocr_carea' id='block_1_22' title="bbox 1916 942 3510 1019">
    <p class='ocr_par' dir='ltr' id='par_1_22' title="bbox 1916 942 3510 1019">
     <span class='ocr_line' id='line_1_22' title="bbox 1916 942 3510 1019; baseline 0.003 -16"><span class='ocrx_word' id='word_1_158' title='bbox 1916 945 2135 1003; x_wconf 86' lang='lat' dir='ltr'><strong>sciendo</strong></span> <span class='ocrx_word' id='word_1_159' title='bbox 2188 956 2242 1003; x_wconf 93' lang='lat' dir='ltr'><strong>et</strong></span> <span class='ocrx_word' id='word_1_160' title='bbox 2297 942 2573 1019; x_wconf 88' lang='lat' dir='ltr'><strong>operando</strong></span> <span class='ocrx_word' id='word_1_161' title='bbox 2625 946 2966 1019; x_wconf 89' lang='lat' dir='ltr'><strong>custodiunt,</strong></span> <span class='ocrx_word' id='word_1_162' title='bbox 3016 950 3294 1007; x_wconf 90' lang='lat' dir='ltr'><strong>sciendum</strong></span> <span class='ocrx_word' id='word_1_163' title='bbox 3335 957 3389 1008; x_wconf 90' lang='lat' dir='ltr'><strong>et</strong></span> <span class='ocrx_word' id='word_1_164' title='bbox 3429 950 3510 1008; x_wconf 84' lang='lat' dir='ltr'><strong>la-</strong></span> 
     </span>
    </p>
   </div>
   <div class='ocr_carea' id='block_1_23' title="bbox 1917 1032 3512 1119">
    <p class='ocr_par' dir='ltr' id='par_1_23' title="bbox 1917 1032 3512 1119">
     <span class='ocr_line' id='line_1_23' title="bbox 1917 1032 3512 1119; baseline 0.005 -22"><span class='ocrx_word' id='word_1_165' title='bbox 1917 1040 2167 1097; x_wconf 89' lang='lat' dir='ltr'><strong>ciendum</strong></span> <span class='ocrx_word' id='word_1_166' title='bbox 2214 1041 2427 1098; x_wconf 81' lang='lat' dir='ltr'><strong>fortiter</strong></span> <span class='ocrx_word' id='word_1_167' title='bbox 2480 1050 2536 1099; x_wconf 92' lang='lat' dir='ltr'><strong>et</strong></span> <span class='ocrx_word' id='word_1_168' title='bbox 2592 1043 2825 1101; x_wconf 84' lang='lat' dir='ltr'><strong>viriliter</strong></span> <span class='ocrx_word' id='word_1_169' title='bbox 2875 1032 3187 1119; x_wconf 83' lang='lat' dir='ltr'><strong>suggerunt.</strong></span> <span class='ocrx_word' id='word_1_170' title='bbox 3249 1044 3512 1105; x_wconf 80' lang='lat' dir='ltr'><strong>Mittentes</strong></span> 
     </span>
    </p>
   </div>
   <div class='ocr_carea' id='block_1_24' title="bbox 1916 1130 3516 1209">
    <p class='ocr_par' dir='ltr' id='par_1_24' title="bbox 1916 1130 3516 1209">
     <span class='ocr_line' id='line_1_24' title="bbox 1916 1130 3516 1209; baseline 0.004 -21"><span class='ocrx_word' id='word_1_171' title='bbox 1916 1146 2048 1205; x_wconf 82' lang='lat' dir='ltr'><strong>ergo</strong></span> <span class='ocrx_word' id='word_1_172' title='bbox 2103 1142 2208 1188; x_wconf 82' lang='lat' dir='ltr'><strong>rete</strong></span> <span class='ocrx_word' id='word_1_173' title='bbox 2249 1134 2306 1189; x_wconf 88' lang='lat' dir='ltr'><strong>in</strong></span> <span class='ocrx_word' id='word_1_174' title='bbox 2343 1149 2489 1189; x_wconf 83' lang='lat' dir='ltr'><strong>mare</strong></span> <span class='ocrx_word' id='word_1_175' title='bbox 2529 1135 2599 1191; x_wconf 90' lang='lat' dir='ltr'><strong>ad</strong></span> <span class='ocrx_word' id='word_1_176' title='bbox 2632 1130 3010 1209; x_wconf 85' lang='lat' dir='ltr'><strong>discipulatum</strong></span> <span class='ocrx_word' id='word_1_177' title='bbox 3055 1155 3213 1194; x_wconf 88' lang='lat' dir='ltr'><strong>suum</strong></span> <span class='ocrx_word' id='word_1_178' title='bbox 3252 1138 3516 1197; x_wconf 83' lang='lat' dir='ltr'><strong>Dominus</strong></span> 
     </span>
    </p>
   </div>
   <div class='ocr_carea' id='block_1_25' title="bbox 1916 1226 3517 1300">
    <p class='ocr_par' dir='ltr' id='par_1_25' title="bbox 1916 1226 3517 1300">
     <span class='ocr_line' id='line_1_25' title="bbox 1916 1226 3517 1300; baseline 0.006 -21"><span class='ocrx_word' id='word_1_179' title='bbox 1916 1233 2201 1281; x_wconf 85' lang='lat' dir='ltr'><strong>convocat.</strong></span> <span class='ocrx_word' id='word_1_180' title='bbox 2225 1226 2362 1295; x_wconf 85' lang='lat' dir='ltr'><strong>Quia</strong></span> <span class='ocrx_word' id='word_1_181' title='bbox 2392 1242 2533 1298; x_wconf 64' lang='lat' dir='ltr'><strong>saepe</strong></span> <span class='ocrx_word' id='word_1_182' title='bbox 2564 1242 2658 1285; x_wconf 90' lang='lat' dir='ltr'><strong>eos</strong></span> <span class='ocrx_word' id='word_1_183' title='bbox 2682 1244 2818 1300; x_wconf 87' lang='lat' dir='ltr'><strong>quos</strong></span> <span class='ocrx_word' id='word_1_184' title='bbox 2843 1232 3078 1288; x_wconf 87' lang='lat' dir='ltr'><strong>terrenis</strong></span> <span class='ocrx_word' id='word_1_185' title='bbox 3106 1231 3273 1288; x_wconf 90' lang='lat' dir='ltr'><strong>lucris</strong></span> <span class='ocrx_word' id='word_1_186' title='bbox 3303 1231 3517 1289; x_wconf 85' lang='lat' dir='ltr'><strong>inhiare</strong></span> 
     </span>
    </p>
   </div>
   <div class='ocr_carea' id='block_1_26' title="bbox 1917 1316 3517 1394">
    <p class='ocr_par' dir='ltr' id='par_1_26' title="bbox 1917 1316 3517 1394">
     <span class='ocr_line' id='line_1_26' title="bbox 1917 1316 3517 1394; baseline 0.002 -20"><span class='ocrx_word' id='word_1_187' title='bbox 1917 1317 2245 1386; x_wconf 79' lang='lat' dir='ltr'><strong>considerat,</strong></span> <span class='ocrx_word' id='word_1_188' title='bbox 2299 1316 2367 1377; x_wconf 87' lang='lat' dir='ltr'><strong>ad</strong></span> <span class='ocrx_word' id='word_1_189' title='bbox 2420 1320 2657 1377; x_wconf 59' lang='lat' dir='ltr'><strong>Caelestis</strong></span> <span class='ocrx_word' id='word_1_190' title='bbox 2710 1320 2859 1393; x_wconf 82' lang='lat' dir='ltr'><strong>regni</strong></span> <span class='ocrx_word' id='word_1_191' title='bbox 2902 1322 3227 1377; x_wconf 82' lang='lat' dir='ltr'><strong>desiderium</strong></span> <span class='ocrx_word' id='word_1_192' title='bbox 3276 1338 3304 1377; x_wconf 90' lang='lat' dir='ltr'><strong>a</strong></span> <span class='ocrx_word' id='word_1_193' title='bbox 3365 1321 3517 1394; x_wconf 92' lang='lat' dir='ltr'><strong>cupi-</strong></span> 
     </span>
    </p>
   </div>
   <div class='ocr_carea' id='block_1_27' title="bbox 1918 1408 3517 1483">
    <p class='ocr_par' dir='ltr' id='par_1_27' title="bbox 1918 1408 3517 1483">
     <span class='ocr_line' id='line_1_27' title="bbox 1918 1408 3517 1483; baseline 0.004 -19"><span class='ocrx_word' id='word_1_194' title='bbox 1918 1409 2084 1465; x_wconf 88' lang='lat' dir='ltr'><strong>ditate</strong></span> <span class='ocrx_word' id='word_1_195' title='bbox 2115 1408 2493 1482; x_wconf 86' lang='lat' dir='ltr'><strong>temporalium</strong></span> <span class='ocrx_word' id='word_1_196' title='bbox 2527 1421 2746 1469; x_wconf 82' lang='lat' dir='ltr'><strong>revocat</strong></span> <span class='ocrx_word' id='word_1_197' title='bbox 2777 1418 2831 1468; x_wconf 89' lang='lat' dir='ltr'><strong>et</strong></span> <span class='ocrx_word' id='word_1_198' title='bbox 2861 1424 2967 1468; x_wconf 88' lang='lat' dir='ltr'><strong>non</strong></span> <span class='ocrx_word' id='word_1_199' title='bbox 3010 1412 3182 1469; x_wconf 80' lang='lat' dir='ltr'><strong>Solum</strong></span> <span class='ocrx_word' id='word_1_200' title='bbox 3218 1413 3365 1483; x_wconf 87' lang='lat' dir='ltr'><strong>ipsos</strong></span> <span class='ocrx_word' id='word_1_201' title='bbox 3393 1414 3517 1469; x_wconf 88' lang='lat' dir='ltr'><strong>inde</strong></span> 
     </span>
    </p>
   </div>
   <div class='ocr_carea' id='block_1_28' title="bbox 1917 1499 3516 1575">
    <p class='ocr_par' dir='ltr' id='par_1_28' title="bbox 1917 1499 3516 1575">
     <span class='ocr_line' id='line_1_28' title="bbox 1917 1499 3516 1575; baseline 0.006 -23"><span class='ocrx_word' id='word_1_202' title='bbox 1917 1499 2171 1565; x_wconf 78' lang='lat' dir='ltr'><strong>retrahit,</strong></span> <span class='ocrx_word' id='word_1_203' title='bbox 2200 1500 2295 1555; x_wconf 90' lang='lat' dir='ltr'><strong>sed</strong></span> <span class='ocrx_word' id='word_1_204' title='bbox 2324 1500 2487 1556; x_wconf 88' lang='lat' dir='ltr'><strong>etiam</strong></span> <span class='ocrx_word' id='word_1_205' title='bbox 2527 1517 2625 1572; x_wconf 89' lang='lat' dir='ltr'><strong>per</strong></span> <span class='ocrx_word' id='word_1_206' title='bbox 2654 1502 2800 1574; x_wconf 88' lang='lat' dir='ltr'><strong>ipsos</strong></span> <span class='ocrx_word' id='word_1_207' title='bbox 2829 1503 3033 1558; x_wconf 89' lang='lat' dir='ltr'><strong>retibus</strong></span> <span class='ocrx_word' id='word_1_208' title='bbox 3063 1500 3339 1575; x_wconf 78' lang='lat' dir='ltr'><strong>Evangelii</strong></span> <span class='ocrx_word' id='word_1_209' title='bbox 3376 1503 3516 1561; x_wconf 91' lang='lat' dir='ltr'><strong>alios</strong></span> 
     </span>
    </p>
   </div>
   <div class='ocr_carea' id='block_1_29' title="bbox 1898 1588 2828 1663">
    <p class='ocr_par' dir='ltr' id='par_1_29' title="bbox 1898 1588 2828 1663">
     <span class='ocr_line' id='line_1_29' title="bbox 1898 1588 2828 1663; baseline 0.005 -20"><span class='ocrx_word' id='word_1_210' title='bbox 1898 1588 1986 1643; x_wconf 80' lang='lat' dir='ltr'><strong>~de</strong></span> <span class='ocrx_word' id='word_1_211' title='bbox 2015 1588 2285 1660; x_wconf 81' lang='lat' dir='ltr'><strong>profundo</strong></span> <span class='ocrx_word' id='word_1_212' title='bbox 2312 1591 2622 1662; x_wconf 90' lang='lat' dir='ltr'><strong>iniquitatis</strong></span> <span class='ocrx_word' id='word_1_213' title='bbox 2647 1592 2828 1663; x_wconf 81' lang='lat' dir='ltr'><strong>eripit.</strong></span> 
     </span>
    </p>
   </div>
   <div class='ocr_carea' id='block_1_30' title="bbox 1991 1682 3520 1773">
    <p class='ocr_par' dir='ltr' id='par_1_30' title="bbox 1991 1682 3520 1773">
     <span class='ocr_line' id='line_1_30' title="bbox 1991 1682 3520 1773; baseline 0.005 -35"><span class='ocrx_word' id='word_1_214' title='bbox 1991 1684 2062 1739; x_wconf 86' lang='lat' dir='ltr'><strong>Et</strong></span> <span class='ocrx_word' id='word_1_215' title='bbox 2098 1686 2172 1740; x_wconf 89' lang='lat' dir='ltr'><strong>ait</strong></span> <span class='ocrx_word' id='word_1_216' title='bbox 2201 1685 2308 1742; x_wconf 84' lang='lat' dir='ltr'><strong>illis</strong></span> <span class='ocrx_word' id='word_1_217' title='bbox 2337 1703 2358 1741; x_wconf 87' lang='lat'><em>:</em></span> <span class='ocrx_word' id='word_1_218' title='bbox 2398 1685 2577 1743; x_wconf 79' lang='lat' dir='ltr'><strong>Venite</strong></span> <span class='ocrx_word' id='word_1_219' title='bbox 2630 1700 2744 1773; x_wconf 85' lang='lat' dir='ltr'><strong>post</strong></span> <span class='ocrx_word' id='word_1_220' title='bbox 2773 1704 2875 1757; x_wconf 77' lang='lat' dir='ltr'><strong>me,</strong></span> <span class='ocrx_word' id='word_1_221' title='bbox 2924 1694 2973 1744; x_wconf 90' lang='lat' dir='ltr'><strong>et</strong></span> <span class='ocrx_word' id='word_1_222' title='bbox 3017 1682 3211 1760; x_wconf 77' lang='lat' dir='ltr'><strong>faciam</strong></span> <span class='ocrx_word' id='word_1_223' title='bbox 3259 1707 3347 1745; x_wconf 82' lang='lat' dir='ltr'><strong>vos</strong></span> <span class='ocrx_word' id='word_1_224' title='bbox 3399 1689 3520 1761; x_wconf 83' lang='lat' dir='ltr'><strong>ﬁeri</strong></span> 
     </span>
    </p>
   </div>
   <div class='ocr_carea' id='block_1_31' title="bbox 1938 1776 3517 1858">
    <p class='ocr_par' dir='ltr' id='par_1_31' title="bbox 1938 1776 3517 1858">
     <span class='ocr_line' id='line_1_31' title="bbox 1938 1776 3517 1858; baseline 0.003 -27"><span class='ocrx_word' id='word_1_225' title='bbox 1938 1779 2223 1858; x_wconf 87' lang='lat' dir='ltr'><strong>piscatores</strong></span> <span class='ocrx_word' id='word_1_226' title='bbox 2269 1779 2561 1834; x_wconf 80' lang='lat' dir='ltr'><strong>hominum.</strong></span> <span class='ocrx_word' id='word_1_227' title='bbox 2622 1778 2804 1854; x_wconf 66' lang='grc' dir='ltr'><strong>(Λείᾳ.)</strong></span> <span class='ocrx_word' id='word_1_228' title='bbox 2847 1776 2946 1836; x_wconf 81' lang='lat' dir='ltr'><strong>Hic</strong></span> <span class='ocrx_word' id='word_1_229' title='bbox 2973 1794 3105 1852; x_wconf 82' lang='lat' dir='ltr'><strong>ergo</strong></span> <span class='ocrx_word' id='word_1_230' title='bbox 3152 1783 3380 1851; x_wconf 72' lang='lat' dir='ltr'><strong>quaestio</strong></span> <span class='ocrx_word' id='word_1_231' title='bbox 3410 1795 3517 1836; x_wconf 91' lang='lat' dir='ltr'><strong>non</strong></span> 
     </span>
    </p>
   </div>
   <div class='ocr_carea' id='block_1_32' title="bbox 1920 1868 3518 1941">
    <p class='ocr_par' dir='ltr' id='par_1_32' title="bbox 1920 1868 3518 1941">
     <span class='ocr_line' id='line_1_32' title="bbox 1920 1868 3518 1941; baseline 0.003 -17"><span class='ocrx_word' id='word_1_232' title='bbox 1920 1883 2088 1940; x_wconf 87' lang='lat' dir='ltr'><strong>parva</strong></span> <span class='ocrx_word' id='word_1_233' title='bbox 2123 1870 2370 1925; x_wconf 78' lang='lat' dir='ltr'><strong>oboritur</strong></span> <span class='ocrx_word' id='word_1_234' title='bbox 2399 1870 2671 1941; x_wconf 88' lang='lat' dir='ltr'><strong>quomodo</strong></span> <span class='ocrx_word' id='word_1_235' title='bbox 2698 1868 2935 1927; x_wconf 79' lang='lat' dir='ltr'><strong>Joannes</strong></span> <span class='ocrx_word' id='word_1_236' title='bbox 2959 1873 3105 1927; x_wconf 88' lang='lat' dir='ltr'><strong>dicat</strong></span> <span class='ocrx_word' id='word_1_237' title='bbox 3132 1886 3239 1928; x_wconf 85' lang='lat' dir='ltr'><strong>nou</strong></span> <span class='ocrx_word' id='word_1_238' title='bbox 3284 1873 3337 1929; x_wconf 91' lang='lat' dir='ltr'><strong>in</strong></span> <span class='ocrx_word' id='word_1_239' title='bbox 3366 1872 3518 1931; x_wconf 85' lang='lat' dir='ltr'><strong>Gali-</strong></span> 
     </span>
    </p>
   </div>
   <div class='ocr_carea' id='block_1_33' title="bbox 210 1957 3521 2036">
    <p class='ocr_par' dir='ltr' id='par_1_33' title="bbox 210 1957 3521 2036">
     <span class='ocr_line' id='line_1_33' title="bbox 210 1957 3521 2036; baseline 0.002 -21"><span class='ocrx_word' id='word_1_240' title='bbox 210 1966 465 2021; x_wconf 39' lang='lat' dir='ltr'><strong>ictatione</strong></span> <span class='ocrx_word' id='word_1_241' title='bbox 496 1967 704 2036; x_wconf 77' lang='lat' dir='ltr'><strong>peccati</strong></span> <span class='ocrx_word' id='word_1_242' title='bbox 729 1974 1052 2022; x_wconf 71' lang='lat' dir='ltr'><strong>conversam</strong></span> <span class='ocrx_word' id='word_1_243' title='bbox 1080 1974 1184 2033; x_wconf 84' lang='lat' dir='ltr'><strong>est,</strong></span> <span class='ocrx_word' id='word_1_244' title='bbox 1216 1965 1436 2022; x_wconf 82' lang='lat' dir='ltr'><strong>Christo</strong></span> <span class='ocrx_word' id='word_1_245' title='bbox 1466 1968 1720 2025; x_wconf 71' lang='lat' dir='ltr'><strong>veniente</strong></span> <span class='ocrx_word' id='word_1_246' title='bbox 1748 1968 1824 2023; x_wconf 80' lang='lat' dir='ltr'><strong>lu-</strong></span> <span class='ocrx_word' id='word_1_247' title='bbox 1848 1957 1899 2020; x_wconf 90' lang='grc' dir='ltr'><strong>Β</strong></span> <span class='ocrx_word' id='word_1_248' title='bbox 1926 1962 2045 2027; x_wconf 71' lang='lat' dir='ltr'><strong>lana,</strong></span> <span class='ocrx_word' id='word_1_249' title='bbox 2085 1963 2179 2017; x_wconf 91' lang='lat' dir='ltr'><strong>sed</strong></span> <span class='ocrx_word' id='word_1_250' title='bbox 2219 1961 2374 2031; x_wconf 81' lang='lat' dir='ltr'><strong>juxta</strong></span> <span class='ocrx_word' id='word_1_251' title='bbox 2404 1962 2719 2030; x_wconf 87' lang='lat' dir='ltr'><strong>Jordanem,</strong></span> <span class='ocrx_word' id='word_1_252' title='bbox 2761 1962 2828 2020; x_wconf 89' lang='lat' dir='ltr'><strong>ad</strong></span> <span class='ocrx_word' id='word_1_253' title='bbox 2876 1965 3248 2023; x_wconf 88' lang='lat' dir='ltr'><strong>testimonium</strong></span> <span class='ocrx_word' id='word_1_254' title='bbox 3292 1962 3521 2023; x_wconf 82' lang='lat' dir='ltr'><strong>Joannis</strong></span> 
     </span>
    </p>
   </div>
   <div class='ocr_carea' id='block_1_34' title="bbox 157 2044 914 2130">
    <p class='ocr_par' dir='ltr' id='par_1_34' title="bbox 157 2044 914 2130">
     <span class='ocr_line' id='line_1_34' title="bbox 157 2044 914 2130; baseline 0.003 -20"><span class='ocrx_word' id='word_1_255' title='bbox 157 2095 161 2098; x_wconf 82' lang='grc'><strong>-</strong></span> <span class='ocrx_word' id='word_1_256' title='bbox 206 2044 348 2112; x_wconf 60' lang='grc' dir='ltr'><strong>Ϊεθιιι</strong></span> <span class='ocrx_word' id='word_1_257' title='bbox 381 2058 588 2130; x_wconf 82' lang='lat' dir='ltr'><strong>recepit</strong></span> <span class='ocrx_word' id='word_1_258' title='bbox 618 2058 914 2129; x_wconf 72' lang='lat' dir='ltr'><strong>Evangelii.</strong></span> 
     </span>
    </p>
   </div>
   <div class='ocr_carea' id='block_1_35' title="bbox 303 2149 1825 2222">
    <p class='ocr_par' dir='ltr' id='par_1_35' title="bbox 303 2149 1825 2222">
     <span class='ocr_line' id='line_1_35' title="bbox 303 2149 1825 2222; baseline 0.003 -19"><span class='ocrx_word' id='word_1_259' title='bbox 303 2149 510 2205; x_wconf 65' lang='lat' dir='ltr'><strong>Exinde</strong></span> <span class='ocrx_word' id='word_1_260' title='bbox 529 2154 679 2222; x_wconf 63' lang='lat' dir='ltr'><strong>erepit</strong></span> <span class='ocrx_word' id='word_1_261' title='bbox 711 2150 868 2206; x_wconf 78' lang='lat' dir='ltr'><strong>Iesus</strong></span> <span class='ocrx_word' id='word_1_262' title='bbox 896 2150 1208 2221; x_wconf 83' lang='lat' dir='ltr'><strong>prtedicare,</strong></span> <span class='ocrx_word' id='word_1_263' title='bbox 1257 2159 1304 2205; x_wconf 89' lang='lat' dir='ltr'><strong>et</strong></span> <span class='ocrx_word' id='word_1_264' title='bbox 1330 2151 1537 2207; x_wconf 79' lang='lat' dir='ltr'><strong>dicere:</strong></span> <span class='ocrx_word' id='word_1_265' title='bbox 1562 2149 1825 2207; x_wconf 67' lang='lat' dir='ltr'><strong>Paeniten-</strong></span> 
     </span>
    </p>
   </div>
   <div class='ocr_carea' id='block_1_36' title="bbox 206 2241 1820 2315">
    <p class='ocr_par' dir='ltr' id='par_1_36' title="bbox 206 2241 1820 2315">
     <span class='ocr_line' id='line_1_36' title="bbox 206 2241 1820 2315; baseline 0.002 -20"><span class='ocrx_word' id='word_1_266' title='bbox 206 2241 357 2295; x_wconf 59' lang='lat' dir='ltr'><strong>tiam</strong></span> <span class='ocrx_word' id='word_1_267' title='bbox 396 2244 557 2313; x_wconf 70' lang='lat' dir='ltr'><strong>agite,</strong></span> <span class='ocrx_word' id='word_1_268' title='bbox 618 2244 1053 2315; x_wconf 80' lang='lat' dir='ltr'><strong>appropinquavit</strong></span> <span class='ocrx_word' id='word_1_269' title='bbox 1105 2243 1241 2297; x_wconf 85' lang='lat' dir='ltr'><strong>enini</strong></span> <span class='ocrx_word' id='word_1_270' title='bbox 1280 2254 1496 2313; x_wconf 84' lang='lat' dir='ltr'><strong>regnum</strong></span> <span class='ocrx_word' id='word_1_271' title='bbox 1555 2242 1820 2299; x_wconf 70' lang='lat' dir='ltr'><strong>cistarum.</strong></span> 
     </span>
    </p>
   </div>
   <div class='ocr_carea' id='block_1_37' title="bbox 227 2328 1826 2406">
    <p class='ocr_par' dir='ltr' id='par_1_37' title="bbox 227 2328 1826 2406">
     <span class='ocr_line' id='line_1_37' title="bbox 227 2328 1826 2406; baseline 0.004 -22"><span class='ocrx_word' id='word_1_272' title='bbox 227 2328 528 2404; x_wconf 67' lang='grc' dir='ltr'><strong>(Περι-οη.)</strong></span> <span class='ocrx_word' id='word_1_273' title='bbox 574 2333 711 2388; x_wconf 88' lang='lat' dir='ltr'><strong>Cum</strong></span> <span class='ocrx_word' id='word_1_274' title='bbox 757 2342 939 2388; x_wconf 80' lang='lat' dir='ltr'><strong>autem</strong></span> <span class='ocrx_word' id='word_1_275' title='bbox 1006 2332 1257 2389; x_wconf 87' lang='lat' dir='ltr'><strong>Salvator</strong></span> <span class='ocrx_word' id='word_1_276' title='bbox 1300 2336 1488 2391; x_wconf 79' lang='lat' dir='ltr'><strong>eadem</strong></span> <span class='ocrx_word' id='word_1_277' title='bbox 1565 2335 1826 2406; x_wconf 64' lang='lat' dir='ltr'><strong>praedicat</strong></span> 
     </span>
    </p>
   </div>
   <div class='ocr_carea' id='block_1_38' title="bbox 225 2423 1823 2500">
    <p class='ocr_par' dir='ltr' id='par_1_38' title="bbox 225 2423 1823 2500">
     <span class='ocr_line' id='line_1_38' title="bbox 225 2423 1823 2500; baseline 0.004 -22"><span class='ocrx_word' id='word_1_278' title='bbox 225 2439 347 2495; x_wconf 77' lang='lat' dir='ltr'><strong>qua:</strong></span> <span class='ocrx_word' id='word_1_279' title='bbox 373 2423 610 2482; x_wconf 78' lang='lat' dir='ltr'><strong>Joannes</strong></span> <span class='ocrx_word' id='word_1_280' title='bbox 633 2427 876 2498; x_wconf 85' lang='lat' dir='ltr'><strong>Baptista</strong></span> <span class='ocrx_word' id='word_1_281' title='bbox 904 2436 1029 2482; x_wconf 86' lang='lat' dir='ltr'><strong>ante</strong></span> <span class='ocrx_word' id='word_1_282' title='bbox 1059 2427 1289 2494; x_wconf 83' lang='lat' dir='ltr'><strong>dixerat,</strong></span> <span class='ocrx_word' id='word_1_283' title='bbox 1330 2428 1564 2484; x_wconf 80' lang='lat' dir='ltr'><strong>Ostendit</strong></span> <span class='ocrx_word' id='word_1_284' title='bbox 1589 2438 1648 2484; x_wconf 88' lang='lat' dir='ltr'><strong>se</strong></span> <span class='ocrx_word' id='word_1_285' title='bbox 1675 2428 1823 2500; x_wconf 86' lang='lat' dir='ltr'><strong>ejus-</strong></span> 
     </span>
    </p>
   </div>
   <div class='ocr_carea' id='block_1_39' title="bbox 227 2518 1825 2595">
    <p class='ocr_par' dir='ltr' id='par_1_39' title="bbox 227 2518 1825 2595">
     <span class='ocr_line' id='line_1_39' title="bbox 227 2518 1825 2595; baseline 0.004 -22"><span class='ocrx_word' id='word_1_286' title='bbox 227 2519 349 2574; x_wconf 85' lang='lat' dir='ltr'><strong>dem</strong></span> <span class='ocrx_word' id='word_1_287' title='bbox 389 2520 485 2573; x_wconf 85' lang='lat' dir='ltr'><strong>Dei</strong></span> <span class='ocrx_word' id='word_1_288' title='bbox 510 2520 727 2587; x_wconf 81' lang='lat' dir='ltr'><strong>Filium,</strong></span> <span class='ocrx_word' id='word_1_289' title='bbox 780 2521 937 2592; x_wconf 81' lang='lat' dir='ltr'><strong>cujus</strong></span> <span class='ocrx_word' id='word_1_290' title='bbox 962 2518 1053 2578; x_wconf 92' lang='lat' dir='ltr'><strong>ille</strong></span> <span class='ocrx_word' id='word_1_291' title='bbox 1075 2524 1335 2593; x_wconf 85' lang='lat' dir='ltr'><strong>propheta</strong></span> <span class='ocrx_word' id='word_1_292' title='bbox 1368 2521 1490 2577; x_wconf 79' lang='lat' dir='ltr'><strong>fuit.</strong></span> <span class='ocrx_word' id='word_1_293' title='bbox 1523 2522 1671 2579; x_wconf 89' lang='lat' dir='ltr'><strong>Bene</strong></span> <span class='ocrx_word' id='word_1_294' title='bbox 1695 2536 1825 2595; x_wconf 81' lang='lat' dir='ltr'><strong>ergo</strong></span> 
     </span>
    </p>
   </div>
   <div class='ocr_carea' id='block_1_40' title="bbox 223 2614 1825 2689">
    <p class='ocr_par' dir='ltr' id='par_1_40' title="bbox 223 2614 1825 2689">
     <span class='ocr_line' id='line_1_40' title="bbox 223 2614 1825 2689; baseline 0.004 -21"><span class='ocrx_word' id='word_1_295' title='bbox 223 2614 614 2684; x_wconf 65' lang='lat' dir='ltr'><strong>pauitantibus</strong></span> <span class='ocrx_word' id='word_1_296' title='bbox 644 2630 742 2686; x_wconf 86' lang='lat' dir='ltr'><strong>per</strong></span> <span class='ocrx_word' id='word_1_297' title='bbox 785 2616 1121 2673; x_wconf 83' lang='lat' dir='ltr'><strong>Saivatorem</strong></span> <span class='ocrx_word' id='word_1_298' title='bbox 1148 2617 1350 2673; x_wconf 88' lang='lat' dir='ltr'><strong>dicitur</strong></span> <span class='ocrx_word' id='word_1_299' title='bbox 1389 2617 1825 2689; x_wconf 85' lang='lat' dir='ltr'><strong>appropinquare</strong></span> 
     </span>
    </p>
   </div>
   <div class='ocr_carea' id='block_1_41' title="bbox 226 2708 1828 2780">
    <p class='ocr_par' dir='ltr' id='par_1_41' title="bbox 226 2708 1828 2780">
     <span class='ocr_line' id='line_1_41' title="bbox 226 2708 1828 2780; baseline 0.002 -20"><span class='ocrx_word' id='word_1_300' title='bbox 226 2718 451 2777; x_wconf 85' lang='lat' dir='ltr'><strong>regnum</strong></span> <span class='ocrx_word' id='word_1_301' title='bbox 482 2708 766 2774; x_wconf 70' lang='lat' dir='ltr'><strong>calorum,</strong></span> <span class='ocrx_word' id='word_1_302' title='bbox 783 2709 909 2779; x_wconf 84' lang='lat' dir='ltr'><strong>quia</strong></span> <span class='ocrx_word' id='word_1_303' title='bbox 932 2724 1032 2780; x_wconf 86' lang='lat' dir='ltr'><strong>per</strong></span> <span class='ocrx_word' id='word_1_304' title='bbox 1054 2711 1227 2780; x_wconf 88' lang='lat' dir='ltr'><strong>ipsum</strong></span> <span class='ocrx_word' id='word_1_305' title='bbox 1243 2708 1310 2764; x_wconf 90' lang='lat' dir='ltr'><strong>de</strong></span> <span class='ocrx_word' id='word_1_306' title='bbox 1337 2709 1461 2765; x_wconf 89' lang='lat' dir='ltr'><strong>imis</strong></span> <span class='ocrx_word' id='word_1_307' title='bbox 1486 2708 1551 2763; x_wconf 90' lang='lat' dir='ltr'><strong>ad</strong></span> <span class='ocrx_word' id='word_1_308' title='bbox 1566 2708 1672 2764; x_wconf 86' lang='lat' dir='ltr'><strong>alta</strong></span> <span class='ocrx_word' id='word_1_309' title='bbox 1704 2708 1828 2764; x_wconf 89' lang='lat' dir='ltr'><strong>sub-</strong></span> 
     </span>
    </p>
   </div>
   <div class='ocr_carea' id='block_1_42' title="bbox 225 2796 1827 2872">
    <p class='ocr_par' dir='ltr' id='par_1_42' title="bbox 225 2796 1827 2872">
     <span class='ocr_line' id='line_1_42' title="bbox 225 2796 1827 2872; baseline 0.003 -21"><span class='ocrx_word' id='word_1_310' title='bbox 225 2796 485 2854; x_wconf 83' lang='lat' dir='ltr'><strong>ievamur.</strong></span> <span class='ocrx_word' id='word_1_311' title='bbox 509 2798 979 2871; x_wconf 77' lang='lat' dir='ltr'><strong>ApprOpinquavit</strong></span> <span class='ocrx_word' id='word_1_312' title='bbox 1002 2802 1148 2856; x_wconf 89' lang='lat' dir='ltr'><strong>enim</strong></span> <span class='ocrx_word' id='word_1_313' title='bbox 1179 2816 1308 2857; x_wconf 88' lang='lat' dir='ltr'><strong>vere</strong></span> <span class='ocrx_word' id='word_1_314' title='bbox 1329 2810 1460 2856; x_wconf 89' lang='lat' dir='ltr'><strong>tunc</strong></span> <span class='ocrx_word' id='word_1_315' title='bbox 1515 2802 1827 2872; x_wconf 68' lang='lat' dir='ltr'><strong>pmnitenti-</strong></span> 
     </span>
    </p>
   </div>
   <div class='ocr_carea' id='block_1_43' title="bbox 130 2887 1826 2959">
    <p class='ocr_par' dir='ltr' id='par_1_43' title="bbox 130 2887 1826 2959">
     <span class='ocr_line' id='line_1_43' title="bbox 130 2887 1826 2959; baseline 0.004 -18"><span class='ocrx_word' id='word_1_316' title='bbox 130 2938 133 2941; x_wconf 89' lang='lat'><strong>.</strong></span> <span class='ocrx_word' id='word_1_317' title='bbox 225 2887 328 2944; x_wconf 87' lang='lat' dir='ltr'><strong>bus</strong></span> <span class='ocrx_word' id='word_1_318' title='bbox 366 2903 595 2959; x_wconf 82' lang='lat' dir='ltr'><strong>regnum</strong></span> <span class='ocrx_word' id='word_1_319' title='bbox 631 2891 918 2956; x_wconf 76' lang='lat' dir='ltr'><strong>etelorum,</strong></span> <span class='ocrx_word' id='word_1_320' title='bbox 960 2904 1084 2947; x_wconf 90' lang='lat' dir='ltr'><strong>cum</strong></span> <span class='ocrx_word' id='word_1_321' title='bbox 1121 2891 1371 2948; x_wconf 85' lang='lat' dir='ltr'><strong>Salvator</strong></span> <span class='ocrx_word' id='word_1_322' title='bbox 1408 2896 1596 2948; x_wconf 87' lang='lat' dir='ltr'><strong>hoster</strong></span> <span class='ocrx_word' id='word_1_323' title='bbox 1642 2892 1697 2948; x_wconf 91' lang='lat' dir='ltr'><strong>in</strong></span> <span class='ocrx_word' id='word_1_324' title='bbox 1727 2904 1826 2949; x_wconf 90' lang='lat' dir='ltr'><strong>suo</strong></span> 
     </span>
    </p>
   </div>
   <div class='ocr_carea' id='block_1_44' title="bbox 227 2980 1826 3055">
    <p class='ocr_par' dir='ltr' id='par_1_44' title="bbox 227 2980 1826 3055">
     <span class='ocr_line' id='line_1_44' title="bbox 227 2980 1826 3055; baseline 0.003 -20"><span class='ocrx_word' id='word_1_325' title='bbox 227 2980 461 3036; x_wconf 83' lang='lat' dir='ltr'><strong>adventu</strong></span> <span class='ocrx_word' id='word_1_326' title='bbox 487 2983 744 3039; x_wconf 88' lang='lat' dir='ltr'><strong>omnibus</strong></span> <span class='ocrx_word' id='word_1_327' title='bbox 770 2988 1082 3053; x_wconf 84' lang='lat' dir='ltr'><strong>quicunque</strong></span> <span class='ocrx_word' id='word_1_328' title='bbox 1138 2994 1236 3054; x_wconf 89' lang='lat' dir='ltr'><strong>per</strong></span> <span class='ocrx_word' id='word_1_329' title='bbox 1294 2983 1675 3055; x_wconf 68' lang='lat' dir='ltr'><strong>pmnitentiam</strong></span> <span class='ocrx_word' id='word_1_330' title='bbox 1715 2984 1826 3054; x_wconf 89' lang='lat' dir='ltr'><strong>pri-</strong></span> 
     </span>
    </p>
   </div>
   <div class='ocr_carea' id='block_1_45' title="bbox 226 3074 1827 3150">
    <p class='ocr_par' dir='ltr' id='par_1_45' title="bbox 226 3074 1827 3150">
     <span class='ocr_line' id='line_1_45' title="bbox 226 3074 1827 3150; baseline 0.004 -21"><span class='ocrx_word' id='word_1_331' title='bbox 226 3074 336 3129; x_wconf 86' lang='lat' dir='ltr'><strong>scis</strong></span> <span class='ocrx_word' id='word_1_332' title='bbox 361 3076 641 3131; x_wconf 84' lang='lat' dir='ltr'><strong>erroribus</strong></span> <span class='ocrx_word' id='word_1_333' title='bbox 674 3077 1071 3144; x_wconf 85' lang='lat' dir='ltr'><strong>renuntiantes,</strong></span> <span class='ocrx_word' id='word_1_334' title='bbox 1097 3077 1163 3132; x_wconf 84' lang='lat' dir='ltr'><strong>ad</strong></span> <span class='ocrx_word' id='word_1_335' title='bbox 1193 3076 1311 3147; x_wconf 79' lang='lat' dir='ltr'><strong>ejus</strong></span> <span class='ocrx_word' id='word_1_336' title='bbox 1349 3078 1509 3133; x_wconf 88' lang='lat' dir='ltr'><strong>iidem</strong></span> <span class='ocrx_word' id='word_1_337' title='bbox 1540 3086 1594 3133; x_wconf 89' lang='lat' dir='ltr'><strong>et</strong></span> <span class='ocrx_word' id='word_1_338' title='bbox 1623 3077 1827 3150; x_wconf 88' lang='lat' dir='ltr'><strong>baptis-</strong></span> 
     </span>
    </p>
   </div>
   <div class='ocr_carea' id='block_1_46' title="bbox 227 3168 1826 3242">
    <p class='ocr_par' dir='ltr' id='par_1_46' title="bbox 227 3168 1826 3242">
     <span class='ocr_line' id='line_1_46' title="bbox 227 3168 1826 3242; baseline 0.002 -19"><span class='ocrx_word' id='word_1_339' title='bbox 227 3182 378 3224; x_wconf 89' lang='lat' dir='ltr'><strong>mum</strong></span> <span class='ocrx_word' id='word_1_340' title='bbox 416 3168 796 3242; x_wconf 82' lang='lat' dir='ltr'><strong>confugerunt,</strong></span> <span class='ocrx_word' id='word_1_341' title='bbox 826 3172 993 3225; x_wconf 81' lang='lat' dir='ltr'><strong>vitam</strong></span> <span class='ocrx_word' id='word_1_342' title='bbox 1028 3170 1278 3242; x_wconf 86' lang='lat' dir='ltr'><strong>promisit</strong></span> <span class='ocrx_word' id='word_1_343' title='bbox 1319 3178 1602 3227; x_wconf 76' lang='lat' dir='ltr'><strong>teternam.</strong></span> <span class='ocrx_word' id='word_1_344' title='bbox 1658 3171 1826 3239; x_wconf 80' lang='lat' dir='ltr'><strong>Quot-</strong></span> 
     </span>
    </p>
   </div>
   <div class='ocr_carea' id='block_1_47' title="bbox 1925 2052 3520 2127">
    <p class='ocr_par' dir='ltr' id='par_1_47' title="bbox 1925 2052 3520 2127">
     <span class='ocr_line' id='line_1_47' title="bbox 1925 2052 3520 2127; baseline 0.004 -21"><span class='ocrx_word' id='word_1_345' title='bbox 1925 2052 2179 2123; x_wconf 66' lang='lat' dir='ltr'><strong>Baptistm</strong></span> <span class='ocrx_word' id='word_1_346' title='bbox 2225 2053 2401 2123; x_wconf 88' lang='lat' dir='ltr'><strong>primo</strong></span> <span class='ocrx_word' id='word_1_347' title='bbox 2438 2054 2707 2110; x_wconf 81' lang='lat' dir='ltr'><strong>Andream</strong></span> <span class='ocrx_word' id='word_1_348' title='bbox 2762 2064 3009 2112; x_wconf 87' lang='lat' dir='ltr'><strong>secutum</strong></span> <span class='ocrx_word' id='word_1_349' title='bbox 3047 2072 3166 2113; x_wconf 88' lang='lat' dir='ltr'><strong>esse</strong></span> <span class='ocrx_word' id='word_1_350' title='bbox 3208 2058 3520 2127; x_wconf 87' lang='lat' dir='ltr'><strong>Dominum,</strong></span> 
     </span>
    </p>
   </div>
   <div class='ocr_carea' id='block_1_48' title="bbox 1925 2145 3524 2217">
    <p class='ocr_par' dir='ltr' id='par_1_48' title="bbox 1925 2145 3524 2217">
     <span class='ocr_line' id='line_1_48' title="bbox 1925 2145 3524 2217; baseline 0.004 -18"><span class='ocrx_word' id='word_1_351' title='bbox 1925 2156 2049 2200; x_wconf 89' lang='lat' dir='ltr'><strong>cum</strong></span> <span class='ocrx_word' id='word_1_352' title='bbox 2077 2145 2184 2200; x_wconf 88' lang='lat' dir='ltr'><strong>alio</strong></span> <span class='ocrx_word' id='word_1_353' title='bbox 2210 2146 2363 2217; x_wconf 88' lang='lat' dir='ltr'><strong>cujus</strong></span> <span class='ocrx_word' id='word_1_354' title='bbox 2390 2161 2582 2213; x_wconf 85' lang='lat' dir='ltr'><strong>nomen</strong></span> <span class='ocrx_word' id='word_1_355' title='bbox 2624 2155 2795 2214; x_wconf 87' lang='lat' dir='ltr'><strong>tacet;</strong></span> <span class='ocrx_word' id='word_1_356' title='bbox 2836 2148 3031 2205; x_wconf 90' lang='lat' dir='ltr'><strong>deinde</strong></span> <span class='ocrx_word' id='word_1_357' title='bbox 3072 2149 3293 2206; x_wconf 88' lang='lat' dir='ltr'><strong>Petrum</strong></span> <span class='ocrx_word' id='word_1_358' title='bbox 3340 2150 3409 2206; x_wconf 89' lang='lat' dir='ltr'><strong>ab</strong></span> <span class='ocrx_word' id='word_1_359' title='bbox 3433 2148 3524 2206; x_wconf 89' lang='lat' dir='ltr'><strong>illo</strong></span> 
     </span>
    </p>
   </div>
   <div class='ocr_carea' id='block_1_49' title="bbox 1924 2236 3523 2312">
    <p class='ocr_par' dir='ltr' id='par_1_49' title="bbox 1924 2236 3523 2312">
     <span class='ocr_line' id='line_1_49' title="bbox 1924 2236 3523 2312; baseline 0.004 -22"><span class='ocrx_word' id='word_1_360' title='bbox 1924 2248 2123 2291; x_wconf 86' lang='lat' dir='ltr'><strong>nomen</strong></span> <span class='ocrx_word' id='word_1_361' title='bbox 2160 2236 2456 2306; x_wconf 86' lang='lat' dir='ltr'><strong>accepisse,</strong></span> <span class='ocrx_word' id='word_1_362' title='bbox 2486 2237 2651 2293; x_wconf 88' lang='lat' dir='ltr'><strong>tertio</strong></span> <span class='ocrx_word' id='word_1_363' title='bbox 2678 2238 2987 2312; x_wconf 87' lang='lat' dir='ltr'><strong>Philippum</strong></span> <span class='ocrx_word' id='word_1_364' title='bbox 3016 2250 3268 2297; x_wconf 85' lang='lat' dir='ltr'><strong>vocatum</strong></span> <span class='ocrx_word' id='word_1_365' title='bbox 3295 2254 3437 2308; x_wconf 90' lang='lat' dir='ltr'><strong>esse,</strong></span> <span class='ocrx_word' id='word_1_366' title='bbox 3463 2250 3523 2297; x_wconf 90' lang='lat' dir='ltr'><strong>ut</strong></span> 
     </span>
    </p>
   </div>
   <div class='ocr_carea' id='block_1_50' title="bbox 1927 2332 3525 2405">
    <p class='ocr_par' dir='ltr' id='par_1_50' title="bbox 1927 2332 3525 2405">
     <span class='ocr_line' id='line_1_50' title="bbox 1927 2332 3525 2405; baseline 0.003 -24"><span class='ocrx_word' id='word_1_367' title='bbox 1927 2341 2050 2382; x_wconf 86' lang='lat' dir='ltr'><strong>eum</strong></span> <span class='ocrx_word' id='word_1_368' title='bbox 2082 2337 2404 2399; x_wconf 85' lang='lat' dir='ltr'><strong>sequeretur</strong></span> <span class='ocrx_word' id='word_1_369' title='bbox 2436 2371 2450 2395; x_wconf 98' lang='lat'><strong>,</strong></span> <span class='ocrx_word' id='word_1_370' title='bbox 2491 2332 2675 2386; x_wconf 68' lang='lat' dir='ltr'><strong>ctcteri</strong></span> <span class='ocrx_word' id='word_1_371' title='bbox 2716 2341 2897 2387; x_wconf 86' lang='lat' dir='ltr'><strong>autem</strong></span> <span class='ocrx_word' id='word_1_372' title='bbox 2927 2334 3038 2388; x_wconf 88' lang='lat' dir='ltr'><strong>tres</strong></span> <span class='ocrx_word' id='word_1_373' title='bbox 3082 2332 3424 2405; x_wconf 71' lang='lat' dir='ltr'><strong>evangelista:</strong></span> <span class='ocrx_word' id='word_1_374' title='bbox 3460 2332 3525 2386; x_wconf 79' lang='lat' dir='ltr'><strong>de</strong></span> 
     </span>
    </p>
   </div>
   <div class='ocr_carea' id='block_1_51' title="bbox 1925 2424 3526 2498">
    <p class='ocr_par' dir='ltr' id='par_1_51' title="bbox 1925 2424 3526 2498">
     <span class='ocr_line' id='line_1_51' title="bbox 1925 2424 3526 2498; baseline 0.001 -19"><span class='ocrx_word' id='word_1_375' title='bbox 1925 2424 2227 2495; x_wconf 89' lang='lat' dir='ltr'><strong>piscatione</strong></span> <span class='ocrx_word' id='word_1_376' title='bbox 2253 2434 2478 2481; x_wconf 85' lang='lat' dir='ltr'><strong>vocatos</strong></span> <span class='ocrx_word' id='word_1_377' title='bbox 2535 2426 2758 2493; x_wconf 90' lang='lat' dir='ltr'><strong>dicunt;</strong></span> <span class='ocrx_word' id='word_1_378' title='bbox 2804 2428 2949 2498; x_wconf 90' lang='lat' dir='ltr'><strong>quod</strong></span> <span class='ocrx_word' id='word_1_379' title='bbox 2990 2434 3169 2483; x_wconf 86' lang='lat' dir='ltr'><strong>tamen</strong></span> <span class='ocrx_word' id='word_1_380' title='bbox 3223 2426 3294 2481; x_wconf 91' lang='lat' dir='ltr'><strong>ita</strong></span> <span class='ocrx_word' id='word_1_381' title='bbox 3329 2424 3526 2481; x_wconf 86' lang='lat' dir='ltr'><strong>intelli-</strong></span> 
     </span>
    </p>
   </div>
   <div class='ocr_carea' id='block_1_52' title="bbox 1927 2516 3526 2588">
    <p class='ocr_par' dir='ltr' id='par_1_52' title="bbox 1927 2516 3526 2588">
     <span class='ocr_line' id='line_1_52' title="bbox 1927 2516 3526 2588; baseline 0.001 -17"><span class='ocrx_word' id='word_1_382' title='bbox 1927 2517 2161 2588; x_wconf 85' lang='lat' dir='ltr'><strong>gendum</strong></span> <span class='ocrx_word' id='word_1_383' title='bbox 2198 2528 2301 2585; x_wconf 89' lang='lat' dir='ltr'><strong>est,</strong></span> <span class='ocrx_word' id='word_1_384' title='bbox 2351 2533 2458 2573; x_wconf 91' lang='lat' dir='ltr'><strong>non</strong></span> <span class='ocrx_word' id='word_1_385' title='bbox 2506 2519 2586 2575; x_wconf 90' lang='lat' dir='ltr'><strong>sic</strong></span> <span class='ocrx_word' id='word_1_386' title='bbox 2632 2532 2727 2575; x_wconf 88' lang='lat' dir='ltr'><strong>eos</strong></span> <span class='ocrx_word' id='word_1_387' title='bbox 2782 2519 3070 2575; x_wconf 90' lang='lat' dir='ltr'><strong>Dominum</strong></span> <span class='ocrx_word' id='word_1_388' title='bbox 3124 2518 3325 2575; x_wconf 82' lang='lat' dir='ltr'><strong>vidisse</strong></span> <span class='ocrx_word' id='word_1_389' title='bbox 3370 2516 3526 2587; x_wconf 80' lang='lat' dir='ltr'><strong>juxta</strong></span> 
     </span>
    </p>
   </div>
   <div class='ocr_carea' id='block_1_53' title="bbox 1926 2610 3525 2683">
    <p class='ocr_par' dir='ltr' id='par_1_53' title="bbox 1926 2610 3525 2683">
     <span class='ocr_line' id='line_1_53' title="bbox 1926 2610 3525 2683; baseline -0.002 -15"><span class='ocrx_word' id='word_1_390' title='bbox 1926 2611 2239 2679; x_wconf 85' lang='lat' dir='ltr'><strong>Jordanem,</strong></span> <span class='ocrx_word' id='word_1_391' title='bbox 2281 2619 2341 2667; x_wconf 90' lang='lat' dir='ltr'><strong>ut</strong></span> <span class='ocrx_word' id='word_1_392' title='bbox 2365 2613 2530 2667; x_wconf 88' lang='lat' dir='ltr'><strong>etiam</strong></span> <span class='ocrx_word' id='word_1_393' title='bbox 2564 2613 2996 2683; x_wconf 84' lang='lat' dir='ltr'><strong>inseparabiliter</strong></span> <span class='ocrx_word' id='word_1_394' title='bbox 3040 2610 3398 2677; x_wconf 65' lang='lat' dir='ltr'><strong>cohaererent,</strong></span> <span class='ocrx_word' id='word_1_395' title='bbox 3432 2611 3525 2666; x_wconf 90' lang='lat' dir='ltr'><strong>sed</strong></span> 
     </span>
    </p>
   </div>
   <div class='ocr_carea' id='block_1_54' title="bbox 1926 2704 3528 2777">
    <p class='ocr_par' dir='ltr' id='par_1_54' title="bbox 1926 2704 3528 2777">
     <span class='ocr_line' id='line_1_54' title="bbox 1926 2704 3528 2777; baseline 0.001 -19"><span class='ocrx_word' id='word_1_396' title='bbox 1926 2713 2140 2759; x_wconf 87' lang='lat' dir='ltr'><strong>tantum</strong></span> <span class='ocrx_word' id='word_1_397' title='bbox 2173 2705 2490 2776; x_wconf 73' lang='lat' dir='ltr'><strong>cognovisse</strong></span> <span class='ocrx_word' id='word_1_398' title='bbox 2537 2719 2774 2777; x_wconf 89' lang='lat' dir='ltr'><strong>eumque</strong></span> <span class='ocrx_word' id='word_1_399' title='bbox 2802 2706 3031 2762; x_wconf 88' lang='lat' dir='ltr'><strong>miratos</strong></span> <span class='ocrx_word' id='word_1_400' title='bbox 3075 2705 3144 2760; x_wconf 90' lang='lat' dir='ltr'><strong>ad</strong></span> <span class='ocrx_word' id='word_1_401' title='bbox 3191 2704 3409 2777; x_wconf 87' lang='lat' dir='ltr'><strong>propria</strong></span> <span class='ocrx_word' id='word_1_402' title='bbox 3441 2718 3528 2759; x_wconf 90' lang='lat' dir='ltr'><strong>re-</strong></span> 
     </span>
    </p>
   </div>
   <div class='ocr_carea' id='block_1_55' title="bbox 1929 2809 2163 2851">
    <p class='ocr_par' dir='ltr' id='par_1_55' title="bbox 1929 2809 2163 2851">
     <span class='ocr_line' id='line_1_55' title="bbox 1929 2809 2163 2851; baseline -0.009 0"><span class='ocrx_word' id='word_1_403' title='bbox 1929 2809 2163 2851; x_wconf 68' lang='grc' dir='ltr'><strong>ηιθεεδθ.</strong></span> 
     </span>
    </p>
   </div>
   <div class='ocr_carea' id='block_1_56' title="bbox 1998 2884 3525 2943">
    <p class='ocr_par' dir='ltr' id='par_1_56' title="bbox 1998 2884 3525 2943">
     <span class='ocr_line' id='line_1_56' title="bbox 1998 2884 3525 2943; baseline 0.001 -3"><span class='ocrx_word' id='word_1_404' title='bbox 1998 2888 2068 2941; x_wconf 85' lang='lat' dir='ltr'><strong>At</strong></span> <span class='ocrx_word' id='word_1_405' title='bbox 2094 2884 2176 2941; x_wconf 82' lang='lat' dir='ltr'><strong>itii</strong></span> <span class='ocrx_word' id='word_1_406' title='bbox 2212 2901 2232 2942; x_wconf 90' lang='lat'><strong><em>:</em></strong></span> <span class='ocrx_word' id='word_1_407' title='bbox 2257 2888 2507 2943; x_wconf 77' lang='lat' dir='ltr'><strong>continuo</strong></span> <span class='ocrx_word' id='word_1_408' title='bbox 2536 2887 2730 2943; x_wconf 76' lang='lat' dir='ltr'><strong>relictis</strong></span> <span class='ocrx_word' id='word_1_409' title='bbox 2762 2887 2957 2943; x_wconf 86' lang='lat' dir='ltr'><strong>retibus</strong></span> <span class='ocrx_word' id='word_1_410' title='bbox 3008 2886 3173 2943; x_wconf 80' lang='lat' dir='ltr'><strong>secuti</strong></span> <span class='ocrx_word' id='word_1_411' title='bbox 3228 2890 3349 2943; x_wconf 82' lang='lat' dir='ltr'><strong>sunt</strong></span> <span class='ocrx_word' id='word_1_412' title='bbox 3385 2897 3525 2942; x_wconf 84' lang='lat' dir='ltr'><strong>eum.</strong></span> 
     </span>
    </p>
   </div>
   <div class='ocr_carea' id='block_1_57' title="bbox 1931 2975 3529 3061">
    <p class='ocr_par' dir='ltr' id='par_1_57' title="bbox 1931 2975 3529 3061">
     <span class='ocr_line' id='line_1_57' title="bbox 1931 2975 3529 3061; baseline -0.001 -26"><span class='ocrx_word' id='word_1_413' title='bbox 1931 2978 2134 3053; x_wconf 85' lang='lat' dir='ltr'><strong>(Greg.)</strong></span> <span class='ocrx_word' id='word_1_414' title='bbox 2169 2975 2423 3036; x_wconf 81' lang='lat' dir='ltr'><strong>Fortasse</strong></span> <span class='ocrx_word' id='word_1_415' title='bbox 2454 2981 2579 3035; x_wconf 91' lang='lat' dir='ltr'><strong>hinc</strong></span> <span class='ocrx_word' id='word_1_416' title='bbox 2608 2980 2805 3051; x_wconf 88' lang='lat' dir='ltr'><strong>aliquis</strong></span> <span class='ocrx_word' id='word_1_417' title='bbox 2860 2980 3041 3037; x_wconf 87' lang='lat' dir='ltr'><strong>tacitis</strong></span> <span class='ocrx_word' id='word_1_418' title='bbox 3088 2992 3273 3036; x_wconf 85' lang='lat' dir='ltr'><strong>secum</strong></span> <span class='ocrx_word' id='word_1_419' title='bbox 3320 2980 3529 3061; x_wconf 85' lang='lat' dir='ltr'><strong>cogita-</strong></span> 
     </span>
    </p>
   </div>
   <div class='ocr_carea' id='block_1_58' title="bbox 1928 3068 3529 3144">
    <p class='ocr_par' dir='ltr' id='par_1_58' title="bbox 1928 3068 3529 3144">
     <span class='ocr_line' id='line_1_58' title="bbox 1928 3068 3529 3144; baseline 0.001 -18"><span class='ocrx_word' id='word_1_420' title='bbox 1928 3071 2169 3127; x_wconf 88' lang='lat' dir='ltr'><strong>tionibus</strong></span> <span class='ocrx_word' id='word_1_421' title='bbox 2207 3072 2378 3128; x_wconf 88' lang='lat' dir='ltr'><strong>dicit:</strong></span> <span class='ocrx_word' id='word_1_422' title='bbox 2420 3068 2502 3127; x_wconf 88' lang='lat' dir='ltr'><strong>Ad</strong></span> <span class='ocrx_word' id='word_1_423' title='bbox 2528 3082 2720 3128; x_wconf 89' lang='lat' dir='ltr'><strong>vocem</strong></span> <span class='ocrx_word' id='word_1_424' title='bbox 2765 3072 3103 3128; x_wconf 88' lang='lat' dir='ltr'><strong>Dominicam</strong></span> <span class='ocrx_word' id='word_1_425' title='bbox 3154 3080 3384 3144; x_wconf 89' lang='lat' dir='ltr'><strong>uterque</strong></span> <span class='ocrx_word' id='word_1_426' title='bbox 3426 3072 3529 3127; x_wconf 88' lang='lat' dir='ltr'><strong>iste</strong></span> 
     </span>
    </p>
   </div>
   <div class='ocr_carea' id='block_1_59' title="bbox 1877 3160 3531 3239">
    <p class='ocr_par' dir='ltr' id='par_1_59' title="bbox 1877 3160 3531 3239">
     <span class='ocr_line' id='line_1_59' title="bbox 1877 3160 3531 3239; baseline -0.001 -18"><span class='ocrx_word' id='word_1_427' title='bbox 1877 3162 1881 3182; x_wconf 84' lang='grc'>⁵</span> <span class='ocrx_word' id='word_1_428' title='bbox 1928 3165 2192 3237; x_wconf 85' lang='lat' dir='ltr'><strong>piscator,</strong></span> <span class='ocrx_word' id='word_1_429' title='bbox 2225 3164 2354 3237; x_wconf 89' lang='lat' dir='ltr'><strong>quid</strong></span> <span class='ocrx_word' id='word_1_430' title='bbox 2398 3175 2493 3221; x_wconf 88' lang='lat' dir='ltr'><strong>aut</strong></span> <span class='ocrx_word' id='word_1_431' title='bbox 2519 3175 2783 3237; x_wconf 87' lang='lat' dir='ltr'><strong>quantum</strong></span> <span class='ocrx_word' id='word_1_432' title='bbox 2809 3166 3038 3234; x_wconf 89' lang='lat' dir='ltr'><strong>dimisit,</strong></span> <span class='ocrx_word' id='word_1_433' title='bbox 3082 3164 3172 3238; x_wconf 91' lang='lat' dir='ltr'><strong>qui</strong></span> <span class='ocrx_word' id='word_1_434' title='bbox 3218 3180 3355 3239; x_wconf 90' lang='lat' dir='ltr'><strong>pene</strong></span> <span class='ocrx_word' id='word_1_435' title='bbox 3396 3160 3531 3221; x_wconf 86' lang='lat' dir='ltr'><strong>nihil</strong></span> 
     </span>
    </p>
   </div>
   <div class='ocr_carea' id='block_1_60' title="bbox 225 3258 3529 3337">
    <p class='ocr_par' dir='ltr' id='par_1_60' title="bbox 225 3258 3529 3337">
     <span class='ocr_line' id='line_1_60' title="bbox 225 3258 3529 3337; baseline 0.003 -23"><span class='ocrx_word' id='word_1_436' title='bbox 225 3270 351 3330; x_wconf 84' lang='lat' dir='ltr'><strong>quot</strong></span> <span class='ocrx_word' id='word_1_437' title='bbox 377 3271 556 3316; x_wconf 81' lang='lat' dir='ltr'><strong>autem</strong></span> <span class='ocrx_word' id='word_1_438' title='bbox 586 3270 888 3333; x_wconf 79' lang='lat' dir='ltr'><strong>receperunt</strong></span> <span class='ocrx_word' id='word_1_439' title='bbox 917 3278 1059 3330; x_wconf 87' lang='lat' dir='ltr'><strong>eum,</strong></span> <span class='ocrx_word' id='word_1_440' title='bbox 1086 3265 1231 3318; x_wconf 85' lang='lat' dir='ltr'><strong>dedit</strong></span> <span class='ocrx_word' id='word_1_441' title='bbox 1251 3266 1326 3321; x_wconf 86' lang='lat' dir='ltr'><strong>eis</strong></span> <span class='ocrx_word' id='word_1_442' title='bbox 1353 3272 1657 3337; x_wconf 85' lang='lat' dir='ltr'><strong>potestatem</strong></span> <span class='ocrx_word' id='word_1_443' title='bbox 1683 3264 1822 3336; x_wconf 78' lang='lat' dir='ltr'><strong>ﬁlios</strong></span> <span class='ocrx_word' id='word_1_444' title='bbox 1862 3264 1902 3337; x_wconf 44' lang='grc' dir='ltr'><em>ξ</em></span> <span class='ocrx_word' id='word_1_445' title='bbox 1932 3259 2171 3315; x_wconf 75' lang='lat' dir='ltr'><strong>habuit?</strong></span> <span class='ocrx_word' id='word_1_446' title='bbox 2213 3258 2322 3314; x_wconf 79' lang='lat' dir='ltr'><strong>Sed</strong></span> <span class='ocrx_word' id='word_1_447' title='bbox 2376 3258 2430 3313; x_wconf 74' lang='lat' dir='ltr'><strong>in</strong></span> <span class='ocrx_word' id='word_1_448' title='bbox 2479 3261 2584 3315; x_wconf 82' lang='lat' dir='ltr'><strong>hac</strong></span> <span class='ocrx_word' id='word_1_449' title='bbox 2637 3274 2699 3315; x_wconf 85' lang='lat' dir='ltr'><strong>re</strong></span> <span class='ocrx_word' id='word_1_450' title='bbox 2750 3258 3001 3315; x_wconf 73' lang='lat' dir='ltr'><strong>allectum</strong></span> <span class='ocrx_word' id='word_1_451' title='bbox 3051 3259 3233 3331; x_wconf 85' lang='lat' dir='ltr'><strong>potius</strong></span> <span class='ocrx_word' id='word_1_452' title='bbox 3277 3274 3529 3330; x_wconf 71' lang='lat' dir='ltr'><strong>pensare.</strong></span> 
     </span>
    </p>
   </div>
   <div class='ocr_carea' id='block_1_61' title="bbox 226 3329 3533 3429">
    <p class='ocr_par' dir='ltr' id='par_1_61' title="bbox 226 3329 3533 3429">
     <span class='ocr_line' id='line_1_61' title="bbox 226 3329 3533 3429; baseline -0.001 -19"><span class='ocrx_word' id='word_1_453' title='bbox 226 3329 325 3407; x_wconf 76' lang='lat' dir='ltr'><strong>Dei</strong></span> <span class='ocrx_word' id='word_1_454' title='bbox 356 3354 472 3424; x_wconf 80' lang='lat' dir='ltr'><strong>fieri</strong></span> <span class='ocrx_word' id='word_1_455' title='bbox 533 3329 717 3428; x_wconf 73' lang='lat' dir='ltr'><strong>(Joan.</strong></span> <span class='ocrx_word' id='word_1_456' title='bbox 748 3357 813 3427; x_wconf 79' lang='grc' dir='ltr'><strong>ι).</strong></span> <span class='ocrx_word' id='word_1_457' title='bbox 859 3346 1270 3429; x_wconf 74' lang='lat' dir='ltr'><strong>Appropinquat</strong></span> <span class='ocrx_word' id='word_1_458' title='bbox 1322 3329 1487 3415; x_wconf 76' lang='lat' dir='ltr'><strong>etiam</strong></span> <span class='ocrx_word' id='word_1_459' title='bbox 1506 3401 1519 3427; x_wconf 95' lang='lat'><strong>,</strong></span> <span class='ocrx_word' id='word_1_460' title='bbox 1571 3369 1625 3417; x_wconf 90' lang='lat' dir='ltr'><strong>et</strong></span> <span class='ocrx_word' id='word_1_461' title='bbox 1662 3329 1829 3429; x_wconf 84' lang='lat' dir='ltr'><strong>nunc,</strong></span> <span class='ocrx_word' id='word_1_462' title='bbox 1857 3329 1907 3394; x_wconf 65' lang='grc' dir='ltr'><strong>(ἶ</strong></span> <span class='ocrx_word' id='word_1_463' title='bbox 1936 3366 2100 3424; x_wconf 89' lang='lat' dir='ltr'><strong>quam</strong></span> <span class='ocrx_word' id='word_1_464' title='bbox 2126 3364 2351 3408; x_wconf 85' lang='lat' dir='ltr'><strong>censum</strong></span> <span class='ocrx_word' id='word_1_465' title='bbox 2380 3356 2615 3424; x_wconf 88' lang='lat' dir='ltr'><strong>oportet.</strong></span> <span class='ocrx_word' id='word_1_466' title='bbox 2646 3353 2872 3408; x_wconf 85' lang='lat' dir='ltr'><strong>Multum</strong></span> <span class='ocrx_word' id='word_1_467' title='bbox 2903 3329 3124 3423; x_wconf 84' lang='lat' dir='ltr'><strong>reliquit</strong></span> <span class='ocrx_word' id='word_1_468' title='bbox 3146 3355 3236 3424; x_wconf 91' lang='lat' dir='ltr'><strong>qui</strong></span> <span class='ocrx_word' id='word_1_469' title='bbox 3265 3329 3367 3409; x_wconf 82' lang='lat' dir='ltr'><strong>sibi</strong></span> <span class='ocrx_word' id='word_1_470' title='bbox 3397 3350 3533 3407; x_wconf 88' lang='lat' dir='ltr'><strong>nihil</strong></span> 
     </span>
    </p>
   </div>
   <div class='ocr_carea' id='block_1_62' title="bbox 227 3447 1831 3526">
    <p class='ocr_par' dir='ltr' id='par_1_62' title="bbox 227 3447 1831 3526">
     <span class='ocr_line' id='line_1_62' title="bbox 227 3447 1831 3526; baseline 0.006 -23"><span class='ocrx_word' id='word_1_471' title='bbox 227 3447 355 3523; x_wconf 82' lang='lat' dir='ltr'><strong>quia</strong></span> <span class='ocrx_word' id='word_1_472' title='bbox 382 3450 496 3520; x_wconf 82' lang='lat' dir='ltr'><strong>ipse</strong></span> <span class='ocrx_word' id='word_1_473' title='bbox 519 3452 798 3523; x_wconf 84' lang='lat' dir='ltr'><strong>discipulis</strong></span> <span class='ocrx_word' id='word_1_474' title='bbox 820 3454 933 3509; x_wconf 89' lang='lat' dir='ltr'><strong>suis</strong></span> <span class='ocrx_word' id='word_1_475' title='bbox 946 3460 1067 3525; x_wconf 88' lang='lat' dir='ltr'><strong>post</strong></span> <span class='ocrx_word' id='word_1_476' title='bbox 1079 3456 1537 3511; x_wconf 88' lang='lat' dir='ltr'><strong>resurrectionem</strong></span> <span class='ocrx_word' id='word_1_477' title='bbox 1553 3470 1704 3511; x_wconf 89' lang='lat' dir='ltr'><strong>suam</strong></span> <span class='ocrx_word' id='word_1_478' title='bbox 1721 3455 1831 3526; x_wconf 82' lang='lat' dir='ltr'><strong>jus-</strong></span> 
     </span>
    </p>
   </div>
   <div class='ocr_carea' id='block_1_63' title="bbox 228 3540 1831 3617">
    <p class='ocr_par' dir='ltr' id='par_1_63' title="bbox 228 3540 1831 3617">
     <span class='ocr_line' id='line_1_63' title="bbox 228 3540 1831 3617; baseline 0.006 -22"><span class='ocrx_word' id='word_1_479' title='bbox 228 3540 305 3596; x_wconf 86' lang='lat' dir='ltr'><strong>sit</strong></span> <span class='ocrx_word' id='word_1_480' title='bbox 324 3540 623 3612; x_wconf 77' lang='lat' dir='ltr'><strong>prtedieare</strong></span> <span class='ocrx_word' id='word_1_481' title='bbox 646 3545 705 3598; x_wconf 88' lang='lat' dir='ltr'><strong>in</strong></span> <span class='ocrx_word' id='word_1_482' title='bbox 732 3546 950 3601; x_wconf 80' lang='lat' dir='ltr'><strong>nomine</strong></span> <span class='ocrx_word' id='word_1_483' title='bbox 977 3546 1097 3615; x_wconf 87' lang='lat' dir='ltr'><strong>ejus</strong></span> <span class='ocrx_word' id='word_1_484' title='bbox 1120 3544 1521 3617; x_wconf 79' lang='lat' dir='ltr'><strong>ptenitentiam,</strong></span> <span class='ocrx_word' id='word_1_485' title='bbox 1549 3554 1605 3603; x_wconf 91' lang='lat' dir='ltr'><strong>et</strong></span> <span class='ocrx_word' id='word_1_486' title='bbox 1639 3549 1831 3605; x_wconf 89' lang='lat' dir='ltr'><strong>remis-</strong></span> 
     </span>
    </p>
   </div>
   <div class='ocr_carea' id='block_1_64' title="bbox 232 3633 1826 3710">
    <p class='ocr_par' dir='ltr' id='par_1_64' title="bbox 232 3633 1826 3710">
     <span class='ocr_line' id='line_1_64' title="bbox 232 3633 1826 3710; baseline 0.006 -23"><span class='ocrx_word' id='word_1_487' title='bbox 232 3633 443 3688; x_wconf 87' lang='lat' dir='ltr'><strong>sionem</strong></span> <span class='ocrx_word' id='word_1_488' title='bbox 486 3643 836 3706; x_wconf 84' lang='lat' dir='ltr'><strong>peccatorum</strong></span> <span class='ocrx_word' id='word_1_489' title='bbox 867 3639 922 3693; x_wconf 92' lang='lat' dir='ltr'><strong>in</strong></span> <span class='ocrx_word' id='word_1_490' title='bbox 970 3646 1159 3694; x_wconf 84' lang='lat' dir='ltr'><strong>omnes</strong></span> <span class='ocrx_word' id='word_1_491' title='bbox 1188 3648 1397 3710; x_wconf 77' lang='lat' dir='ltr'><strong>gentes.</strong></span> <span class='ocrx_word' id='word_1_492' title='bbox 1446 3639 1513 3695; x_wconf 86' lang='lat' dir='ltr'><strong>Et</strong></span> <span class='ocrx_word' id='word_1_493' title='bbox 1540 3657 1678 3706; x_wconf 90' lang='lat' dir='ltr'><strong>ecce,</strong></span> <span class='ocrx_word' id='word_1_494' title='bbox 1731 3636 1826 3710; x_wconf 83' lang='lat' dir='ltr'><strong>ait,</strong></span> 
     </span>
    </p>
   </div>
   <div class='ocr_carea' id='block_1_65' title="bbox 229 3724 1829 3804">
    <p class='ocr_par' dir='ltr' id='par_1_65' title="bbox 229 3724 1829 3804">
     <span class='ocr_line' id='line_1_65' title="bbox 229 3724 1829 3804; baseline 0.008 -26"><span class='ocrx_word' id='word_1_495' title='bbox 229 3741 325 3795; x_wconf 85' lang='lat' dir='ltr'><strong>ego</strong></span> <span class='ocrx_word' id='word_1_496' title='bbox 349 3724 611 3781; x_wconf 74' lang='lat' dir='ltr'><strong>uobiscum</strong></span> <span class='ocrx_word' id='word_1_497' title='bbox 651 3736 768 3783; x_wconf 84' lang='lat' dir='ltr'><strong>sum</strong></span> <span class='ocrx_word' id='word_1_498' title='bbox 814 3729 867 3784; x_wconf 85' lang='lat' dir='ltr'><strong>in</strong></span> <span class='ocrx_word' id='word_1_499' title='bbox 896 3730 1136 3785; x_wconf 76' lang='lat' dir='ltr'><strong>omnibus</strong></span> <span class='ocrx_word' id='word_1_500' title='bbox 1166 3731 1350 3788; x_wconf 83' lang='lat' dir='ltr'><strong>diebus</strong></span> <span class='ocrx_word' id='word_1_501' title='bbox 1383 3744 1547 3804; x_wconf 81' lang='lat' dir='ltr'><strong>usque</strong></span> <span class='ocrx_word' id='word_1_502' title='bbox 1597 3733 1667 3789; x_wconf 91' lang='lat' dir='ltr'><strong>ad</strong></span> <span class='ocrx_word' id='word_1_503' title='bbox 1706 3750 1829 3789; x_wconf 83' lang='lat' dir='ltr'><strong>con-</strong></span> 
     </span>
    </p>
   </div>
   <div class='ocr_carea' id='block_1_66' title="bbox 232 3820 1324 3897">
    <p class='ocr_par' dir='ltr' id='par_1_66' title="bbox 232 3820 1324 3897">
     <span class='ocr_line' id='line_1_66' title="bbox 232 3820 1324 3897; baseline 0.01 -28"><span class='ocrx_word' id='word_1_504' title='bbox 232 3820 635 3875; x_wconf 85' lang='lat' dir='ltr'><strong>summationem</strong></span> <span class='ocrx_word' id='word_1_505' title='bbox 659 3823 841 3877; x_wconf 69' lang='lat' dir='ltr'><strong>saeculi</strong></span> <span class='ocrx_word' id='word_1_506' title='bbox 867 3822 1085 3895; x_wconf 82' lang='lat' dir='ltr'><strong>(Matth.</strong></span> <span class='ocrx_word' id='word_1_507' title='bbox 1105 3824 1324 3897; x_wconf 77' lang='lat' dir='ltr'><strong>xxvm).</strong></span> 
     </span>
    </p>
   </div>
   <div class='ocr_carea' id='block_1_67' title="bbox 304 3905 1828 3985">
    <p class='ocr_par' dir='ltr' id='par_1_67' title="bbox 304 3905 1828 3985">
     <span class='ocr_line' id='line_1_67' title="bbox 304 3905 1828 3985; baseline 0.008 -23"><span class='ocrx_word' id='word_1_508' title='bbox 304 3905 438 3981; x_wconf 69' lang='grc' dir='ltr'><strong>[ιιι]</strong></span> <span class='ocrx_word' id='word_1_509' title='bbox 456 3910 743 3966; x_wconf 68' lang='lat' dir='ltr'><strong>Ambitione</strong></span> <span class='ocrx_word' id='word_1_510' title='bbox 761 3924 935 3968; x_wconf 80' lang='lat' dir='ltr'><strong>autem</strong></span> <span class='ocrx_word' id='word_1_511' title='bbox 953 3913 1113 3985; x_wconf 75' lang='lat' dir='ltr'><strong>juxta</strong></span> <span class='ocrx_word' id='word_1_512' title='bbox 1137 3930 1281 3969; x_wconf 87' lang='lat' dir='ltr'><strong>mare</strong></span> <span class='ocrx_word' id='word_1_513' title='bbox 1295 3913 1532 3972; x_wconf 69' lang='lat' dir='ltr'><strong>Gatitmr</strong></span> <span class='ocrx_word' id='word_1_514' title='bbox 1554 3917 1682 3973; x_wconf 83' lang='lat' dir='ltr'><strong>vidit</strong></span> <span class='ocrx_word' id='word_1_515' title='bbox 1695 3919 1828 3974; x_wconf 85' lang='lat' dir='ltr'><strong>duos</strong></span> 
     </span>
    </p>
   </div>
   <div class='ocr_carea' id='block_1_68' title="bbox 232 3997 1829 4082">
    <p class='ocr_par' dir='ltr' id='par_1_68' title="bbox 232 3997 1829 4082">
     <span class='ocr_line' id='line_1_68' title="bbox 232 3997 1829 4082; baseline 0.007 -26"><span class='ocrx_word' id='word_1_516' title='bbox 232 4002 425 4072; x_wconf 84' lang='lat' dir='ltr'><strong>fratres</strong></span> <span class='ocrx_word' id='word_1_517' title='bbox 448 3997 715 4059; x_wconf 80' lang='lat' dir='ltr'><strong>Simonem</strong></span> <span class='ocrx_word' id='word_1_518' title='bbox 737 4006 829 4078; x_wconf 86' lang='lat' dir='ltr'><strong>qui</strong></span> <span class='ocrx_word' id='word_1_519' title='bbox 862 4012 1083 4062; x_wconf 76' lang='lat' dir='ltr'><strong>uocatur</strong></span> <span class='ocrx_word' id='word_1_520' title='bbox 1110 4007 1326 4076; x_wconf 84' lang='lat' dir='ltr'><strong>Petrus,</strong></span> <span class='ocrx_word' id='word_1_521' title='bbox 1352 4018 1401 4065; x_wconf 87' lang='lat' dir='ltr'><strong>et</strong></span> <span class='ocrx_word' id='word_1_522' title='bbox 1430 4010 1694 4066; x_wconf 81' lang='lat' dir='ltr'><strong>Andream</strong></span> <span class='ocrx_word' id='word_1_523' title='bbox 1716 4010 1829 4082; x_wconf 80' lang='lat' dir='ltr'><strong>fra-</strong></span> 
     </span>
    </p>
   </div>
   <div class='ocr_carea' id='block_1_69' title="bbox 229 4096 1829 4175">
    <p class='ocr_par' dir='ltr' id='par_1_69' title="bbox 229 4096 1829 4175">
     <span class='ocr_line' id='line_1_69' title="bbox 229 4096 1829 4175; baseline 0.006 -27"><span class='ocrx_word' id='word_1_524' title='bbox 229 4104 361 4149; x_wconf 83' lang='lat' dir='ltr'><strong>trem</strong></span> <span class='ocrx_word' id='word_1_525' title='bbox 385 4096 522 4165; x_wconf 81' lang='lat' dir='ltr'><strong>ejus,</strong></span> <span class='ocrx_word' id='word_1_526' title='bbox 551 4098 811 4152; x_wconf 78' lang='lat' dir='ltr'><strong>mittentes</strong></span> <span class='ocrx_word' id='word_1_527' title='bbox 840 4108 947 4153; x_wconf 86' lang='lat' dir='ltr'><strong>rete</strong></span> <span class='ocrx_word' id='word_1_528' title='bbox 972 4099 1029 4154; x_wconf 84' lang='lat' dir='ltr'><strong>in</strong></span> <span class='ocrx_word' id='word_1_529' title='bbox 1055 4106 1219 4167; x_wconf 84' lang='lat' dir='ltr'><strong>mare,</strong></span> <span class='ocrx_word' id='word_1_530' title='bbox 1249 4106 1399 4157; x_wconf 86' lang='lat' dir='ltr'><strong>erant</strong></span> <span class='ocrx_word' id='word_1_531' title='bbox 1429 4104 1565 4157; x_wconf 87' lang='lat' dir='ltr'><strong>enim</strong></span> <span class='ocrx_word' id='word_1_532' title='bbox 1601 4104 1829 4175; x_wconf 84' lang='lat' dir='ltr'><strong>piscato-</strong></span> 
     </span>
    </p>
   </div>
   <div class='ocr_carea' id='block_1_70' title="bbox 230 4184 1824 4264">
    <p class='ocr_par' dir='ltr' id='par_1_70' title="bbox 230 4184 1824 4264">
     <span class='ocr_line' id='line_1_70' title="bbox 230 4184 1824 4264; baseline 0.007 -26"><span class='ocrx_word' id='word_1_533' title='bbox 230 4198 333 4239; x_wconf 86' lang='lat' dir='ltr'><strong>res.</strong></span> <span class='ocrx_word' id='word_1_534' title='bbox 362 4185 508 4240; x_wconf 81' lang='lat' dir='ltr'><strong>Mare</strong></span> <span class='ocrx_word' id='word_1_535' title='bbox 550 4184 789 4243; x_wconf 64' lang='lat' dir='ltr'><strong>Galiiazaa</strong></span> <span class='ocrx_word' id='word_1_536' title='bbox 826 4187 970 4243; x_wconf 84' lang='lat' dir='ltr'><strong>idem</strong></span> <span class='ocrx_word' id='word_1_537' title='bbox 999 4194 1084 4245; x_wconf 86' lang='lat' dir='ltr'><strong>est</strong></span> <span class='ocrx_word' id='word_1_538' title='bbox 1118 4190 1264 4260; x_wconf 90' lang='lat' dir='ltr'><strong>quod</strong></span> <span class='ocrx_word' id='word_1_539' title='bbox 1302 4196 1556 4264; x_wconf 76' lang='lat' dir='ltr'><strong>stagnum</strong></span> <span class='ocrx_word' id='word_1_540' title='bbox 1582 4191 1824 4249; x_wconf 83' lang='lat' dir='ltr'><strong>Genesa-</strong></span> 
     </span>
    </p>
   </div>
   <div class='ocr_carea' id='block_1_71' title="bbox 208 4277 1827 4353">
    <p class='ocr_par' dir='ltr' id='par_1_71' title="bbox 208 4277 1827 4353">
     <span class='ocr_line' id='line_1_71' title="bbox 208 4277 1827 4353; baseline 0.006 -24"><span class='ocrx_word' id='word_1_541' title='bbox 208 4277 377 4341; x_wconf 84' lang='lat' dir='ltr'><strong>&#39;retii,</strong></span> <span class='ocrx_word' id='word_1_542' title='bbox 427 4277 520 4331; x_wconf 83' lang='lat' dir='ltr'><strong>sed</strong></span> <span class='ocrx_word' id='word_1_543' title='bbox 546 4277 666 4332; x_wconf 87' lang='lat' dir='ltr'><strong>ideo</strong></span> <span class='ocrx_word' id='word_1_544' title='bbox 694 4290 844 4334; x_wconf 85' lang='lat' dir='ltr'><strong>mare</strong></span> <span class='ocrx_word' id='word_1_545' title='bbox 868 4278 1105 4335; x_wconf 63' lang='lat' dir='ltr'><strong>(initiatae</strong></span> <span class='ocrx_word' id='word_1_546' title='bbox 1140 4280 1360 4348; x_wconf 91' lang='lat' dir='ltr'><strong>dicitur,</strong></span> <span class='ocrx_word' id='word_1_547' title='bbox 1390 4284 1517 4351; x_wconf 78' lang='lat' dir='ltr'><strong>quia</strong></span> <span class='ocrx_word' id='word_1_548' title='bbox 1541 4282 1700 4353; x_wconf 76' lang='lat' dir='ltr'><strong>juxta</strong></span> <span class='ocrx_word' id='word_1_549' title='bbox 1719 4282 1827 4339; x_wconf 87' lang='lat' dir='ltr'><strong>Ga-</strong></span> 
     </span>
    </p>
   </div>
   <div class='ocr_carea' id='block_1_72' title="bbox 231 4364 1823 4446">
    <p class='ocr_par' dir='ltr' id='par_1_72' title="bbox 231 4364 1823 4446">
     <span class='ocr_line' id='line_1_72' title="bbox 231 4364 1823 4446; baseline 0.006 -26"><span class='ocrx_word' id='word_1_550' title='bbox 231 4364 425 4422; x_wconf 75' lang='lat' dir='ltr'><strong>lilmam</strong></span> <span class='ocrx_word' id='word_1_551' title='bbox 452 4364 643 4422; x_wconf 83' lang='lat' dir='ltr'><strong>tendit.</strong></span> <span class='ocrx_word' id='word_1_552' title='bbox 688 4367 926 4423; x_wconf 76' lang='lat' dir='ltr'><strong>Diversis</strong></span> <span class='ocrx_word' id='word_1_553' title='bbox 965 4371 1111 4425; x_wconf 83' lang='lat' dir='ltr'><strong>enim</strong></span> <span class='ocrx_word' id='word_1_554' title='bbox 1151 4372 1463 4429; x_wconf 84' lang='lat' dir='ltr'><strong>nominibus</strong></span> <span class='ocrx_word' id='word_1_555' title='bbox 1500 4373 1602 4429; x_wconf 89' lang='lat' dir='ltr'><strong>hoc</strong></span> <span class='ocrx_word' id='word_1_556' title='bbox 1650 4374 1823 4446; x_wconf 85' lang='lat' dir='ltr'><strong>ipsum</strong></span> 
     </span>
    </p>
   </div>
   <div class='ocr_carea' id='block_1_73' title="bbox 229 4458 1825 4534">
    <p class='ocr_par' dir='ltr' id='par_1_73' title="bbox 229 4458 1825 4534">
     <span class='ocr_line' id='line_1_73' title="bbox 229 4458 1825 4534; baseline 0.004 -21"><span class='ocrx_word' id='word_1_557' title='bbox 229 4473 405 4526; x_wconf 86' lang='lat' dir='ltr'><strong>mare,</strong></span> <span class='ocrx_word' id='word_1_558' title='bbox 430 4467 659 4530; x_wconf 81' lang='lat' dir='ltr'><strong>propter</strong></span> <span class='ocrx_word' id='word_1_559' title='bbox 687 4458 1048 4527; x_wconf 81' lang='lat' dir='ltr'><strong>adjacentiam</strong></span> <span class='ocrx_word' id='word_1_560' title='bbox 1077 4462 1319 4517; x_wconf 87' lang='lat' dir='ltr'><strong>locorum</strong></span> <span class='ocrx_word' id='word_1_561' title='bbox 1334 4458 1665 4534; x_wconf 85' lang='lat' dir='ltr'><strong>appellatur;</strong></span> <span class='ocrx_word' id='word_1_562' title='bbox 1700 4476 1825 4521; x_wconf 87' lang='lat' dir='ltr'><strong>nam</strong></span> 
     </span>
    </p>
   </div>
   <div class='ocr_carea' id='block_1_74' title="bbox 229 4549 1825 4626">
    <p class='ocr_par' dir='ltr' id='par_1_74' title="bbox 229 4549 1825 4626">
     <span class='ocr_line' id='line_1_74' title="bbox 229 4549 1825 4626; baseline 0.006 -25"><span class='ocrx_word' id='word_1_563' title='bbox 229 4563 384 4604; x_wconf 84' lang='lat' dir='ltr'><strong>mare</strong></span> <span class='ocrx_word' id='word_1_564' title='bbox 407 4549 675 4616; x_wconf 68' lang='lat' dir='ltr'><strong>(inlitam,</strong></span> <span class='ocrx_word' id='word_1_565' title='bbox 702 4551 853 4606; x_wconf 85' lang='lat' dir='ltr'><strong>lacus</strong></span> <span class='ocrx_word' id='word_1_566' title='bbox 886 4550 1250 4618; x_wconf 74' lang='lat' dir='ltr'><strong>Genesar-eth,</strong></span> <span class='ocrx_word' id='word_1_567' title='bbox 1279 4562 1533 4626; x_wconf 88' lang='lat' dir='ltr'><strong>stagnum</strong></span> <span class='ocrx_word' id='word_1_568' title='bbox 1584 4554 1825 4611; x_wconf 82' lang='lat' dir='ltr'><strong>Genesa-</strong></span> 
     </span>
    </p>
   </div>
   <div class='ocr_carea' id='block_1_75' title="bbox 230 4641 1822 4715">
    <p class='ocr_par' dir='ltr' id='par_1_75' title="bbox 230 4641 1822 4715">
     <span class='ocr_line' id='line_1_75' title="bbox 230 4641 1822 4715; baseline 0.006 -19"><span class='ocrx_word' id='word_1_569' title='bbox 230 4641 384 4707; x_wconf 84' lang='lat' dir='ltr'><strong>reth,</strong></span> <span class='ocrx_word' id='word_1_570' title='bbox 425 4654 575 4698; x_wconf 86' lang='lat' dir='ltr'><strong>mare</strong></span> <span class='ocrx_word' id='word_1_571' title='bbox 610 4644 963 4715; x_wconf 81' lang='lat' dir='ltr'><strong>Tyberiadis,</strong></span> <span class='ocrx_word' id='word_1_572' title='bbox 992 4653 1049 4702; x_wconf 91' lang='lat' dir='ltr'><strong>et</strong></span> <span class='ocrx_word' id='word_1_573' title='bbox 1075 4646 1226 4704; x_wconf 86' lang='lat' dir='ltr'><strong>lacus</strong></span> <span class='ocrx_word' id='word_1_574' title='bbox 1255 4647 1563 4704; x_wconf 84' lang='lat' dir='ltr'><strong>Salinarutn</strong></span> <span class='ocrx_word' id='word_1_575' title='bbox 1602 4649 1822 4705; x_wconf 86' lang='lat' dir='ltr'><strong>dicitur.</strong></span> 
     </span>
    </p>
   </div>
   <div class='ocr_carea' id='block_1_76' title="bbox 1935 3442 3531 3514">
    <p class='ocr_par' dir='ltr' id='par_1_76' title="bbox 1935 3442 3531 3514">
     <span class='ocr_line' id='line_1_76' title="bbox 1935 3442 3531 3514; baseline -0.001 -17"><span class='ocrx_word' id='word_1_576' title='bbox 1935 3442 2192 3507; x_wconf 88' lang='lat' dir='ltr'><strong>retinuit;</strong></span> <span class='ocrx_word' id='word_1_577' title='bbox 2219 3443 2450 3497; x_wconf 88' lang='lat' dir='ltr'><strong>multum</strong></span> <span class='ocrx_word' id='word_1_578' title='bbox 2479 3443 2702 3513; x_wconf 88' lang='lat' dir='ltr'><strong>reliquit</strong></span> <span class='ocrx_word' id='word_1_579' title='bbox 2726 3444 2817 3514; x_wconf 83' lang='lat' dir='ltr'><strong>qui</strong></span> <span class='ocrx_word' id='word_1_580' title='bbox 2851 3444 3152 3513; x_wconf 87' lang='lat' dir='ltr'><strong>quamlibet</strong></span> <span class='ocrx_word' id='word_1_581' title='bbox 3192 3450 3419 3510; x_wconf 82' lang='lat' dir='ltr'><strong>parvum</strong></span> <span class='ocrx_word' id='word_1_582' title='bbox 3451 3449 3531 3496; x_wconf 84' lang='lat' dir='ltr'><strong>to-</strong></span> 
     </span>
    </p>
   </div>
   <div class='ocr_carea' id='block_1_77' title="bbox 1935 3540 3524 3615">
    <p class='ocr_par' dir='ltr' id='par_1_77' title="bbox 1935 3540 3524 3615">
     <span class='ocr_line' id='line_1_77' title="bbox 1935 3540 3524 3615; baseline 0.003 -22"><span class='ocrx_word' id='word_1_583' title='bbox 1935 3547 2047 3594; x_wconf 91' lang='lat' dir='ltr'><strong>tum</strong></span> <span class='ocrx_word' id='word_1_584' title='bbox 2078 3541 2337 3597; x_wconf 88' lang='lat' dir='ltr'><strong>deseruit.</strong></span> <span class='ocrx_word' id='word_1_585' title='bbox 2363 3540 2526 3597; x_wconf 85' lang='lat' dir='ltr'><strong>Certe</strong></span> <span class='ocrx_word' id='word_1_586' title='bbox 2555 3554 2655 3597; x_wconf 84' lang='lat' dir='ltr'><strong>nos</strong></span> <span class='ocrx_word' id='word_1_587' title='bbox 2676 3551 2734 3598; x_wconf 89' lang='lat' dir='ltr'><strong>et</strong></span> <span class='ocrx_word' id='word_1_588' title='bbox 2762 3542 2948 3597; x_wconf 87' lang='lat' dir='ltr'><strong>habita</strong></span> <span class='ocrx_word' id='word_1_589' title='bbox 2976 3554 3099 3597; x_wconf 85' lang='lat' dir='ltr'><strong>cum</strong></span> <span class='ocrx_word' id='word_1_590' title='bbox 3124 3554 3310 3599; x_wconf 89' lang='lat' dir='ltr'><strong>amore</strong></span> <span class='ocrx_word' id='word_1_591' title='bbox 3350 3542 3524 3615; x_wconf 85' lang='lat' dir='ltr'><strong>possi-</strong></span> 
     </span>
    </p>
   </div>
   <div class='ocr_carea' id='block_1_78' title="bbox 1931 3632 3534 3707">
    <p class='ocr_par' dir='ltr' id='par_1_78' title="bbox 1931 3632 3534 3707">
     <span class='ocr_line' id='line_1_78' title="bbox 1931 3632 3534 3707; baseline 0.005 -19"><span class='ocrx_word' id='word_1_592' title='bbox 1931 3632 2141 3700; x_wconf 84' lang='lat' dir='ltr'><strong>demus,</strong></span> <span class='ocrx_word' id='word_1_593' title='bbox 2189 3643 2245 3690; x_wconf 87' lang='lat' dir='ltr'><strong>et</strong></span> <span class='ocrx_word' id='word_1_594' title='bbox 2275 3646 2350 3690; x_wconf 81' lang='lat' dir='ltr'><strong>ea</strong></span> <span class='ocrx_word' id='word_1_595' title='bbox 2396 3646 2517 3707; x_wconf 62' lang='lat' dir='ltr'><strong>quia</strong></span> <span class='ocrx_word' id='word_1_596' title='bbox 2565 3637 2789 3693; x_wconf 89' lang='lat' dir='ltr'><strong>minime</strong></span> <span class='ocrx_word' id='word_1_597' title='bbox 2831 3637 3097 3693; x_wconf 85' lang='lat' dir='ltr'><strong>habemus</strong></span> <span class='ocrx_word' id='word_1_598' title='bbox 3149 3648 3217 3693; x_wconf 83' lang='lat' dir='ltr'><strong>ex</strong></span> <span class='ocrx_word' id='word_1_599' title='bbox 3266 3632 3534 3696; x_wconf 87' lang='lat' dir='ltr'><strong>desiderio</strong></span> 
     </span>
    </p>
   </div>
   <div class='ocr_carea' id='block_1_79' title="bbox 1930 3726 3529 3801">
    <p class='ocr_par' dir='ltr' id='par_1_79' title="bbox 1930 3726 3529 3801">
     <span class='ocr_line' id='line_1_79' title="bbox 1930 3726 3529 3801; baseline 0.001 -18"><span class='ocrx_word' id='word_1_600' title='bbox 1930 3728 2247 3799; x_wconf 66' lang='lat' dir='ltr'><strong>querimus.</strong></span> <span class='ocrx_word' id='word_1_601' title='bbox 2287 3727 2514 3784; x_wconf 84' lang='lat' dir='ltr'><strong>Multum</strong></span> <span class='ocrx_word' id='word_1_602' title='bbox 2539 3740 2670 3801; x_wconf 84' lang='lat' dir='ltr'><strong>ergo</strong></span> <span class='ocrx_word' id='word_1_603' title='bbox 2700 3729 2896 3785; x_wconf 86' lang='lat' dir='ltr'><strong>Petrus</strong></span> <span class='ocrx_word' id='word_1_604' title='bbox 2921 3732 2977 3784; x_wconf 86' lang='lat' dir='ltr'><strong>et</strong></span> <span class='ocrx_word' id='word_1_605' title='bbox 3012 3727 3262 3785; x_wconf 81' lang='lat' dir='ltr'><strong>Andreas</strong></span> <span class='ocrx_word' id='word_1_606' title='bbox 3303 3726 3529 3796; x_wconf 86' lang='lat' dir='ltr'><strong>dimisit,</strong></span> 
     </span>
    </p>
   </div>
   <div class='ocr_carea' id='block_1_80' title="bbox 1930 3816 3531 3891">
    <p class='ocr_par' dir='ltr' id='par_1_80' title="bbox 1930 3816 3531 3891">
     <span class='ocr_line' id='line_1_80' title="bbox 1930 3816 3531 3891; baseline -0.001 -17"><span class='ocrx_word' id='word_1_607' title='bbox 1930 3819 2149 3891; x_wconf 83' lang='lat' dir='ltr'><strong>quando</strong></span> <span class='ocrx_word' id='word_1_608' title='bbox 2197 3824 2429 3889; x_wconf 83' lang='lat' dir='ltr'><strong>uterque</strong></span> <span class='ocrx_word' id='word_1_609' title='bbox 2468 3819 2632 3875; x_wconf 86' lang='lat' dir='ltr'><strong>etiam</strong></span> <span class='ocrx_word' id='word_1_610' title='bbox 2681 3819 3012 3875; x_wconf 86' lang='lat' dir='ltr'><strong>desiderium</strong></span> <span class='ocrx_word' id='word_1_611' title='bbox 3061 3818 3294 3875; x_wconf 88' lang='lat' dir='ltr'><strong>habendi</strong></span> <span class='ocrx_word' id='word_1_612' title='bbox 3336 3816 3531 3875; x_wconf 85' lang='lat' dir='ltr'><strong>dereli-</strong></span> 
     </span>
    </p>
   </div>
   <div class='ocr_carea' id='block_1_81' title="bbox 1929 3906 3528 3983">
    <p class='ocr_par' dir='ltr' id='par_1_81' title="bbox 1929 3906 3528 3983">
     <span class='ocr_line' id='line_1_81' title="bbox 1929 3906 3528 3983; baseline -0.001 -16"><span class='ocrx_word' id='word_1_613' title='bbox 1929 3913 2088 3983; x_wconf 86' lang='lat' dir='ltr'><strong>quit;</strong></span> <span class='ocrx_word' id='word_1_614' title='bbox 2133 3912 2363 3967; x_wconf 86' lang='lat' dir='ltr'><strong>multum</strong></span> <span class='ocrx_word' id='word_1_615' title='bbox 2397 3912 2605 3966; x_wconf 84' lang='lat' dir='ltr'><strong>dimisit</strong></span> <span class='ocrx_word' id='word_1_616' title='bbox 2667 3912 2758 3982; x_wconf 91' lang='lat' dir='ltr'><strong>qui</strong></span> <span class='ocrx_word' id='word_1_617' title='bbox 2804 3920 2927 3966; x_wconf 87' lang='lat' dir='ltr'><strong>cum</strong></span> <span class='ocrx_word' id='word_1_618' title='bbox 2980 3920 3041 3966; x_wconf 89' lang='lat' dir='ltr'><strong>re</strong></span> <span class='ocrx_word' id='word_1_619' title='bbox 3084 3917 3335 3982; x_wconf 84' lang='lat' dir='ltr'><strong>possessa</strong></span> <span class='ocrx_word' id='word_1_620' title='bbox 3363 3906 3528 3965; x_wconf 83' lang='lat' dir='ltr'><strong>etiam</strong></span> 
     </span>
    </p>
   </div>
   <div class='ocr_carea' id='block_1_82' title="bbox 1929 4000 3531 4072">
    <p class='ocr_par' dir='ltr' id='par_1_82' title="bbox 1929 4000 3531 4072">
     <span class='ocr_line' id='line_1_82' title="bbox 1929 4000 3531 4072; baseline -0.003 -13"><span class='ocrx_word' id='word_1_621' title='bbox 1929 4001 2407 4072; x_wconf 83' lang='lat' dir='ltr'><strong>concupiscentias</strong></span> <span class='ocrx_word' id='word_1_622' title='bbox 2428 4000 2748 4057; x_wconf 83' lang='lat' dir='ltr'><strong>refrenavit.</strong></span> <span class='ocrx_word' id='word_1_623' title='bbox 2782 4001 2829 4056; x_wconf 77' lang='grc' dir='ltr'><strong>Α</strong></span> <span class='ocrx_word' id='word_1_624' title='bbox 2850 4000 3204 4071; x_wconf 77' lang='lat' dir='ltr'><strong>sequentibus</strong></span> <span class='ocrx_word' id='word_1_625' title='bbox 3225 4004 3354 4071; x_wconf 77' lang='lat' dir='ltr'><strong>ergo</strong></span> <span class='ocrx_word' id='word_1_626' title='bbox 3378 4005 3531 4055; x_wconf 81' lang='lat' dir='ltr'><strong>tanta</strong></span> 
     </span>
    </p>
   </div>
   <div class='ocr_carea' id='block_1_83' title="bbox 1928 4092 3531 4165">
    <p class='ocr_par' dir='ltr' id='par_1_83' title="bbox 1928 4092 3531 4165">
     <span class='ocr_line' id='line_1_83' title="bbox 1928 4092 3531 4165; baseline -0.001 -14"><span class='ocrx_word' id='word_1_627' title='bbox 1928 4094 2152 4151; x_wconf 86' lang='lat' dir='ltr'><strong>dimissa</strong></span> <span class='ocrx_word' id='word_1_628' title='bbox 2176 4100 2333 4162; x_wconf 87' lang='lat' dir='ltr'><strong>sunt,</strong></span> <span class='ocrx_word' id='word_1_629' title='bbox 2361 4101 2567 4164; x_wconf 85' lang='lat' dir='ltr'><strong>quanta</strong></span> <span class='ocrx_word' id='word_1_630' title='bbox 2613 4111 2645 4149; x_wconf 73' lang='grc' dir='ltr'><strong>ει</strong></span> <span class='ocrx_word' id='word_1_631' title='bbox 2692 4106 2800 4150; x_wconf 90' lang='lat' dir='ltr'><strong>non</strong></span> <span class='ocrx_word' id='word_1_632' title='bbox 2828 4093 3184 4165; x_wconf 85' lang='lat' dir='ltr'><strong>sequentibus</strong></span> <span class='ocrx_word' id='word_1_633' title='bbox 3221 4092 3531 4165; x_wconf 88' lang='lat' dir='ltr'><strong>concupisci</strong></span> 
     </span>
    </p>
   </div>
   <div class='ocr_carea' id='block_1_84' title="bbox 1926 4194 2243 4257">
    <p class='ocr_par' dir='ltr' id='par_1_84' title="bbox 1926 4194 2243 4257">
     <span class='ocr_line' id='line_1_84' title="bbox 1926 4194 2243 4257; baseline -0.006 -15"><span class='ocrx_word' id='word_1_634' title='bbox 1926 4194 2243 4257; x_wconf 81' lang='lat' dir='ltr'><strong>potuerunt.</strong></span> 
     </span>
    </p>
   </div>
   <div class='ocr_carea' id='block_1_85' title="bbox 2001 4276 3531 4353">
    <p class='ocr_par' dir='ltr' id='par_1_85' title="bbox 2001 4276 3531 4353">
     <span class='ocr_line' id='line_1_85' title="bbox 2001 4276 3531 4353; baseline -0.001 -18"><span class='ocrx_word' id='word_1_635' title='bbox 2001 4280 2071 4335; x_wconf 79' lang='lat' dir='ltr'><strong>Et</strong></span> <span class='ocrx_word' id='word_1_636' title='bbox 2091 4281 2376 4353; x_wconf 80' lang='lat' dir='ltr'><strong>procedens</strong></span> <span class='ocrx_word' id='word_1_637' title='bbox 2403 4280 2528 4335; x_wconf 78' lang='lat' dir='ltr'><strong>inde</strong></span> <span class='ocrx_word' id='word_1_638' title='bbox 2556 4279 2684 4334; x_wconf 86' lang='lat' dir='ltr'><strong>vidit</strong></span> <span class='ocrx_word' id='word_1_639' title='bbox 2708 4279 2844 4335; x_wconf 84' lang='lat' dir='ltr'><strong>alios</strong></span> <span class='ocrx_word' id='word_1_640' title='bbox 2884 4281 3017 4335; x_wconf 85' lang='lat' dir='ltr'><strong>duos</strong></span> <span class='ocrx_word' id='word_1_641' title='bbox 3043 4279 3237 4351; x_wconf 77' lang='lat' dir='ltr'><strong>fratres</strong></span> <span class='ocrx_word' id='word_1_642' title='bbox 3268 4276 3531 4334; x_wconf 74' lang='lat' dir='ltr'><strong>Iacobum</strong></span> 
     </span>
    </p>
   </div>
   <div class='ocr_carea' id='block_1_86' title="bbox 1927 4367 3530 4442">
    <p class='ocr_par' dir='ltr' id='par_1_86' title="bbox 1927 4367 3530 4442">
     <span class='ocr_line' id='line_1_86' title="bbox 1927 4367 3530 4442; baseline -0.001 -16"><span class='ocrx_word' id='word_1_643' title='bbox 1927 4367 2192 4438; x_wconf 76' lang='lat' dir='ltr'><strong>Zebediei,</strong></span> <span class='ocrx_word' id='word_1_644' title='bbox 2226 4382 2275 4425; x_wconf 88' lang='lat' dir='ltr'><strong>et</strong></span> <span class='ocrx_word' id='word_1_645' title='bbox 2301 4371 2565 4426; x_wconf 80' lang='lat' dir='ltr'><strong>Joannem</strong></span> <span class='ocrx_word' id='word_1_646' title='bbox 2594 4371 2814 4441; x_wconf 81' lang='lat' dir='ltr'><strong>fratrem</strong></span> <span class='ocrx_word' id='word_1_647' title='bbox 2870 4369 3007 4442; x_wconf 76' lang='lat' dir='ltr'><strong>ejus,</strong></span> <span class='ocrx_word' id='word_1_648' title='bbox 3037 4372 3093 4425; x_wconf 86' lang='lat' dir='ltr'><strong>in</strong></span> <span class='ocrx_word' id='word_1_649' title='bbox 3128 4370 3249 4427; x_wconf 83' lang='lat' dir='ltr'><strong>naui</strong></span> <span class='ocrx_word' id='word_1_650' title='bbox 3278 4386 3396 4425; x_wconf 88' lang='lat' dir='ltr'><strong>cum</strong></span> <span class='ocrx_word' id='word_1_651' title='bbox 3424 4367 3530 4425; x_wconf 87' lang='lat' dir='ltr'><strong>Ze-</strong></span> 
     </span>
    </p>
   </div>
   <div class='ocr_carea' id='block_1_87' title="bbox 1928 4462 3530 4533">
    <p class='ocr_par' dir='ltr' id='par_1_87' title="bbox 1928 4462 3530 4533">
     <span class='ocr_line' id='line_1_87' title="bbox 1928 4462 3530 4533; baseline -0.001 -16"><span class='ocrx_word' id='word_1_652' title='bbox 1928 4464 2108 4519; x_wconf 80' lang='lat' dir='ltr'><strong>bedteo</strong></span> <span class='ocrx_word' id='word_1_653' title='bbox 2149 4471 2299 4533; x_wconf 82' lang='lat' dir='ltr'><strong>patre</strong></span> <span class='ocrx_word' id='word_1_654' title='bbox 2319 4474 2523 4527; x_wconf 80' lang='lat' dir='ltr'><strong>eorum,</strong></span> <span class='ocrx_word' id='word_1_655' title='bbox 2570 4462 2865 4531; x_wconf 78' lang='lat' dir='ltr'><strong>reﬁcientes</strong></span> <span class='ocrx_word' id='word_1_656' title='bbox 2913 4464 3046 4517; x_wconf 86' lang='lat' dir='ltr'><strong>retia</strong></span> <span class='ocrx_word' id='word_1_657' title='bbox 3071 4474 3193 4530; x_wconf 83' lang='lat' dir='ltr'><strong>sua,</strong></span> <span class='ocrx_word' id='word_1_658' title='bbox 3234 4472 3282 4517; x_wconf 87' lang='lat' dir='ltr'><strong>et</strong></span> <span class='ocrx_word' id='word_1_659' title='bbox 3331 4465 3530 4517; x_wconf 79' lang='lat' dir='ltr'><strong>vocarit</strong></span> 
     </span>
    </p>
   </div>
   <div class='ocr_carea' id='block_1_88' title="bbox 1927 4550 3530 4625">
    <p class='ocr_par' dir='ltr' id='par_1_88' title="bbox 1927 4550 3530 4625">
     <span class='ocr_line' id='line_1_88' title="bbox 1927 4550 3530 4625; baseline -0.001 -17"><span class='ocrx_word' id='word_1_660' title='bbox 1927 4569 2038 4608; x_wconf 86' lang='lat' dir='ltr'><strong>eos.</strong></span> <span class='ocrx_word' id='word_1_661' title='bbox 2091 4551 2276 4625; x_wconf 80' lang='lat' dir='ltr'><strong>(Aug.)</strong></span> <span class='ocrx_word' id='word_1_662' title='bbox 2306 4551 2486 4619; x_wconf 72' lang='lat' dir='ltr'><strong>Quaeri</strong></span> <span class='ocrx_word' id='word_1_663' title='bbox 2534 4561 2717 4607; x_wconf 89' lang='lat' dir='ltr'><strong>autem</strong></span> <span class='ocrx_word' id='word_1_664' title='bbox 2754 4552 2934 4623; x_wconf 59' lang='lat' dir='ltr'><strong>potem</strong></span> <span class='ocrx_word' id='word_1_665' title='bbox 2953 4550 3230 4622; x_wconf 85' lang='lat' dir='ltr'><strong>quomodo</strong></span> <span class='ocrx_word' id='word_1_666' title='bbox 3258 4552 3413 4607; x_wconf 89' lang='lat' dir='ltr'><strong>binos</strong></span> <span class='ocrx_word' id='word_1_667' title='bbox 3439 4564 3530 4606; x_wconf 82' lang='lat' dir='ltr'><strong>vo-</strong></span> 
     </span>
    </p>
   </div>
   <div class='ocr_carea' id='block_1_89' title="bbox 1930 4640 3530 4713">
    <p class='ocr_par' dir='ltr' id='par_1_89' title="bbox 1930 4640 3530 4713">
     <span class='ocr_line' id='line_1_89' title="bbox 1930 4640 3530 4713; baseline -0.003 -11"><span class='ocrx_word' id='word_1_668' title='bbox 1930 4644 2141 4702; x_wconf 83' lang='lat' dir='ltr'><strong>caverit</strong></span> <span class='ocrx_word' id='word_1_669' title='bbox 2185 4645 2253 4700; x_wconf 89' lang='lat' dir='ltr'><strong>de</strong></span> <span class='ocrx_word' id='word_1_670' title='bbox 2294 4640 2558 4698; x_wconf 81' lang='lat' dir='ltr'><strong>naviculis</strong></span> <span class='ocrx_word' id='word_1_671' title='bbox 2612 4644 2932 4713; x_wconf 74' lang='lat' dir='ltr'><strong>piscatores,</strong></span> <span class='ocrx_word' id='word_1_672' title='bbox 2982 4644 3161 4713; x_wconf 83' lang='lat' dir='ltr'><strong>primo</strong></span> <span class='ocrx_word' id='word_1_673' title='bbox 3209 4642 3429 4696; x_wconf 87' lang='lat' dir='ltr'><strong>Petrum</strong></span> <span class='ocrx_word' id='word_1_674' title='bbox 3474 4650 3530 4697; x_wconf 92' lang='lat' dir='ltr'><strong>et</strong></span> 
     </span>
    </p>
   </div>
   <div class='ocr_carea' id='block_1_90' title="bbox 230 4690 3525 4806">
    <p class='ocr_par' dir='ltr' id='par_1_90' title="bbox 230 4690 3525 4806">
     <span class='ocr_line' id='line_1_90' title="bbox 230 4690 3525 4806; baseline 0.002 -21"><span class='ocrx_word' id='word_1_675' title='bbox 230 4690 521 4787; x_wconf 69' lang='lat' dir='ltr'><strong>Ambitione</strong></span> <span class='ocrx_word' id='word_1_676' title='bbox 551 4690 685 4805; x_wconf 64' lang='lat' dir='ltr'><strong>ergd</strong></span> <span class='ocrx_word' id='word_1_677' title='bbox 729 4690 1825 4806; x_wconf 36' lang='grc' dir='ltr'><strong>Βοηᾶηιίιῦυἱεῖῖηῑέἓιλῶἓιξνὲίιιῖὶξ</strong></span> <span class='ocrx_word' id='word_1_678' title='bbox 1850 4690 1906 4757; x_wconf 72' lang='lat' dir='ltr'><strong>D</strong></span> <span class='ocrx_word' id='word_1_679' title='bbox 1932 4735 2231 4800; x_wconf 80' lang='lat' dir='ltr'><strong>Andream,</strong></span> <span class='ocrx_word' id='word_1_680' title='bbox 2287 4732 2484 4788; x_wconf 83' lang='lat' dir='ltr'><strong>deinde</strong></span> <span class='ocrx_word' id='word_1_681' title='bbox 2532 4690 2877 4798; x_wconf 56' lang='grc' dir='ltr'><strong>ρι’(ἷεωιουὺδ</strong></span> <span class='ocrx_word' id='word_1_682' title='bbox 2902 4690 3179 4798; x_wconf 57' lang='lat' dir='ltr'><strong>paululum</strong></span> <span class='ocrx_word' id='word_1_683' title='bbox 3211 4728 3346 4786; x_wconf 84' lang='lat' dir='ltr'><strong>alios</strong></span> <span class='ocrx_word' id='word_1_684' title='bbox 3390 4731 3525 4790; x_wconf 86' lang='lat' dir='ltr'><strong>duos</strong></span> 
     </span>
    </p>
   </div>
   <div class='ocr_carea' id='block_1_91' title="bbox 229 4822 1826 4899">
    <p class='ocr_par' dir='ltr' id='par_1_91' title="bbox 229 4822 1826 4899">
     <span class='ocr_line' id='line_1_91' title="bbox 229 4822 1826 4899; baseline 0.004 -24"><span class='ocrx_word' id='word_1_685' title='bbox 229 4822 364 4877; x_wconf 83' lang='lat' dir='ltr'><strong>duos</strong></span> <span class='ocrx_word' id='word_1_686' title='bbox 399 4823 610 4893; x_wconf 79' lang='lat' dir='ltr'><strong>fratres,</strong></span> <span class='ocrx_word' id='word_1_687' title='bbox 645 4825 697 4879; x_wconf 88' lang='lat' dir='ltr'><strong>id</strong></span> <span class='ocrx_word' id='word_1_688' title='bbox 736 4833 839 4890; x_wconf 82' lang='lat' dir='ltr'><strong>est,</strong></span> <span class='ocrx_word' id='word_1_689' title='bbox 874 4822 1143 4881; x_wconf 80' lang='lat' dir='ltr'><strong>Simonem</strong></span> <span class='ocrx_word' id='word_1_690' title='bbox 1171 4828 1261 4899; x_wconf 82' lang='lat' dir='ltr'><strong>qui</strong></span> <span class='ocrx_word' id='word_1_691' title='bbox 1288 4836 1506 4881; x_wconf 77' lang='lat' dir='ltr'><strong>uocatur</strong></span> <span class='ocrx_word' id='word_1_692' title='bbox 1531 4825 1745 4892; x_wconf 68' lang='lat' dir='ltr'><strong>Petrus,</strong></span> <span class='ocrx_word' id='word_1_693' title='bbox 1778 4836 1826 4881; x_wconf 83' lang='lat' dir='ltr'><strong>et</strong></span> 
     </span>
    </p>
   </div>
   <div class='ocr_carea' id='block_1_92' title="bbox 230 4915 1829 4993">
    <p class='ocr_par' dir='ltr' id='par_1_92' title="bbox 230 4915 1829 4993">
     <span class='ocr_line' id='line_1_92' title="bbox 230 4915 1829 4993; baseline 0.007 -26"><span class='ocrx_word' id='word_1_694' title='bbox 230 4915 498 4970; x_wconf 78' lang='lat' dir='ltr'><strong>Andream</strong></span> <span class='ocrx_word' id='word_1_695' title='bbox 522 4917 745 4988; x_wconf 82' lang='lat' dir='ltr'><strong>fratrem</strong></span> <span class='ocrx_word' id='word_1_696' title='bbox 784 4921 922 4991; x_wconf 77' lang='lat' dir='ltr'><strong>ejus.</strong></span> <span class='ocrx_word' id='word_1_697' title='bbox 972 4920 1110 4989; x_wconf 83' lang='lat' dir='ltr'><strong>Quia</strong></span> <span class='ocrx_word' id='word_1_698' title='bbox 1158 4922 1473 4978; x_wconf 87' lang='lat' dir='ltr'><strong>incarnatus</strong></span> <span class='ocrx_word' id='word_1_699' title='bbox 1517 4921 1829 4993; x_wconf 81' lang='lat' dir='ltr'><strong>unigenitus</strong></span> 
     </span>
    </p>
   </div>
   <div class='ocr_carea' id='block_1_93' title="bbox 233 5005 1829 5074">
    <p class='ocr_par' dir='ltr' id='par_1_93' title="bbox 233 5005 1829 5074">
     <span class='ocr_line' id='line_1_93' title="bbox 233 5005 1829 5074; baseline 0.006 -15"><span class='ocrx_word' id='word_1_700' title='bbox 233 5005 328 5060; x_wconf 89' lang='lat' dir='ltr'><strong>Dei</strong></span> <span class='ocrx_word' id='word_1_701' title='bbox 376 5007 581 5074; x_wconf 80' lang='lat' dir='ltr'><strong>Filius,</strong></span> <span class='ocrx_word' id='word_1_702' title='bbox 632 5025 758 5067; x_wconf 90' lang='lat' dir='ltr'><strong>cum</strong></span> <span class='ocrx_word' id='word_1_703' title='bbox 801 5022 1003 5069; x_wconf 70' lang='lat' dir='ltr'><strong>nostras</strong></span> <span class='ocrx_word' id='word_1_704' title='bbox 1056 5014 1399 5070; x_wconf 86' lang='lat' dir='ltr'><strong>mortalitatis</strong></span> <span class='ocrx_word' id='word_1_705' title='bbox 1461 5014 1829 5071; x_wconf 88' lang='lat' dir='ltr'><strong>conditionem</strong></span> 
     </span>
    </p>
   </div>
   <div class='ocr_carea' id='block_1_94' title="bbox 235 5096 1830 5177">
    <p class='ocr_par' dir='ltr' id='par_1_94' title="bbox 235 5096 1830 5177">
     <span class='ocr_line' id='line_1_94' title="bbox 235 5096 1830 5177; baseline 0.007 -26"><span class='ocrx_word' id='word_1_706' title='bbox 235 5096 479 5166; x_wconf 83' lang='lat' dir='ltr'><strong>suscepit</strong></span> <span class='ocrx_word' id='word_1_707' title='bbox 521 5096 576 5151; x_wconf 91' lang='lat' dir='ltr'><strong>in</strong></span> <span class='ocrx_word' id='word_1_708' title='bbox 608 5104 747 5152; x_wconf 84' lang='lat' dir='ltr'><strong>mari</strong></span> <span class='ocrx_word' id='word_1_709' title='bbox 793 5104 951 5160; x_wconf 76' lang='lat' dir='ltr'><strong>istius</strong></span> <span class='ocrx_word' id='word_1_710' title='bbox 996 5107 1181 5161; x_wconf 87' lang='lat' dir='ltr'><strong>mundi</strong></span> <span class='ocrx_word' id='word_1_711' title='bbox 1223 5108 1521 5176; x_wconf 86' lang='lat' dir='ltr'><strong>piscatores</strong></span> <span class='ocrx_word' id='word_1_712' title='bbox 1557 5108 1830 5177; x_wconf 85' lang='lat' dir='ltr'><strong>spiritales</strong></span> 
     </span>
    </p>
   </div>
   <div class='ocr_carea' id='block_1_95' title="bbox 233 5186 1823 5258">
    <p class='ocr_par' dir='ltr' id='par_1_95' title="bbox 233 5186 1823 5258">
     <span class='ocr_line' id='line_1_95' title="bbox 233 5186 1823 5258; baseline 0.001 -15"><span class='ocrx_word' id='word_1_713' title='bbox 233 5188 371 5243; x_wconf 84' lang='lat' dir='ltr'><strong>vidit</strong></span> <span class='ocrx_word' id='word_1_714' title='bbox 399 5188 679 5244; x_wconf 76' lang='lat' dir='ltr'><strong>divinitus.</strong></span> <span class='ocrx_word' id='word_1_715' title='bbox 698 5186 835 5256; x_wconf 85' lang='lat' dir='ltr'><strong>Quia</strong></span> <span class='ocrx_word' id='word_1_716' title='bbox 864 5202 1002 5258; x_wconf 79' lang='lat' dir='ltr'><strong>quos</strong></span> <span class='ocrx_word' id='word_1_717' title='bbox 1036 5195 1163 5243; x_wconf 84' lang='lat' dir='ltr'><strong>ante</strong></span> <span class='ocrx_word' id='word_1_718' title='bbox 1192 5198 1637 5244; x_wconf 70' lang='lat' dir='ltr'><strong>constitutionem</strong></span> <span class='ocrx_word' id='word_1_719' title='bbox 1662 5208 1823 5244; x_wconf 66' lang='lat' dir='ltr'><strong>mun-</strong></span> 
     </span>
    </p>
   </div>
   <div class='ocr_carea' id='block_1_96' title="bbox 235 5280 1828 5351">
    <p class='ocr_par' dir='ltr' id='par_1_96' title="bbox 235 5280 1828 5351">
     <span class='ocr_line' id='line_1_96' title="bbox 235 5280 1828 5351; baseline 0.001 -15"><span class='ocrx_word' id='word_1_720' title='bbox 235 5281 291 5336; x_wconf 86' lang='lat' dir='ltr'><strong>di</strong></span> <span class='ocrx_word' id='word_1_721' title='bbox 318 5281 385 5334; x_wconf 87' lang='lat' dir='ltr'><strong>ad</strong></span> <span class='ocrx_word' id='word_1_722' title='bbox 408 5294 544 5351; x_wconf 88' lang='lat' dir='ltr'><strong>opus</strong></span> <span class='ocrx_word' id='word_1_723' title='bbox 565 5280 965 5351; x_wconf 62' lang='lat' dir='ltr'><strong>praedicationis</strong></span> <span class='ocrx_word' id='word_1_724' title='bbox 1003 5289 1159 5351; x_wconf 88' lang='lat' dir='ltr'><strong>aptos</strong></span> <span class='ocrx_word' id='word_1_725' title='bbox 1182 5280 1448 5351; x_wconf 68' lang='lat' dir='ltr'><strong>praevidit,</strong></span> <span class='ocrx_word' id='word_1_726' title='bbox 1479 5281 1580 5337; x_wconf 88' lang='lat' dir='ltr'><strong>hos</strong></span> <span class='ocrx_word' id='word_1_727' title='bbox 1600 5281 1653 5335; x_wconf 90' lang='lat' dir='ltr'><strong>in</strong></span> <span class='ocrx_word' id='word_1_728' title='bbox 1694 5289 1828 5337; x_wconf 87' lang='lat' dir='ltr'><strong>tem-</strong></span> 
     </span>
    </p>
   </div>
   <div class='ocr_carea' id='block_1_97' title="bbox 236 5370 1829 5445">
    <p class='ocr_par' dir='ltr' id='par_1_97' title="bbox 236 5370 1829 5445">
     <span class='ocr_line' id='line_1_97' title="bbox 236 5370 1829 5445; baseline 0.003 -17"><span class='ocrx_word' id='word_1_729' title='bbox 236 5388 371 5445; x_wconf 85' lang='lat' dir='ltr'><strong>pore</strong></span> <span class='ocrx_word' id='word_1_730' title='bbox 402 5372 792 5428; x_wconf 82' lang='lat' dir='ltr'><strong>incarnationis</strong></span> <span class='ocrx_word' id='word_1_731' title='bbox 841 5388 954 5428; x_wconf 67' lang='lat' dir='ltr'><strong>sum</strong></span> <span class='ocrx_word' id='word_1_732' title='bbox 995 5370 1261 5440; x_wconf 86' lang='lat' dir='ltr'><strong>vocando,</strong></span> <span class='ocrx_word' id='word_1_733' title='bbox 1309 5374 1433 5430; x_wconf 86' lang='lat' dir='ltr'><strong>aliis</strong></span> <span class='ocrx_word' id='word_1_734' title='bbox 1471 5375 1603 5445; x_wconf 90' lang='lat' dir='ltr'><strong>quid</strong></span> <span class='ocrx_word' id='word_1_735' title='bbox 1643 5386 1829 5432; x_wconf 77' lang='lat' dir='ltr'><strong>essent</strong></span> 
     </span>
    </p>
   </div>
   <div class='ocr_carea' id='block_1_98' title="bbox 237 5454 1827 5540">
    <p class='ocr_par' dir='ltr' id='par_1_98' title="bbox 237 5454 1827 5540">
     <span class='ocr_line' id='line_1_98' title="bbox 237 5454 1827 5540; baseline 0.004 -19"><span class='ocrx_word' id='word_1_736' title='bbox 237 5467 499 5522; x_wconf 84' lang='lat' dir='ltr'><strong>ostendit.</strong></span> <span class='ocrx_word' id='word_1_737' title='bbox 538 5466 686 5522; x_wconf 87' lang='lat' dir='ltr'><strong>Duos</strong></span> <span class='ocrx_word' id='word_1_738' title='bbox 737 5454 971 5537; x_wconf 82' lang='lat' dir='ltr'><strong>namque</strong></span> <span class='ocrx_word' id='word_1_739' title='bbox 1004 5467 1203 5525; x_wconf 75' lang='lat' dir='ltr'><strong>fratres</strong></span> <span class='ocrx_word' id='word_1_740' title='bbox 1228 5469 1383 5535; x_wconf 77' lang='lat' dir='ltr'><strong>vidit,</strong></span> <span class='ocrx_word' id='word_1_741' title='bbox 1408 5471 1535 5540; x_wconf 86' lang='lat' dir='ltr'><strong>quia</strong></span> <span class='ocrx_word' id='word_1_742' title='bbox 1563 5471 1827 5527; x_wconf 88' lang='lat' dir='ltr'><strong>unitatem</strong></span> 
     </span>
    </p>
   </div>
   <div class='ocr_carea' id='block_1_99' title="bbox 232 5556 1827 5635">
    <p class='ocr_par' dir='ltr' id='par_1_99' title="bbox 232 5556 1827 5635">
     <span class='ocr_line' id='line_1_99' title="bbox 232 5556 1827 5635; baseline 0.006 -24"><span class='ocrx_word' id='word_1_743' title='bbox 232 5556 500 5614; x_wconf 69' lang='lat' dir='ltr'><strong>fraternae</strong></span> <span class='ocrx_word' id='word_1_744' title='bbox 555 5557 862 5615; x_wconf 84' lang='lat' dir='ltr'><strong>dilectionis</strong></span> <span class='ocrx_word' id='word_1_745' title='bbox 917 5562 1188 5631; x_wconf 87' lang='lat' dir='ltr'><strong>probavit,</strong></span> <span class='ocrx_word' id='word_1_746' title='bbox 1243 5563 1646 5634; x_wconf 87' lang='lat' dir='ltr'><strong>ostendensque</strong></span> <span class='ocrx_word' id='word_1_747' title='bbox 1701 5566 1827 5635; x_wconf 87' lang='lat' dir='ltr'><strong>quia</strong></span> 
     </span>
    </p>
   </div>
   <div class='ocr_carea' id='block_1_100' title="bbox 240 5650 1830 5728">
    <p class='ocr_par' dir='ltr' id='par_1_100' title="bbox 240 5650 1830 5728">
     <span class='ocr_line' id='line_1_100' title="bbox 240 5650 1830 5728; baseline 0.005 -23"><span class='ocrx_word' id='word_1_748' title='bbox 240 5652 553 5721; x_wconf 85' lang='lat' dir='ltr'><strong>quicunque</strong></span> <span class='ocrx_word' id='word_1_749' title='bbox 580 5650 885 5707; x_wconf 75' lang='lat' dir='ltr'><strong>fraternum</strong></span> <span class='ocrx_word' id='word_1_750' title='bbox 925 5667 1167 5708; x_wconf 84' lang='lat' dir='ltr'><strong>amorem</strong></span> <span class='ocrx_word' id='word_1_751' title='bbox 1194 5664 1300 5708; x_wconf 91' lang='lat' dir='ltr'><strong>non</strong></span> <span class='ocrx_word' id='word_1_752' title='bbox 1325 5652 1637 5723; x_wconf 81' lang='lat' dir='ltr'><strong>observant,</strong></span> <span class='ocrx_word' id='word_1_753' title='bbox 1667 5671 1697 5711; x_wconf 87' lang='lat' dir='ltr'><strong>a</strong></span> <span class='ocrx_word' id='word_1_754' title='bbox 1720 5659 1830 5728; x_wconf 88' lang='lat' dir='ltr'><strong>spi-</strong></span> 
     </span>
    </p>
   </div>
   <div class='ocr_carea' id='block_1_101' title="bbox 241 5741 1829 5815">
    <p class='ocr_par' dir='ltr' id='par_1_101' title="bbox 241 5741 1829 5815">
     <span class='ocr_line' id='line_1_101' title="bbox 241 5741 1829 5815; baseline 0.003 -16"><span class='ocrx_word' id='word_1_755' title='bbox 241 5741 483 5799; x_wconf 81' lang='lat' dir='ltr'><strong>ritalium</strong></span> <span class='ocrx_word' id='word_1_756' title='bbox 510 5743 791 5799; x_wconf 85' lang='lat' dir='ltr'><strong>doctorum</strong></span> <span class='ocrx_word' id='word_1_757' title='bbox 827 5743 1019 5798; x_wconf 89' lang='lat' dir='ltr'><strong>ordine</strong></span> <span class='ocrx_word' id='word_1_758' title='bbox 1048 5758 1108 5798; x_wconf 84' lang='lat' dir='ltr'><strong>se</strong></span> <span class='ocrx_word' id='word_1_759' title='bbox 1130 5754 1507 5815; x_wconf 83' lang='lat' dir='ltr'><strong>sequestram;</strong></span> <span class='ocrx_word' id='word_1_760' title='bbox 1547 5746 1829 5804; x_wconf 84' lang='lat' dir='ltr'><strong>Simonem</strong></span> 
     </span>
    </p>
   </div>
   <div class='ocr_carea' id='block_1_102' title="bbox 238 5834 1833 5911">
    <p class='ocr_par' dir='ltr' id='par_1_102' title="bbox 238 5834 1833 5911">
     <span class='ocr_line' id='line_1_102' title="bbox 238 5834 1833 5911; baseline 0.004 -22"><span class='ocrx_word' id='word_1_761' title='bbox 238 5834 337 5906; x_wconf 76' lang='lat' dir='ltr'><strong>qui</strong></span> <span class='ocrx_word' id='word_1_762' title='bbox 382 5841 608 5889; x_wconf 83' lang='lat' dir='ltr'><strong>vocatur</strong></span> <span class='ocrx_word' id='word_1_763' title='bbox 628 5834 846 5901; x_wconf 86' lang='lat' dir='ltr'><strong>Petrus,</strong></span> <span class='ocrx_word' id='word_1_764' title='bbox 886 5844 941 5890; x_wconf 88' lang='lat' dir='ltr'><strong>et</strong></span> <span class='ocrx_word' id='word_1_765' title='bbox 982 5835 1253 5891; x_wconf 78' lang='lat' dir='ltr'><strong>Andream</strong></span> <span class='ocrx_word' id='word_1_766' title='bbox 1302 5837 1525 5894; x_wconf 78' lang='lat' dir='ltr'><strong>fratrem</strong></span> <span class='ocrx_word' id='word_1_767' title='bbox 1559 5838 1711 5911; x_wconf 73' lang='lat' dir='ltr'><strong>eius;</strong></span> <span class='ocrx_word' id='word_1_768' title='bbox 1745 5839 1833 5895; x_wconf 93' lang='lat' dir='ltr'><strong>Si-</strong></span> 
     </span>
    </p>
   </div>
   <div class='ocr_carea' id='block_1_103' title="bbox 163 5927 1829 6009">
    <p class='ocr_par' dir='ltr' id='par_1_103' title="bbox 163 5927 1829 6009">
     <span class='ocr_line' id='line_1_103' title="bbox 163 5927 1829 6009; baseline 0.001 -20"><span class='ocrx_word' id='word_1_769' title='bbox 163 5946 167 5950; x_wconf 88' lang='lat'><strong><em>&#39;</em></strong></span> <span class='ocrx_word' id='word_1_770' title='bbox 245 5942 373 5989; x_wconf 75' lang='lat' dir='ltr'><strong>lion</strong></span> <span class='ocrx_word' id='word_1_771' title='bbox 406 5927 554 5985; x_wconf 78' lang='lat' dir='ltr'><strong>enim</strong></span> <span class='ocrx_word' id='word_1_772' title='bbox 581 5927 969 6002; x_wconf 68' lang='lat' dir='ltr'><strong>interpretatur</strong></span> <span class='ocrx_word' id='word_1_773' title='bbox 992 5930 1234 5986; x_wconf 76' lang='lat' dir='ltr'><strong>obediens</strong></span> <span class='ocrx_word' id='word_1_774' title='bbox 1251 5970 1266 5999; x_wconf 91' lang='lat'><strong>,</strong></span> <span class='ocrx_word' id='word_1_775' title='bbox 1293 5929 1487 5989; x_wconf 83' lang='lat' dir='ltr'><strong>Petrus</strong></span> <span class='ocrx_word' id='word_1_776' title='bbox 1522 5948 1829 6009; x_wconf 79' lang='lat' dir='ltr'><strong>agnoscens,</strong></span> 
     </span>
    </p>
   </div>
   <div class='ocr_carea' id='block_1_104' title="bbox 1935 4811 3524 4889">
    <p class='ocr_par' dir='ltr' id='par_1_104' title="bbox 1935 4811 3524 4889">
     <span class='ocr_line' id='line_1_104' title="bbox 1935 4811 3524 4889; baseline 0.001 -12"><span class='ocrx_word' id='word_1_777' title='bbox 1935 4823 2078 4878; x_wconf 75' lang='lat' dir='ltr'><strong>filios</strong></span> <span class='ocrx_word' id='word_1_778' title='bbox 2096 4820 2366 4885; x_wconf 75' lang='lat' dir='ltr'><strong>Zebedtei,</strong></span> <span class='ocrx_word' id='word_1_779' title='bbox 2391 4819 2536 4875; x_wconf 87' lang='lat' dir='ltr'><strong>sicut</strong></span> <span class='ocrx_word' id='word_1_780' title='bbox 2581 4826 2811 4873; x_wconf 85' lang='lat' dir='ltr'><strong>narrant</strong></span> <span class='ocrx_word' id='word_1_781' title='bbox 2859 4811 3144 4877; x_wconf 66' lang='lat' dir='ltr'><strong>Matthaaus</strong></span> <span class='ocrx_word' id='word_1_782' title='bbox 3189 4829 3245 4877; x_wconf 85' lang='lat' dir='ltr'><strong>et</strong></span> <span class='ocrx_word' id='word_1_783' title='bbox 3290 4820 3524 4889; x_wconf 73' lang='lat' dir='ltr'><strong>Marcus,</strong></span> 
     </span>
    </p>
   </div>
   <div class='ocr_carea' id='block_1_105' title="bbox 1935 4911 3528 4984">
    <p class='ocr_par' dir='ltr' id='par_1_105' title="bbox 1935 4911 3528 4984">
     <span class='ocr_line' id='line_1_105' title="bbox 1935 4911 3528 4984; baseline -0.001 -14"><span class='ocrx_word' id='word_1_784' title='bbox 1935 4920 2059 4971; x_wconf 82' lang='lat' dir='ltr'><strong>cum</strong></span> <span class='ocrx_word' id='word_1_785' title='bbox 2100 4913 2277 4968; x_wconf 86' lang='lat' dir='ltr'><strong>Lucas</strong></span> <span class='ocrx_word' id='word_1_786' title='bbox 2302 4912 2451 4966; x_wconf 87' lang='lat' dir='ltr'><strong>dicat</strong></span> <span class='ocrx_word' id='word_1_787' title='bbox 2498 4911 2689 4965; x_wconf 87' lang='lat' dir='ltr'><strong>ambas</strong></span> <span class='ocrx_word' id='word_1_788' title='bbox 2712 4922 2901 4967; x_wconf 87' lang='lat' dir='ltr'><strong>eorum</strong></span> <span class='ocrx_word' id='word_1_789' title='bbox 2954 4911 3232 4969; x_wconf 86' lang='lat' dir='ltr'><strong>naviculas</strong></span> <span class='ocrx_word' id='word_1_790' title='bbox 3277 4914 3528 4984; x_wconf 86' lang='lat' dir='ltr'><strong>impletas</strong></span> 
     </span>
    </p>
   </div>
   <div class='ocr_carea' id='block_1_106' title="bbox 1904 5003 3531 5078">
    <p class='ocr_par' dir='ltr' id='par_1_106' title="bbox 1904 5003 3531 5078">
     <span class='ocr_line' id='line_1_106' title="bbox 1904 5003 3531 5078; baseline -0.001 -16"><span class='ocrx_word' id='word_1_791' title='bbox 1904 5016 1905 5019; x_wconf 78' lang='lat'>‘</span> <span class='ocrx_word' id='word_1_792' title='bbox 1936 5021 2131 5078; x_wconf 83' lang='lat' dir='ltr'><strong>magna</strong></span> <span class='ocrx_word' id='word_1_793' title='bbox 2161 5004 2251 5061; x_wconf 81' lang='lat' dir='ltr'><strong>illa</strong></span> <span class='ocrx_word' id='word_1_794' title='bbox 2286 5012 2510 5075; x_wconf 82' lang='lat' dir='ltr'><strong>captura</strong></span> <span class='ocrx_word' id='word_1_795' title='bbox 2538 5003 2792 5075; x_wconf 85' lang='lat' dir='ltr'><strong>piscium,</strong></span> <span class='ocrx_word' id='word_1_796' title='bbox 2814 5004 3097 5075; x_wconf 82' lang='lat' dir='ltr'><strong>sociosque</strong></span> <span class='ocrx_word' id='word_1_797' title='bbox 3118 5004 3266 5060; x_wconf 88' lang='lat' dir='ltr'><strong>Petri</strong></span> <span class='ocrx_word' id='word_1_798' title='bbox 3292 5020 3531 5061; x_wconf 80' lang='lat' dir='ltr'><strong>comme~</strong></span> 
     </span>
    </p>
   </div>
   <div class='ocr_carea' id='block_1_107' title="bbox 1938 5094 3525 5157">
    <p class='ocr_par' dir='ltr' id='par_1_107' title="bbox 1938 5094 3525 5157">
     <span class='ocr_line' id='line_1_107' title="bbox 1938 5094 3525 5157; baseline -0.001 -1"><span class='ocrx_word' id='word_1_799' title='bbox 1938 5108 2114 5157; x_wconf 83' lang='lat' dir='ltr'><strong>meret</strong></span> <span class='ocrx_word' id='word_1_800' title='bbox 2133 5097 2396 5153; x_wconf 83' lang='lat' dir='ltr'><strong>Jacobum</strong></span> <span class='ocrx_word' id='word_1_801' title='bbox 2410 5095 2741 5152; x_wconf 83' lang='lat' dir='ltr'><strong>etJoannem</strong></span> <span class='ocrx_word' id='word_1_802' title='bbox 2759 5094 2900 5150; x_wconf 86' lang='lat' dir='ltr'><strong>ﬁlios</strong></span> <span class='ocrx_word' id='word_1_803' title='bbox 2925 5094 3171 5150; x_wconf 69' lang='lat' dir='ltr'><strong>Zebedaai</strong></span> <span class='ocrx_word' id='word_1_804' title='bbox 3195 5102 3417 5151; x_wconf 84' lang='lat' dir='ltr'><strong>vocatos</strong></span> <span class='ocrx_word' id='word_1_805' title='bbox 3458 5097 3525 5155; x_wconf 85' lang='lat' dir='ltr'><strong>ad</strong></span> 
     </span>
    </p>
   </div>
   <div class='ocr_carea' id='block_1_108' title="bbox 1936 5186 3521 5264">
    <p class='ocr_par' dir='ltr' id='par_1_108' title="bbox 1936 5186 3521 5264">
     <span class='ocr_line' id='line_1_108' title="bbox 1936 5186 3521 5264; baseline 0.003 -21"><span class='ocrx_word' id='word_1_806' title='bbox 1936 5190 2325 5258; x_wconf 65' lang='lat' dir='ltr'><strong>adiuvandum,</strong></span> <span class='ocrx_word' id='word_1_807' title='bbox 2351 5202 2475 5246; x_wconf 89' lang='lat' dir='ltr'><strong>cum</strong></span> <span class='ocrx_word' id='word_1_808' title='bbox 2500 5194 2634 5247; x_wconf 85' lang='lat' dir='ltr'><strong>retia</strong></span> <span class='ocrx_word' id='word_1_809' title='bbox 2664 5186 2823 5262; x_wconf 84' lang='lat' dir='ltr'><strong>plena</strong></span> <span class='ocrx_word' id='word_1_810' title='bbox 2851 5191 3142 5247; x_wconf 81' lang='lat' dir='ltr'><strong>extrahere</strong></span> <span class='ocrx_word' id='word_1_811' title='bbox 3155 5198 3263 5248; x_wconf 88' lang='lat' dir='ltr'><strong>non</strong></span> <span class='ocrx_word' id='word_1_812' title='bbox 3277 5200 3521 5264; x_wconf 85' lang='lat' dir='ltr'><strong>possent,</strong></span> 
     </span>
    </p>
   </div>
   <div class='ocr_carea' id='block_1_109' title="bbox 1936 5278 3528 5357">
    <p class='ocr_par' dir='ltr' id='par_1_109' title="bbox 1936 5278 3528 5357">
     <span class='ocr_line' id='line_1_109' title="bbox 1936 5278 3528 5357; baseline 0.002 -19"><span class='ocrx_word' id='word_1_813' title='bbox 1936 5278 2207 5354; x_wconf 89' lang='lat' dir='ltr'><strong>simulque</strong></span> <span class='ocrx_word' id='word_1_814' title='bbox 2228 5284 2452 5338; x_wconf 83' lang='lat' dir='ltr'><strong>miratos</strong></span> <span class='ocrx_word' id='word_1_815' title='bbox 2478 5288 2684 5338; x_wconf 80' lang='lat' dir='ltr'><strong>tantam</strong></span> <span class='ocrx_word' id='word_1_816' title='bbox 2708 5282 3108 5338; x_wconf 85' lang='lat' dir='ltr'><strong>multitudinem</strong></span> <span class='ocrx_word' id='word_1_817' title='bbox 3130 5283 3383 5355; x_wconf 87' lang='lat' dir='ltr'><strong>piscium,</strong></span> <span class='ocrx_word' id='word_1_818' title='bbox 3406 5300 3528 5357; x_wconf 72' lang='lat' dir='ltr'><strong>quae</strong></span> 
     </span>
    </p>
   </div>
   <div class='ocr_carea' id='block_1_110' title="bbox 1934 5374 3523 5446">
    <p class='ocr_par' dir='ltr' id='par_1_110' title="bbox 1934 5374 3523 5446">
     <span class='ocr_line' id='line_1_110' title="bbox 1934 5374 3523 5446; baseline 0.002 -16"><span class='ocrx_word' id='word_1_819' title='bbox 1934 5383 2092 5446; x_wconf 80' lang='lat' dir='ltr'><strong>capta</strong></span> <span class='ocrx_word' id='word_1_820' title='bbox 2115 5383 2254 5441; x_wconf 86' lang='lat' dir='ltr'><strong>erat,</strong></span> <span class='ocrx_word' id='word_1_821' title='bbox 2275 5383 2330 5431; x_wconf 91' lang='lat' dir='ltr'><strong>et</strong></span> <span class='ocrx_word' id='word_1_822' title='bbox 2342 5388 2465 5431; x_wconf 89' lang='lat' dir='ltr'><strong>eum</strong></span> <span class='ocrx_word' id='word_1_823' title='bbox 2490 5374 2653 5431; x_wconf 87' lang='lat' dir='ltr'><strong>Petro</strong></span> <span class='ocrx_word' id='word_1_824' title='bbox 2667 5383 2876 5430; x_wconf 85' lang='lat' dir='ltr'><strong>tantum</strong></span> <span class='ocrx_word' id='word_1_825' title='bbox 2897 5374 3103 5432; x_wconf 77' lang='lat' dir='ltr'><strong>dixisse</strong></span> <span class='ocrx_word' id='word_1_826' title='bbox 3128 5393 3142 5430; x_wconf 84' lang='lat'><strong>:</strong></span> <span class='ocrx_word' id='word_1_827' title='bbox 3174 5374 3302 5432; x_wconf 78' lang='lat' dir='ltr'><strong>Noti</strong></span> <span class='ocrx_word' id='word_1_828' title='bbox 3322 5379 3523 5445; x_wconf 82' lang='lat' dir='ltr'><strong>tintere,</strong></span> 
     </span>
    </p>
   </div>
   <div class='ocr_carea' id='block_1_111' title="bbox 1933 5468 3523 5541">
    <p class='ocr_par' dir='ltr' id='par_1_111' title="bbox 1933 5468 3523 5541">
     <span class='ocr_line' id='line_1_111' title="bbox 1933 5468 3523 5541; baseline 0.001 -16"><span class='ocrx_word' id='word_1_829' title='bbox 1933 5484 2002 5525; x_wconf 83' lang='lat' dir='ltr'><strong>ea:</strong></span> <span class='ocrx_word' id='word_1_830' title='bbox 2032 5470 2130 5524; x_wconf 80' lang='lat' dir='ltr'><strong>ttae</strong></span> <span class='ocrx_word' id='word_1_831' title='bbox 2154 5470 2274 5541; x_wconf 83' lang='lat' dir='ltr'><strong>jam</strong></span> <span class='ocrx_word' id='word_1_832' title='bbox 2303 5470 2537 5524; x_wconf 77' lang='lat' dir='ltr'><strong>homines</strong></span> <span class='ocrx_word' id='word_1_833' title='bbox 2582 5471 2687 5523; x_wconf 79' lang='lat' dir='ltr'><strong>erit</strong></span> <span class='ocrx_word' id='word_1_834' title='bbox 2732 5470 2961 5540; x_wconf 86' lang='lat' dir='ltr'><strong>capiens,</strong></span> <span class='ocrx_word' id='word_1_835' title='bbox 2999 5468 3160 5525; x_wconf 90' lang='lat' dir='ltr'><strong>simul</strong></span> <span class='ocrx_word' id='word_1_836' title='bbox 3204 5484 3298 5527; x_wconf 90' lang='lat' dir='ltr'><strong>eos</strong></span> <span class='ocrx_word' id='word_1_837' title='bbox 3341 5476 3523 5527; x_wconf 90' lang='lat' dir='ltr'><strong>tamen</strong></span> 
     </span>
    </p>
   </div>
   <div class='ocr_carea' id='block_1_112' title="bbox 1936 5560 3521 5619">
    <p class='ocr_par' dir='ltr' id='par_1_112' title="bbox 1936 5560 3521 5619">
     <span class='ocr_line' id='line_1_112' title="bbox 1936 5560 3521 5619; baseline 0.001 -3"><span class='ocrx_word' id='word_1_838' title='bbox 1936 5561 2218 5616; x_wconf 80' lang='lat' dir='ltr'><strong>subductis</strong></span> <span class='ocrx_word' id='word_1_839' title='bbox 2259 5561 2327 5616; x_wconf 84' lang='lat' dir='ltr'><strong>ad</strong></span> <span class='ocrx_word' id='word_1_840' title='bbox 2364 5568 2569 5615; x_wconf 88' lang='lat' dir='ltr'><strong>terram</strong></span> <span class='ocrx_word' id='word_1_841' title='bbox 2599 5560 2829 5615; x_wconf 87' lang='lat' dir='ltr'><strong>navibus</strong></span> <span class='ocrx_word' id='word_1_842' title='bbox 2881 5568 3097 5617; x_wconf 90' lang='lat' dir='ltr'><strong>secutos</strong></span> <span class='ocrx_word' id='word_1_843' title='bbox 3144 5560 3331 5619; x_wconf 78' lang='lat' dir='ltr'><strong>luisse.</strong></span> <span class='ocrx_word' id='word_1_844' title='bbox 3365 5560 3521 5618; x_wconf 89' lang='lat' dir='ltr'><strong>Unde</strong></span> 
     </span>
    </p>
   </div>
   <div class='ocr_carea' id='block_1_113' title="bbox 1934 5654 3523 5728">
    <p class='ocr_par' dir='ltr' id='par_1_113' title="bbox 1934 5654 3523 5728">
     <span class='ocr_line' id='line_1_113' title="bbox 1934 5654 3523 5728; baseline -0.001 -17"><span class='ocrx_word' id='word_1_845' title='bbox 1934 5654 2344 5726; x_wconf 83' lang='lat' dir='ltr'><strong>intelligendum</strong></span> <span class='ocrx_word' id='word_1_846' title='bbox 2386 5666 2471 5711; x_wconf 87' lang='lat' dir='ltr'><strong>est</strong></span> <span class='ocrx_word' id='word_1_847' title='bbox 2505 5654 2607 5711; x_wconf 87' lang='lat' dir='ltr'><strong>hoc</strong></span> <span class='ocrx_word' id='word_1_848' title='bbox 2635 5655 2815 5726; x_wconf 87' lang='lat' dir='ltr'><strong>primo</strong></span> <span class='ocrx_word' id='word_1_849' title='bbox 2837 5664 2961 5711; x_wconf 82' lang='lat' dir='ltr'><strong>esse</strong></span> <span class='ocrx_word' id='word_1_850' title='bbox 2986 5654 3212 5723; x_wconf 79' lang='lat' dir='ltr'><strong>factum,</strong></span> <span class='ocrx_word' id='word_1_851' title='bbox 3245 5656 3387 5728; x_wconf 90' lang='lat' dir='ltr'><strong>quod</strong></span> <span class='ocrx_word' id='word_1_852' title='bbox 3416 5655 3523 5710; x_wconf 83' lang='lat' dir='ltr'><strong>Lu-</strong></span> 
     </span>
    </p>
   </div>
   <div class='ocr_carea' id='block_1_114' title="bbox 1934 5748 3519 5816">
    <p class='ocr_par' dir='ltr' id='par_1_114' title="bbox 1934 5748 3519 5816">
     <span class='ocr_line' id='line_1_114' title="bbox 1934 5748 3519 5816; baseline -0.002 -10"><span class='ocrx_word' id='word_1_853' title='bbox 1934 5764 2029 5807; x_wconf 85' lang='lat' dir='ltr'><strong>cas</strong></span> <span class='ocrx_word' id='word_1_854' title='bbox 2055 5749 2316 5816; x_wconf 89' lang='lat' dir='ltr'><strong>insinuat,</strong></span> <span class='ocrx_word' id='word_1_855' title='bbox 2349 5756 2449 5804; x_wconf 76' lang='lat' dir='ltr'><strong>tice</strong></span> <span class='ocrx_word' id='word_1_856' title='bbox 2480 5752 2607 5805; x_wconf 87' lang='lat' dir='ltr'><strong>tunc</strong></span> <span class='ocrx_word' id='word_1_857' title='bbox 2650 5766 2745 5805; x_wconf 89' lang='lat' dir='ltr'><strong>eos</strong></span> <span class='ocrx_word' id='word_1_858' title='bbox 2772 5760 2803 5804; x_wconf 89' lang='lat' dir='ltr'><strong>a</strong></span> <span class='ocrx_word' id='word_1_859' title='bbox 2835 5749 3063 5807; x_wconf 85' lang='lat' dir='ltr'><strong>Domino</strong></span> <span class='ocrx_word' id='word_1_860' title='bbox 3086 5748 3251 5806; x_wconf 72' lang='lat' dir='ltr'><strong>fuisse</strong></span> <span class='ocrx_word' id='word_1_861' title='bbox 3276 5755 3519 5815; x_wconf 70' lang='lat' dir='ltr'><strong>Vocatos,</strong></span> 
     </span>
    </p>
   </div>
   <div class='ocr_carea' id='block_1_115' title="bbox 1934 5838 3520 5915">
    <p class='ocr_par' dir='ltr' id='par_1_115' title="bbox 1934 5838 3520 5915">
     <span class='ocr_line' id='line_1_115' title="bbox 1934 5838 3520 5915; baseline -0.001 -14"><span class='ocrx_word' id='word_1_862' title='bbox 1934 5845 2029 5901; x_wconf 85' lang='lat' dir='ltr'><strong>sed</strong></span> <span class='ocrx_word' id='word_1_863' title='bbox 2075 5852 2285 5899; x_wconf 88' lang='lat' dir='ltr'><strong>tantum</strong></span> <span class='ocrx_word' id='word_1_864' title='bbox 2329 5841 2491 5900; x_wconf 80' lang='lat' dir='ltr'><strong>Petro</strong></span> <span class='ocrx_word' id='word_1_865' title='bbox 2526 5843 2693 5900; x_wconf 83' lang='lat' dir='ltr'><strong>fuisse</strong></span> <span class='ocrx_word' id='word_1_866' title='bbox 2720 5840 3038 5915; x_wconf 63' lang='lat' dir='ltr'><strong>praedlCtum</strong></span> <span class='ocrx_word' id='word_1_867' title='bbox 3075 5838 3218 5915; x_wconf 88' lang='lat' dir='ltr'><strong>quod</strong></span> <span class='ocrx_word' id='word_1_868' title='bbox 3272 5840 3520 5899; x_wconf 83' lang='lat' dir='ltr'><strong>homines</strong></span> 
     </span>
    </p>
   </div>
   <div class='ocr_carea' id='block_1_116' title="bbox 1933 5930 3514 6009">
    <p class='ocr_par' dir='ltr' id='par_1_116' title="bbox 1933 5930 3514 6009">
     <span class='ocr_line' id='line_1_116' title="bbox 1933 5930 3514 6009; baseline -0.003 -15"><span class='ocrx_word' id='word_1_869' title='bbox 1933 5944 2078 5994; x_wconf 87' lang='lat' dir='ltr'><strong>esset</strong></span> <span class='ocrx_word' id='word_1_870' title='bbox 2098 5942 2393 6007; x_wconf 84' lang='lat' dir='ltr'><strong>capturus:</strong></span> <span class='ocrx_word' id='word_1_871' title='bbox 2440 5937 2584 6009; x_wconf 83' lang='lat' dir='ltr'><strong>quod</strong></span> <span class='ocrx_word' id='word_1_872' title='bbox 2612 5948 2719 5994; x_wconf 89' lang='lat' dir='ltr'><strong>non</strong></span> <span class='ocrx_word' id='word_1_873' title='bbox 2746 5936 2821 5993; x_wconf 88' lang='lat' dir='ltr'><strong>ita</strong></span> <span class='ocrx_word' id='word_1_874' title='bbox 2859 5934 3061 5993; x_wconf 83' lang='lat' dir='ltr'><strong>dictum</strong></span> <span class='ocrx_word' id='word_1_875' title='bbox 3088 5936 3194 6001; x_wconf 82' lang='lat' dir='ltr'><strong>est,</strong></span> <span class='ocrx_word' id='word_1_876' title='bbox 3222 5930 3379 6007; x_wconf 89' lang='lat' dir='ltr'><strong>quasi</strong></span> <span class='ocrx_word' id='word_1_877' title='bbox 3399 5932 3514 6005; x_wconf 86' lang='lat' dir='ltr'><strong>jam</strong></span> 
     </span>
    </p>
   </div>
  </div>
