3914 6482
403 443 503 502 79!

1058 445 1119 501 B.
1160 443 1417 503 RABANI
1456 442 1680 505 ΒίΑυὶὶί
1714 444 2037 506 ARCHIE'P.
2079 442 2392 504 MOGUNT.
2434 445 2724 505 OPERUM
2754 445 2937 505 PARS
2971 448 3016 504 Ι.

3615 452 3725 510 79!

398 560 580 632 pisces
601 572 878 631 nunquam
902 565 1048 616 esset
1077 567 1369 632 capturus;
1394 577 1523 617 nam
1570 570 1627 617 et
1660 569 1785 634 post
1804 576 1994 618 resur—
2020 561 2075 623 Α
2097 574 2313 631 quoque
2335 559 2506 615 virilis
2529 600 2545 627 ,
2590 574 2715 615 cum
2747 572 2845 631 per
2875 562 3287 630 temperantiam
3313 562 3569 619 sustinet
3610 575 3729 622 ten—

400 653 701 710 rectionem
725 651 939 707 Domini
961 650 1190 724 legimus
1221 668 1317 710 eos
1335 654 1594 724 piscatos.
1624 654 1841 710 Dictum
1867 668 2001 725 ergo

398 755 486 802 est
531 744 678 817 quod
705 744 960 817 deinceps
984 755 1249 817 capturus
1273 755 1420 805 esset
1464 748 1735 815 homines,
1763 764 1874 805 non
1919 738 2001 806 di-

397 849 550 897 ctum
575 851 660 898 est
693 840 840 914 quod
861 842 975 914 jam
1016 857 1126 898 non
1169 850 1316 900 esset
1340 852 1599 914 capturus
1622 843 1820 914 pisces.
1844 843 2001 901 Unde

397 933 558 989 datur
586 932 739 989 locus
781 931 1087 1005 intelligere
1115 949 1211 990 eos
1235 935 1304 990 ad
1346 941 1628 1006 capturam
1655 935 1888 1006 piscium
1929 950 2001 992 ex

394 1038 549 1080 more
574 1039 871 1089 remeasse,
900 1032 962 1080 ut
990 1033 1180 1097 postea
1224 1025 1382 1082 ﬂeret
1426 1027 1573 1097 quod
1609 1027 1902 1085 Matthaaus
1942 1036 2000 1084 et

396 1115 617 1172 Marcus
643 1126 896 1186 narrant,
953 1118 1172 1190 quando
1200 1134 1297 1176 eos
1336 1120 1495 1176 binos
1522 1122 1767 1190 vocavit,
1788 1131 1846 1178 et
1883 1122 2001 1194 ipse

388 1206 558 1280 jussit
599 1218 662 1265 ut
707 1224 833 1265 eum
862 1222 1255 1282 sequerentur;
1301 1214 1481 1283 primo
1511 1213 1723 1270 duobus
1758 1215 1923 1271 Petro
1945 1222 2002 1272 et

392 1300 645 1371 Andreae,
698 1304 894 1361 deinde
950 1306 1070 1364 aliis
1125 1307 1372 1365 Zebedzei
1417 1309 1626 1367 duobus
1670 1310 1813 1366 ﬁliis.
1846 1311 2000 1368 Tunc

394 1394 543 1448 enim
570 1410 680 1450 non
702 1396 988 1454 subductis
1008 1400 1076 1454 ad
1100 1407 1303 1457 terram
1331 1402 1565 1458 navibus
1594 1410 1854 1474 tanquam
1904 1418 1999 1459 cu-

394 1502 459 1542 ra
491 1488 775 1556 redeundi,
808 1492 904 1547 sed
927 1492 1003 1548 ita
1030 1508 1159 1550 eum
1206 1495 1379 1550 secuti
1409 1503 1557 1562 sunt,
1606 1504 1867 1567 tanquam
1897 1512 1994 1553 vo-

398 1589 618 1636 cantem
659 1596 725 1637 ac
763 1582 1046 1652 jubentem
1071 1594 1135 1641 ut
1179 1594 1557 1658 sequerentur.
1592 1588 1685 1645 lsti
1715 1590 1878 1660 primi
1902 1605 1998 1647 vo-

396 1672 505 1727 cati
557 1681 710 1741 sunt,
743 1682 805 1729 ut
855 1676 1144 1733 Dominum
1171 1687 1551 1749 sequerentur.
1607 1680 1916 1738 Piscatores
1943 1690 2001 1739 et

395 1764 661 1824 illitterati
701 1769 996 1826 mittuntur
1034 1773 1103 1828 ad
1126 1773 1555 1844 praedicandum,
1604 1790 1673 1831 ne
1718 1775 1853 1833 ﬁdes
1880 1791 2000 1836 cre-

395 1858 641 1915 dentium
667 1877 778 1918 non
816 1862 875 1918 in
921 1864 1125 1919 virtute
1168 1864 1292 1931 Dei,
1334 1865 1432 1921 sed
1477 1865 1787 1938 eloquentia
1830 1876 1994 1940 atque

397 1951 644 2009 doctrina
675 1955 961 2011 hominum
990 1964 1295 2027 putaretur.

473 2044 561 2099 Illi
577 2055 754 2102 autem
773 2049 953 2103 statim
978 2048 1173 2104 relictis
1203 2050 1417 2118 retibus,
1436 2060 1487 2107 et
1504 2061 1676 2122 patre,
1700 2054 1866 2108 secuti
1878 2061 2001 2108 sunt

394 2152 536 2191 eum.
568 2137 865 2213 (Maurus)
902 2140 1104 2196 Rerum
1131 2141 1248 2198 haec
1277 2144 1519 2214 perfecta
1554 2143 1798 2201 dimissio
1823 2144 2003 2214 perfe-

394 2239 539 2287 ctam
578 2233 851 2306 signiﬁcat
878 2239 1315 2307 conversionem,
1349 2254 1416 2296 ac
1438 2255 1539 2312 per
1560 2240 1667 2297 hoc
1698 2240 2002 2311 perfectum

395 2338 589 2380 eorum
642 2326 1024 2399 discipulatum
1061 2333 1280 2402 probat.
1313 2332 1450 2389 Nam
1498 2335 1616 2404 ipsa
1647 2332 1864 2391 Veritas
1886 2336 1999 2392 ait:

396 2417 502 2484 Qui
516 2436 620 2476 non
642 2425 1019 2480 renuntiaverit
1039 2429 1280 2485 omnibus
1294 2446 1413 2501 qua:
1434 2430 1687 2501 possidet,
1702 2448 1811 2486 non
1837 2440 2005 2502 potest

394 2528 540 2567 meus
580 2531 692 2570 esse
716 2516 1008 2589 discipulus
1042 2518 1197 2591 (Luc.
1236 2521 1383 2595 xw);
1417 2531 1472 2577 et
1498 2524 1625 2579 item
1659 2542 1672 2578 :
1705 2524 1812 2590 Qui
1837 2533 2001 2589 amat,

394 2601 596 2672 inquit,
612 2615 814 2677 patrem
839 2625 1015 2675 suum,
1040 2619 1132 2665 aut
1169 2623 1391 2669 matrem
1410 2631 1564 2670 suam
1591 2614 1870 2687 plusquam
1901 2632 2002 2683 me,

396 2706 593 2751 nonest
609 2714 690 2753 me
711 2699 899 2770 dignus
916 2699 1132 2774 (Matth.
1153 2702 1233 2776 ι).
1254 2704 1556 2777 Allegoriee
1568 2715 1750 2762 autem
1771 2708 1857 2764 isti
1873 2723 2007 2779 qua-

393 2796 520 2842 tuor
537 2787 787 2861 discipuli
811 2806 878 2846 ex
892 2794 1161 2864 corporali
1187 2795 1255 2851 ad
1278 2797 1577 2866 spiritalem
1600 2798 1956 2870 piscationem
1972 2815 2006 2855 a

392 2878 625 2937 Domino
637 2885 837 2950 vocati,
855 2885 1167 2957 signiﬁcant
1177 2887 1315 2944 duos
1328 2890 1555 2960 populos
1565 2906 1632 2946 ex
1645 2889 2008 2949 sollicitudine

392 2977 450 3027 et
483 2987 673 3030 amore
706 2974 868 3045 hujus
918 2978 1102 3034 saeculi
1132 2981 1200 3036 ad
1231 2982 1471 3037 studium
1497 2983 1763 3054 spiritale,
1791 2983 1860 3038 ad
1889 2999 2007 3040 ser-

392 3066 586 3123 vitium
636 3078 885 3126 sanctum
922 3089 1025 3145 per
1049 3076 1278 3147 gratiam
1318 3076 1416 3132 Dei
1465 3086 1708 3134 vocatos.
1740 3077 1877 3133 Nam
1902 3077 2007 3133 Pe-

395 3169 513 3217 trus
538 3170 593 3217 et
621 3160 856 3221 Iacobus
898 3166 1215 3238 signiﬁcant
1236 3167 1455 3225 Judaeos
1478 3169 1668 3226 ﬁdeles
1707 3184 2009 3242 agnoscen-

394 3262 476 3311 tes
502 3254 812 3327 Dominum,
849 3261 1261 3333 supplantantes
1297 3263 1452 3319 vitia.
1503 3262 1751 3320 Andreas
1791 3278 1923 3319 vero
1947 3270 2005 3320 et

2103 654 2359 720 tationes,
2415 661 2472 707 et
2510 660 2700 709 contra
2753 653 3012 723 impetum
3060 653 3350 710 libidinum
3407 672 3529 713 non
3562 673 3728 716 ener-

2101 745 2240 800 viter
2288 744 2552 814 persistit.
2601 744 2756 801 Tunc
2806 761 2938 817 ergo
2993 746 3370 818 supplantator
3424 766 3548 807 non
3601 751 3727 811 ﬁcte

2100 845 2345 903 vocatur,
2388 852 2511 893 cum
2536 852 2637 908 per
2671 836 3047 895 fortitudinem
3074 838 3241 895 vincit
3275 840 3437 907 vitia,
3470 849 3538 897 et
3565 854 3725 901 scuto

2101 930 2228 986 ﬁdei
2276 931 2435 1002 ignea
2486 930 2593 986 tela
2652 932 2976 1002 nequissimi
3024 940 3196 989 certat
3217 938 3619 1008 exstinguere,
3672 947 3725 993 et

2101 1030 2232 1079 tunc
2264 1023 2652 1080 convenienter
2676 1023 2852 1096 gratia
2900 1025 2997 1081 Dei
3026 1026 3299 1082 nominari
3346 1037 3576 1099 potest,
3601 1043 3723 1084 cum

2100 1126 2198 1182 per
2232 1111 2501 1182 justitiam
2540 1114 2807 1171 creatoris
2841 1114 2925 1170 sui
2978 1115 3285 1185 impleverit
3325 1119 3634 1187 mandata,
3672 1129 3724 1177 et

2099 1214 2281 1263 tamen
2337 1209 2452 1265 haec
2511 1209 2743 1281 impletis
2812 1209 2948 1266 nihil
3005 1211 3109 1268 sibi
3174 1213 3457 1280 tribuerit,
3531 1215 3721 1274 dicens

2099 1315 2225 1356 cum
2266 1300 2553 1372 Apostolo:
2599 1299 2727 1358 Non
2772 1310 2953 1359 autem
2980 1302 3241 1371 laboravi,
3282 1305 3380 1361 sed
3408 1308 3605 1377 gratia
3628 1307 3721 1365 Dei

2098 1409 2211 1450 meo
2215 1411 2325 1450 um.

2170 1487 2242 1543 Et
2286 1489 2545 1546 circuibat
2570 1489 2731 1547 Iesus
2762 1500 2931 1548 totam
2980 1491 3261 1550 Galilaeam
3299 1495 3507 1551 docens
3535 1499 3599 1551 in
3626 1495 3719 1567 Sg-

2099 1584 2315 1654 nagogis
2341 1598 2549 1650 eorum,
2571 1592 2622 1644 et
2648 1584 2944 1654 prtedieans
2971 1583 3324 1656 Evangelium
3351 1589 3539 1659 regni,
3568 1599 3621 1643 et
3638 1606 3719 1643 ss-

2100 1691 2235 1730 nans
2275 1692 2490 1755 omnem.
2525 1676 2858 1749 languorem,
2913 1687 2962 1734 et
2994 1679 3360 1749 inﬁmitatem
3392 1683 3456 1736 in
3500 1683 3715 1752 populo.

2103 1765 2242 1840 [IV.]
2278 1765 2389 1823 Suo
2411 1769 2579 1839 igitur
2606 1769 2856 1841 exemplo
2886 1769 3140 1827 Salvator
3186 1772 3455 1830 doctores
3485 1789 3622 1831 suos
3642 1776 3719 1830 in-

2101 1863 2463 1934 stituikquam
2498 1863 2736 1931 solliciti,
2776 1874 2831 1920 et
2855 1880 3019 1936 quam
3044 1865 3299 1934 studiosi,
3331 1876 3393 1924 et
3424 1884 3606 1939 quam
3627 1870 3712 1924 be—

2026 1942 2076 2003 Β
2104 1957 2252 2029 nigni
2281 1973 2401 2014 esse
2424 1959 2687 2015 deberent
2724 2000 2740 2025 ,
2766 1960 2858 2030 qui
2888 1959 3010 2016 aliis
3031 1961 3259 2017 verbum
3287 1961 3424 2019 vitae
3445 1963 3717 2019 ministra-

2103 2047 2554 2106 rent.'Circuibat
2582 2065 2799 2122 quoque
2820 2049 2979 2107 Iesus
3008 2059 3177 2108 totam
3216 2052 3514 2111 Galilaaam
3542 2065 3607 2111 ut
3624 2057 3716 2112 im-

2101 2139 2316 2212 pigrum
2368 2141 2590 2198 doceret
2625 2157 2747 2199 esse
2788 2141 3067 2201 doctorem
3107 2153 3163 2201 et
3188 2145 3309 2203 sine
3353 2162 3713 2217 personarum

2104 2234 2421 2304 acceptione
2446 2236 2678 2291 verbum
2715 2236 2812 2292 Dei
2837 2238 3092 2294 omnibus
3120 2238 3554 2308 praedicantem.
3582 2240 3707 2308 Qui:

2100 2324 2261 2395 juxta
2281 2323 2431 2381 Petri
2458 2340 2651 2383 vocem
2687 2343 2791 2383 non
2812 2336 2889 2383 est
2908 2345 3253 2399 personarum
3278 2340 3540 2401 acceptor
3559 2329 3712 2396 Dm,

2105 2421 2196 2474 sed
2241 2419 2298 2473 in
2347 2419 2490 2474 omni
2516 2429 2688 2491 gente,
2714 2422 2802 2492 qui
2823 2422 2973 2479 timet
3014 2420 3331 2491 Dominum,
3372 2434 3427 2478 et
3479 2437 3716 2494 operam

2098 2511 2386 2581 justitiam,
2403 2522 2647 2583 acceptus
2670 2523 2744 2569 est
2769 2513 2871 2568 illi.
2896 2515 3094 2572 Docuit
3112 2525 3297 2573 autem
3323 2517 3385 2572 in
3418 2517 3717 2589 Synagog'u

2086 2611 2297 2658 'eorum
2345 2603 2651 2674 praedicans
2673 2605 3028 2678 Evangelium
3077 2609 3255 2681 regni,
3292 2617 3363 2664 ut
3402 2610 3717 2666 ostenderet

2107 2710 2215 2750 non
2254 2695 2311 2751 in
2339 2711 2572 2752 vacuum
2604 2698 2803 2754 debere
2849 2698 3142 2771 aliquando
3178 2702 3510 2758 discurrere
3531 2702 3718 2759 docto-

2108 2786 2248 2853 rem;
2286 2788 2381 2844 sed
2424 2789 2777 2861 Evangelium
2825 2791 2923 2848 Dei
2955 2807 3176 2865 semper
3223 2794 3631 2865 praedicantem
3672 2802 3718 2849 et

2107 2877 2345 2934 maxime
2370 2878 2447 2935 ibi
2475 2880 2567 2935 ubi
2588 2880 2772 2951 plures
2799 2882 3074 2940 invenerit
3095 2884 3407 2953 auditores,
3449 2895 3513 2942 et
3557 2899 3719 2955 neque

2107 2973 2337 3029 misceat
2360 2990 2602 3046 unquam
2620 2977 2826 3034 erroris
2868 2979 3075 3050 aliquid
3117 2990 3213 3036 aut
3230 2979 3555 3037 otiosarum
3573 2979 3717 3036 fabu—

2110 3066 2284 3124 larum
2309 3067 2492 3125 veraci
2526 3068 2810 3137 doctrinaa,
2840 3071 2938 3127 sed
2959 3086 3178 3143 semper
3195 3087 3263 3128 ea
3298 3072 3583 3143 proferat,
3610 3087 3717 3142 qua

2109 3159 2179 3214 ad
2208 3158 2503 3216 utilitatem
2552 3159 2845 3231 proﬁciant
2891 3162 3230 3219 audientium
3285 3172 3349 3219 et
3394 3165 3469 3220 ad
3504 3178 3717 3236 regnum

2109 3253 2422 3324 pertineant
2447 3253 2863 3324 sempiternum.
2898 3253 3126 3310 Sanavit
3148 3270 3377 3312 omnem
3406 3256 3717 3329 languorm

389 3352 628 3412 Joannes
678 3326 990 3429 signiﬁcant
1019 3368 1209 3431 gentes
1260 3360 1495 3416 viriliter
1537 3360 1824 3417 credentes
1849 3359 2006 3416 Cbri-
2030 3326 2078 3391 α
2109 3351 2165 3400 et
2183 3358 2401 3400 omnem
2428 3343 2800 3400 inﬁrmium?!“
2827 3344 2882 3400 in
2906 3346 3123 3416 Populo:
3147 3345 3444 3418 Ιθηεοτυηι
3473 3346 3717 3403 “deum

392 3454 560 3511 stum,
601 3457 657 3504 et
695 3452 871 3524 gratia
914 3451 1010 3508 Dei
1062 3453 1322 3509 salvatas.
1370 3453 1500 3509 Dure.
1547 3468 1784 3523 namque
1832 3467 2001 3508 naves

392 3535 528 3590 duas
573 3535 848 3595 Ecclesias
874 3542 1127 3611 ﬁgurant,
1182 3560 1304 3601 eam
1341 3544 1594 3601 videlicet
1619 3559 1740 3616 quae
1783 3560 1851 3601 ex
1881 3545 1993 3600 cir-

397 3634 755 3702 cumcisione,
784 3644 841 3691 et
900 3652 1019 3694 eam
1063 3655 1184 3711 qua“:
1236 3656 1303 3697 ex
1351 3641 1618 3713 prteputio
1659 3650 1850 3697 vocata
1894 3647 1999 3696 est.

391 3727 524 3781 Item
555 3727 693 3783 retia
748 3729 1194 3800 praedicationem
1236 3732 1543 3805 Evangelii,
1598 3748 1751 3789 mare
1786 3747 2003 3804 quoque

395 3819 685 3886 mundum,
712 3820 888 3892 pisces
930 3824 1183 3881 homines
1229 3824 1433 3880 carnali
1462 3824 1742 3896 sapientia:
1768 3825 2000 3892 deditos,

394 3915 451 3962 et
474 3909 850 3980 voluptatibus
873 3914 1001 3969 vitae
1038 3914 1200 3985 hujus
1235 3915 1568 3983 submersos,
1597 3923 1789 3987 portus
1836 3917 2003 3972 ﬁnem

392 4003 680 4070 praesentis
714 4003 839 4059 vita:
865 4006 1193 4077 signiﬁcant.
1256 4007 1348 4062 Isti
1399 4008 1546 4062 enim
1593 4007 1869 4079 spiritales
1919 4008 2005 4078 pi-

393 4102 661 4161 scatores,
691 4099 780 4166 qui
809 4099 962 4167 prius
996 4107 1218 4155 terreno
1243 4097 1418 4155 cilicio
1438 4108 1495 4155 et
1521 4100 1833 4157 carnalibus
1854 4102 2006 4158 curis

395 4193 606 4239 tantum
646 4186 842 4243 intenti
888 4198 1072 4257 erant,
1115 4191 1276 4246 modo
1307 4191 1724 4248 conversatione
1754 4193 2005 4250 saeculari

395 4288 519 4329 cum
543 4289 729 4329 amore
780 4276 1083 4334 labentium
1125 4296 1307 4336 rerum
1342 4281 1629 4348 derelicta,
1682 4282 1828 4352 quod
1863 4283 2006 4340 bene

397 4365 693 4421 Zebedaeus
745 4368 1034 4438 signiﬁcat,
1068 4371 1457 4443 interpretatur
1486 4373 1631 4429 enim
1662 4374 1833 4443 ﬂuens
1880 4375 2000 4441 iste,

393 4458 708 4516 etetelestis
752 4461 879 4517 vita:
910 4464 1181 4521 desiderio
1221 4449 1461 4531 accensi,
1515 4466 1759 4536 quotidie
1803 4481 2004 4537 sagena

393 4549 609 4606 Domini
660 4553 841 4623 pisces
892 4555 1097 4615 electos
1135 4558 1379 4629 capiunt,
1414 4566 1579 4629 atque
1613 4558 1681 4614 de
1735 4558 2004 4629 profundo

392 4651 739 4711 peccatorum
762 4648 995 4719 gurgite,
1027 4656 1084 4705 et
1112 4663 1362 4705 errorum
1400 4649 1624 4705 latebris
1653 4666 1793 4720 quos
1814 4661 1997 4707 retra-

393 4736 532 4791 hunt
560 4735 629 4790 ad
658 4734 836 4790 lucem
876 4739 1002 4792 ﬁdei
1033 4751 1090 4792 et
1113 4743 1358 4798 scientiae
1383 4743 1646 4813 spiritalis
1672 4743 1999 4814 perducunt,

393 4828 583 4898 sicque
618 4828 675 4883 in
698 4828 893 4883 matris
929 4827 1189 4884 Ecclesiae
1217 4829 1398 4884 sinum
1425 4829 1695 4886 collocare
1725 4840 2001 4904 satagunt.

392 4919 672 4975 Moraliter
690 4910 877 4976 autem
897 4918 1013 4975 haec
1035 4929 1274 4989 quatuor
1297 4921 1518 4977 nomina
1544 4922 1600 4977 in
1625 4937 1685 4978 se
1708 4927 2003 4996 unusquis-

393 5026 500 5080 que
532 5010 706 5067 ﬁdelis
728 5012 934 5067 habere
977 5018 1177 5082 potest,
1229 5011 1275 5068 si
1300 5012 1386 5069 his
1426 5013 1589 5085 digne
1614 5024 1996 5086 conversatur,

394 5107 457 5155 ut
521 5099 710 5157 Simon
765 5102 838 5157 sit
898 5102 1218 5170 obediendo,
1246 5102 1442 5160 Petrus
1501 5114 1789 5176 peccatum
1835 5124 1995 5165 suum

397 5192 763 5263 agnoscendo,
812 5194 1058 5249 Andreas
1095 5192 1329 5249 viriliter
1353 5194 1564 5251 labores
1586 5198 1863 5265 patiendo.
1911 5198 2004 5255 Ja-

397 5286 570 5341 cobus
596 5287 727 5342 vitia
762 5287 1182 5358 supplantando,
1205 5294 1260 5343 et
1283 5285 1524 5342 Joannes
1555 5287 1788 5358 gratiam
1816 5286 2001 5341 Domi.

399 5378 459 5433 ni
506 5381 790 5446 merendo,
839 5383 1170 5438 nominetur.
1204 5382 1272 5437 Et
1306 5381 1543 5436 maxime
1578 5389 1708 5437 tunc
1734 5396 1799 5436 ea
1843 5393 2003 5435 vera-

401 5468 541 5524 citer
567 5470 826 5538 possidet,
855 5473 900 5527 si
931 5473 987 5526 in
1010 5480 1245 5543 quatuor
1268 5471 1565 5526 virtutibus
1594 5471 1684 5525 illa
1711 5471 1999 5528 ostendere

400 5558 693 5616 studuerit.
731 5560 885 5616 Tunc
933 5563 1052 5617 sine
1105 5562 1269 5619 dubio
1320 5576 1696 5634 unusquisque
1738 5562 1998 5619 obediens

401 5657 506 5717 est,
539 5665 665 5705 eum
694 5665 794 5720 per
820 5650 1162 5720 prudentiam
1194 5654 1441 5725 agnoscit
1493 5660 1739 5723 peccata,
1768 5659 1823 5707 et
1844 5654 1994 5724 peri-

402 5744 584 5798 culum
618 5742 721 5799 sibi
777 5742 1066 5801 imminere
1105 5748 1366 5816 praevidet
1420 5755 1643 5818 propter
1667 5745 1780 5813 illa,
1811 5754 1872 5801 ut
1896 5762 1996 5817 per

403 5836 783 5891 mandatorum
826 5835 929 5893 Dei
977 5838 1341 5893 obedientiam
1380 5838 1625 5894 omnium
1673 5835 1991 5894 delictorum

2106 3454 2399 3509 corporum
2451 3446 2507 3494 et
2560 3438 2937 3496 inﬁrmitatem
2966 3441 3294 3509 animarum,
3342 3442 3513 3499 nobis
3542 3443 3714 3512 utique

2104 3533 2355 3602 praebens
2392 3531 2703 3603 exemplum
2730 3541 2790 3589 ut
2825 3535 2881 3590 in
2919 3547 3246 3604 quocunque
3291 3535 3584 3605 possimus
3606 3535 3708 3591 sive

2106 3622 2164 3678 in
2220 3624 2592 3695 corporalibus
2619 3640 2717 3681 seu
2765 3625 2934 3682 etiam
2969 3624 3026 3680 in
3070 3625 3472 3696 spiritualibus,
3504 3642 3711 3701 semper

2105 3716 2370 3788 proximis
2395 3716 2598 3773 nostris
2642 3717 2882 3789 prompti
2908 3716 3083 3773 simus
3121 3715 3191 3772 ad
3214 3718 3599 3788 prastandum
3621 3719 3707 3773 he-

2106 3808 2382 3865 ncﬁcium.
3228 3822 3237 3829 ‘

2176 3902 2248 3957 Et
2273 3904 2404 3958 abiit
2424 3904 2600 3975 opinio
2630 3905 2748 3975 ejus
2788 3904 2847 3959 in
2870 3913 3037 3960 totum
3064 3902 3299 3976 Syriam.
3330 3904 3499 3977 Syria
3531 3906 3705 3975 itaque

2105 3995 2434 4069 generaliter
2458 3995 2657 4053 dicitur
2684 3996 2866 4054 omnis
2898 3997 3050 4067 regio
3084 4010 3118 4050 a
3164 3993 3395 4051 ﬂumine
3440 3996 3714 4066 Euphrate

2106 4102 2281 4159 usque
2328 4087 2398 4143 ad
2419 4100 2573 4146 mare
2600 4102 2882 4159 magnum,
2911 4103 2944 4142 a
2965 4086 3312 4158 Cappadocia
3336 4097 3397 4143 et
3421 4088 3493 4142 ab
3522 4088 3712 4143 Arme-

2105 4179 2197 4234 nia
2252 4193 2427 4251 usque
2455 4179 2522 4235 ad
2568 4177 2884 4251 Egyptum,
2923 4178 3133 4235 habens
3178 4178 3450 4233 maximas
3488 4180 3715 4247 provin-

2105 4271 2221 4327 cias
2248 4271 2305 4326 in
2351 4286 2430 4339 se,
2471 4271 2575 4328 hoc
2623 4278 2708 4327 est
2742 4270 3190 4343 Commagenam,
3244 4268 3609 4334 Phoenicium,
3659 4276 3716 4325 et

2104 4362 2484 4432 Palzestinam,
2524 4364 2580 4419 in
2612 4379 2719 4435 qua
2762 4379 2894 4435 gens
2919 4362 3230 4419 Iudaeorum
3262 4362 3496 4417 habitat.

2174 4456 2247 4510 Et
2276 4455 2577 4512 obtulerunt
2599 4457 2646 4511 ei
2669 4472 2847 4513 omnes
2872 4454 3012 4512 male
3032 4455 3282 4511 habentes
3306 4454 3468 4511 variis
3490 4454 3713 4527 languo-

2104 4548 2251 4603 ribus
2276 4557 2323 4604 et
2353 4549 2625 4604 tormentis
2656 4548 3073 4618 comprehensos,
3089 4556 3140 4602 et
3166 4548 3258 4619 qui
3272 4547 3548 4603 demetrio
3568 4548 3714 4601 trabe

2108 4638 2252 4705 bant,
2272 4649 2321 4695 et
2350 4639 2632 4704 lunaticos,
2663 4649 2712 4695 et
2739 4640 3079 4711 paralyticos,
3112 4650 3164 4694 et
3189 4639 3394 4694 curavit
3424 4655 3540 4693 eos.
3567 4637 3711 4708 (Hie-

2109 4734 2254 4805 ron.)
2272 4732 2566 4789 Lunaticos
2582 4733 2959 4804 dicitquorum
2974 4732 3128 4789 dolor
3148 4732 3204 4787 in
3220 4731 3556 4786 accensione
3579 4731 3711 4786 lunae

2107 4824 2410 4890 crescebat,
2436 4839 2549 4881 non
2575 4825 2720 4895 quod
2744 4838 2873 4881 vere
2890 4839 2989 4896 per
3011 4825 3155 4881 lunae
3180 4824 3545 4880 mutationem
3578 4826 3711 4880 hanc

2108 4915 2436 4972 attraxerint
2487 4917 2779 4982 insaniam,
2808 4915 2906 4972 sed
2944 4917 3073 4986 quia
3103 4915 3443 4988 putabantur
3490 4916 3710 4970 lunatici

2104 5007 2177 5064 ob
2202 5008 2511 5065 daemonum
2544 5008 2839 5075 fallaciam,
2864 5008 2958 5079 qui
3006 5017 3289 5064 servantes
3323 5007 3545 5063 lunaria
3580 5017 3709 5059 tem-

2100 5116 2255 5173 pora,
2280 5110 2587 5158 creaturam
2616 5101 2884 5157 infamare
2907 5100 3203 5167 cupiebant
3223 5107 3282 5150 ut
3314 5096 3371 5151 in
3396 5106 3705 5153 creatorem

2109 5194 2440 5248 redundaret
2459 5193 2820 5254 blasphemia.
2845 5184 3137 5258 (MAUBUS.)
3159 5187 3453 5260 Paralytici
3476 5199 3610 5245 sunt
3637 5190 3704 5244 illi

2106 5278 2200 5348 qui
2224 5278 2414 5349 vigore
2438 5278 2685 5349 corporis
2710 5278 2956 5336 destituti
3002 5295 3070 5336 ac
3093 5281 3321 5337 desolati
3360 5292 3511 5348 sunt,

2105 5373 2253 5434 λνσις
2276 5372 2422 5427 enim
2442 5370 2632 5428 Griece
2667 5372 2946 5428 dissolutio
2974 5374 3195 5429 dicitur.
3229 5373 3461 5446 Mystice
3484 5375 3701 5431 Galiltea

2105 5480 2228 5534 qua:
2251 5463 2490 5520 sublimis
2517 5473 2637 5520 rota
2664 5465 3075 5535 interpretatur,
3118 5474 3177 5521 et
3201 5464 3361 5537 Syria
3385 5481 3513 5537 quae
3534 5467 3699 5522 subti—

2103 5557 2337 5613 mitatem
2362 5565 2539 5623 sonat,
2591 5557 2737 5613 hunc
2789 5558 3049 5613 mundum
3080 5557 3413 5630 signiﬁcant,
3444 5559 3540 5630 qui
3581 5559 3701 5614 licet

2101 5666 2201 5722 per
2230 5651 2542 5721 superbiam
2588 5651 2647 5706 in
2682 5652 2915 5709 sublime
2944 5667 3005 5709 se
3045 5652 3241 5725 erigat,
3275 5661 3460 5708 tamen
3491 5654 3561 5708 ad
3611 5654 3701 5709 de-

2097 5744 2300 5801 fectum
2329 5746 2506 5817 vergit
2532 5753 2590 5801 et
2637 5746 2707 5802 ad
2752 5747 2860 5811 ima
2904 5761 3122 5818 semper
3151 5755 3383 5804 rotatur.
3436 5746 3578 5803 Cum
3613 5747 3698 5804 hic

2096 5836 2488 5893 mortalitatem
2513 5846 2716 5894 nostra:
2766 5846 2974 5895 natura;
3000 5839 3171 5897 Filius
3195 5841 3293 5896 Dei
3312 5841 3370 5895 in
3395 5853 3459 5895 se
3481 5855 3698 5897 sumere

407 5926 585 5984 deleat
626 5943 846 6001 noxam,
881 5940 941 5989 et
975 5943 1265 6004 poenarum
1299 5930 1801 6001 evadat‘injuriam.
1838 5932 1989 5988 Tunc
2093 5930 2285 5992 voluit,
2315 5938 2371 5986 et
2398 5930 2747 6001 Evangelium
2778 5931 3080 6002 praedicam
3103 5932 3189 5988 vel
3206 5932 3689 6003 persemetipsum.
