3914 6464
431 502 542 566 ⁸195

1074 503 1136 560 Β.
1177 503 1434 562 RABANI
1473 501 1694 560 MAURI
1730 499 2051 560 ARCHIEP.
2096 498 2411 558 MOGUNT.
2453 485 2738 555 OPERUM
2775 495 2958 554 PARS
2992 497 3035 554 l.

3636 464 3738 556 τρε

435 633 571 693 tem,
595 641 715 697 qua:
757 639 1140 696 nonnunquam
1175 625 1556 682 necessitatem
1585 624 1820 694 patitur,
1848 639 1880 678 a
1905 625 2014 679 Do-
2041 618 2098 683 Α
2120 619 2285 674 chara
2313 618 2777 690 amplectebantur
2813 617 3087 674 amittunt.
3131 620 3252 677 Non
3287 635 3446 676 enuu
3489 619 3740 690 gaudent

432 717 583 772 mino
609 714 912 787 predicari,
939 712 1185 784 adiunxit
1209 715 1401 785 spiritu
1421 754 1437 780 ,
1471 722 1532 769 ut
1556 713 1910 772 humilitatem
1937 717 2018 772 in-

435 809 723 880 telligeres,
752 823 858 862 non
881 807 1186 880 penuriam.
1209 805 1362 862 Beati
1397 823 1648 879 pauperes
1681 808 1902 880 spiritu,
1927 810 2020 879 qui

431 909 652 971 propter
693 899 960 971 Spiritum
996 907 1244 954 sanctum
1273 899 1548 956 voluntate
1583 909 1706 956 sunt
1735 916 2021 973 pauperes.

433 991 588 1048 Unde
611 1001 668 1048 et
695 1008 858 1064 super
884 990 1190 1062 huiusmodi
1216 991 1544 1062 pauperibus
1567 1000 1622 1046 et
1648 991 1898 1048 Salvator
1925 1009 2022 1064 per

427 1081 626 1140 Isaiam
667 1082 924 1155 loquitur.
971 1082 1230 1144 Dominus
1275 1083 1426 1137 unxit
1468 1099 1582 1150 me,
1629 1093 1838 1154 propter
1881 1083 2021 1156 quod

429 1174 787 1247 euangelizare
827 1175 1144 1249 pauperibus
1185 1175 1326 1230 misit
1356 1191 1438 1230 me
1483 1174 1618 1249 (Isa.
1669 1177 1801 1249 ut).
1837 1176 2022 1251 (Aug.)

430 1266 570 1324 Nam
606 1278 660 1323 et
703 1267 830 1324 alibi
865 1267 1093 1342 legimus
1117 1269 1380 1339 scriptum
1418 1270 1486 1325 de
1525 1271 1804 1341 apertione
1841 1288 2024 1328 rerum

429 1360 845 1432 temporalium:
881 1359 1074 1416 Omnia
1102 1361 1308 1415 vanitas
1345 1371 1393 1414 et
1433 1363 1772 1433 praesumptio
1810 1364 2023 1436 spiritus

429 1451 630 1525 (Eccle.
662 1452 760 1526 vi).
794 1451 1147 1522 Pracsumptio
1173 1459 1353 1508 autem
1395 1452 1619 1522 spiritus
1657 1453 1934 1510 audaciam
1969 1463 2027 1510 et

430 1549 739 1618 superbiam
779 1545 1070 1620 signiﬁcat.
1115 1545 1284 1617 Vulgo
1326 1547 1492 1602 etiam
1536 1563 1760 1618 magnos
1804 1549 2026 1620 spiritus

431 1641 652 1711 superbi
695 1640 896 1695 habere
941 1639 1216 1695 dicuntur.
1247 1639 1316 1694 Et
1359 1648 1537 1707 recte,
1587 1641 2028 1712 quandoquidem

429 1733 652 1804 spiritus
679 1733 844 1788 etiam
873 1741 1068 1788 ventus
1106 1740 1349 1788 vocatur.
1381 1731 1556 1789 'Unde
1597 1735 1858 1805 scriptum
1900 1745 2022 1791 est:

425 1830 596 1902 Ignis,
621 1832 849 1902 grando,
870 1833 982 1896 nix,
999 1830 1214 1903 glacies,
1236 1832 1454 1901 spiritus
1473 1830 1825 1903 procellarum
1847 1831 2022 1904 (Psal.

427 1921 672 1992 chvnt),
697 1921 822 1992 quis
843 1937 973 1977 vero
997 1923 1207 1977 nesciat
1230 1921 1491 1994 superbos
1518 1922 1732 1978 inﬂatos
1762 1923 1892 1991 dici,
1913 1933 2026 1980 tan-

2122 709 2210 769 ltis
2240 709 2424 775 rebus,
2452 711 2646 782 quibus
2675 717 2803 765 ante
2831 707 3162 780 gaudebant,
3191 719 3247 765 et
3281 710 3467 766 donec
3503 709 3612 765 ﬁat
3637 711 3737 768 illis

2125 819 2281 860 amor
2298 813 2623 858 aeternorum
2650 802 2907 859 nonnulla
2930 802 3187 859 maestitia
3215 804 3595 870 sanciantur;
3620 821 3738 860 con-

2123 893 2442 951 solabuntur
2457 911 2586 966 ergo
2607 893 2814 966 Spiritu
2833 905 3040 961 sancto,
3056 896 3146 968 qui
3171 897 3414 954 maxime
3435 907 3736 969 propterea

2121 988 2446 1063 παράκλητος
2471 989 2812 1056 nominatur,
2845 984 2900 1044 id
2931 997 3015 1044 est
3055 989 3363 1045 consolator
3385 1031 3403 1056 ,
3429 997 3499 1044 ut
3531 997 3736 1061 tempe-

2124 1081 2294 1136 ralem
2319 1081 2652 1150 amittentes,
2679 1091 2881 1138 :etcrna
2909 1079 3095 1138 lmtitia
3119 1083 3398 1139 fruantur.

2196 1171 2486 1246 (MAURUS.)
2507 1172 2811 1230 Notandum
2839 1183 3019 1230 autem
3042 1175 3186 1246 quod
3199 1186 3447 1246 quatuor
3469 1173 3670 1233 modis
3687 1176 3736 1232 lit

2122 1267 2376 1337 planctus
2401 1277 2736 1333 sanctorum,
2773 1284 2894 1322 cum
2921 1268 3106 1338 priora
3143 1277 3369 1339 peccata
3419 1268 3733 1340 deplorant,

2124 1373 2247 1416 cnm
2273 1357 2324 1414 in
2353 1357 2621 1414 infernum
2645 1360 2898 1416 cadentes
2919 1360 3201 1432 plangunt,
3229 1377 3356 1416 cum
3393 1361 3455 1416 in
3493 1363 3735 1432 peccatis

2123 1449 2386 1518 viventes,
2417 1469 2538 1508 cum
2565 1467 2662 1522 pro
2689 1452 2958 1508 desiderio
2981 1453 3130 1526 regni
3160 1454 3408 1510 cmlestis
3435 1453 3732 1510 admodum

2125 1543 2312 1599 tristes
2339 1543 2500 1609 ﬁunt,
2529 1552 2584 1599 et
2620 1556 2854 1615 quatuor
2883 1544 3092 1615 species
3127 1545 3510 1617 lacrymarnm
3547 1557 3731 1600 natura

2126 1639 2384 1696 continet.
2414 1637 2551 1694 Sunt
2579 1640 2798 1710 quidem
2823 1639 3072 1710 lacryma:
3111 1639 3344 1694 humida:
3367 1681 3384 1704 ,
3416 1649 3480 1693 nt
3513 1639 3734 1693 abluam

2126 1731 2313 1787 sordes
2346 1739 2724 1801 peccatorum,
2767 1740 2823 1786 et
2869 1732 3157 1787 restituant
3200 1731 3489 1804 perditum
3537 1731 3734 1802 baptis-

2126 1839 2311 1889 mum;
2352 1831 2480 1879 sunt
2513 1823 2668 1879 salsa:
2708 1832 2762 1877 et
2785 1839 3016 1890 amarte,
3061 1831 3121 1878 ut
3161 1826 3512 1893 restringant
3561 1826 3732 1878 carnis

2125 1912 2352 1980 fluxum,
2381 1921 2438 1970 et
2477 1924 2778 1984 temperent
2809 1913 3148 1969 dulcedinem
3172 1913 3360 1985 volupt
3403 1923 3526 1968 tum
3557 1931 3574 1976 ;
3618 1924 3732 1968 sunt

426 2026 590 2080 quam
612 2020 774 2066 vento
801 2013 1098 2079 distentos;
1127 2013 1267 2068 unde
1291 2021 1373 2067 est
1398 2013 1560 2068 etiam
1589 2013 1720 2069 illud
1745 2015 2021 2085 Αροειοιίε
2050 2005 2099 2066 Β
2127 2003 2334 2072 calida),
2359 2015 2416 2060 ut
2440 1999 2769 2078 praevaleant
2791 2014 2976 2060 contra
3002 2003 3337 2060 inﬁdelitatis
3357 2003 3571 2076 frigus.
3605 2003 3733 2059 Sunt

426 2101 659 2158 Scientia
707 2105 879 2176 inﬂat,
928 2106 1160 2160 charitas
1196 2123 1314 2161 vero
1351 2106 1586 2176 mdiﬁcat
1626 2107 1688 2178 (Ι
1713 2105 1836 2162 Cor.
1868 2109 2021 2182 vni).

424 2194 766 2270 Quapropter
795 2207 941 2255 recte
967 2199 1342 2272 intelliguntur
1371 2200 1460 2255 hic
1479 2215 1744 2270 pauperes
1768 2202 2022 2271 humiles,

421 2297 478 2346 et
509 2290 760 2348 timentes
797 2292 1105 2361 Dominum,
1141 2292 1194 2349 id
1221 2300 1328 2360 est,
1375 2309 1484 2348 non
1526 2293 1788 2352 habentes
1827 2294 2024 2352 inﬁan-

429 2389 539 2438 tem
564 2383 836 2454 spiritum.

406 2503 413 2508 -
494 2474 606 2532 Nec
649 2477 868 2533 aliunde
909 2479 1132 2535 omnino
1171 2479 1410 2550 incipere
1449 2481 1690 2552 oportuit
1729 2481 2020 2540 beatitudi-

421 2581 580 2634 nem,
613 2568 883 2639 siquidem
927 2579 1254 2640 perventura
1281 2581 1365 2628 est
1400 2573 1467 2628 ad
1497 2589 1766 2628 summam
1804 2575 2023 2644 sapien-

423 2660 556 2716 tiam
583 2679 596 2716 :
631 2659 858 2718 Initium
882 2671 1063 2718 autem
1089 2664 1362 2735 sapientia:
1387 2665 1545 2719 timor
1585 2664 1798 2720 Domini
1830 2665 2022 2736 (Eccli.

422 2765 476 2818 ιε
521 2749 674 2807 Psal.
701 2752 814 2826 cx).
839 2753 1108 2824 Quoniam
1127 2770 1160 2811 e
1182 2755 1458 2812 contrario
1491 2756 1699 2811 initium
1721 2758 1889 2812 omnis
1909 2773 2025 2828 pec-

421 2841 528 2895 cati
555 2843 800 2913 superbia
829 2844 1086 2900 scribitur
1109 2843 1302 2917 (Eccli.
1324 2843 1404 2918 x).
1435 2845 1666 2916 Superbi
1691 2855 1949 2918 appetant
1969 2855 2024 2904 et

424 2930 654 3004 diligant
694 2949 862 3006 regna
901 2944 1196 3004 terrarum,
1230 2935 1386 2993 Beati
1421 2947 1600 2996 autem
1637 2955 1892 3010 pauperes
1917 2939 2023 3012 spi-

424 3024 554 3091 ritu,
581 3029 835 3096 quoniam
855 3029 1093 3100 ipsorum
1113 3039 1190 3085 est
1221 3047 1439 3102 regnum
1469 3029 1737 3086 ctelorum.

489 3114 644 3176 Beati
665 3119 836 3187 mites,
855 3122 1102 3193 quoniam
1123 3123 1227 3194 ipsi
1256 3122 1590 3194 possidebunt
1616 3132 1832 3178 terram.
1859 3121 2024 3196 (Hie-

420 3206 566 3281 ron.)
582 3207 700 3268 Non
725 3219 930 3268 terram
948 3211 1168 3282 ludam,
1186 3229 1289 3270 nec
1302 3222 1504 3271 terram
1522 3215 1678 3272 istius
1698 3218 1907 3285 mundi,
1923 3233 2022 3275 nec

421 3306 629 3358 terram
675 3305 1020 3364 maledictam
1061 3309 1248 3380 spinas
1294 3316 1349 3365 et
1393 3309 1622 3367 tribulos
1665 3309 2018 3379 atl‘erentem,

2125 2109 2296 2164 purae,
2324 2099 2432 2148 uta
2457 2093 2702 2166 pristinis
2722 2093 2998 2152 erroribus
3024 2097 3330 2160 inundatos,
3355 2095 3418 2150 in
3448 2112 3591 2166 pura
3615 2112 3731 2151 coa-

2126 2185 2354 2241 stituant
2379 2187 2810 2242 conversatione.
2859 2178 2952 2244 liae
2986 2203 3117 2260 ergo
3144 2203 3244 2259 pro
3283 2185 3519 2243 amissis
3558 2186 3732 2242 charis

2125 2278 2322 2349 Stepius
2344 2275 2498 2346 ﬁunt,
2517 2287 2574 2333 ut
2598 2295 2695 2334 nos
2715 2277 3043 2336 admoneant
3066 2289 3338 2352 quatenus
3360 2280 3579 2336 amissa
3603 2281 3728 2336 bona

2124 2386 2290 2444 opera
2316 2387 2661 2444 reparemus,
2709 2384 2765 2430 et
2803 2373 2872 2430 ad
2912 2373 3176 2431 desertam
3222 2391 3253 2430 a
3301 2375 3474 2431 nobis
3517 2389 3730 2448 propter

2122 2463 2628 2540 prievaricationcm
2657 2467 2898 2539 paradisi
2936 2469 3166 2541 patriam
3201 2485 3301 2540 per
3345 2471 3728 2527 mandatorum

2125 2557 2221 2614 Dei
2247 2561 2548 2616 custodiam
2586 2561 2891 2619 redeamus.
2921 2559 3149 2635 Semper
3175 2563 3326 2619 enim
3373 2564 3564 2621 luctus
3604 2567 3730 2620 inter

2125 2652 2260 2708 duas
2287 2652 2502 2710 lzetitias
2525 2655 2794 2722 consistit,
2822 2655 2877 2710 id
2900 2664 3004 2722 est,
3029 2657 3173 2711 inter
3199 2658 3390 2713 mundi
3419 2660 3728 2730 preceden-

2125 2754 2257 2814 tem,
2273 2756 2330 2804 et
2348 2749 2586 2805 ccelestis
2609 2750 2762 2822 regni
2785 2751 3333 2822 appropinquantem,
3355 2763 3412 2808 et
3435 2754 3637 2808 beatus
3652 2753 3726 2808 cui

2125 2842 2436 2914 temporalis
2467 2842 2685 2898 tristitia
2716 2853 2976 2899 aeternam
3002 2845 3272 2916 parturiel
3293 2845 3578 2900 laetitiam.

2197 2933 2352 2990 Beati
2375 2935 2468 3006 qui
2488 2936 2726 2991 esuriant
2755 2945 2803 2991 et
2832 2935 3016 2991 sitiunt
3036 2937 3326 3004 iustitiam,
3357 2938 3619 3010 quoniam
3639 2937 3728 3008 ipsi

2125 3025 2526 3081 saturabnntur.
2561 3026 2833 3100 (Hieron.)
2862 3025 2981 3082 Non
3005 3027 3162 3084 nobis
3184 3025 3389 3082 sullicit
3415 3027 3562 3083 velle
3579 3025 3728 3098 justi-

2123 3118 2280 3183 tiam,
2311 3119 2415 3175 nisi
2434 3120 2662 3190 jnstitia:
2681 3119 2953 3192 patiamur
2975 3119 3198 3186 famem,
3213 3129 3275 3175 ut
3294 3121 3404 3177 sub
3427 3120 3539 3178 hoc
3559 3138 3730 3178 exem-

2123 3211 2212 3282 plo
2233 3229 2511 3283 nunquam
2535 3229 2635 3269 nos
2654 3215 2788 3269 satis
2802 3213 3000 3285 justos,
3029 3213 3125 3270 sed
3151 3227 3377 3284 semper
3401 3211 3567 3268 sitim
3581 3213 3728 3285 justi-

2127 3306 2214 3360 tiaa
2243 3321 2407 3376 opera
2437 3306 2818 3379 intelligamus.
2846 3305 3132 3362 Amatores
3160 3321 3291 3378 ergo
3316 3305 3442 3362 veri
3473 3314 3533 3361 et
3561 3305 3727 3360 incert-

419 3408 583 3462 ‘iuam
613 3397 1024 3456 crudelissimus
1044 3371 1276 3472 quisque
1301 3409 1358 3458 et
1381 3402 1617 3460 bellator
1639 3406 1814 3477 magis
1840 3371 2014 3477 possi;

2124 3371 2420 3452 cussiboni
2445 3397 2537 3452 illo
2559 3371 2682 3454 cibo
2711 3395 3124 3463 saturabnntur,
3155 3371 3373 3466 devquo
3407 3396 3534 3466 ipse
3562 3395 3728 3450 Domi-

416 3483 530 3550 det,
559 3490 654 3542 sed
679 3499 884 3548 terram
913 3508 1088 3562 quam
1115 3494 1404 3552 Psalmista
1439 3496 1744 3564 desiderat,
1791 3499 1976 3555 dicens
2002 3517 2014 3553 :

415 3571 584 3632 Credo
612 3578 786 3634 videre
813 3580 952 3640 bona
978 3583 1196 3641 Domini
1234 3587 1294 3642 in
1332 3594 1476 3642 terra
1513 3589 1792 3644 viventium
1829 3589 2016 3662 (Psal.

414 3668 595 3741 cur).
650 3669 1033 3742 Huiuscemodi
1084 3693 1408 3748 possessor,
1459 3688 1516 3736 et
1561 3689 1686 3752 post
1731 3683 2019 3742 victoriam

413 3758 782 3850 triumphator
823 3766 990 3821 etiam
1028 3767 1083 3826 in
1118 3771 1534 3844 quadragesimo
1572 3783 1769 3845 quarto
1807 3777 2020 3850 psalmo

412 3847 778 3910 describitur:
819 3855 890 3912 Et
913 3859 1142 3929 intende,
1183 3864 1392 3934 inquit,
1436 3882 1680 3938 prospere
1705 3847 1944 3939 procede,
1969 3879 2018 3926 et

411 3955 574 4011 regna
615 3954 828 4016 propter
855 3950 1123 4006 veritatem
1144 3993 1160 4019 ,
1199 3963 1246 4008 et
1273 3957 1752 4025 mansuetudinem,
1783 3969 1833 4015 et
1855 3961 2018 4031 justi-

407 4032 540 4088 tiam
569 4032 743 4106 (Psal.
765 4041 938 4110 κων).
964 4041 1136 4098 Nemo
1159 4044 1308 4100 enim
1332 4053 1538 4103 terram
1561 4048 1722 4104 istam
1743 4066 1842 4122 per
1863 4067 2017 4106 man-

412 4125 777 4193 suetudinem,
801 4130 896 4186 sed
925 4146 1024 4201 per
1061 4134 1374 4204 superbiam
1395 4138 1659 4207 possidet.
1689 4139 1876 4212 (Aug.)
1921 4142 2011 4198 Si-

413 4213 637 4283 gniﬁcat
661 4217 806 4274 enim
843 4227 990 4277 terra
1024 4223 1116 4279 illa
1144 4227 1436 4295 quamdam
1471 4229 1800 4286 soliditatem
1825 4239 1877 4286 et
1905 4242 2014 4289 sta-

409 4301 678 4362 bilitatem
726 4307 1058 4370 hereditatis
1099 4325 1405 4387 perpetuae,
1451 4318 1543 4374 ubi
1585 4319 1767 4376 anima
1797 4337 1894 4392 per
1918 4323 2014 4380 bo-

412 4412 542 4452 num
561 4399 816 4458 allectum
843 4412 1104 4478 tanquam
1126 4409 1245 4466 loco
1265 4428 1364 4468 suo
1384 4413 1640 4486 quiescit,
1659 4402 1798 4470 sicut
1815 4431 2014 4486 corpus

409 4487 467 4544 in
497 4498 676 4561 terra,
709 4504 766 4552 et
800 4497 925 4556 inde
972 4501 1095 4558 cibo
1135 4518 1235 4559 suo
1278 4505 1469 4573 alitur,
1511 4507 1654 4564 sicut
1699 4523 1898 4580 corpus
1942 4524 2013 4566 ex

406 4589 576 4641 terra.
617 4588 737 4660 lpsa
777 4601 864 4649 est
905 4596 1124 4667 requies
1149 4605 1208 4654 et
1231 4599 1340 4655 vita
1365 4610 1701 4658 sanctorum.
1731 4602 1888 4659 Mites
1913 4619 2010 4660 an-

408 4682 520 4730 tem
545 4689 673 4733 sunt
701 4684 794 4750 qui
823 4687 1026 4744 cedunt
1049 4689 1508 4761 improbitatibus,
1533 4703 1718 4751 etnon
1745 4696 2010 4752 resistunt

407 4765 461 4820 in
491 4767 664 4835 malo,
703 4771 798 4828 sed
839 4773 1052 4830 vincunt
1083 4777 1138 4830 in
1164 4782 1298 4832 bono
1324 4783 1523 4834 malum
1553 4784 1726 4852 (Rom.
1755 4786 1894 4853 xu);
1933 4787 2008 4842 ri-

408 4868 608 4914 xentur
642 4876 775 4933 ergo
822 4864 1080 4932 immites,
1117 4876 1173 4922 et
1217 4869 1475 4926 dimicent
1521 4887 1622 4942 pro
1671 4877 1907 4932 terrenis
1953 4887 2008 4934 et

408 4955 796 5023 temporalibus
822 4957 1003 5026 rebus,
1031 4959 1184 5015 Beati
1211 4970 1390 5018 autem
1430 4965 1604 5031 mites,
1632 4969 1885 5038 quoniam
1906 4971 2006 5042 ipsi

405 5043 714 5103 haereditate
758 5050 1093 5119 possidebunt
1148 5062 1344 5110 terram
1369 5095 1385 5122 ,
1432 5057 1500 5114 de
1543 5073 1650 5129 qua
1691 5054 1848 5117 evelli
1894 5079 2004 5120 non

407 5147 653 5204 possunt.

478 5227 630 5283 Beati
658 5231 747 5302 qui
768 5231 965 5305 lugent,
987 5233 1236 5306 quoniam
1255 5235 1356 5306 ipsi
1381 5247 1808 5291 consotaountur.
1843 5243 1998 5309 (Hie-

408 5318 547 5389 ron.)
563 5318 764 5377 Luctus
779 5323 868 5379 hic
886 5341 996 5382 non
1014 5335 1348 5383 mortuorum
1364 5329 1583 5400 ponitur
1596 5329 1866 5384 communi
1883 5330 1998 5401 lege

405 5417 635 5477 natum,
660 5414 756 5468 sed
782 5419 1018 5486 peccatis
1041 5427 1097 5474 et
1113 5420 1258 5476 vitiis
1283 5430 1640 5480 mortuorum.
1667 5421 1756 5477 Sic
1780 5421 1928 5480 ﬂevit
1944 5432 2000 5480 et

409 5501 629 5558 Samuel
661 5502 912 5577 Saulem,
957 5511 1086 5582 quia
1125 5513 1456 5584 pmnituerat
1501 5513 1807 5576 Dominum,
1853 5513 1996 5584 quod

401 5599 652 5656 tinxisset
677 5615 801 5658 eum
831 5619 1012 5678 regem
1039 5621 1202 5678 super
1228 5607 1396 5661 Israel
1427 5605 1489 5676 (ι
1515 5605 1645 5676 Reg.
1673 5603 1792 5675 xv).
1823 5605 1911 5660 Sic
1941 5616 1997 5664 et

403 5690 606 5750 Paulus
631 5699 908 5767 apostolus
932 5700 1060 5756 ﬂere
1083 5711 1139 5756 et
1172 5703 1355 5774 lugere
1393 5718 1451 5758 se
1478 5701 1610 5757 dicit
1637 5715 1730 5757 eos
1757 5701 1845 5772 qui
1876 5711 2000 5772 post

401 5783 818 5846 fornicationem
858 5799 914 5846 et
954 5793 1354 5850 immunditiam
1397 5809 1503 5850 non
1552 5801 1781 5864 egerunt
1818 5793 1996 5864 patui-

402 5880 652 5939 temiam.
677 5880 881 5940 Luctus
909 5890 992 5938 est
1016 5884 1235 5942 tristitia
1259 5887 1326 5942 de
1363 5885 1656 5943 amissione
1681 5887 1991 5956 cbarorum,

397 5973 654 6033 conversi
675 5967 856 6033 autem
885 5973 954 6032 ad
977 5973 1368 6038 Dominnm'ea
1401 5994 1522 6054 quae
1553 5980 1611 6038 in
1645 5981 1749 6040 hoc
1789 5981 1992 6041 mundo

2121 3506 2223 3546 nus
2251 3488 2418 3544 dicit:
2447 3487 2598 3544 Meus
2625 3489 2770 3544 cibus
2798 3499 2874 3543 est
2897 3499 2952 3542 ut
2976 3489 3173 3559 faciam
3198 3485 3537 3542 voluntatem
3561 3483 3723 3540 Patris

2119 3582 2220 3638 mei
2249 3579 2432 3654 (Joan.
2464 3581 2540 3652 ιν)
2563 3621 2578 3646 ,
2611 3581 2754 3651 quod
2791 3587 2878 3637 est
2893 3577 3129 3651 iustitia,
3156 3587 3212 3636 et
3235 3577 3326 3634 illa
3354 3592 3508 3651 aqua
3533 3575 3601 3633 de
3628 3591 3721 3647 qua

2118 3674 2353 3747 quisquis
2391 3671 2604 3738 biberit,
2647 3679 2706 3726 ut
2737 3671 2880 3727 idem
2916 3669 3077 3736 dicit,
3115 3671 3206 3740 ﬁet
3237 3671 3294 3725 in
3333 3685 3400 3724 eo
3428 3670 3562 3742 {ous
3587 3684 3722 3740 aqu

2116 3755 2354 3822 salientis
2379 3765 2434 3820 in
2462 3761 2620 3820 vitam
2648 3774 2900 3819 tcternam
2929 3761 3143 3836 (Ibid.).

2190 3854 2343 3912 Beati
2391 3855 2789 3923 misericordes,
2837 3855 3090 3928 quoniam
3142 3849 3244 3926 ipsi
3297 3852 3720 3908 misericordia.

2117 3959 2518 4024 consequentur.
2545 3946 2816 4022 (Hierom)
2841 3943 3212 4004 MisericOrdia
3239 3959 3379 4018 ergo
3401 3961 3515 4000 non
3550 3943 3717 4000 solum

2117 4046 2172 4100 in
2203 4041 2565 4116 eleemosynis
2591 4039 2930 4114 intelligitur,
2958 4038 3053 4094 sed
3095 4037 3152 4092 in
3179 4036 3330 4092 omni
3361 4044 3600 4107 peccato
3621 4033 3718 4087 fra-

2115 4140 2235 4204 tris,
2267 4139 2313 4194 si
2339 4136 2567 4192 alterius
2593 4143 2651 4190 ut
2673 4149 2840 4191 onera
2860 4141 3050 4190 nostra
3071 4139 3380 4202 portemus,
3415 4129 3464 4184 si
3487 4127 3716 4182 inscium

2116 4233 2408 4288 doceamus
2433 4271 2447 4296 ,
2498 4230 2545 4284 si
2597 4236 2873 4284 errantem
2929 4223 3290 4298 corrigamus.
3343 4219 3718 4278 Misericordia

2114 4323 2259 4379 enim
2291 4337 2400 4378 non
2429 4321 2604 4378 solum
2637 4320 2694 4375 in
2723 4317 2878 4375 donis
2909 4316 3302 4390 corporalibus,
3338 4316 3442 4372 sed
3465 4316 3636 4370 etiam
3665 4313 3713 4367 in

2115 4415 2401 4470 aninmbns
2421 4411 2712 4476 sanandis,
2739 4409 3042 4465 exercenda
3061 4419 3165 4463 est.
3197 4406 3411 4474 Quibus
3437 4406 3544 4460 hoc
3571 4420 3602 4458 a
3624 4403 3715 4458 mi-

2113 4507 2390 4564 sericorde
2421 4505 2608 4580 judice
2649 4499 2989 4580 rependitur,
3039 4501 3184 4574 quod
3224 4499 3328 4573 ipsi
3381 4496 3455 4556 de
3497 4497 3711 4554 miseria

2112 4603 2431 4658 liberentur.

2181 4693 2337 4748 Beati
2375 4690 2570 4746 mundo
2598 4689 2786 4756 corde,
2827 4689 3075 4762 quoniam
3119 4686 3218 4759 ipsi
3248 4682 3546 4740 Dominum
3577 4683 3708 4738 tnde-

2112 4785 2260 4839 bunt.
2307 4783 2489 4838 Mundi
2530 4781 2694 4838 corde
2734 4791 2879 4847 sunt,
2925 4797 3062 4851 quos
3103 4795 3208 4834 non
3249 4777 3434 4849 arguit
3461 4775 3554 4832 illa
3585 4790 3704 4830 cou-

2111 4877 2335 4933 scientia
2373 4877 2616 4948 peccati;
2649 4892 2775 4931 nam
2806 4875 3038 4932 mundus
3069 4873 3270 4929 mundo
3300 4871 3470 4928 corde
3499 4871 3708 4942 conspi-

2111 4968 2273 5033 citur,
2299 4960 2559 5038 teniplum
2589 4966 2684 5023 Dei
2712 4984 2817 5022 non
2841 4971 3022 5038 potest
3047 4980 3168 5021 esse
3202 4960 3490 5036 pollutum.
3524 4961 3705 5034 (Δις.)

2108 5058 2283 5124 Quam
2313 5073 2445 5128 ergo
2475 5055 2624 5114 stulti
2654 5067 2777 5114 sunt
2803 5096 2819 5124 ,
2849 5057 2939 5127 qui
2981 5058 3153 5112 Deum
3189 5057 3308 5111 istis
3341 5053 3706 5108 exterioribus

2107 5147 2278 5203 oculis
2325 5155 2607 5219 quaerunt.
2662 5164 2784 5202 cum
2837 5145 3002 5196 oon-tle
3059 5141 3325 5196 videatur.
3375 5139 3530 5198 Sicut
3583 5145 3702 5198 alibi

2106 5233 2367 5302 scriptum
2402 5242 2486 5286 est
2520 5251 2532 5286 :
2570 5231 2637 5285 Et
2665 5231 2718 5286 in
2741 5229 3075 5303 simplicitate
3103 5233 3278 5288 cordis
3304 5239 3530 5306 quaerite
3557 5235 3700 5290 itiner

2108 5321 2258 5396 (Sap.
2291 5324 2354 5394 ι).
2399 5323 2512 5380 Hoc
2539 5334 2624 5380 est
2665 5325 2809 5380 enim
2840 5327 3102 5381 mundum
3129 5341 3246 5396 cor,
3275 5327 3419 5398 quod
3460 5335 3542 5384 est
3572 5329 3697 5384 sim-

2105 5423 2229 5494 plex
2274 5439 2389 5489 cor,
2431 5430 2488 5476 et
2532 5423 2984 5493 quemadmodum
3023 5421 3206 5480 lumen
3249 5425 3355 5480 hoc
3392 5421 3567 5481 videri
3599 5441 3698 5480 non

2105 5525 2308 5588 potest,
2341 5516 2447 5572 nisi
2483 5516 2653 5572 oculis
2692 5517 2930 5585 mundis,
2957 5518 3031 5572 ita
3057 5533 3160 5574 nec
3183 5518 3324 5575 Deus
3351 5511 3573 5574 videtur
3597 5517 3694 5572 nisi

2106 5609 2366 5664 mundmn
2389 5609 2459 5662 sit
2488 5605 2615 5662 illud
2643 5624 2750 5678 quo
2770 5607 2939 5665 videri
2969 5617 3168 5680 potest.
3197 5607 3493 5684 (MAURUS.)
3517 5608 3695 5666 Domi-

2104 5719 2232 5758 num
2269 5702 2414 5758 enim
2445 5701 2631 5756 mundi
2671 5702 2834 5758 corde
2867 5703 3053 5758 vident
3079 5703 3170 5760 hic
3199 5703 3254 5760 in
3282 5704 3574 5776 :nnigmate
3599 5720 3694 5776 per

2103 5793 2350 5865 gratiam,
2385 5792 2439 5847 in
2471 5793 2654 5849 futuro
2677 5805 2860 5853 autem
2894 5795 3032 5853 facie
3059 5797 3126 5852 ad
3163 5797 3380 5869 faciem,
3411 5799 3538 5869 quia
3567 5808 3692 5854 tunc

2101 5895 2449 5958 cognoscent,
2482 5883 2624 5942 sicut
2654 5895 2707 5943 et
2739 5887 2940 5962 cogniti
2975 5888 3135 5945 erunt
3164 5890 3216 5961 (1
3240 5889 3364 5946 Cor.
3400 5889 3545 5963 xui).

2169 5977 2323 6036 Beati
2334 5976 2566 6054 paciﬁci,
2577 5981 2825 6056 quoniam
2835 5982 2936 6057 ﬁlii
2949 5979 3048 6039 Dei
3058 5983 3402 6040 vocabuntur.
3417 5977 3684 6060 (Βίτωνι.)
