3914 6508
208 552 343 617 ’⁵97

1257 540 1607 615 COMMENT.
1648 557 1715 612 1N
1756 542 2189 615 auriti/sun.
2230 590 2299 601 —
2334 551 2460 619 LIB.
2500 551 2562 620 Ii.

3424 556 3527 633 798

212 676 490 737 Paciﬁci
518 693 646 751 ergo
667 676 740 734 illi
774 677 880 733 rite
901 684 1182 745 vocantur,
1215 677 1305 749 qui
1339 678 1574 748 primum
1602 677 1656 733 in
1681 677 1845 752 corde
1870 662 1925 741 Α
1947 692 2155 734 morem
2179 664 2295 735 Dei.
2334 678 2442 737 Sed
2462 682 2673 737 initium
2702 686 2974 756 sapientia
3000 687 3158 743 timor
3187 689 3402 747 Domini
3428 704 3534 755 est.

209 786 369 838 suo,
418 770 622 827 deinde
654 770 793 825 inter
828 767 1027 824 fratres
1053 768 1372 825 dissidentes
1398 784 1591 840 pacem
1617 768 1849 824 faciunt.

213 864 236 934 (
244 864 458 937 Aug.)
486 863 625 932 Quid
647 863 791 918 enim
810 862 1029 937 prodest
1055 877 1153 933 per
1181 871 1234 918 te
1253 862 1387 918 alios
1407 864 1613 934 pacari,
1645 877 1770 918 cum
1792 863 1851 920 in

211 965 333 1011 tuo
368 957 572 1013 animo
600 957 709 1012 sint
738 954 877 1010 bella
902 950 1189 1020 vitiorum;
1223 954 1278 1009 in
1301 969 1434 1024 pace
1464 963 1646 1010 autem
1672 953 1847 1026 perfe-

212 1051 352 1106 ctio
381 1058 499 1115 est,
533 1051 626 1106 ubi
662 1030 795 1105 nihil
835 1057 1118 1122 repugnat,
1155 1055 1210 1102 et
1233 1047 1354 1103 ideo
1377 1049 1471 1104 lilii
1498 1050 1592 1105 Dei
1612 1049 1849 1120 paciﬁci,

210 1144 524 1215 quoniam
550 1142 680 1198 nihil
709 1142 914 1198 resistit
937 1141 1048 1197 Deo
1075 1182 1091 1207 ,
1131 1149 1185 1195 et
1212 1141 1399 1212 utique
1420 1142 1515 1196 lilii
1539 1142 1848 1198 similitudi-

212 1253 368 1292 nem
419 1238 597 1308 patris
626 1235 827 1293 habere
866 1236 1082 1290 debent.
1113 1234 1328 1290 Paciﬁci
1358 1243 1537 1289 autem
1564 1235 1619 1289 in
1652 1243 1851 1290 semet-

212 1327 378 1400 ipsis
411 1338 569 1394 sunt,
594 1328 683 1398 qui
710 1342 899 1384 omnes
931 1321 1096 1381 animi
1129 1326 1210 1381 sui
1236 1334 1414 1381 motus
1443 1334 1844 1396 componentes,

213 1430 280 1477 et
313 1421 692 1491 subjicientes
722 1421 916 1475 rationi
942 1461 956 1485 ,
989 1420 1041 1475 id
1069 1428 1153 1475 est
1183 1420 1350 1474 menti
1379 1428 1434 1475 et
1459 1421 1687 1491 spiritui,
1722 1436 1846 1475 car-

211 1515 519 1587 nalesque
561 1512 1029 1584 concupiscentias
1079 1512 1336 1567 habentes
1383 1512 1667 1577 edomitus,
1713 1512 1849 1569 ﬁunt

219 1622 486 1677 regnum
518 1605 647 1671 Dei,
698 1606 752 1659 in
787 1619 894 1674 quo
924 1605 994 1658 ita
1025 1613 1149 1659 sunt
1190 1605 1438 1660 ordinata
1467 1605 1670 1670 omnia,
1701 1613 1759 1660 ut
1789 1605 1845 1662 id

213 1690 392 1767 quod
423 1708 514 1753 est
536 1697 589 1753 in
617 1686 835 1753 homine
860 1697 1192 1768 przecipuum
1216 1706 1271 1752 et
1301 1698 1590 1765 excellens,
1614 1699 1717 1754 hoc
1738 1700 1843 1753 im-

212 1795 423 1857 peret,
462 1784 676 1843 caeteris
712 1803 820 1842 non
853 1786 1240 1843 reluctantibus
1269 1805 1389 1859 quae
1416 1798 1542 1844 sunt
1567 1790 1719 1846 nobis
1746 1792 1843 1846 be-

214 1877 484 1949 stiisque
531 1876 873 1946 communia,
922 1888 1085 1949 atque
1125 1880 1177 1934 id
1225 1880 1400 1951 ipsum
1440 1883 1586 1952 quod
1629 1882 1846 1939 excellit

211 1965 280 2024 in
317 1970 559 2027 homine
579 2013 593 2039 ,
621 1968 674 2027 id
704 1978 785 2027 est
813 1984 964 2026 meus
990 1980 1045 2026 et
1076 1972 1233 2039 ratio,
1263 1973 1578 2046 subjiciatur
1613 1975 1836 2046 potiori,

214 1991 280 2024 111
320 1991 559 2027 1101111118
579 2013 593 2039 ,
621 1991 674 2027 id
704 1991 785 2027 CSI
813 1991 964 2026 mens
990 1991 1045 2026 Cl
1076 1991 1233 2039 ratio,
1263 1991 1363 2028 SUU
1388 1991 1578 2029 ICI'JllH‘

214 2058 390 2133 quod
426 2069 515 2117 est
542 2061 658 2134 ipsa
696 2052 929 2127 Veritas,
963 2058 1274 2134 unigenitus
1298 1991 1464 2119 Fiiius
1498 2064 1612 2120 Dei.

301 2148 512 2223 Neque
546 2152 810 2223 imperare
841 2149 1186 2208 inferioribus
1218 2162 1397 2224 potest
1436 2153 1538 2209 nisi
1576 2154 1839 2226 superiori

214 2248 289 2299 Se
326 2241 461 2315 ipse
492 2240 759 2313 subjiciat.
792 2242 859 2298 Et
887 2244 1001 2299 ilth
1027 2254 1113 2299 est
1133 2261 1238 2315 pax
1275 2261 1393 2316 quae
1421 2242 1581 2301 datur
1610 2247 1842 2303 homini-

208 2327 336 2388 bus
369 2334 435 2388 in
471 2341 617 2390 terra
645 2335 799 2390 bona:
826 2333 1138 2391 voluntatis.
1176 2324 1301 2392 iimc
1330 2336 1438 2392 vita
1481 2339 1840 2401 consummati

211 2426 589 2499 perfebtique
633 2426 911 2500 sapientis.
947 2429 1024 2485 De
1052 2418 1212 2500 hujus
1252 2448 1446 2503 magno
1480 2448 1645 2505 regno
1678 2449 1841 2504 paca-

215 2516 461 2575 tissimo
498 2530 552 2576 et
588 2518 994 2578 ordinatissimo
1030 2520 1229 2579 missus
1275 2534 1359 2579 est
1406 2522 1550 2581 foras
1588 2527 1840 2597 princeps

217 2602 400 2683 hujus
452 2612 663 2680 saeculi,
704 2616 793 2685 qui
824 2617 1095 2686 perversis
1135 2614 1564 2689 inordinatlsque
1594 2618 1839 2675 domina-

216 2694 335 2759 tur.
378 2699 503 2761 Hac
533 2720 668 2777 pace
708 2702 1036 2765 intrinsecus
1074 2706 1366 2764 constituta
1406 2719 1567 2781 atque
1598 2710 1834 2781 firmata,

217 2800 599 2868 qua5cu'nque
628 2797 1033 2869 persecutiones
1064 2790 1177 2867 ille,
1214 2800 1304 2872 qui
1336 2800 1483 2857 foras
1519 2802 1720 2860 missus
1754 2815 1839 2862 est

215 2885 546 2945 tbrtnsecus
598 2888 993 2959 Concitaverit,
1053 2902 1214 2965 auget
1260 2893 1527 2965 gloriam,
1578 2914 1698 2971 quae
1752 2914 1836 2953 se-

217 2976 481 3036 cundum
514 2978 681 3037 Deum
712 2988 794 3037 est
817 3024 832 3050 ,
863 2999 969 3039 non
997 2984 1200 3055 aliquid
1230 2984 1282 3040 in
1313 2983 1403 3041 illo
1426 2976 1652 3043 eediiicio
1688 2981 1836 3045 labe-

215 3070 451 3129 iactans
471 3114 486 3140 ,
519 3068 611 3129 Sed
637 3066 1012 3133 deficientibus
1039 3076 1303 3134 machinis
1334 3078 1469 3148 suis,
1496 3078 1835 3140 innotescere

216 3162 443 3223 iaciens
484 3174 686 3239 quanta
717 3162 946 3229 ﬁrmitas
979 3172 1125 3230 intus
1154 3182 1429 3232 exstructa
1466 3176 1555 3234 sit.
1591 3172 1717 3236 Ideo
1748 3194 1835 3237 se-

217 3256 459 3329 nititur:

295 3345 463 3405 Beati
478 3350 571 3423 qui
594 3354 1001 3425 persecutionem
1020 3359 1296 3430 patiuntur
1316 3370 1527 3433 propter
1536 3359 1827 3434 justitiam,

217 3442 487 3511 quoniam
516 3442 748 3516 ipsorum
779 3456 855 3502 est
889 3466 1103 3519 regnum
1140 3450 1406 3507 scelerum.
1442 3450 1713 3528 (Ηὶενοη.)
1742 3455 1830 3512 Si-

217 3542 470 3605 gnantcr
496 3532 700 3593 addidit
724 3544 934 3610 propter
951 3539 1240 3611 justitiam.
1266 3540 1416 3598 Multi
1441 3544 1583 3600 enim
1609 3555 1831 3618 propter

218 3636 323 3680 sua
360 3634 595 3697 peccata
629 3629 913 3699 patiuntur
947 3632 1416 3703 persecutionem,
1457 3640 1512 3694 et
1557 3657 1667 3696 non
1704 3650 1831 3698 sunt

210 3714 378 3787 justi.
415 3712 697 3797 Simulque
721 3720 1004 3781 considera
1029 3726 1175 3797 quod
1204 3738 1394 3786 octava
1424 3748 1567 3788 vera:
1597 3735 1830 3790 circum-

219 3808 461 3866 cisiutlis
489 3811 792 3883 beatitudo,
828 3812 1089 3892 martyrio
1122 3822 1460 3879 terminatur.
1501 3824 1686 3899 (Aug)
1719 3827 1825 3900 igi-

218 3908 316 3957 tur
366 3901 475 3960 iste
522 3908 911 3966 sententiarum
958 3929 1216 3970 numerus
1250 3914 1537 3988 diligenter
1578 3918 1828 3976 conside-

219 3992 439 4053 randus
457 4006 557 4056 est.
594 3996 787 4074 Incipit
808 4004 952 4060 enim
982 4003 1261 4063 beatitudo
1287 4010 1355 4067 ab
1385 4012 1691 4069 humilitate
1719 4054 1735 4080 ,
1768 4023 1828 4071 ut

220 4098 341 4157 est,
376 4089 518 4145 beati
546 4110 799 4166 pauperes
823 4096 1039 4169 spiritu,
1064 4109 1118 4154 et
1138 4101 1368 4172 septimo
1394 4102 1561 4173 gradu
1585 4105 1826 4162 continet

222 4176 403 4250 ipsam
435 4184 775 4255 sapientiam,
809 4184 862 4246 id
883 4198 987 4256 est,
1019 4192 1529 4264 contemplationem
1556 4196 1824 4264 veritatis,

222 4272 525 4343 pacificans
576 4282 747 4335 tntum
789 4279 1061 4338 hominem
1093 4292 1148 4339 et
1178 4285 1479 4356 suscipiens
1517 4284 1825 4343 similitudi-

225 4370 350 4420 ttem
390 4360 521 4435 Dei,
558 4382 677 4441 quae
708 4369 780 4453 ita
816 4372 1196 4431 concluditur:
1233 4375 1385 4432 Beati
1424 4379 1657 4450 paciﬁci,
1693 4399 1825 4453 quo-

226 4457 371 4512 niam
421 4460 525 4530 ipsi
562 4457 663 4529 filii
692 4448 791 4516 Dei
841 4463 1183 4520 vocabuntur.
1226 4448 1431 4524 Octava
1467 4448 1722 4541 tanquam
1754 4469 1822 4527 ad

226 4558 413 4636 caput
458 4554 645 4619 redit,
700 4555 830 4626 quia
887 4569 1348 4627 consummatum,
1412 4562 1822 4636 perfectumque

224 4628 500 4711 ostendit,
527 4653 581 4700 et
604 4646 814 4716 probat.
842 4646 1030 4729 Itaque
1052 4650 1104 4706 in
1138 4652 1312 4725 prima
1341 4664 1397 4709 et
1412 4628 1612 4712 octava
1644 4628 1821 4712 nomi-

227 4744 410 4792 natum
437 4740 524 4793 est
549 4748 775 4808 regnum
801 4737 1061 4797 caelorum
1093 4760 1106 4797 :
1135 4732 1290 4798 Beati
1319 4762 1573 4817 pauperes
1602 4750 1816 4819 spiritu,
1852 4788 1901 4850 Β

226 4829 476 4899 quoniam
520 4828 752 4901 ipsorum
792 4836 867 4886 est
913 4849 1128 4904 regnum
1161 4830 1429 4902 cwlorum,
1469 4848 1515 4892 et
1549 4837 1684 4893 beati
1731 4840 1821 4911 qui

228 4925 639 4990 persecutionem
680 4921 954 4995 patiuntur
998 4934 1210 4997 propter
1242 4927 1530 4999 justitiam,
1575 4929 1823 5003 quoniam

228 5010 462 5082 ipsorum
488 5024 562 5069 est
590 5030 804 5087 regnum
835 5014 1102 5072 caelorum.
1133 5018 1266 5074 Cum
1283 5019 1398 5091 jam
1427 5018 1660 5076 dicitur:
1694 5021 1824 5104 Quis

232 5122 321 5161 nos
344 5105 608 5179 separabit
636 5124 667 5159 a
692 5109 945 5165 charitate
975 5109 1191 5178 Christi,
1216 5108 1526 5168 tribulatio?
1554 5132 1623 5169 an
1656 5131 1826 5185 augu-

234 5198 371 5253 stia?
399 5216 471 5254 an
510 5196 839 5268 persecutio?
871 5212 939 5248 an
976 5192 1139 5265 fames
1166 5200 1190 5246 9
1215 5218 1283 5247 an
1315 5203 1568 5257 auditas?
1595 5222 1663 5257 an
1688 5202 1826 5273 peri-

235 5288 403 5345 culum
419 5292 449 5345 ?
471 5304 537 5343 an
562 5282 771 5360 gladius
788 5288 814 5341 ἵ
838 5284 1058 5357 Septem
1083 5292 1210 5342 sunt
1225 5301 1355 5357 ergo
1375 5302 1495 5358 qua:
1512 5286 1818 5358 perﬁciunt,

239 5396 354 5436 nam
376 5382 566 5436 octava
588 5377 872 5445 clariﬁcat,
907 5388 962 5434 ct
994 5379 1135 5450 Quod
1155 5378 1454 5451 perfectum
1483 5386 1566 5435 est
1593 5378 1821 5437 demon-

240 5482 389 5542 strat,
418 5482 477 5530 ut
488 5488 586 5545 per
598 5474 696 5529 bos
711 5472 912 5545 gradus
923 5470 1274 5542 perﬁciantur
1287 5479 1500 5535 caetera,
1520 5481 1773 5544 tanquam
1790 5489 1819 5527 a

240 5566 403 5638 Capite
439 5576 663 5622 rursum
708 5563 1017 5620 exordiens.
1062 5563 1286 5620 Videtur
1323 5578 1453 5635 ergo
1494 5562 1623 5617 mihi
1654 5563 1818 5618 etiam

241 5658 562 5729 septiformis
615 5656 859 5730 operatio
888 5654 1119 5727 Spiritus
1164 5656 1356 5723 sancti,
1401 5657 1467 5712 de
1506 5664 1612 5726 dua
1650 5654 1820 5712 isaias

244 5747 470 5820 loquitur
503 5748 637 5824 (Isa.
688 5749 788 5821 xu)
810 5791 824 5817 ,
860 5748 946 5804 his
985 5748 1242 5820 gradibus
1267 5747 1657 5820 sententiisque
1686 5765 1817 5805 con-

244 5858 445 5915 gruere.
497 5843 604 5901 Sed
648 5846 876 5900 interest
915 5841 1149 5909 ordinis;
1197 5854 1321 5898 nam
1369 5841 1443 5897 ibi
1482 5841 1819 5898 enumeratio

249 5926 312 5992 ab
343 5937 810 5995 excellentioribus
838 5937 1001 6009 etrapit
1021 5978 1036 6004 ,
1077 5936 1167 5992 hic
1194 5950 1324 5991 vero
1349 5936 1417 5991 ab
1448 5934 1815 5991 inferioribus.

245 6028 319 6091 ibi
346 6041 575 6112 namque
612 6020 800 6110 incipit
827 6044 859 6091 a
885 6032 1152 6109 sapientia
1177 6020 1294 6102 Dei,
1337 6037 1393 6090 et
1415 6030 1610 6090 desinit
1646 6030 1714 6089 ad
1743 6030 1813 6087 ti-

1956 772 2297 845 Quapropter
2342 775 2389 831 si
2430 778 2699 845 gradatim
2737 788 2994 851 tanquam
3032 783 3387 861 ascendentes
3434 774 3545 849 nu?

1955 881 2256 933 sacremus,
2295 868 2504 938 primus
2526 870 2727 941 gradus
2752 871 2825 926 ibi
2863 880 2951 927 est
2980 872 3142 928 timor
3168 864 3417 944 Domini,
3450 895 3540 936 se-

1952 959 2163 1015 cundus
2200 961 2399 1032 pietas,
2444 963 2639 1018 tertius
2688 964 2938 1031 scientia,
2983 975 3208 1036 quartus
3254 969 3533 1039 fortitudo,

1951 1051 2173 1120 quintus
2207 1052 2514 1120 consilium,
2555 1063 2738 1110 sextus
2778 1055 3101 1123 intellectus,
3145 1061 3406 1131 septimus
3445 1078 3534 1119 sa-

1949 1142 2171 1225 pientia.
2211 1143 2396 1198 Timor
2428 1144 2639 1201 Domini
2674 1148 2925 1219 congruit
2962 1148 3278 1219 humilibus,
3321 1153 3387 1207 de
3419 1154 3538 1224 qui-

1947 1232 2051 1290 bus
2081 1235 2169 1290 hic
2196 1234 2393 1290 dicitur
2422 1255 2443 1303 ;
2466 1235 2620 1291 Beati
2646 1255 2899 1308 pauperes
2924 1241 3111 1309 spiritu
3133 1282 3148 1307 ,
3173 1244 3423 1313 quoniam
3454 1244 3534 1313 ip-

1948 1340 2127 1381 sorum
2168 1331 2242 1379 est
2277 1342 2489 1396 regnum
2522 1324 2798 1392 caelorum,
2831 1327 2883 1383 id
2915 1338 3028 1395 est,
3065 1347 3170 1385 non
3202 1331 3389 1398 inﬂati,
3429 1349 3539 1389 non

1949 1410 2187 1486 superlsi.
2220 1418 2294 1471 De
2329 1417 2524 1485 quibus
2574 1416 2856 1487 Apostolus
2884 1420 3012 1475 dicit
3044 1440 3055 1475 :
3092 1420 3219 1474 Noli
3253 1422 3419 1476 altum
3451 1440 3538 1477 sa-

1945 1524 2085 1579 pere,
2119 1506 2210 1561 sed
2260 1509 2403 1571 time,
2456 1506 2506 1561 id
2536 1517 2637 1574 est,
2682 1507 2790 1564 noli
2821 1510 3029 1567 extolli.
3082 1502 3264 1567 Pietas
3290 1514 3538 1583 congruit

1948 1598 2194 1667 mitibus,
2243 1601 2333 1670 qui
2378 1600 2521 1654 enim
2573 1602 2663 1672 pie
2715 1596 2943 1672 quierit,
3003 1592 3233 1658 honorat
3291 1615 3539 1661 sanctam

1950 1691 2323 1764 Scripturam,
2364 1704 2419 1749 et
2454 1710 2561 1750 non
2606 1694 2951 1763 reprehendit
2989 1697 3131 1766 quod
3173 1694 3412 1750 nonduin
3452 1696 3535 1750 in-

1949 1786 2171 1858 telligit,
2222 1796 2277 1842 et
2321 1796 2603 1858 propterea
2637 1804 2743 1843 non
2780 1789 3013 1854 resistit,
3044 1786 3185 1858 quod
3226 1800 3308 1846 est
3348 1791 3535 1846 mitem

1947 1893 2106 1945 esse;
2147 1879 2287 1935 unde
2328 1880 2417 1935 hic
2465 1880 2703 1935 dicitur:
2738 1874 2891 1934 Beati
2934 1883 3108 1947 mites,
3148 1881 3395 1953 quoniam
3436 1881 3538 1953 ipsi

1945 1971 2250 2026 Iurreditate
2276 1968 2609 2043 possidebunt
2638 1982 2853 2026 terram.
2881 1970 3119 2028 Scientia
3161 1964 3409 2045 congruit
3448 1973 3535 2028 lu-

1868 2051 1916 2111 Β
1946 2066 2226 2138 gentibus,
2262 2067 2351 2136 qui
2378 2064 2494 2137 jam
2525 2074 2895 2138 cognoverunt
2924 2066 2975 2121 in
3003 2064 3303 2136 Scripturis
3334 2067 3532 2139 quibus

1942 2154 2101 2213 malis
2131 2157 2297 2213 vincti
2326 2166 2636 2225 teneantur,
2679 2172 2798 2229 quae
2837 2166 3093 2229 tanquam
3137 2152 3277 2213 bona
3303 2168 3360 2215 et
3384 2159 3534 2214 utilia

1942 2230 2255 2320 ignorantes
2276 2248 2638 2320 appetierunt.
2666 2244 2740 2302 De
2770 2246 2965 2319 quibus
2995 2242 3083 2303 hic
3103 2247 3306 2303 dicitur
3336 2268 3348 2302 :
3381 2246 3534 2303 Beati

1940 2338 2028 2411 qui
2064 2339 2259 2413 lugent.
2314 2336 2598 2396 Fortitudo
2638 2339 2890 2413 congruit
2927 2339 3325 2406 esurientibus,
3368 2348 3421 2396 et
3461 2340 3535 2396 si~

1942 2430 2222 2498 tientibus,
2273 2433 2523 2490 laborant
2568 2430 2714 2488 enim
2758 2428 3131 2489 desiderantes
3172 2430 3424 2505 gaudium
3469 2432 3535 2488 de

1939 2525 2084 2584 veris
2130 2528 2287 2585 bonis
2329 2534 2385 2585 et
2435 2543 2680 2584 amorem
2719 2542 2748 2582 a
2792 2527 3024 2583 terrenis
3066 2535 3121 2583 et
3161 2525 3535 2597 corporalibus

1940 2618 2184 2677 avertere
2211 2616 2509 2691 cupientes.
2538 2618 2611 2676 De
2641 2618 2836 2690 quibus
2873 2612 2962 2674 hic
2990 2614 3188 2672 dicitur
3216 2636 3228 2672 :
3263 2612 3415 2670 Beati
3441 2631 3530 2688 qui

1938 2718 2174 2771 esuriant
2205 2728 2251 2770 et
2280 2717 2459 2772 sitiunt
2490 2717 2778 2788 justitiam.
2817 2714 3117 2771 Consilium
3143 2713 3395 2786 congruit
3428 2713 3532 2769 mi-

1939 2805 2325 2874 sericordibus,
2360 2806 2463 2863 hoc
2490 2807 2635 2861 enim
2664 2821 2831 2861 unum
2853 2802 3151 2861 remedium
3171 2813 3255 2859 est
3275 2801 3533 2883 de'tantis

1938 2896 2098 2954 malis
2135 2898 2425 2964 evadendi,
2464 2906 2525 2953 ut
2564 2899 2902 2953 dimittamus
2942 2899 3081 2952 sicut
3123 2895 3283 2952 nobis
3333 2893 3531 2950 dimitti

1938 2990 2212 3055 volumus,
2238 2998 2294 3045 et
2322 2988 2638 3059 adjuvemus
2672 2989 2725 3044 in
2757 3003 2866 3058 quo
2891 3001 3182 3058 possumus
3202 2983 3363 3048 alios,
3392 2982 3533 3038 sicut

1937 3084 1992 3135 et
2030 3094 2131 3134 nos
2161 3078 2213 3134 in
2259 3095 2365 3150 quo
2404 3093 2511 3133 non
2542 3093 2833 3149 possumus
2870 3070 3117 3146 cupimus
3151 3068 3422 3145 adjuvari.
3454 3067 3532 3126 De

1936 3166 2132 3243 quibus
2180 3164 2271 3227 hic
2315 3168 2514 3227 dicitur
2554 3185 2569 3224 :
2617 3166 2771 3227 Beati
2826 3164 3213 3233 misericordes,
3263 3173 3319 3220 et
3372 3163 3527 3234 reliq.

1933 3252 2241 3321 Intellectus
2269 3261 2451 3319 cordis
2494 3261 2743 3334 congruit
2779 3258 2996 3317 mundis
3039 3256 3222 3325 c'orde,
3256 3252 3528 3327 ‘tanquam'

1933 3352 2163 3428 purgato
2188 3355 2365 3422 oculo,
2394 3370 2502 3426 quo
2532 3351 2680 3410 cerni
2709 3352 2883 3425 possit
2904 3346 3049 3424 quod
3072 3364 3365 3422 corporeus
3392 3363 3527 3403 ocu-

1933 3448 2017 3505 lus
2059 3465 2166 3505 nou
2206 3449 2358 3515 vidit,
2391 3464 2492 3504 nec
2517 3447 2665 3503 auris
2696 3442 2922 3513 audivit,
2951 3459 3051 3502 nec
3081 3444 3136 3501 in
3164 3450 3260 3500 cor
3285 3438 3526 3499 heminis

1932 3534 2195 3596 ascendit.
2252 3536 2327 3596 De
2393 3537 2590 3610 quibus
2661 3538 2750 3594 hic
2814 3535 3013 3592 dicitur
3058 3550 3073 3591 :
3120 3530 3274 3588 Beati
3340 3530 3526 3586 mundi

1930 3630 2107 3699 corde,
2140 3638 2194 3687 et
2229 3631 2385 3702 reliq.
2421 3626 2695 3702 Sapientia
2721 3626 2977 3701 congruit
3002 3620 3271 3698 paciﬁcis,
3297 3616 3352 3678 in
3397 3620 3519 3693 qui-

1928 3725 2031 3780 bus
2053 3716 2298 3778 ordinata
2326 3731 2454 3779 sunt
2480 3720 2663 3779 omnia
2683 3764 2696 3788 ,
2733 3720 3020 3791 nullusque
3048 3715 3229 3775 motus
3261 3717 3521 3773 adversus

1928 3816 2194 3872 rationein
2227 3814 2441 3872 rebellis
2470 3823 2573 3883 est,
2607 3814 2702 3871 sed
2730 3823 2924 3871 cuncta
2954 3812 3334 3884 obtemperant
3367 3806 3528 3879 spiri-

1929 3905 2006 3964 tui
2045 3900 2281 3963 hominis
2307 3949 2323 3974 ,
2368 3924 2493 3962 cum
2522 3906 2638 3979 ipse
2664 3904 3007 3975 obtemperat
3046 3898 3178 3959 Deo.
3227 3899 3305 3957 De
3332 3898 3527 3970 quibus

1928 4001 2130 4056 dicitur
2170 4000 2259 4056 hic
2294 4019 2306 4055 :
2344 3996 2494 4054 Beati
2520 3994 2750 4070 paciﬁci.
2784 3995 2963 4055 Unum
3004 4003 3185 4052 autem
3214 3988 3519 4065 praemium,

1926 4093 2071 4167 quod
2099 4096 2183 4152 est
2211 4110 2437 4167 regnum
2481 4090 2742 4150 caelorum
2767 4133 2782 4160 ,
2828 4106 2929 4164 pro
2961 4091 3048 4147 his
3076 4086 3333 4163 gradibus
3370 4084 3521 4141 varie

1925 4186 2267 4245 nominatum
2288 4195 2392 4243 est.

1995 4281 2054 4337 in
2102 4278 2301 4352 primo,
2347 4279 2491 4335 sicut
2535 4276 2842 4350 oportebat,
2882 4282 3121 4347 posrtum
3164 4276 3247 4328 est
3295 4284 3521 4341 regnum

1926 4370 2206 4437 caelorum,
2234 4370 2377 4441 quod
2399 4378 2483 4426 est
2504 4368 2747 4440 perfecta
2774 4367 3041 4440 sapientia
3064 4364 3259 4421 animm
3282 4362 3521 4418 rationa-

1924 4460 2010 4519 lis.
2059 4458 2151 4519 Sic
2183 4464 2366 4534 itaque
2402 4463 2604 4518 dictum
2652 4462 2737 4517 est
2780 4479 2794 4516 :
2840 4459 2994 4516 Beati
3024 4473 3279 4530 pauperes
3311 4454 3521 4525 spiritu,

1922 4556 2173 4628 quoniam
2206 4555 2441 4626 ipsorum
2479 4562 2555 4607 est
2590 4569 2806 4625 regnum
2830 4550 3099 4605 caelorum.
3131 4544 3410 4625 Tanquam
3442 4543 3524 4598 di-

1924 4650 2143 4703 ceretur
2173 4663 2187 4701 :
2221 4645 2444 4700 Initium
2478 4644 2751 4718 sapientia:
2782 4640 2940 4698 timor
2978 4636 3192 4696 Domini
3228 4634 3418 4710 (Eccli.
3454 4632 3516 4706 ι).

1927 4738 2146 4797 Mitibus
2191 4734 2480 4796 hiereditas
2518 4739 2643 4793 data
2672 4745 2791 4801 est,
2834 4732 3092 4803 tanquam
3133 4734 3517 4784 testamentum

1928 4830 2101 4900 patris
2141 4844 2264 4882 cum
2292 4827 2493 4894 pietate
2522 4823 2891 4892 quaerentibus
2924 4837 2937 4873 :
2970 4816 3122 4873 Beati
3161 4816 3345 4881 mites,
3390 4832 3522 4888 quu-

1928 4920 2071 4977 niam
2106 4918 2205 4992 ipsi
2233 4915 2540 4972 Itwreditate
2571 4913 2905 4986 possidebunt
2940 4916 3153 4967 terram.
3188 4904 3521 4982 Lugentibus

1928 5012 2264 5077 consolatio,
2304 5017 2563 5079 tanquam
2597 5006 2896 5063 scientibus
2933 5002 3063 5076 quid
3103 5000 3387 5058 amiSerint
3412 5043 3428 5069 ,
3468 5008 3523 5057 et

1927 5106 2124 5179 quibus
2171 5100 2350 5159 moesti
2390 5098 2525 5176 [Αι.,
2576 5099 2763 5172 mersi]
2812 5099 2921 5154 sint
2962 5116 2974 5151 :
3018 5084 3168 5151 Beati
3212 5096 3303 5166 qui
3345 5092 3523 5165 lugent

1929 5216 2067 5255 nunc
2092 5240 2105 5265 ,
2134 5197 2384 5272 quoniam
2426 5195 2527 5266 ipsi
2571 5192 3000 5249 consolabuntur.
3045 5187 3423 5244 Esurieutibus
3465 5195 3521 5243 et

1929 5283 2241 5339 sitientibus
2273 5284 2528 5341 saturitas
2547 5325 2562 5348 ,
2599 5291 2860 5352 tanquam
2888 5279 3111 5337 refectio
3140 5280 3519 5336 laborantibus

1925 5378 2249 5449 fortiterque
2284 5379 2621 5435 certantibus
2658 5376 2724 5429 ad
2767 5374 2994 5430 salutem
3036 5389 3049 5429 :
3082 5373 3233 5428 Beati
3266 5373 3356 5445 qui
3400 5390 3518 5428 esu-

1925 5468 2068 5525 riunt
2098 5477 2146 5525 et
2172 5469 2355 5525 sitiunt
2374 5468 2639 5541 justitiam
2660 5509 2675 5533 ,
2705 5468 2951 5539 quoniam
2979 5463 3078 5538 ipsi
3114 5465 3513 5520 saturabuntur.

1926 5563 2367 5621 Misericordibus
2410 5558 2812 5627 misericordia,
2861 5565 3119 5631 tanquam
3162 5575 3290 5614 vero
3333 5564 3389 5614 et
3418 5575 3514 5631 op-

1927 5654 2062 5712 timo
2092 5656 2321 5713 consilio‘
2349 5655 2622 5710 utentibus
2640 5694 2655 5719 ,
2690 5661 2751 5708 ut
2777 5653 2881 5708 hoc
2909 5652 2989 5707 eis
3015 5651 3336 5707 exhibentur
3360 5665 3390 5704 a
3413 5667 3511 5719 po-

1927 5753 2181 5817 tentiore,
2219 5750 2359 5822 (mod
2398 5742 2749 5804 inferioribus
2786 5747 3045 5803 exhibent
3078 5762 3090 5801 :
3131 5736 3283 5801 Beati
3309 5742 3518 5798 miseri-

1924 5846 2139 5912 cordes,
2168 5842 2420 5916 quoniam
2450 5842 2685 5912 ipsorum
2714 5838 3061 5895 miserebitur.
3100 5834 3313 5891 Mundis
3347 5831 3512 5887 corde

1923 5932 2157 5993 facultas
2198 5930 2411 5990 videndi
2452 5932 2641 5997 Deum,
2685 5936 2941 6002 tanquam
2968 5926 3165 6000 parum
3193 5923 3409 5981 oculum
3439 5918 3515 5980 ad

1922 6026 2270 6102 intelligenda
2299 6035 2498 6087 aeterna
2529 6025 2843 6101 gerentibus
2876 6043 2889 6083 :
2922 6022 3074 6083 Beati
3108 6019 3290 6077 mandi
3327 6012 3531 6089 corde,
