3914 6448
423 437 526 497 799

1101 441 1160 497 Β.
1199 441 1455 499 RABANI
1489 439 1711 501 MAURI
1748 441 2070 501 ARCHIEP.
2110 441 2422 502 MOGUNT.
2460 444 2751 507 OPERUM
2785 447 2966 510 PARS
2999 451 3044 510 l.

3596 472 3708 529 800

425 560 669 632 {naniam
688 560 790 632 ipsi
809 561 983 616 Deum
1003 563 1270 618 videbunt.
1298 560 1551 619 Paciﬁcis
1575 562 1669 617 Dei
1692 562 2005 656 similitudo,
2035 559 2090 622 A
2113 557 2415 656 CleSia§llca
2467 576 2563 618 οΓθ
2614 565 2932 636 ΡΥοΡῧθιίθο
2986 567 3184 626 diem"
3213 575 3240 628 λε
3287 575 3487 638 omnis
3539 585 3715 656 ειυτίε

424 666 680 724 .anquam
708 652 953 724 perlecte
983 654 1318 725 sapientibus
1344 653 1702 725 formatisque
1723 655 1791 710 ad
1815 655 2011 726 imagi-

421 758 546 799 nem
597 743 693 799 Dei
744 757 846 816 νει·
902 747 1371 818 regenerationem
1419 746 1664 802 renovati
1715 747 1952 802 hominis

421 831 570 888 Beati
597 835 842 906 paciﬁci,
873 838 1124 910 quoniam
1151 838 1251 910 ipsi
1289 837 1390 907 ﬁlii
1428 837 1528 893 Dei
1558 837 1899 894 vocabuntur.
1946 839 2014 894 Et

420 929 521 978 ista
565 923 790 993 quridem
828 929 886 984 in
937 929 1042 985 hac
1089 929 1202 984 vita
1255 939 1484 1000 possunt
1541 931 1821 1002 compleri,
1873 931 2015 987 sicut

418 1011 688 1090 completa
716 1035 838 1078 esse
865 1022 921 1077 in
945 1023 1208 1092 apostolis
1229 1025 1521 1081 credimus.
1554 1023 1692 1080 Nam
1725 1025 1815 1081 illa
1839 1026 2014 1081 omni-

416 1113 578 1168 moda
623 1113 678 1168 in
725 1115 1097 1186 evangelicum
1145 1115 1380 1172 formam
1428 1117 1679 1183 mutatio,
1732 1135 1856 1189 quae
1889 1127 2014 1191 post

415 1211 560 1260 hanc
599 1205 770 1261 vitam
809 1207 1170 1277 promittitur,
1206 1207 1371 1263 nullis
1423 1209 1606 1266 verbis
1648 1211 1880 1280 exprimi
1923 1227 2017 1281 po-

418 1302 541 1351 test.
566 1294 731 1355 ',Beati
783 1314 905 1369 ergo
931 1299 1022 1370 qui
1058 1301 1467 1370 persecutionem
1506 1304 1781 1372 patiuntur
1805 1312 2015 1376 prapter

414 1386 700 1454 justitiam,
721 1391 971 1458 quoniam
999 1391 1236 1462 ipsorum
1255 1401 1329 1447 est
1347 1410 1562 1465 regnum
1587 1395 1855 1451 caelorum.
1887 1397 2014 1453 Haec

418 1485 615 1532 octava
649 1480 920 1534 sententia
938 1521 954 1546 ,
981 1497 1104 1552 quae
1127 1483 1195 1537 ad
1220 1495 1385 1553 caput
1409 1485 1570 1550 redit,
1602 1486 2012 1558 perfectumque

415 1569 693 1626 hominem
738 1571 1010 1640 declarat,
1050 1575 1322 1647 signiﬁcat
1358 1576 1589 1634 fortasse
1630 1589 1686 1635 et
1730 1581 2014 1638 circumci-

416 1659 650 1729 siouem,
676 1671 869 1720 octava
895 1666 982 1721 die
1013 1667 1066 1722 in
1101 1669 1280 1724 Veteri
1309 1671 1680 1739 Testamento,
1713 1683 1768 1729 et
1797 1675 2014 1731 Domini

417 1756 878 1814 resurrectionem
907 1769 1033 1831 post
1061 1762 1370 1830 sabbatum,
1409 1765 1502 1835 qui
1533 1775 1616 1822 est
1643 1768 1831 1838 utique
1860 1778 2013 1824 octa—

415 1859 515 1900 vus
544 1846 678 1914 dies,
721 1849 974 1923 idemque
1003 1855 1212 1925 primus
1245 1856 1361 1912 dies
1385 1867 1443 1914 et
1469 1859 1838 1918 celebratione
1859 1871 2012 1918 octa-

2116 649 2239 720 ejus
2274 651 2398 707 ﬁlia:
2446 669 2637 725 regum
2683 656 2750 712 ab
2793 659 2959 714 intus.
2988 659 3125 716 Nam
3154 667 3502 729 extrinsecus
3543 649 3718 731 vinale.

1993 764 2057 832 ;.
2117 742 2280 810 dicta,
2334 752 2390 800 et
2424 749 2854 819 persecutiones,
2895 761 2952 808 et
3001 755 3422 820 detrectationes
3485 773 3719 838 promit-

2116 844 2326 904 tuntur,
2353 839 2422 896 de
2451 842 2650 912 quibus
2680 853 2866 902 tamen
2891 863 3088 921 magna
3109 869 3328 913 merces
3348 859 3406 915 in
3426 862 3592 920 cretis
3611 879 3713 922 est.

2117 926 2246 995 Quae
2276 931 2586 989 sentiuntur
2620 937 2673 991 in
2703 939 2866 995 corde
2893 943 3217 1012 patientium
3252 965 3450 1008 eorum
3489 959 3588 1026 qui
3605 960 3716 1029 jam

2116 1031 2342 1088 possunt
2368 1024 2553 1080 dicere
2576 1046 2587 1080 :
2609 1025 2914 1087 Gloriamur
2931 1034 2987 1090 in
3013 1038 3468 1113 tribulationibus,
3495 1024 3717 1107 scientes

2114 1114 2255 1181 quod
2287 1115 2554 1172 tribulatio
2585 1119 3203 1200 patientiam'operatur,
3236 1138 3506 1206 patientia
3544 1156 3714 1200 autem

2113 1208 2493 1280 probationem,
2519 1215 2757 1285 probatio
2784 1236 2900 1274 vero
2922 1239 3084 1293 spem,
3109 1243 3224 1297 spes
3249 1241 3432 1286 autem
3458 1253 3572 1290 non
3598 1255 3716 1293 con-

2115 1298 2312 1368 fundit,
2325 1305 2450 1374 quia
2470 1306 2700 1364 charitas
2719 1310 2817 1365 Dei
2829 1313 3025 1383 diffusa
3041 1328 3116 1372 est
3138 1321 3192 1375 in
3218 1324 3476 1381 cordibus
3502 1335 3711 1398 nostris,

2113 1411 2206 1464 per
2218 1393 2472 1466 Spiritum
2488 1412 2748 1470 sanctum,
2764 1407 3032 1477 qui-datus
3049 1423 3123 1467 est
3138 1415 3286 1471 nobis
3302 1417 3490 1490 (Rom.
3509 1425 3590 1494 v).
3607 1424 3714 1482 Non

2115 1473 2261 1544 enim
2285 1491 2386 1546 ista
2405 1499 2619 1566 perpeti
2641 1497 2978 1560 fructuosum
3002 1517 3108 1574 est,
3135 1512 3231 1566 sed
3256 1513 3361 1569 ista
3379 1533 3486 1587 pro
3519 1518 3713 1579 Christi

2115 1585 2456 1643 nomine‘non
2468 1591 2641 1647 solum
2655 1611 2810 1666 :equo
2824 1600 3026 1666 animo,
3043 1607 3138 1659 sed
3152 1607 3319 1663 etiam
3333 1626 3470 1666 cum
3485 1619 3718 1671 exsulta-

2115 1675 2261 1730 tione
2285 1677 2541 1736 tolerare.
2567 1682 2702 1739 Nam
2721 1688 2874 1744 multi
2896 1691 3138 1751 lueretici
3157 1700 3384 1755 nomine
3402 1701 3717 1764 Christiano

2116 1768 2326 1824 animas
2357 1771 2706 1844 decipientes,
2740 1781 2911 1838 multa
2945 1785 3072 1842 talia
3101 1791 3395 1859 patiuntur
3417 1836 3433 1861 ,
3471 1799 3575 1852 sed
3611 1800 3719 1855 ideo

2115 1860 2475 1920 excluduntur
2513 1869 2582 1923 ab
2619 1870 2720 1927 ista
2751 1879 3022 1944 mercede,
3054 1883 3197 1950 quod
3234 1900 3348 1940 non
3399 1887 3620 1945 dictum
3649 1905 3722 1948 est

415 1951 607 1994 varum
632 1940 910 2010 feriarum,
943 1961 1081 2016 quas
1104 1948 1160 2003 in
1184 1952 1602 2021 regeneratione
1627 1955 1750 2010 novi
1775 1957 2011 2039 hominis
2039 1936 2088 1996 Β
2117 1964 2327 2011 tantum
2353 1977 2364 2012 ε
2391 1959 2542 2017 Beati
2562 1967 2652 2035 qui
2676 1971 3088 2036 persecutionem
3109 1978 3418 2046 ραεὶειηηιν,
3448 1984 3552 2038 Sed
3578 1985 3720 2041 addi-

411 2029 772 2101 celebramus,
797 2044 852 2090 et
878 2052 1106 2094 numero
1130 2040 1248 2110 ipso
1269 2041 1640 2100 Pentecostes.
1668 2045 1803 2102 Nam
1835 2029 2012 2118 septe-

411 2123 568 2178 nario
611 2141 840 2184 numero
883 2133 1086 2202 septies
1121 2135 1501 2206 multiplicato,
1549 2154 1657 2209 quo
1694 2140 1832 2196 fiunt
1869 2159 2008 2212 qua—

411 2214 662 2288 draginta
687 2236 911 2290 novem,
946 2227 1104 2296 quasi
1129 2237 1357 2285 octavus
1387 2231 1624 2299 additur,
1654 2241 1714 2288 ut
1743 2237 2011 2306 quinqua-

409 2305 559 2378 ginta
599 2312 1003 2383 compleantur,
1035 2326 1090 2373 et
1121 2327 1379 2391 tanquam
1421 2324 1677 2380 redeatur
1705 2305 1775 2382 ad
1811 2305 2003 2400 caput;

410 2409 518 2465 quo
543 2399 630 2456 die
660 2403 861 2460 missus
896 2416 982 2462 est
1017 2407 1256 2480 Spiritus
1280 2423 1525 2483 sanctus,
1555 2431 1664 2487 quo
1693 2420 1748 2474 in
1780 2437 2006 2493 regnum

410 2487 677 2546 caelorum
721 2494 991 2566 ducimur,
1019 2509 1076 2556 et
1120 2503 1497 2562 haereditatem
1530 2510 1848 2581 accipimus,
1878 2531 2009 2572 cou-

408 2578 670 2650 solamur,
700 2593 754 2639 et
778 2590 1077 2661 pascimur,
1101 2603 1156 2648 et
1179 2596 1616 2656 misericordiam
1645 2605 2002 2676 assequimur,

405 2678 462 2724 et
491 2675 837 2747 mundamur,
865 2691 920 2738 et
946 2685 1304 2756 pacificamur
1325 2731 1341 2757 ,
1379 2701 1543 2762 atque
1573 2695 1648 2750 ita
1674 2701 2007 2766 persecutio-

405 2773 503 2814 nes
533 2765 875 2826 extrinsecus
903 2788 1000 2842 per
1039 2775 1218 2834 illatas
1254 2782 1536 2840 molestias
1563 2801 1664 2857 pro
1677 2765 1922 2849 veritate
1949 2801 2004 2850 et

396 2849 608 2919 justitia
634 2859 985 2920 sustinemus.

472 2942 626 3002 Beati
651 2952 774 3008 estis
800 2973 920 3012 cum
949 2976 1038 3016 vos
1068 2963 1440 3024 maledixerint
1463 2972 1730 3042 homines,
1756 2985 1807 3031 et
1827 2994 2002 3048 perse-

401 3035 512 3088 cuti
548 3053 638 3093 vos
671 3040 905 3114 fuerint,
943 3058 991 3104 et
1024 3051 1254 3111 dixerint
1301 3075 1453 3115 omne
1491 3063 1691 3119 malum
1724 3067 2002 3126 adversum

400 3144 511 3196 vos,
539 3137 866 3207 mentientes,
896 3157 1110 3217 prapter
1128 3167 1228 3204 me.
1257 3150 1440 3228 (Aug.)
1468 3155 1790 3229 Superiores
1819 3174 2000 3223 autem

398 3225 698 3282 sententias
746 3235 1076 3302 generaliter
1121 3225 1432 3311 degerebat.
1468 3225 1585 3305 Non
1623 3255 1770 3309 enim
1813 3257 1994 3314 dixit:

395 3309 548 3368 Beati
579 3334 837 3392 pauperes
861 3327 1074 3398 spiritu,
1106 3336 1362 3403 quoniam
1388 3349 1630 3398 vestrum
1658 3355 1742 3400 est
1770 3362 1996 3420 regnum

396 3406 659 3467 caelorum
680 3453 695 3480 ,
733 3419 826 3473 sed
858 3423 1112 3491 quoniam
1143 3428 1377 3496 ipsorum
1406 3443 1514 3500 est,
1552 3435 1748 3506 inquit,
1781 3457 1998 3512 regnum

395 3499 684 3570 caelorum;
717 3521 894 3580 neque
921 3531 934 3567 :
962 3513 1117 3571 Beati
1141 3521 1313 3589 mites,
1348 3526 1605 3595 quoniam
1634 3545 1730 3586 vos
1750 3534 1998 3602 posside-

393 3588 522 3647 bilis
555 3601 758 3653 terram
778 3641 812 3682 ,_
835 3605 929 3660 sed
956 3610 1206 3677 quoniam
1241 3614 1342 3684 ipsi
1380 3621 1719 3688 possidebunt
1761 3635 1993 3696 terram;

391 3689 446 3737 et
493 3683 568 3739 ita
613 3698 827 3759 caetera,
868 3712 1041 3770 usque
1082 3704 1150 3758 ad
1197 3683 1450 3766 octavam
1481 3717 1809 3773 sententiam
1835 3759 1850 3786 ,
1899 3722 1994 3778 ubi

389 3775 466 3830 ait
499 3797 512 3832 :
549 3778 704 3838 Beati
732 3790 824 3857 qui
860 3799 1270 3863 persecutionem
1296 3807 1573 3875 patiuntur
1599 3823 1811 3884 propter
1825 3815 1994 3887 justi-

1296 3865 1306 3875 .
1599 3865 1610 3882 .
1672 3865 1717 3884 τ

388 3865 537 3938 tiam,
568 3877 820 3942 quoniam
849 3883 1083 3953 ipsorum
1105 3899 1181 3943 est
1214 3909 1429 3964 regnum
1462 3899 1733 3958 caelorum.

454 3961 586 4067 inde
609 3965 724 4036 jam
750 3971 941 4046 incipit
971 3979 1117 4052 loqui
1147 3961 1447 4055 praesentes
1477 3997 1826 4067 compellans,
1863 4018 1987 4058 cum

381 4059 438 4108 et
474 4054 565 4111 illa
598 4073 721 4128 quae
743 4064 918 4135 :supra
958 4072 1101 4128 dicta
1128 4054 1255 4133 sunt
1294 4082 1362 4137 ad
1403 4100 1496 4142 eos
1527 4054 1692 4144 etiam
1730 4094 1821 4162 qui
1849 4111 1988 4165 pra:-

384 4155 568 4203 sentes
600 4153 928 4226 audiebant,
957 4172 1012 4218 et
1038 4166 1154 4223 haec
1182 4181 1392 4247 postea,
1424 4192 1545 4246 qua:
1571 4153 1827 4240 videnlur
1849 4153 1988 4258 prte-

382 4240 630 4298 sentibus
666 4249 973 4316 specialiter
1017 4258 1145 4327 dici,
1187 4240 1501 4332 pertineant
1535 4273 1700 4328 etiam
1746 4277 1813 4331 ad
1849 4240 1986 4337 [illos

385 4331 478 4399 qui
507 4331 763 4394 absentes
789 4343 872 4397 vel
893 4356 1017 4414 post
1045 4331 1211 4408 futuri
1243 4367 1420 4412 erant.
1453 4359 1559 4416 Sed
1584 4362 1707 4419 ideo
1737 4378 1985 4439 apostro-

379 4423 522 4491 phen
547 4426 679 4484 facit
701 4433 769 4489 ad
798 4450 892 4492 eos
915 4441 1112 4510 quibus
1137 4449 1447 4518 specialiter
1468 4453 1681 4514 locutus
1707 4423 1810 4528 esi,
1835 4479 1979 4535 prae-

1164 4515 1183 4518 -
1749 4515 1759 4516 ί
1779 4515 1810 4528 νι
1835 4515 1890 4535 r‘
1905 4515 1946 4520 ’-

380 4515 568 4575 dicens
596 4522 677 4579 eis
705 4533 1114 4612 persecutiones
1143 4553 1282 4610 quas
1308 4557 1408 4614 pro
1446 4550 1667 4606 nomine
1701 4551 1820 4622 ejus
1845 4571 1976 4627 pas-

378 4613 490 4666 suri
529 4627 708 4684 erant,
745 4623 872 4693 quia
904 4627 1226 4701 dignitatem
1255 4613 1455 4708 gradus
1493 4659 1683 4700 eorum
1710 4647 1818 4704 illis
1849 4649 1978 4705 inti-

376 4717 525 4758 mare
554 4705 786 4772 volebat,
818 4715 898 4764 sal
927 4726 1088 4771 terrae
1113 4733 1168 4774 et.
1192 4705 1282 4781 Ιιιιξ
1307 4733 1494 4787 mundi
1520 4734 1640 4791 illos
1667 4739 1970 4810 appellans,

376 4803 434 4846 ut
464 4808 530 4848 ex
558 4797 807 4857 tristibus
837 4803 1224 4877 humilitatem,
1252 4822 1306 4868 ct
1345 4831 1411 4870 ex
1455 4819 1594 4875 laetis
1637 4797 1974 4886 consolatio:-

374 4902 500 4940 nem
526 4891 873 4962 perciperent
905 4915 917 4950 :
947 4897 1121 4964 Beati,
1162 4903 1358 4974 inquit,
1412 4913 1535 4966 estis
1571 4930 1689 4969 cum
1723 4934 1810 4973 vos
1848 4922 1971 4977 ode-

373 4980 498 5045 rint,
555 4991 605 5037 et
652 4991 911 5056 persecuti
959 5009 1048 5047 vos
1098 4994 1294 5066 fuerint
1344 5001 1602 5075 homines,
1644 5020 1693 5065 et
1739 5013 1969 5072 dixerint

370 5085 520 5126 omne
555 5075 755 5131 malum
785 5081 1034 5138 adversus
1059 5103 1182 5154 vos,
1213 5094 1531 5153 mentientes.
1570 5099 1704 5159 Illud
1738 5107 1965 5163 maledi-

368 5169 515 5218 ctum
537 5175 995 5232 contemnendum
1015 5188 1118 5247 est,
1142 5190 1196 5237 et
1216 5184 1607 5246 beatitudinem
1624 5204 1795 5260 creat,
1821 5201 1966 5265 quod

369 5254 504 5310 falso
530 5260 902 5324 maledicentis
932 5285 1027 5327 ore
1051 5273 1346 5344 profertur.

439 5349 592 5406 Unde
624 5363 679 5409 et
716 5361 1030 5428 specialiter
1060 5367 1316 5426 definitur
1354 5387 1474 5442 quae
1501 5383 1583 5430 est
1609 5375 1767 5432 beata
1796 5388 1963 5433 male-

364 5442 550 5513 dictio,
586 5463 745 5508 omne
767 5455 952 5515 dicens
981 5463 1328 5523 maledictum
1360 5470 1638 5527 adversum
1666 5491 1776 5539 vos,
1816 5493 1961 5532 men-

363 5535 579 5606 tientes,
625 5555 835 5616 propter
866 5569 964 5608 me.
1012 5555 1198 5630 (Aug.)
1251 5559 1352 5617 Ubi
1401 5564 1546 5620 enim
1599 5535 1848 5624 Christus
1898 5570 1954 5627 in

361 5646 530 5688 causa
583 5646 696 5706 est,
745 5641 818 5698 ibi
872 5651 1108 5717 optanda
1165 5653 1496 5713 maledictio.
1540 5657 1960 5719 Animadvertat

360 5725 606 5798 quisquis
651 5732 874 5792 delicias
923 5738 1084 5809 hujus
1136 5747 1315 5802 saeculi
1347 5758 1402 5822 et
1435 5749 1722 5809 facultates
1770 5771 1952 5813 rerum

362 5824 740 5889 temporalium
766 5831 991 5900 quaerit,
1020 5833 1077 5889 in
1108 5839 1327 5896 nomine
1349 5840 1664 5902 Christiano
1696 5847 1954 5906 intrinse-

359 5927 456 5971 cus
481 5929 602 5975 esse
635 5921 1030 5984 beatitudinem
1062 5939 1328 6000 nostram,
1361 5933 1502 5991 sicut
1540 5939 1606 5996 de
1635 5941 1819 5998 anima
1845 5943 1970 6026 Ec-._

2113 2058 2226 2104 tum
2252 2063 2336 2107 est
2366 2067 2578 2126 propter
2609 2060 2901 2130 justitiam.
2938 2065 3039 2122 Ubi
3066 2079 3248 2126 autem
3277 2089 3420 2129 sana
3450 2076 3597 2134 fides
3624 2096 3720 2136 non

2111 2150 2212 2206 est,
2237 2159 2344 2199 non
2367 2155 2546 2216 potest
2574 2165 2695 2207 esse
2706 2153 2936 2224 justitia,
2963 2161 3087 2228 quia
3108 2161 3294 2230 justus
3321 2181 3396 2222 ex
3432 2167 3549 2226 fide
3581 2174 3716 2229 vivit.

2111 2232 2295 2304 Neque
2337 2240 2669 2298 schismatici
2701 2246 2903 2318 aliquid
2933 2252 3036 2307 sibi
3066 2270 3133 2309 ex
3171 2256 3276 2312 ista
3311 2263 3588 2319 mercede
3608 2281 3720 2335 pro-

2109 2330 2331 2386 mittant
2360 2348 2374 2387 :
2407 2336 2536 2404 quia
2586 2339 2837 2396 similiter
2880 2344 2972 2399 ubi
3015 2348 3253 2407 charitas
3286 2369 3402 2409 non
3435 2366 3528 2412 est
3557 2401 3574 2425 ,
3608 2330 3717 2416 bo

2107 2430 2284 2491 potest
2336 2441 2456 2482 esse
2493 2427 2725 2497 justitia.
2775 2434 3002 2493 Dilectio
3045 2443 3190 2498 enim
3227 2449 3480 2516 proximi
3527 2453 3715 2509 πιαιη

2108 2533 2212 2571 ηοη
2250 2531 2540 2591 operatur,
2577 2541 2744 2595 quam
2793 2531 2839 2585 si
2891 2532 3157 2593 haberent
3215 2555 3329 2596 non
3389 2543 3718 2603 dilaniarent

2107 2624 2303 2681 corpus
2332 2612 2558 2683 Christi,
2589 2620 2734 2689 quod
2765 2628 2850 2676 est
2876 2622 3143 2684 Ecclesia.
3193 2628 3380 2698 Queri
3417 2647 3611 2694 autem
3635 2655 3717 2710 po-

2109 2709 2213 2758 test
2244 2706 2373 2774 quid
2399 2706 2636 2775 intersit,
2668 2713 2813 2783 quod
2839 2715 2941 2782 ait,
2987 2716 3122 2775 Cum
3153 2722 3312 2779 vobis
3338 2706 3680 2785 maledicent
3701 2774 3715 2796 ,

2105 2804 2160 2850 et
2184 2796 2365 2854 dicent
2392 2816 2552 2857 omne
2595 2805 2797 2861 malum
2829 2810 3119 2867 adversum
3159 2829 3282 2882 vos,
3327 2833 3468 2874 cum
3495 2823 3716 2878 maledi-

2105 2902 2250 2955 cere,
2290 2892 2393 2947 hoc
2422 2893 2495 2948 sit
2521 2895 2722 2952 malum
2763 2899 2961 2957 dicere.
3001 2901 3112 2961 Sed
3146 2906 3312 2964 aliter
3359 2912 3713 2971 maledictum

2097 2977 2339 3049 jactatur
2366 3000 2489 3041 cum
2520 2992 2847 3048 contumelia
2875 3010 3062 3053 coram
3094 2997 3190 3056 illo
3216 3003 3307 3058 cui
3339 3005 3713 3074 maledic-itur,

2103 3073 2243 3128 sicut
2276 3075 2506 3134 Domino
2549 3091 2736 3138 nostro
2766 3086 2969 3143 dictum
3001 3099 3087 3147 est
3122 3111 3136 3148 :
3172 3092 3372 3153 Nonne
3420 3117 3609 3156 verum
3635 3105 3712 3157 di-

2102 3165 2299 3234 cimus,
2348 3170 2473 3240 quia
2521 3170 2891 3234 Samaritanus
2933 3197 2986 3237 es
3015 3224 3030 3250 ,
3078 3195 3130 3240 et
3173 3187 3509 3247 dwmonium
3560 3196 3713 3252 habes

2105 3254 2288 3327 (Joan.
2320 3261 2441 3336 vm)
2469 3265 2492 3318 ?
2517 3265 2676 3322 aliter
2703 3285 2826 3326 cum
2854 3272 3096 3332 absentis
3126 3276 3270 3336 fama
3297 3282 3542 3350 laeditur,
3577 3288 3714 3344 sicut

2103 3347 2169 3401 de
2196 3348 2290 3405 illo
2319 3351 2446 3407 item
2477 3357 2737 3414 scribitur
2767 3381 2780 3416 :
2811 3363 2918 3418 Alii
2960 3366 3201 3423 dicebant
3228 3389 3246 3426 :
3281 3373 3429 3439 Quia
3458 3347 3710 3449 propheta

2099 3450 2215 3506 est;
2259 3443 2354 3497 alii
2377 3446 2616 3504 dicebant
2646 3465 2664 3504 :
2695 3452 2841 3522 Non,
2872 3459 2964 3511 sed
2999 3461 3203 3515 seducit
3229 3443 3496 3536 papulum
3524 3443 3704 3540 (λου.

2098 3532 2216 3605 vu).
2240 3533 2499 3610 Persequi
2528 3550 2729 3613 autem,
2759 3557 2844 3603 est
2871 3549 2980 3605 vim
3005 3552 3208 3611 inferre
3234 3558 3323 3613 vel
3359 3560 3584 3620 insidiis
3621 3580 3707 3637 ap-

2096 3634 2301 3696 petere.
2335 3628 2490 3697 Quod
2529 3632 2702 3704 fecit,
2746 3640 2840 3709 qui
2882 3656 3005 3697 eum
3055 3647 3324 3716 tradidit,
3363 3659 3422 3706 et
3454 3655 3551 3723 qui
3589 3628 3706 3712 cuin

2097 3724 2510 3783 crucifixerunt.
2544 3730 2684 3798 Quid
2732 3743 2818 3790 est
2865 3752 2996 3794 sane
3025 3781 3040 3807 ,
3093 3743 3238 3812 quod
3265 3745 3438 3800 etiam
3466 3748 3572 3803 hoc
3602 3766 3705 3805 non

2094 3823 2180 3870 est
2207 3817 2384 3874 solum
2413 3823 2648 3891 positum
2679 3867 2693 3892 ,
2741 3835 2802 3881 ut
2848 3829 3124 3888 diceretur
3159 3852 3172 3888 :
3217 3834 3288 3890 Et
3327 3838 3509 3893 dicent
3554 3859 3705 3896 omne

2095 3905 2292 3962 malum
2322 3910 2598 3968 adversum
2624 3932 2732 3983 vos,
2766 3919 2860 3974 sed
2890 3921 3135 3978 additum
3183 3929 3495 3984 mentientes
3550 3931 3704 3986 addi-

2094 4006 2209 4053 tum
2248 4001 2414 4057 etiam
2457 4018 2669 4077 propter
2701 4011 2823 4064 me?
2871 4011 3104 4085 Propter
3143 4033 3238 4074 eos
3284 4022 3530 4078 additum
3581 4040 3706 4081 esse

2090 4100 2220 4160 puto
2249 4094 2340 4163 qui
2370 4096 2558 4153 volunt
2592 4100 2658 4156 de
2692 4107 3160 4172 persecutionibus
3194 4123 3249 4167 et
3276 4113 3346 4172 dc
3392 4114 3553 4170 famae
3595 4133 3705 4173 sua:

2090 4186 2424 4254 turpitudine
2440 4191 2682 4263 gloriari,
2699 4204 2753 4252 et
2769 4197 2889 4254 ideo
2906 4201 3086 4258 dicere
3101 4206 3169 4259 ad
3182 4221 3240 4261 se
3256 4208 3537 4277 pertinere
3548 4209 3706 4266 Chri-

2088 4285 2253 4345 stum,
2287 4283 2412 4352 quia
2445 4286 2615 4343 multa
2645 4290 2712 4346 de
2740 4291 2845 4349 illis
2871 4295 3129 4353 dicuntur
3154 4300 3296 4356 mala
3330 4319 3457 4358 cum
3489 4314 3544 4360 et
3566 4322 3700 4363 vera

2087 4369 2358 4440 dicantur,
2387 4379 2603 4445 quando
2633 4389 2688 4436 ct
2713 4383 2779 4438 de
2803 4383 3016 4441 illorum
3049 4404 3236 4446 errore
3261 4393 3523 4452 dicuntur
3547 4439 3561 4463 ,
3597 4399 3701 4455 etsi

2085 4459 2376 4532 aliquando
2403 4469 2567 4526 etiam
2597 4475 2858 4531 nonnulla
2905 4477 3041 4535 falsa
3085 4483 3369 4554 jactantur
3413 4459 3586 4559 (quod
3618 4503 3699 4547 te.-

2083 4553 2333 4610 meritate
2364 4557 2644 4616 hominum
2685 4564 3005 4640 plerumque
3052 4553 3272 4646 aocidit)
3300 4617 3314 4642 ,
3360 4553 3474 4633 non
3506 4589 3695 4638 tamen

2081 4657 2305 4717 propter
2343 4649 2624 4709 Christum
2668 4657 2772 4714 ista
2812 4662 3117 4730 patiuntur.
3157 4666 3275 4730 Non
3323 4670 3476 4726 enim
3530 4672 3696 4730 Chri-

2080 4748 2223 4795 stum
2255 4745 2521 4815 sequitur,
2576 4751 2670 4820 qui
2721 4769 2827 4808 non
2877 4759 3179 4816 secundum
3208 4778 3398 4820 veram
3429 4766 3597 4822 ﬁdem
3641 4778 3695 4823 et

2079 4835 2404 4894 catholicam
2434 4841 2776 4913 disciplinam
2797 4847 3143 4910 Christianus
3179 4869 3422 4913 vocatur.

2150 4926 2384 4986 Gaudete
2413 4943 2460 4987 et
2477 4937 2754 5004 eafsultate,
2777 4944 3029 5012 quoniam
3055 4964 3253 5004 merces
3281 4961 3454 5005 vestra
3469 4955 3690 5025 copiosa

2074 5028 2150 5073 est
2173 5021 2227 5074 in
2255 5021 2414 5078 caelis.
2445 5025 2630 5101 (Aug.)
2663 5029 2782 5086 Non
2811 5034 2900 5089 hic
2927 5037 3096 5094 ccelos
3123 5039 3231 5096 dici
3270 5025 3404 5109 puto
3436 5021 3691 5115 superio-

2073 5125 2163 5166 res
2187 5123 2371 5182 partes
2419 5116 2580 5188 hujus
2615 5121 2845 5180 visibilis
2877 5129 3087 5178 mundi.
3131 5123 3250 5183 Non
3293 5132 3440 5186 enim
3471 5151 3691 5194 merces

2070 5212 2281 5264 nostra,
2313 5216 2434 5268 qua:
2456 5211 2781 5262 inconcussa
2817 5219 2873 5265 et
2897 5220 3101 5271 aeterna
3131 5234 3252 5277 esse
3288 5222 3476 5292 debet,
3513 5230 3572 5287 in
3605 5248 3687 5287 re-

2067 5287 2170 5344 bus
2199 5290 2522 5351 volubilibus
2556 5306 2612 5353 ct
2649 5307 2996 5373 temporariis
3049 5311 3360 5374 collocanda
3409 5287 3542 5391 est;
3588 5326 3685 5382 sed

2063 5384 2119 5436 in
2153 5384 2293 5439 caelis
2323 5386 2525 5443 dictum
2555 5400 2686 5462 puto
2715 5396 2770 5450 in
2802 5399 3138 5470 spiritalibus
3161 5384 3558 5484 firmamentis,
3583 5420 3675 5474 ubi

2066 5474 2277 5532 habitat
2297 5483 2629 5552 sempiterna
2655 5485 2886 5556 justitia.
2913 5493 2972 5549 In
2996 5513 3230 5568 quorum
3255 5474 3677 5579 comparatione

2074 5579 2219 5627 terra
2243 5574 2443 5631 dicitur
2474 5580 2653 5637 anima
2681 5584 2884 5655 iniqua,
2916 5591 2999 5645 cui
3033 5598 3277 5663 peccanti
3305 5599 3516 5658 dictum
3541 5617 3628 5660 est
3655 5625 3669 5660 :

2075 5661 2239 5720 Terra
2291 5683 2367 5732 es,
2399 5677 2448 5722 et
2470 5670 2524 5723 in
2554 5681 2747 5728 terram
2776 5677 2874 5733 ibis
2906 5661 3058 5752 (Gen.
3088 5685 3191 5757 ιιι).
3243 5687 3320 5743 De
3372 5691 3460 5748 his
3509 5694 3674 5751 caalis

2069 5755 2198 5811 dicit
2226 5757 2514 5828 Apostolus
2541 5782 2553 5817 :
2589 5763 2852 5830 Quoniam
2896 5779 3218 5832 conversatio
3262 5785 3530 5838 nostrain
3555 5803 3670 5841 car-

2067 5849 2133 5903 lis
2161 5859 2235 5904 est
2267 5849 2486 5924 (Philip.
2534 5855 2638 5927 ιιι).
2672 5857 2923 5919 Sentiunt
2966 5865 3080 5936 jam
3107 5882 3238 5942 ergo
3260 5873 3420 5929 istam
3444 5892 3671 5933 merce-

2066 5943 2208 6010 dem,
2236 5945 2328 6014 qui
2380 5947 2618 6016 gaudent
2649 5952 2982 6023 spiritalibus
3030 5961 3207 6020 bonis.
3265 5964 3371 6023 Sed
3399 5983 3466 6024 ex
3499 5970 3670 6028 omni
