3914 6460
163 361 271 417 801

1159 353 1510 414 COMMENT.
1550 357 1620 414 IN
1657 351 2096 414 ΜΑΤΤΗᾸΞΠΜ.
2134 353 2206 399 ὲ-
2243 357 2373 416 LlB.
2409 357 2475 414 II.

3355 362 3463 422 809

162 485 330 549 parte
375 469 715 545 perﬁcietur,
766 483 894 528 cum
922 467 1091 528 etiam
1123 469 1229 530 hoc
1257 472 1489 530 mortale
1532 471 1770 530 induerit
1792 472 1847 536 Α
1871 468 2015 543 Ergo
2041 470 2108 526 ad
2135 469 2366 526 nihilum
2392 469 2540 527 valet
2567 468 2647 527 sal
2676 468 3029 538 infamatum,
3055 469 3163 530 nisi
3181 477 3245 530 ut
3270 473 3455 531 mitta-

167 569 666 627 immortalitatem.

247 683 522 758 (Ilieron.)
561 681 756 740 Nescio
787 683 911 755 quis
937 684 1041 740 hoc
1065 692 1310 741 nostrum
1356 685 1531 757 possit
1576 684 1768 756 imple-

169 793 254 843 re,
287 785 348 831 ut
373 777 641 832 laceretur
661 775 967 847 opprobriis
993 776 1135 832 fama
1154 784 1362 844 nostra,
1395 788 1560 833 etnos
1585 777 1766 832 exsul-

170 877 356 924 temus
383 869 439 923 in
466 869 713 925 Domino.
761 867 896 934 Hoc,
925 869 1018 940 qui
1039 885 1235 925 vanam
1269 878 1512 927 sectatur
1536 870 1766 942 gloriam

172 960 404 1030 implere
431 976 542 1015 non
580 968 776 1031 potest.
811 959 1064 1018 Gaudere
1094 962 1259 1032 igitur
1280 970 1334 1018 et
1360 963 1633 1018 exsultare
1668 962 1764 1018 de-

171 1051 390 1116 bemus,
426 1060 487 1106 ut
543 1068 751 1108 merces
795 1053 952 1108 nobis
991 1053 1044 1112 in
1076 1053 1228 1110 caelis
1255 1063 1609 1125 praeparetur.
1641 1052 1766 1108 Ele-

173 1151 371 1211 ganter
397 1143 450 1197 in
478 1144 711 1214 quodam
739 1144 1014 1201 volumine
1065 1146 1329 1216 scriptum
1381 1145 1609 1216 legimus
1637 1164 1648 1199 :
1683 1145 1766 1199 Ne

171 1251 387 1306 quwras
449 1235 697 1307 gloriam,
749 1248 797 1293 et
853 1255 960 1293 non
1013 1238 1210 1295 dolebis
1265 1257 1383 1295 cum
1447 1239 1765 1313 ingloriosus

172 1327 361 1396 fueris.

248 1445 340 1500 Sic
391 1463 529 1502 enim
584 1449 841 1518 persecuti
898 1457 1019 1503 sunt
1065 1449 1362 1520 prophetas,
1419 1450 1507 1520 qui
1553 1449 1765 1519 fuerunt

170 1552 295 1593 ante
330 1556 436 1594 vos.
467 1539 650 1612 (Aug.)
678 1540 832 1596 Nunc
856 1542 1289 1613 persecutionem
1319 1542 1644 1613 generaliter
1669 1557 1767 1613 po-

171 1630 305 1694 suit,
339 1638 393 1684 ct
422 1631 478 1685 in
535 1631 864 1699 maledictis,
895 1633 1025 1688 etin
1056 1633 1444 1690 dilaceratione
1476 1631 1672 1700 famae;
1713 1639 1768 1688 et

173 1721 313 1776 bene
369 1724 616 1794 exemplo
669 1724 990 1781 adhortatus
1040 1734 1144 1793 est,
1178 1727 1303 1797 quia
1343 1742 1474 1782 vera
1523 1727 1768 1782 dicentes

171 1814 348 1868 solent
375 1818 807 1886 persecutionem
837 1819 967 1889 pati.
994 1817 1104 1875 Nec
1135 1827 1319 1875 tamen
1344 1819 1465 1875 ideo
1487 1819 1766 1890 prophetae

171 1908 381 1978 antiqui
417 1926 570 1966 more
603 1911 997 1981 persecutionis
1025 1928 1053 1967 a
1084 1912 1334 1967 veritatis
1380 1911 1764 1983 praedicatione

171 1998 510 2056 defecerunt.
545 2001 870 2058 Rectissime
892 2004 1075 2074 itaque
1099 2004 1344 2074 sequitur
1373 2023 1385 2058 ε

243 2111 356 2184 [11.]
388 2111 491 2168 Vos
514 2115 638 2169 estis
659 2115 740 2170 sal
763 2123 934 2170 terrae.
967 2115 1260 2188 (Maenas)
1295 2115 1390 2172 Sal
1420 2118 1763 2189 appellantur

172 2205 430 2274 apostoli,
461 2206 588 2276 quia
613 2223 712 2278 per
739 2207 884 2276 ipsos
916 2209 1228 2265 universum
1254 2209 1536 2264 hominum
1566 2209 1758 2266 condi-

167 2303 261 2350 tur
285 2312 472 2367 genus.
509 2297 691 2353 Terrae
715 2299 859 2354 enim
907 2300 1146 2367 nomine,
1195 2302 1433 2356 humana
1466 2309 1663 2357 natura
1693 2303 1760 2358 εἰς

167 2388 478 2459 guiﬁcatur,
507 2391 565 2446 in
603 2390 730 2447 salis
756 2407 886 2449 vero
918 2393 1070 2450 verbi
1119 2394 1408 2464 sapientia.
1458 2395 1614 2463 Quod
1667 2411 1766 2451 au-

169 2493 281 2536 tem
308 2483 580 2553 apostolos
605 2499 732 2540 suos
776 2485 985 2541 caelesti
1037 2501 1102 2542 ac
1128 2487 1310 2542 divina
1365 2488 1630 2556 sapientia
1653 2488 1766 2557 ple-

168 2577 295 2640 n'os,
361 2574 439 2630 sal
463 2584 624 2631 terra;
689 2575 940 2633 Salvator
992 2578 1255 2644 nominat,
1309 2580 1548 2637 ostendit
1584 2578 1766 2636 fatuos

170 2683 292 2723 esse
317 2666 663 2737 iudicandos,
715 2671 808 2742 qui
863 2679 1078 2726 terrena
1131 2680 1339 2727 tantum
1398 2673 1637 2742 sapiunt,
1673 2672 1766 2743 qui

173 2761 555 2832 temporalium
584 2763 853 2818 bonorum
909 2762 1058 2818 velut
1109 2763 1320 2834 copiam
1348 2773 1643 2830 sectantes,
1681 2763 1769 2820 vel

171 2853 411 2922 inopiam
448 2862 772 2919 metuentes,
821 2854 1078 2908 amittunt
1107 2865 1308 2909 aeterna
1328 2895 1342 2920 ,
1375 2871 1496 2925 quae
1517 2870 1617 2910 nec
1652 2853 1767 2909 dari

169 2953 398 3013 possunt
419 2945 488 3000 ab
508 2944 842 3011 hominibus,
871 2960 975 3000 nec
1003 2944 1224 3000 auferri.
1250 2943 1556 3002 Notandum
1584 2953 1766 3002 autem

170 3036 317 3106 quod
355 3037 484 3092 salis
507 3045 703 3092 natura
733 3036 1180 3092 infecunditatem
1235 3046 1394 3092 terrm
1423 3035 1575 3092 facit.
1613 3036 1768 3093 Unde

169 3138 224 3185 et
255 3129 307 3184 in
334 3129 543 3200 psalmo
576 3130 841 3201 scriptum
893 3138 977 3186 est
1005 3145 1020 3184 :
1052 3127 1243 3184 Posuit
1279 3139 1474 3183 terram
1527 3127 1768 3199 fructife-

1869 575 1961 622 tur
1983 565 2148 634 foras,
2176 574 2233 623 et
2267 566 2510 623 calcetur
2539 565 2607 622 ab
2633 564 2970 622 hominibus.

1939 677 2055 734 Non
2100 679 2284 750 itaque
2334 678 2576 735 calcatur
2621 678 2690 734 ab
2745 679 3074 748 hominibus,
3114 681 3207 753 qui
3251 682 3458 753 patitur

1865 771 2319 843 persecutionem,
2369 771 2465 827 sed
2498 771 2591 842 qui
2620 772 3055 843 persecutionem
3101 773 3342 830 timendo
3370 775 3462 832 in-s

1867 863 2128 920 fateatur.
2161 863 2375 921 Calcari
2400 865 2545 920 enim
2582 881 2690 921 non
2721 873 2918 936 potest,
2950 866 3053 922 nisi
3083 866 3331 935 inferior,
3364 866 3460 923 sed

1868 954 2094 1013 inferior
2126 972 2235 1013 non
2287 966 2392 1024 est,
2424 957 2516 1028 qui
2552 958 2800 1028 quamvis
2828 958 2882 1014 in
2912 967 3060 1015 terra
3100 959 3268 1014 multa
3305 958 3463 1016 susti-

1867 1055 2018 1115 neat,
2048 1049 2212 1105 corde
2239 1057 2421 1106 tamen
2448 1049 2588 1105 ﬁxus
2617 1049 2672 1105 in
2699 1050 2841 1106 coelo
2876 1060 2978 1108 est.
3028 1050 3182 1107 Sicut
3222 1066 3352 1123 ergo
3381 1050 3461 1107 sal

1869 1139 2220 1209 infatuatum,
2274 1157 2399 1198 cum
2456 1144 2524 1200 ad
2564 1144 2894 1200 condiendos
2932 1145 3105 1212 cibos,
3156 1159 3461 1214 carnesque

1868 1231 2153 1289 siccandas
2186 1234 2368 1290 valere
2404 1235 2650 1303 desierit,
2677 1235 2808 1291 nulli
2825 1235 2939 1305 jam
2970 1237 3094 1292 usui
3126 1246 3311 1308 aptum
3335 1237 3458 1304 erit,

1868 1338 2043 1394 neque
2069 1325 2237 1392 enim,
2259 1333 2321 1380 ut
2357 1326 2496 1382 alius
2527 1333 2759 1383 testatur
2782 1328 3136 1400 evangelista,
3165 1331 3220 1384 in
3257 1339 3460 1385 terram

1867 1416 2000 1473 utile
2030 1427 2132 1485 est,
2165 1418 2320 1487 cujus
2348 1419 2550 1490 injectu
2579 1421 2886 1492 germinare
2908 1423 3248 1492 prohibetur,
3281 1439 3457 1494 neque

1870 1506 1925 1562 in
1953 1509 2354 1579 Sterquilinium
2396 1511 2745 1583 agricultura:
2786 1512 3155 1584 profuturum,
3209 1515 3355 1585 quod
3378 1514 3462 1567 vi-

1868 1600 2092 1657 vacibus
2144 1601 2267 1658 licet
2297 1601 2470 1674 glebis
2512 1603 2833 1669 immistum,
2887 1620 2995 1660 non
3024 1603 3197 1659 fetare
3249 1605 3458 1678 semina

1868 1689 2107 1763 frugum,
2141 1694 2237 1749 sed
2286 1695 2634 1767 exstinguere
2677 1695 3000 1752 naturaliter
3027 1696 3163 1751 solet
3195 1715 3206 1751 :
3246 1697 3324 1752 sic
3349 1713 3468 1752 om-

1873 1783 1958 1840 nis
1979 1785 2073 1855 qui
2103 1794 2224 1856 post
2259 1787 2592 1859 agnitionem
2639 1788 2888 1843 veritatis
2919 1797 3066 1844 retro
3095 1789 3340 1855 redierit,
3371 1804 3466 1844 nc-

1869 1891 1974 1947 que
2003 1877 2120 1949 ipse
2147 1877 2387 1935 fructum
2415 1879 2543 1935 boni
2587 1880 2768 1950 Operis
2795 1878 2962 1947 ferre,
2995 1895 3170 1950 neque
3198 1879 3332 1936 alios
3373 1895 3467 1934 ex-

1869 1970 2050 2027 colere
2087 1972 2252 2040 valet,
2310 1972 2404 2030 sed
2442 1973 2590 2030 foras
2635 1973 2956 2038 mittendus,
3004 1970 3109 2029 hoc
3138 1981 3240 2038 est,
3270 1974 3337 2027 ab
3363 1973 3467 2029 Ec-

1869 2063 2046 2120 clesiae
2069 2073 2154 2120 est
2181 2065 2391 2120 unitate
2420 2063 2808 2131 secernendus,
2841 2072 2920 2130 ut,
2940 2062 3100 2132 juxta
3123 2063 3282 2118 aliam
3306 2078 3469 2133 para-

1867 2158 2073 2226 bolam,
2112 2156 2404 2214 irridentes
2438 2171 2562 2213 eum
2592 2157 2799 2212 inimici
2829 2157 3052 2213 dicant:
3087 2156 3227 2222 Quia
3255 2155 3339 2211 hic
3373 2157 3469 2210 Ito-

1869 2268 1952 2306 mo
1981 2252 2129 2322 erepit
2152 2249 2440 2320 cedi/icore,
2465 2257 2513 2304 et
2544 2265 2648 2304 non
2676 2249 2846 2318 potuit
2883 2265 3265 2304 consummare.

1951 2362 2053 2417 Vos
2098 2363 2221 2418 estis
2251 2361 2346 2416 (ua:
2372 2361 2575 2416 mundi.
2605 2359 2902 2433 (MAURUS.)
2933 2359 2979 2414 A
3018 2360 3138 2416 luce
3164 2376 3314 2427 vera,
3343 2376 3466 2432 quae

1869 2455 2117 2511 Christus
2171 2461 2276 2521 est,
2333 2451 2624 2508 illuminati
2676 2451 2906 2523 apostoli
2941 2452 3030 2507 lux
3059 2453 3244 2508 mundi
3280 2451 3467 2523 appel-

1869 2548 2076 2614 lantur,
2105 2547 2230 2618 quia
2255 2561 2356 2616 per
2403 2545 2550 2615 ipsos
2578 2543 2700 2599 luce
2749 2543 2873 2599 ﬁdei
2904 2552 2958 2598 et
2985 2544 3226 2600 scientiae
3264 2542 3466 2598 illumi-

1871 2640 2082 2695 nandus
2137 2645 2257 2694 erat
2308 2638 2560 2692 mundus.
2596 2635 2734 2691 Nam
2773 2636 3045 2706 quomodo
3101 2635 3350 2706 superius
3385 2635 3468 2690 sal

1869 2743 2032 2790 terra;
2058 2733 2357 2804 ﬁguraliter
2410 2729 2574 2785 iidem
2622 2737 2750 2785 sunt
2775 2722 3060 2797 nominati,
3095 2729 3173 2784 sic
3200 2744 3349 2784 nunc
3378 2727 3469 2781 lux

1869 2827 2073 2881 mundi’
2110 2841 2231 2882 esse
2265 2840 2373 2880 non
2425 2821 2806 2892 corporaliter,
2859 2820 2953 2876 sed
2998 2820 3315 2890 spiritaliter
3343 2827 3472 2874 sunt

1869 2916 2224 2986 intelligendi.
2259 2911 2443 2986 (Aug.)
2478 2911 2647 2966 Terra
2703 2925 2833 2966 vero
2864 2909 3180 2980 accipienda
3236 2915 3320 2962 est
3361 2922 3468 2962 non

1871 3021 2043 3076 quam,
2062 3004 2290 3075 pedibus
2316 3003 2595 3074 corporeis
2623 3000 2920 3067 calcamus,
2952 3001 3047 3055 sed
3082 2998 3350 3064 homines,
3376 2997 3466 3068 qui

1873 3103 1929 3158 in
1980 3109 2127 3157 terra
2177 3100 2444 3167 habitant,
2502 3097 2590 3154 vel
2642 3096 2807 3152 etiam
2853 3104 3189 3168 peccatores,
3239 3107 3471 3164 quorum

167 3240 286 3277 mm
325 3185 380 3278 ξη
427 3185 748 3295 salsugine?"
797 3221 973 3296 (ρδαι.
1007 3222 1137 3294 ενι).
1182 3223 1251 3277 Et
1279 3185 1547 3292 quasdan;
1599 3185 1766 3278 urges
1795 3224 1840 3290 Ο
1874 3193 2191 3250 condiendis
2238 3202 2294 3248 et
2349 3189 2757 3262 exstinguendis
2802 3188 3064 3244 fetoribus
3114 3185 3473 3296 apostolicum

169 3313 252 3368 ira
283 3314 548 3370 victorum
576 3314 688 3371 sale
739 3315 1053 3380 seminatas,
1094 3321 1154 3368 ut
1209 3313 1417 3368 nullum
1446 3313 1502 3367 in
1530 3312 1611 3368 eis
1636 3327 1762 3383 ger-

165 3423 294 3462 men
325 3409 580 3464 oriretur.
611 3407 916 3478 Allegorice
945 3416 1126 3461 autem
1167 3407 1270 3460 hoe
1319 3405 1458 3460 bene
1509 3405 1766 3460 convenit

167 3500 432 3555 doctrinae
481 3499 809 3571 apostolicae,
867 3508 928 3553 ut
974 3497 1267 3553 destructis
1325 3495 1766 3551 adversariorum

162 3593 586 3659 munitionibus,
616 3601 671 3648 et
693 3592 904 3663 peccati
929 3605 1099 3662 regno
1127 3590 1355 3658 dejecto,
1405 3591 1517 3646 sale
1549 3591 1765 3661 sapien-

166 3685 260 3740 tiae
287 3694 598 3755 compescat
627 3684 769 3738 ultra
803 3685 856 3738 in
895 3683 1076 3739 carnis
1127 3683 1377 3737 humanae
1409 3692 1553 3738 terra
1582 3682 1763 3738 saeculi

159 3776 358 3831 luxum
385 3786 548 3847 atque
576 3775 879 3832 foeditatem
909 3776 1219 3848 germinare
1247 3776 1522 3835 vitiorum.

238 3891 376 3947 Item
407 3892 533 3964 quia
557 3893 637 3948 sal
672 3895 740 3948 ad
768 3892 1101 3948 condiendos
1133 3893 1284 3949 cibos
1312 3908 1622 3962 carnesque
1652 3893 1762 3947 sie-

164 3985 372 4041 caudas
399 3993 585 4054 aptum
617 3994 720 4051 est,
755 3985 857 4040 rite
882 3985 1220 4041 demonstrat
1263 3985 1408 4056 quod
1438 4000 1539 4056 per
1560 3985 1763 4054 prmdi-

164 4076 437 4132 cationem
485 4076 761 4149 Evangelii
799 4078 978 4134 ﬂuxus
1023 4077 1372 4149 restringitur
1399 4077 1760 4146 voluptatum,

165 4178 225 4225 et
251 4171 485 4225 humana
513 4180 733 4238 natura,
764 4171 1003 4226 exclusis
1055 4171 1333 4227 vermibus
1383 4178 1438 4226 et
1474 4171 1765 4242 putredine

164 4274 533 4337 peccatorum,
563 4265 728 4322 illaesa
768 4273 1020 4321 servatur
1048 4265 1317 4321 conditori
1367 4280 1485 4331 suo,
1512 4280 1612 4334 per
1643 4265 1761 4336 ejus

165 4357 470 4413 custodiam
498 4357 898 4412 mandatorum.
949 4358 1158 4413 Bonum
1185 4359 1386 4428 quippe
1409 4364 1495 4412 est
1520 4357 1615 4413 Dei
1642 4372 1764 4412 ver-

163 4453 294 4505 bum
352 4451 560 4519 audire,
623 4451 959 4522 frequentius
1018 4452 1130 4508 sale
1186 4453 1464 4524 sapientiae
1501 4453 1763 4524 spiritalis

162 4541 347 4597 cordis
386 4558 588 4598 arcana
613 4543 844 4610 condiri,
877 4543 987 4599 imo
1016 4544 1193 4613 ipsum
1242 4558 1365 4598 cum
1396 4545 1651 4614 apostolis
1681 4543 1764 4598 sal

165 4641 328 4687 terra;
355 4632 495 4702 ﬁeri,
522 4635 577 4690 id
603 4643 711 4702 est,
743 4651 933 4692 eorum
960 4651 1176 4706 quoque
1217 4636 1310 4706 qui
1339 4635 1515 4691 adhuc
1549 4645 1762 4691 terrena

162 4721 384 4793 sapiunt
435 4723 742 4780 imbuendis
794 4725 1069 4780 mentibus
1127 4723 1396 4780 sufﬁcere.
1439 4726 1510 4778 At
1536 4724 1583 4780 si
1641 4725 1764 4795 quis

164 4815 337 4868 semel
371 4816 718 4872 condimento
744 4817 994 4872 veritatis
1051 4817 1390 4872 illuminatus
1429 4817 1498 4872 ad
1545 4825 1764 4888 aposta-

166 4909 305 4964 siam
352 4911 598 4978 redierit,
651 4927 757 4983 quo
783 4911 890 4967 alio
918 4911 1139 4967 doctore
1168 4911 1488 4982 corrigitur,
1521 4911 1613 4982 qui
1639 4927 1764 4966 eam

165 5017 332 5073 quam
369 5003 484 5072 ipse
515 5007 752 5075 gustavit
811 5005 1092 5076 sapientiae
1132 5003 1492 5071 dulcedinem,
1545 5004 1632 5059 vel
1663 5002 1762 5058 ad-

168 5097 344 5152 verSis
379 5097 705 5167 perterritus
751 5099 838 5151 vel
888 5099 1161 5156 illecebris
1216 5097 1466 5168 allectus,
1520 5095 1769 5168 abjecit?

163 5171 326 5245 lJnde
353 5196 410 5244 et
434 5189 682 5244 subditur
709 5201 725 5241 :

244 5282 397 5348 Quod
421 5283 466 5336 si
495 5281 577 5337 sal
602 5279 895 5344 evanuerit,
921 5278 980 5333 in
1003 5292 1106 5350 quo
1143 5273 1364 5332 salietur
1389 5275 1411 5327 ?
1439 5272 1507 5326 ad
1536 5270 1768 5327 nihilum

169 5375 306 5432 valet
334 5374 496 5440 ultra,
547 5375 648 5428 nisi
701 5382 754 5427 ut
802 5373 1041 5427 mittatur
1062 5370 1230 5440 foras,
1260 5378 1307 5423 et
1341 5365 1679 5422 conculcetur
1701 5363 1766 5419 ab

167 5465 470 5524 hominibus
495 5467 520 5520 ?
541 5465 726 5538 (Aug.)
772 5463 832 5520 Id
860 5473 962 5531 est,
996 5463 1042 5519 si
1064 5479 1160 5519 vos
1190 5477 1289 5533 per
1314 5476 1452 5532 quos
1478 5456 1767 5514 condiendi

171 5569 305 5619 sunt
329 5560 728 5633 quodammodo
749 5557 952 5631 populi,
991 5565 1138 5613 metu
1158 5555 1599 5629 persecutionum
1631 5561 1768 5608 tem-

171 5655 442 5728 poralium
489 5654 779 5712 amiseritis
832 5666 997 5722 regna
1035 5650 1317 5715 etelorum,
1363 5647 1636 5718 quierunt
1664 5644 1764 5699 ho-

173 5768 353 5810 InlllCS
381 5771 478 5826 per
512 5770 648 5825 quos
674 5751 827 5809 vobis
855 5765 1009 5805 error
1033 5745 1331 5810 auferatur,
1365 5759 1489 5799 cum
1518 5757 1614 5797 vos
1661 5741 1770 5796 ele-

165 5851 312 5929 gerit
360 5848 504 5908 Deus
531 5863 630 5921 per
655 5862 791 5920 quos
835 5857 1081 5904 errorem
1133 5838 1346 5897 auferat
1398 5833 1770 5894 caeterorum?

1874 3288 2042 3343 salem
2088 3285 2350 3343 Dominus
2378 3286 2545 3340 misit.
2595 3285 2663 3339 Et
2690 3285 2779 3341 hic
2809 3282 3070 3338 mundum
3111 3295 3221 3334 non
3249 3277 3472 3342 malum,

1874 3390 1930 3438 et
1958 3389 2183 3445 terram,
2219 3379 2314 3436 sed
2355 3379 2626 3445 homines,
2660 3379 2753 3449 qui
2779 3387 2906 3434 sunt
2935 3377 2989 3432 in
3032 3375 3256 3440 mundo,
3286 3372 3371 3427 vel
3393 3371 3474 3426 di-

1873 3476 2048 3546 ligunt
2082 3473 2364 3539 mundum,
2399 3481 2613 3544 oportet
2639 3470 2885 3542 intelligi,
2921 3470 3119 3541 quibus
3166 3465 3462 3520 illuminan-

1874 3566 1958 3621 dis
2006 3565 2235 3638 apostoli
2299 3564 2452 3620 missi
2504 3571 2648 3620 sunt.
2711 3561 2939 3635 (Hilar.)
2984 3560 3190 3615 Natura
3240 3570 3474 3627 namque

1872 3658 2094 3714 luminis
2125 3667 2209 3721 est
2234 3666 2294 3713 ut
2318 3657 2843 3728 lucem'quocunque
2875 3651 3293 3710 circumferatur
3315 3648 3475 3705 emit-

1873 3760 1972 3819 tat,
2006 3752 2324 3824 illatumque
2358 3751 2565 3808 aedibus
2595 3751 2848 3807 tenebras
2875 3749 3112 3820 perimat
3150 3746 3274 3802 luce
3300 3743 3474 3800 domi-

1873 3854 2061 3900 nante.

1942 3956 2114 4028 Igitur
2160 3957 2394 4012 mundus
2417 3965 2571 4012 extra
2603 3954 2969 4028 cognitionem
2994 3950 3092 4006 Dei
3127 3948 3340 4021 positus
3371 3945 3471 4001 ob-

1875 4050 2200 4106 scurabatur
2246 4049 2567 4119 ignorantiae
2615 4046 2880 4112 tenebris,
2934 4044 3018 4100 cui
3047 4057 3146 4114 per
3199 4038 3471 4112 apostolos

1875 4143 2115 4201 scientia:
2163 4143 2347 4198 lumen
2397 4142 2568 4208 venit,
2616 4149 2671 4197 et
2701 4139 2941 4211 cognitio
2969 4136 3066 4192 Dei
3092 4134 3286 4199 claret,
3322 4140 3379 4188 et
3405 4131 3472 4185 de

1871 4237 2057 4307 parvis
2087 4251 2275 4292 eorum
2316 4235 2674 4308 corpusculis,
2731 4247 3054 4306 quocunque
3106 4229 3469 4290 incesserunt,

1871 4329 1965 4385 lux
1993 4331 2355 4386 ministratur.

1946 4446 2070 4503 Non
2089 4456 2254 4520 potest
2279 4447 2464 4501 civitas
2501 4443 2753 4500 abscondi
2798 4455 2959 4511 supra
3005 4445 3234 4492 montem
3279 4431 3467 4504 posita.

1872 4538 2165 4611 (Maenas)
2181 4538 2297 4594 Hoc
2312 4545 2397 4593 est
2412 4536 2723 4608 apostolicae
2751 4531 3002 4589 soliditas
3016 4527 3277 4584 doctrinae
3311 4539 3473 4593 super

1871 4631 2139 4702 insignem
2176 4643 2539 4701 magnamque
2578 4625 2850 4696 justitiam
2875 4620 3124 4678 solidata.
3179 4615 3354 4682 Quam
3397 4612 3473 4665 si—

1869 4724 2094 4796 gniﬁcat
2117 4723 2284 4778 etiam
2319 4722 2436 4792 ipse
2469 4735 2627 4775 mons
2666 4718 2720 4772 in
2755 4731 2864 4786 quo
2911 4714 3154 4776 disputat
3183 4703 3468 4760 Dominus.

1869 4814 2054 4869 Potest
2081 4813 2246 4882 igitur
2268 4823 2424 4863 mons
2466 4809 2570 4861 iste
2623 4804 2802 4873 ipsum
2832 4799 3111 4857 Christum
3138 4796 3467 4868 signiﬁcare.

1868 4907 1946 4962 De
1981 4920 2086 4974 quo
2117 4903 2382 4972 scriptum
2422 4906 2506 4954 est
2537 4916 2548 4951 :
2599 4893 2798 4962 Venite,
2834 4891 3186 4948 ascendamus
3207 4888 3278 4942 ad
3320 4902 3472 4940 mon-

1868 5008 1973 5053 tem
1992 4993 2208 5050 Domini
2242 4989 2378 5062 (Isa.
2412 4988 2498 5061 u).
2549 4986 2752 5043 Civitas
2782 4999 2916 5041 vero
2946 4991 3115 5038 totam
3167 4975 3468 5032 Ecclesium

1873 5085 2076 5144 Christi
2102 5085 2158 5139 iu
2189 5083 2307 5154 ejus
2345 5081 2450 5137 ﬁde
2478 5078 2780 5143 fundatam,
2810 5091 2932 5147 quae
2981 5089 3050 5129 ex
3076 5068 3263 5124 multis
3293 5066 3469 5138 genti-

1871 5181 1976 5235 bus
2029 5187 2291 5248 tanquam
2341 5187 2411 5228 ex
2461 5171 2646 5226 multis
2700 5167 2968 5238 lapidibus
2997 5173 3083 5220 est
3133 5167 3467 5221 constructa,

1823 5247 1828 5250 l
1873 5265 2244 5336 conglutinata
2288 5271 2474 5318 autem
2526 5260 2792 5331 bitumine
2847 5255 3134 5314 charitatis
3179 5262 3236 5310 et
3264 5251 3471 5308 unitate

1874 5358 2020 5416 ﬁdei.
2052 5357 2180 5415 Haec
2205 5366 2323 5414 tuta
2351 5357 2414 5414 ﬁt
2451 5355 2807 5423 intrantibus,
2840 5354 2934 5410 sed
2968 5351 3241 5407 laboriosa
3268 5349 3470 5404 adeun-

1875 5456 2040 5522 tibus,
2100 5455 2340 5512 custodit
2392 5453 2749 5516 habitatores,
2809 5445 3040 5506 secludit
3087 5443 3359 5500 inimicos.
3401 5439 3472 5494 Et

1877 5559 2069 5607 contra
2115 5563 2306 5607 omnes
2337 5545 2562 5602 insidias
2590 5541 2960 5605 inimicorum,
2992 5540 3097 5595 hoc
3146 5546 3231 5592 est
3255 5533 3472 5590 Iud-.co-

1873 5660 2019 5709 rum,
2060 5642 2426 5726 Paganorum,
2479 5635 2594 5691 sive
2649 5633 2814 5688 etiam
2845 5631 3254 5694 haereticorum,
3284 5628 3471 5680 manet

1876 5722 2279 5808 insuperabilis.
2313 5730 2464 5787 Hanc
2499 5727 2777 5785 civitatem
2812 5722 3235 5798 praeﬁgurabant
3263 5731 3360 5774 sex
3381 5728 3469 5767 ur-

1875 5831 1972 5890 bes
2003 5828 2196 5900 refugii
2224 5827 2280 5884 iu
2311 5821 2586 5882 montibus
2609 5820 2823 5894 positae,
2859 5817 2988 5906 quia
3019 5815 3137 5888 ipsa
3172 5812 3230 5869 in
3257 5811 3467 5875 monte,
