3914 6450
186 329 295 398 008

1150 322 1504 392 COIIIENT.
1540 328 1610 390 lli
1645 330 2083 392 ΠΑἮἭΕΠΜ.
2122 362 2196 387 οι-
2227 328 2354 392 LIB.
2392 332 2458 393 ll.

3347 342 3484 447 ⁸⁰⁶ἶ

256 454 366 524 Qui
388 468 513 527 ergo
530 466 696 509 unum
715 450 925 513 solverit
950 452 1018 508 de
1044 450 1309 509 mandatis
1337 453 1471 517 istis,
1501 460 1553 507 et
1577 453 1771 507 docuc—
1796 453 1852 516 Α
1875 452 2165 509 irascatur.
2195 451 2350 520 Quod
2383 453 2429 509 si
2458 451 2777 524 perfecerit,
2832 454 3004 516 multa
3048 456 3322 518 remotior
3349 465 3458 521 erit

185 549 255 604 rit
275 550 350 604 sic
381 547 638 613 homines,
664 546 913 601 minimus
936 544 1205 601 vocabitur
1230 544 1287 598 in
1312 558 1470 615 regno
1494 543 1763 599 calorum.

186 639 418 715 (Hilar.)
448 640 635 709 Itaque
659 654 729 693 ne
759 637 983 694 minima
1013 637 1229 708 quidem
1253 635 1635 691 mandatorum
1665 636 1765 692 Dei

186 735 295 790 nisi
325 748 448 789 cum
503 730 716 803 piaculo
748 730 1028 787 wnstituit
1052 744 1173 789 esse
1218 730 1495 786 solvenda.
1533 729 1768 785 Futuros

187 825 469 890 minimos,
494 824 548 879 id
575 831 663 879 est
687 822 1035 888 novissimos,
1070 835 1136 877 ac
1158 834 1298 891 pene
1334 820 1526 885 nullos,
1560 821 1768 877 denun-

185 916 332 973 tians
378 916 603 972 minima
654 916 943 971 solventes.
996 913 1152 970 Nulla
1202 921 1384 975 autem
1428 914 1515 971 his
1555 914 1768 975 minem

183 1019 419 1083 possunt
465 1025 586 1066 esse
625 1024 745 1079 quae
784 1017 910 1065 sunt
937 1009 1199 1069 minima:
1237 1008 1523 1064 minimum
1552 1016 1637 1064 est
1665 1023 1765 1062 auo

186 1116 300 1158 tem
338 1104 580 1158 omnium
613 1102 826 1159 Domini
856 1100 1059 1173 passio,
1091 1110 1149 1157 et
1179 1102 1360 1158 crucis
1402 1115 1570 1165 mors,
1602 1114 1768 1171 quam

185 1196 232 1252 si
255 1196 377 1266 quis
404 1204 661 1267 tanquam
684 1195 1107 1257 erubescendam
1131 1210 1240 1250 non
1266 1194 1635 1260 confitebitur,
1663 1194 1771 1253 erit

183 1286 468 1352 minimus,
499 1285 781 1345 conﬁtenti
801 1302 931 1342 vero
972 1302 1183 1358 magna
1212 1287 1266 1341 in
1305 1286 1445 1343 emis
1466 1286 1768 1345 vocationis

182 1379 413 1450 gloriam
444 1378 750 1448 pollicetur.
791 1377 1062 1450 (Hist-aa.)
1098 1378 1273 1435 Aliter
1304 1386 1486 1437 autem
1515 1378 1769 1450 suggillet

185 1469 492 1539 Pharisieos
524 1472 629 1526 hoc
679 1470 939 1541 capitulo,
989 1470 1107 1541 qui,
1140 1471 1467 1541 contemptis
1496 1471 1767 1529 mandatis

184 1559 306 1626 Dei,
337 1568 648 1621 statuerunt
694 1561 947 1631 proprias
983 1559 1325 1627 traditiones,
1363 1561 1509 1631 quod
1539 1574 1648 1619 non
1686 1561 1767 1621 eis

182 1652 360 1721 prosit
393 1652 639 1711 doctrina
693 1652 748 1709 in
778 1651 1014 1723 populis,
1066 1651 1114 1711 si
1164 1652 1250 1712 vel
1280 1666 1511 1724 parvom
1538 1651 1768 1723 quodin

182 1740 304 1813 lege
331 1752 661 1814 praceptum
688 1750 771 1798 est
805 1742 1102 1803 destruant.
1135 1740 1318 1815 (Aug.)
1350 1742 1603 1803 Mandata
1638 1757 1768 1814 ergo

1876 545 1947 599 ab
1972 546 2287 601 homicidio.
2328 545 2671 618 Quapropter
2699 547 2793 617 qui
2821 548 2983 604 docet
3009 558 3074 606 ut
3102 566 3217 607 non
3244 553 3457 612 irasca-

1876 650 2020 706 mur,
2057 655 2165 695 non
2218 640 2381 696 solvit
2411 639 2585 713 legem
2637 656 2706 697 ne
2750 642 3084 712 occidamus,
3138 648 3235 703 sed
3269 648 3457 720 implet

1875 735 2072 805 potius,
2113 743 2174 791 ut
2203 744 2261 790 et
2302 734 2437 791 foris
2490 736 2617 792 dum
2645 751 2755 791 non
2799 738 3098 796 occidimus
3121 748 3179 797 et
3205 740 3262 797 in
3290 743 3459 799 corde

1876 843 1984 884 non
2020 829 2342 896 irascamur,
2390 828 2758 889 innocentiam
2795 834 3191 905 custodiamus,
3228 836 3375 894 unde
3399 842 3457 893 ot

1873 922 2125 978 subditur
2152 940 2168 978 :

1890 1008 1899 1015 ’
1944 1017 2180 1074 Audistis
2225 1022 2352 1092 quia
2396 1021 2599 1077 dictum
2631 1028 2709 1077 est
2745 1023 2974 1097 antiquis
3005 1036 3025 1081 :
3065 1023 3193 1082 Non
3224 1026 3449 1085 occides.

1875 1107 1984 1175 Qui
2016 1119 2191 1165 autem
2224 1112 2505 1181 occiderit,
2548 1130 2666 1170 reus
2705 1116 2803 1171 erit
2844 1116 3067 1187 judicio.
3116 1116 3234 1191 Ego
3278 1131 3459 1177 autem

1872 1201 1991 1256 dico
2028 1203 2199 1271 vobis,
2235 1204 2360 1275 quia
2399 1206 2567 1261 omuis
2603 1206 2695 1278 qui
2731 1208 2979 1263 irascitur
3015 1208 3173 1279 fratri
3203 1227 3300 1268 suo
3338 1228 3463 1269 reus

1874 1294 1970 1347 erit
1996 1294 2228 1364 judicio.
2266 1294 2403 1362 Quia
2438 1304 2621 1353 autem
2670 1312 2779 1353 non
2818 1297 3189 1372 intelligebant
3225 1302 3458 1361 homici-

1873 1387 2023 1442 dium
2079 1387 2185 1444 nisi
2240 1390 2671 1461 peremptionem
2727 1392 2973 1462 corporis
3034 1394 3299 1463 humani,
3361 1412 3461 1469 per

1862 1494 2037 1549 quam
2069 1480 2183 1535 vita
2212 1481 2545 1552 privaretur,
2583 1483 2797 1554 aperuit
2823 1481 3083 1541 Dominus
3109 1500 3323 1541 omnem
3350 1486 3460 1542 ini-

1872 1582 2043 1639 quum
2080 1579 2285 1626 motum
2321 1572 2389 1628 ad
2426 1572 2731 1629 nocendum
2772 1572 2928 1629 fratri
2964 1574 3018 1630 in
3048 1575 3325 1632 homicidii
3368 1591 3459 1648 ge-

1875 1675 2009 1717 nere
2058 1664 2388 1733 computari.
2428 1663 2587 1721 Unde
2620 1674 2677 1721 et
2710 1664 2947 1722 Joannes
2996 1666 3168 1723 dicit:
3202 1666 3307 1735 Qui
3351 1668 3462 1724 odit

1877 1757 2099 1829 fratrem
2138 1776 2293 1814 suum
2329 1759 2592 1815 homicida
2630 1769 2705 1815 est
2743 1759 2763 1831 (
2789 1758 2819 1814 I
2849 1759 3011 1816 Joan.
3043 1756 3107 1818 ui
3132 1761 3174 1834 ).
3225 1758 3340 1833 Ego
3374 1762 3466 1817 hic

184 1836 411 1897 minima
438 1836 812 1907 signiﬁcantur
845 1850 944 1905 per
969 1851 1136 1901 unum
1169 1836 1301 1903 iota,
1326 1845 1421 1895 aut
1449 1851 1621 1897 unum
1644 1836 1765 1906 api-

1880 1850 1987 1905 rlico
2021 1851 2168 1906 vobis
2201 1852 2326 1924 quia
2363 1853 2532 1907 omnis
2569 1854 2660 1926 qui
2691 1853 2944 1908 irascitur
2992 1852 3151 1925 fratri
3197 1870 3294 1910 suo
3342 1871 3464 1911 reus

183 1943 329 1994 cem,
358 1928 503 1991 sicut
526 1942 691 1998 supra
720 1937 997 1987 ostensum
1023 1937 1125 1984 est.
1159 1927 1262 1996 Qui
1288 1943 1419 1999 ergo
1462 1928 1687 1987 solverit
1712 1936 1771 1983 et

182 2020 434 2076 docuerit
461 2020 562 2085 sic,
595 2020 650 2077 id
674 2027 776 2089 est,
808 2021 1107 2081 secundum
1151 2022 1295 2092 quod
1319 2021 1504 2089 solvit,
1542 2037 1652 2079 non
1682 2037 1773 2079 se-

182 2110 426 2181 cundum
457 2109 602 2180 quod
629 2108 833 2175 invenit
867 2112 920 2167 in
954 2111 1091 2184 lege,
1131 2112 1391 2173 minimus
1411 2112 1695 2177 vocabitur
1719 2113 1776 2175 in

189 2218 362 2275 regno
414 2203 696 2271 coriorum,
744 2214 801 2267 et
833 2203 1060 2266 fortasse
1104 2205 1228 2262 ideo
1255 2222 1363 2267 non
1389 2207 1495 2267 erit
1522 2207 1578 2267 in
1606 2221 1775 2279 regno

181 2296 475 2363 caelorum,
500 2297 592 2359 ubi
628 2297 734 2359 nisi
760 2298 939 2369 magni
964 2313 1084 2357 esse
1114 2312 1223 2359 non
1248 2307 1497 2370 possunt.

258 2387 552 2460 (Μιυιιυι.)
568 2390 753 2449 Potest
766 2399 824 2451 et
845 2391 951 2455 hec
964 2392 1244 2453 moraliter
1264 2392 1461 2463 accipi.
1492 2382 1775 2451 Solvitau-

186 2487 299 2541 tetu
352 2484 668 2544 mandatum
695 2483 791 2541 Dei
846 2485 893 2545 is
925 2485 1018 2556 qui
1072 2500 1182 2547 non
1215 2484 1428 2555 implet,
1458 2499 1775 2556 quanquam

182 2589 297 2631 non
322 2574 378 2631 in
407 2578 661 2635 mandato
686 2579 1012 2639 solutionem
1037 2578 1221 2646 iaciat,
1250 2580 1346 2639 sed
1372 2580 1428 2639 in
1458 2580 1770 2650 semetipso.

181 2667 434 2726 Firmum
456 2679 541 2728 est
565 2672 711 2729 enim
742 2673 835 2730 Dei
862 2674 1197 2739 mandatum,
1234 2682 1417 2731 etnon
1436 2680 1616 2745 potest
1637 2672 1774 2729 solvi

181 2762 476 2833 scriptura.
529 2763 641 2821 Lex
671 2780 801 2836 ergo
854 2766 1256 2835 quodammodo
1300 2775 1385 2823 est
1431 2766 1634 2838 ligatio.
1669 2764 1773 2834 Qui

176 2863 366 2913 autem
390 2856 676 2925 ligationes
703 2858 798 2913 Dei
822 2859 1059 2925 excedit,
1104 2860 1217 2931 ipse
1244 2861 1499 2917 mandata
1525 2861 1698 2917 solvet
1717 2860 1773 2916 in

176 2947 497 3018 semetipso,
547 2957 605 3003 et
631 2964 741 3005 non
782 2948 837 3007 in
868 2949 1018 3019 ipsis.
1075 2950 1221 3006 Talis
1249 2951 1466 3020 quidem
1518 2951 1773 3009 minimus

176 3040 468 3097 vocabitur
496 3041 549 3095 in
599 3056 766 3113 regno
826 3042 1108 3111 cmlorum,
1164 3044 1293 3115 quia
1324 3045 1773 3115 despectissimus

1873 1945 1973 1998 erit
2011 1944 2242 2014 judicio.
2294 1944 2354 1999 in
2397 1944 2721 2015 quibusdam
2769 1945 3048 2002 codicibus
3092 1944 3309 2001 additur
3350 1946 3464 2002 sine

1873 2050 2058 2090 causa.
2112 2034 2220 2091 Sed
2265 2034 2443 2092 (ἔιωεί
2490 2036 2706 2092 codices
2752 2035 2949 2107 quibus
2986 2034 3121 2093 iides
3158 2036 3464 2093 adhibenda

1873 2135 1994 2194 est,
2027 2142 2135 2183 non
2164 2129 2369 2184 habent
2395 2127 2514 2185 sine
2540 2139 2742 2196 causa,
2775 2127 3026 2199 quamvis
3061 2126 3206 2183 idem
3241 2128 3357 2199 ipse
3393 2126 3469 2183 sit

1862 2231 2091 2277 88118118.

1944 2308 2082 2365 illud
2119 2309 2353 2366 dicimus
2391 2306 2743 2377 intuendum,
2782 2309 2913 2381 quid
2952 2309 3026 2365 sit
3069 2308 3235 2366 irasci
3286 2309 3464 2365 fratri.

1873 2398 2144 2467 Quoniam
2189 2415 2299 2459 non
2348 2399 2505 2456 fratri
2551 2400 2824 2467 irascitur,
2875 2401 2967 2471 qui
3010 2409 3238 2472 peccato
3279 2400 3467 2459 fratris

1874 2493 2150 2549 irascitur.
2203 2493 2309 2562 Qui
2346 2508 2477 2566 ergo
2521 2493 2713 2557 fratri.
2752 2508 2863 2552 non
2910 2503 3137 2567 peccato
3184 2496 3463 2563 irascitur,

1874 2584 1994 2640 sine
2033 2599 2200 2641 causa
2234 2586 2508 2647 irascitur.

1947 2677 2055 2744 Qui
2083 2686 2257 2733 autem
2286 2678 2483 2734 dixerit
2513 2678 2675 2749 fratri
2701 2695 2799 2736 suo
2827 2678 2992 2735 racha
3010 2722 3026 2749 ,
3061 2696 3182 2736 reus
3209 2681 3309 2736 erit
3336 2696 3466 2735 cou-

1875 2768 2019 2825 cilio.
2050 2769 2250 2831 ,ΒαεΙια
2287 2771 2433 2827 enim
2470 2772 2692 2843 proprie
2728 2771 3034 2842 interiectio
3062 2780 3147 2829 est
3186 2768 3466 2828 Hebraicaa

1875 2862 2107 2933 linguas,
2165 2878 2275 2923 non
2331 2879 2466 2920 voce
2524 2865 2731 2935 aliquid
2790 2866 3137 2937 signiﬁcans,
3187 2866 3285 2922 sed
3335 2865 3474 2920 indi-

1874 2956 2097 3026 gnantis
2121 2957 2291 3011 animi
2321 2964 2529 3013 motum
2553 2958 2887 3028 exprimens.
2923 2957 3033 3013 llas
3062 2956 3470 3029 intedeetiones

1875 3047 2218 3118 grammatici
2251 3061 2451 3106 vocant
2479 3050 2775 3122 particulas
2804 3050 3070 3107 orationis
3098 3051 3473 3123 signiﬁcantes

174 3138 269 3187 est
317 3130 371 3201 in
410 3131 653 3189 Ecclesia
704 3140 1037 3193 sanctorum.
1070 3132 1207 3190 Nam
1242 3143 1299 3192 et
1339 3150 1565 3207 regnum
1600 3135 1772 3191 cmlo-
1875 3144 2134 3201 commoti
2171 3143 2338 3198 animi
2379 3142 2663 3209 affectum,
2702 3132 2852 3199 velut
2887 3158 3012 3199 cum
3053 3143 3254 3199 dicitur
3300 3158 3331 3198 a
3376 3143 3474 3198 do-

177 3238 309 3279 rum
360 3224 451 3283 hic
500 3235 825 3295 prmsentem
876 3227 1172 3285 Ecclesium
1215 3227 1508 3299 signiﬁcat,
1556 3229 1697 3285 sicut
1722 3237 1778 3284 et
1803 3232 1848 3297 C
1880 3235 2024 3291 lente
2050 3237 2150 3291 heu
2171 3277 2186 3304 ,
2217 3238 2283 3292 ab
2314 3240 2584 3293 irascente
2611 3237 2763 3302 lieni;
2796 3250 2919 3307 quae
2946 3250 3109 3291 voces
3135 3248 3476 3306 quarumque

173 3315 337 3387 alibi,
362 3316 454 3377 ubi
483 3318 746 3388 scriptum
775 3330 860 3375 est
886 3338 899 3374 :
931 3317 1116 3375 Simile
1141 3328 1219 3379 est
1264 3337 1482 3392 regnum
1524 3322 1773 3379 cistarum
1874 3324 2182 3398 linguarum
2210 3336 2337 3384 sunt
2363 3329 2615 3399 propriae,
2642 3342 2745 3384 nec
2773 3328 2828 3382 in
2858 3328 3020 3382 aliam
3043 3328 3285 3399 linguam
3313 3324 3474 3380 facile

174 3424 396 3475 sugente
441 3410 614 3465 missis
658 3411 715 3465 ia
757 3428 903 3467 mare
945 3411 1164 3484 (Matth.
1218 3414 1463 3485 x1u);et
1491 3433 1504 3468 :
1532 3413 1771 3486 Regnum
1876 3418 2304 3477 transferuntur.
2328 3419 2461 3487 Quae
2488 3434 2654 3476 causa
2681 3419 2870 3489 utique
2888 3420 3070 3490 coegit
3094 3428 3203 3474 tam
3225 3417 3476 3474 Graecum

173 3502 283 3560 llei
308 3503 450 3559 intra
470 3519 557 3561 vos
583 3512 659 3563 est
686 3502 840 3574 (Luc.
874 3504 1030 3572 xvu).
1518 3529 1522 3532 ⁴

1880 3527 2041 3584 quam
2080 3514 2336 3570 Latinum
2372 3515 2728 3584 interpretem
2775 3527 2966 3568 vocem
3019 3514 3192 3582 ipsam
3242 3524 3473 3582 ponere,

260 3592 365 3660 Qui
388 3605 564 3655 autem
596 3595 797 3665 fecerit,
829 3606 877 3652 et
917 3596 1174 3664 docuerit,
1205 3598 1292 3657 hic
1314 3615 1537 3670 ritagnus
1561 3600 1770 3657 vocabi-

1880 3624 2001 3664 cum
2034 3610 2306 3678 quomodo
2337 3610 2794 3678 interpretaretur
2822 3623 2929 3663 non
2960 3607 3257 3663 invenitur.

172 3694 275 3741 tur
302 3686 359 3741 is
394 3702 551 3757 regite
587 3688 855 3749 calorum.
887 3689 947 3747 in
995 3690 1245 3751 iaciendo
1289 3692 1435 3753 enim
1464 3692 1599 3765 legis
1621 3710 1777 3749 man—
1950 3699 2126 3755 Aliter
2164 3699 2327 3755 racha
2364 3700 2583 3772 proprie
2619 3701 2850 3755 verbum
2882 3698 3234 3755 Hebrmorum
3266 3703 3380 3763 est,
3413 3703 3472 3750 et

174 3778 317 3833 data
345 3780 527 3849 magni
556 3796 754 3837 nomen
784 3793 1025 3843 meretur
1055 3785 1143 3841 ille
1170 3787 1265 3856 qui
1288 3788 1465 3843 docet.
1497 3787 1634 3854 Quia
1664 3805 1773 3846 non
1879 3793 2270 3863 interpretatur
2296 3793 2452 3854 κοινὸς
2472 3833 2486 3858 ,
2512 3793 2566 3847 id
2592 3801 2707 3858 est,
2735 3790 2913 3845 inanis
2940 3797 3033 3845 aut
3057 3803 3283 3856 vacuus,
3312 3801 3474 3858 quem

176 3869 467 3936 doctores,
500 3886 602 3931 nec
631 3873 932 3942 auditores,
962 3878 1062 3933 sed
1087 3878 1323 3935 factores
1352 3878 1487 3951 legis
1504 3878 1777 3948 iustiﬁca-
1876 3902 1979 3942 nos
2007 3901 2298 3957 possumus
2328 3886 2545 3957 vulgata
2580 3883 2804 3953 injuria,
2840 3883 3033 3953 absque
3062 3880 3304 3945 cerebro,
3338 3894 3475 3933 nuu-

174 3960 389 4019 bumul‘
409 3964 552 4031 aliud
584 3964 774 4023 θθυηιο
1880 3994 2100 4049 cupare.
2156 3977 2215 4034 Si
2254 3978 2322 4033 de
2359 3979 2539 4033 otioso
2577 3991 2828 4032 sermone
2863 3971 3126 4030 reddituri
3159 3985 3352 4027 sumus
3386 3984 3476 4023 ra-

254 4050 389 4111 Disu
414 4054 551 4113 attint
582 4055 722 4113 vobis
747 4059 873 4129 quia
903 4060 1005 4115 nisi
1043 4061 1388 4121 abundaverit
1431 4066 1646 4134 justitia
1686 4083 1773 4122 re-
1878 4072 2113 4137 tionem,
2163 4077 2369 4141 quanto
2412 4071 2586 4142 magis
2631 4070 2700 4125 de
2748 4064 3138 4123 contumeliis?
3172 4062 3280 4119 Sed
3315 4071 3370 4118 et
3408 4061 3483 4117 si-

177 4156 300 4205 stra
346 4148 625 4222 plusquam
678 4150 988 4209 Scribarum
1028 4162 1077 4211 et
1109 4151 1530 4222 Pharisaeorum,
1560 4173 1666 4212 non
1695 4158 1770 4213 in-

1880 4179 2112 4243 gnanter
2166 4169 2365 4225 addit:
2405 4168 2496 4240 qui
2550 4166 2642 4224 hic
2692 4165 2882 4221 dixerit
2937 4162 3094 4233 fratri
3145 4176 3241 4214 suo
3293 4157 3476 4212 rarha.

180 4238 393 4297 trahitis
438 4241 494 4296 ia
539 4258 754 4313 regnum
790 4241 1056 4299 calorum.
1107 4243 1294 4316 (Anq)
1325 4245 1383 4307 ld
1410 4255 1512 4311 est,
1541 4248 1647 4303 nisi
1668 4263 1770 4305 non

1880 4265 2075 4320 Frater
2102 4265 2245 4319 enim
2280 4263 2460 4319 nullus
2488 4271 2607 4329 est,
2638 4261 2744 4316 nisi
2775 4259 2866 4330 qui
2906 4256 3189 4311 uobiscum
3226 4252 3479 4309 eumdem

178 4330 362 4388 solum
393 4331 483 4389 illa
516 4333 743 4391 minima
768 4334 903 4405 legis
926 4343 1197 4406 praecepta
1227 4337 1606 4408 impleveritis,
1653 4357 1770 4412 quae

1880 4355 2044 4411 habet
2077 4363 2310 4425 patrem.
2346 4354 2482 4409 Cum
2512 4367 2642 4423 ergo
2668 4350 2923 4406 similiter
2951 4347 3143 4404 credat
3172 4344 3228 4398 in
3260 4345 3430 4398 Deum
3458 4381 3474 4407 ,

180 4424 448 4481 inchoent
477 4426 778 4493 hominem,
820 4428 915 4484 sed
962 4429 1129 4485 etiam
1188 4430 1315 4496 ista,
1346 4446 1468 4501 quae
1498 4449 1529 4487 a
1559 4448 1649 4489 me
1674 4434 1770 4489 ad-

1880 4454 1936 4501 et
1968 4424 2245 4501 Christum
2281 4444 2379 4499 Dei
2427 4442 2643 4497 noverit
2691 4439 3055 4510 sapientiam,
3107 4449 3215 4504 qua
3268 4432 3481 4485 ratione

181 4515 409 4583 duntur,
436 4518 526 4589 qui
552 4534 659 4575 non
686 4518 804 4573 veni
854 4517 1050 4575 solvere
1090 4520 1282 4591 legem,
1324 4523 1417 4577 sed
1461 4523 1774 4595 adimplere,
1801 4593 1850 4608 _
1883 4538 2128 4594 ειυιιίιίεε
2154 4536 2333 4608 elogio
2360 4532 2608 4590 denotari
2639 4531 2861 4602 potest?
2887 4528 2906 4600 (
2930 4527 3108 4580 Hilar.
3133 4524 3151 4596 )
3181 4523 3284 4589 Qui
3313 4522 3480 4591 igitur

181 4623 292 4663 eos
322 4609 583 4665 innabilis
606 4610 661 4667 in
693 4626 908 4681 regnum
941 4611 1209 4671 calorum.
1243 4614 1386 4684 Ergo
1406 4616 1501 4686 qui
1531 4631 1640 4672 non
1665 4618 1770 4672 soi-

1884 4629 2093 4701 Spiritu
2118 4637 2310 4684 sancto
2334 4626 2555 4697 plenum
2579 4622 2829 4679 convicio
2852 4617 3143 4675 vacuitatis
3169 4613 3480 4679 insimulat,

182 4700 440 4759 veritilla
484 4702 732 4770 minima,
765 4712 822 4759 et
843 4704 922 4761 sic
946 4705 1212 4773 docuerit,
1268 4723 1374 4767 non
1398 4706 1514 4776 jam
1544 4724 1775 4780 magnus
1883 4700 1946 4778 qi
1981 4738 2109 4778 reus
2140 4720 2373 4777 concilio
2408 4725 2725 4772 sanctorum
2752 4754 2766 4775 ,
2808 4707 3192 4767 contumeliam
3245 4702 3480 4774 Spiritus

184 4794 469 4859 habendas
490 4805 546 4854 ⁸⁸
575 4797 799 4854 idoneus
831 4814 1000 4869 ηειιο
1026 4799 1315 4866 metu”:
1342 4801 1435 4857 sed
1463 4809 1641 4857 tamen
1666 4817 1776 4857 Ποιι
1882 4814 2060 4871 sancti
2098 4818 2414 4867 sanctorum
2448 4803 2693 4874 iudicum
2723 4797 3194 4854 animadversione
3223 4795 3475 4849 luiturus.

186 4895 300 4943 tam
327 4889 583 4948 minimus
608 4906 771 4961 quam
795 4893 887 4951 ille
910 4895 1006 4964 qui
1027 4894 1205 4952 solvit.
1247 4895 1319 4952 Ut
1356 4906 1537 4954 autem
1568 4898 1643 4955 sit
1666 4914 1779 4954 ma-
1960 4908 2064 4974 Qui
2098 4915 2275 4960 autem
2311 4900 2508 4956 dixerit
2543 4899 2721 4969 fatue,
2754 4912 2873 4951 reus
2911 4894 3007 4949 erit
3043 4893 3289 4964 gehcnme
3317 4889 3475 4960 ignis.

184 4989 502 5075 ⁸9⁸⁸⁸³5⁸⁸9
529 4983 607 5039 mi
634 5000 803 5056 ⁸³88ηο
833 4994 1012 5058 alitus,
1042 4987 1225 5044 facere
1253 4989 1438 5056 ἀθὶιθιν
1471 4996 1529 5046 ει
1553 4991 1773 5059 docere.
1884 5001 1910 5075 (
1937 4999 2161 5055 Hieron.
2187 4997 2206 5071 )
2238 4994 2340 5063 Qui
2370 4992 2519 5049 enim
2547 5004 2702 5060 aeque
2727 4990 2783 5043 in
2809 4988 2977 5042 Deum
3005 4982 3250 5075 credenti
3273 4979 3477 5075 dixerit

188 5071 335 5127 sicut
353 5070 600 5129 Christus
629 5092 774 5133 nunc
807 5078 984 5146 docet,
1008 5080 1064 5135 id
1086 5089 1190 5147 est,
1221 5089 1284 5137 ut
1301 5082 1544 5139 abundet
1569 5084 1770 5155 iustitia

1886 5070 2066 5161 fatue,
2099 5070 2299 5162 impius
2322 5095 2409 5143 est
2439 5086 2495 5141 in
2525 5083 2868 5154 religionem.
2905 5075 3084 5147 Magni
3111 5071 3308 5144 piaculi
3335 5070 3477 5142 peri-

188 5162 308 5233 eius
332 5180 496 5237 super
525 5165 840 5224 Scribarum
867 5179 925 5224 et
953 5166 1371 5223 Plurim
1399 5174 1617 5231 Iustitia
1642 5175 1770 5231 Pha-

1884 5186 2069 5243 culum
2098 5190 2184 5238 est
2211 5194 2374 5249 quem
2404 5178 2575 5234 salem
2602 5177 2747 5230 Deus
2776 5167 3172 5239 nuncupaverit
3200 5180 3323 5221 cum
3350 5180 3477 5220 (ξοη-
3532 5194 3537 5203 ι

194 5258 477 5317 1'in
522 5269 626 5328 θα,
664 5271 726 5318 ιιι
764 5277 876 5318 1οη
909 5262 1165 5318 οωίάωιί
1189 5278 1203 5328 ὅ
1230 5260 1443 5334 iustitia
1468 5276 1661 5317 θοηιω
1687 5264 1781 5332 qui
1887 5272 2109 5328 tumelia
2168 5270 2423 5326 infatuati
2479 5283 2671 5324 sensus
2726 5266 3029 5327 lacessere,
3081 5266 3141 5316 et
3191 5258 3479 5314 stultorum

195 5351 449 5410 intraturi
487 5363 613 5410 amt
663 5370 890 5428 regnum
918 5356 1037 5421 Dei,
1085 5364 1147 5412 ut
1176 5372 1286 5411 non
1314 5356 1645 5412 irascantur.
1675 5356 1776 5412 1ίὶ-
1882 5363 2301 5436 intelligentiam
2331 5360 2618 5417 salientem
2645 5357 2825 5413 stultm
2856 5354 3226 5426 intelligentia:
3253 5366 3482 5423 exaspe-

197 5445 404 5505 nimum
428 5455 515 5503 est
540 5463 670 5519 ergo
723 5463 832 5513 non
858 5449 1128 5516 occidere,
1163 5457 1219 5504 et
1239 5450 1332 5519 qui
1383 5449 1512 5504 illud
1550 5450 1770 5505 solverit

1881 5470 2008 5511 rare
2053 5454 2363 5510 maledicto.
2414 5449 2724 5508 istiusmodi
2771 5461 2905 5520 ergo
2950 5446 3141 5502 aeterni
3185 5444 3327 5517 ignis
3371 5443 3480 5498 erit

196 5540 456 5597 minimus
503 5542 789 5597 vocabitur
826 5542 885 5596 in
919 5557 1090 5614 regno
1140 5544 1425 5600 calorum.
1464 5543 1568 5611 Qui
1598 5553 1780 5600 autem
1880 5546 2159 5618 pabulum.
2207 5544 2440 5613 Quidam
2488 5550 2669 5597 autem
2716 5539 3065 5610 quaerendum
3106 5543 3302 5607 putant
3347 5534 3475 5605 quid

198 5629 331 5687 illud
359 5632 685 5705 impleverit,
735 5643 931 5690 utnon
977 5635 1209 5703 occidat,
1239 5652 1349 5692 non
1377 5636 1641 5693 continuo
1662 5651 1780 5693 ma-
1882 5626 2100 5694 intersit
2126 5637 2272 5692 inter
2300 5649 2449 5691 reum
2476 5634 2687 5705 judicio
2710 5673 2724 5701 ,
2755 5639 2811 5689 et
2838 5646 2984 5689 rem
3012 5629 3234 5686 concilio
3254 5669 3270 5695 ,
3301 5642 3477 5682 reum»
3530 5688 3542 5705 .

201 5739 338 5795 gnua
384 5728 494 5783 erit
534 5736 593 5785 et
638 5727 866 5785 idoneus
910 5742 1077 5801 regno
1112 5729 1398 5796 oculorum,
1452 5729 1553 5786 sed
1602 5736 1809 5799 tamen,
1882 5748 1983 5804 que
2028 5735 2279 5802 ganeum
2320 5729 2478 5801 ignis.
2530 5728 2666 5784 Nam
2715 5728 2819 5783 hoc
2851 5733 3185 5798 postremum
3224 5718 3475 5794 gravissi-

166 5818 447 5875 'asceadit
489 5819 726 5893 aliquem
769 5821 1018 5905 gradum.
1044 5820 1365 5880 Perlicietur
1392 5830 1579 5882 autem
1604 5821 1656 5880 si
1681 5836 1784 5881 nec
1810 5899 1847 5907 ﬁ
1876 5836 2037 5881 illum
2085 5828 2245 5880 sonat
2290 5828 2348 5879 et
2395 5822 2652 5880 admonet
2698 5818 2899 5892 gradus
2933 5818 3197 5891 quosdam
3230 5813 3404 5870 factos
3439 5826 3472 5873 a

3278 5936 3313 5968 7
