  <div class='ocr_page' id='page_1' title='image "/cluster/home/n/w/nwhite01/storage/ocr_20150623/107/hvd.32044015466832/409.png"; bbox 0 0 3914 6444; ppageno 0'>
   <div class='ocr_carea' id='block_1_1' title="bbox 460 324 570 387">
    <p class='ocr_par' dir='ltr' id='par_1_1' title="bbox 460 324 570 387">
     <span class='ocr_line' id='line_1_1' title="bbox 460 324 570 387; baseline -0.027 0"><span class='ocrx_word' id='word_1_1' title='bbox 460 324 570 387; x_wconf 82' lang='grc'><strong>807</strong></span> 
     </span>
    </p>
   </div>
   <div class='ocr_carea' id='block_1_2' title="bbox 1101 316 3044 392">
    <p class='ocr_par' dir='ltr' id='par_1_2' title="bbox 1101 316 3044 392">
     <span class='ocr_line' id='line_1_2' title="bbox 1101 316 3044 392; baseline -0.003 -12"><span class='ocrx_word' id='word_1_2' title='bbox 1101 322 1164 380; x_wconf 88' lang='grc' dir='ltr'><strong>Β.</strong></span> <span class='ocrx_word' id='word_1_3' title='bbox 1203 323 1460 382; x_wconf 79' lang='lat' dir='ltr'><strong>RABANI</strong></span> <span class='ocrx_word' id='word_1_4' title='bbox 1495 322 1718 383; x_wconf 76' lang='lat' dir='ltr'><strong>MAURI</strong></span> <span class='ocrx_word' id='word_1_5' title='bbox 1749 322 2070 384; x_wconf 81' lang='lat' dir='ltr'><strong>ARCHIEP.</strong></span> <span class='ocrx_word' id='word_1_6' title='bbox 2111 319 2421 380; x_wconf 71' lang='lat' dir='ltr'><strong>MOGUNT.</strong></span> <span class='ocrx_word' id='word_1_7' title='bbox 2462 318 2752 379; x_wconf 79' lang='lat' dir='ltr'><strong>OPERUM</strong></span> <span class='ocrx_word' id='word_1_8' title='bbox 2787 316 3044 392; x_wconf 62' lang='lat' dir='ltr'><strong>PARS].</strong></span> 
     </span>
    </p>
   </div>
   <div class='ocr_carea' id='block_1_3' title="bbox 3641 314 3754 370">
    <p class='ocr_par' dir='ltr' id='par_1_3' title="bbox 3641 314 3754 370">
     <span class='ocr_line' id='line_1_3' title="bbox 3641 314 3754 370; baseline 0 0"><span class='ocrx_word' id='word_1_9' title='bbox 3641 314 3754 370; x_wconf 79' lang='lat'><strong>808</strong></span> 
     </span>
    </p>
   </div>
   <div class='ocr_carea' id='block_1_4' title="bbox 460 432 3752 510">
    <p class='ocr_par' dir='ltr' id='par_1_4' title="bbox 460 432 3752 510">
     <span class='ocr_line' id='line_1_4' title="bbox 460 432 3752 510; baseline -0.003 -16"><span class='ocrx_word' id='word_1_10' title='bbox 460 435 755 494; x_wconf 80' lang='lat' dir='ltr'><strong>levioribus</strong></span> <span class='ocrx_word' id='word_1_11' title='bbox 802 440 873 495; x_wconf 89' lang='lat' dir='ltr'><strong>ad</strong></span> <span class='ocrx_word' id='word_1_12' title='bbox 919 434 1202 509; x_wconf 73' lang='lat' dir='ltr'><strong>graviora,</strong></span> <span class='ocrx_word' id='word_1_13' title='bbox 1243 439 1416 494; x_wconf 89' lang='lat' dir='ltr'><strong>donec</strong></span> <span class='ocrx_word' id='word_1_14' title='bbox 1452 438 1522 494; x_wconf 91' lang='lat' dir='ltr'><strong>ad</strong></span> <span class='ocrx_word' id='word_1_15' title='bbox 1558 439 1861 510; x_wconf 82' lang='lat' dir='ltr'><strong>gehennam</strong></span> <span class='ocrx_word' id='word_1_16' title='bbox 1900 438 2041 508; x_wconf 88' lang='lat' dir='ltr'><strong>ignis</strong></span> <span class='ocrx_word' id='word_1_17' title='bbox 2068 443 2123 503; x_wconf 82' lang='grc' dir='ltr'><strong>Α</strong></span> <span class='ocrx_word' id='word_1_18' title='bbox 2146 451 2316 509; x_wconf 90' lang='lat' dir='ltr'><strong>quere</strong></span> <span class='ocrx_word' id='word_1_19' title='bbox 2344 443 2470 493; x_wconf 89' lang='lat' dir='ltr'><strong>ante</strong></span> <span class='ocrx_word' id='word_1_20' title='bbox 2502 436 2675 492; x_wconf 90' lang='lat' dir='ltr'><strong>altare</strong></span> <span class='ocrx_word' id='word_1_21' title='bbox 2704 434 2968 506; x_wconf 75' lang='lat' dir='ltr'><strong>iubearis.</strong></span> <span class='ocrx_word' id='word_1_22' title='bbox 3011 433 3069 490; x_wconf 90' lang='lat' dir='ltr'><strong>Si</strong></span> <span class='ocrx_word' id='word_1_23' title='bbox 3107 445 3236 506; x_wconf 88' lang='lat' dir='ltr'><strong>ergo</strong></span> <span class='ocrx_word' id='word_1_24' title='bbox 3271 434 3339 489; x_wconf 90' lang='lat' dir='ltr'><strong>de</strong></span> <span class='ocrx_word' id='word_1_25' title='bbox 3374 432 3629 488; x_wconf 76' lang='lat' dir='ltr'><strong>absente</strong></span> <span class='ocrx_word' id='word_1_26' title='bbox 3670 441 3752 496; x_wconf 86' lang='lat' dir='ltr'><strong>et,</strong></span> 
     </span>
    </p>
   </div>
   <div class='ocr_carea' id='block_1_5' title="bbox 461 526 2044 601">
    <p class='ocr_par' dir='ltr' id='par_1_5' title="bbox 461 526 2044 601">
     <span class='ocr_line' id='line_1_5' title="bbox 461 526 2044 601; baseline -0.002 -16"><span class='ocrx_word' id='word_1_27' title='bbox 461 530 762 586; x_wconf 87' lang='lat' dir='ltr'><strong>veniretur.</strong></span> <span class='ocrx_word' id='word_1_28' title='bbox 803 526 1015 583; x_wconf 87' lang='lat' dir='ltr'><strong>Gradus</strong></span> <span class='ocrx_word' id='word_1_29' title='bbox 1039 528 1233 599; x_wconf 79' lang='lat' dir='ltr'><strong>itaque</strong></span> <span class='ocrx_word' id='word_1_30' title='bbox 1271 537 1397 586; x_wconf 88' lang='lat' dir='ltr'><strong>sunt</strong></span> <span class='ocrx_word' id='word_1_31' title='bbox 1434 530 1489 585; x_wconf 92' lang='lat' dir='ltr'><strong>in</strong></span> <span class='ocrx_word' id='word_1_32' title='bbox 1528 530 1648 586; x_wconf 93' lang='lat' dir='ltr'><strong>istis</strong></span> <span class='ocrx_word' id='word_1_33' title='bbox 1674 530 1952 601; x_wconf 78' lang='lat' dir='ltr'><strong>peccatis,</strong></span> <span class='ocrx_word' id='word_1_34' title='bbox 1983 535 2044 583; x_wconf 91' lang='grc' dir='ltr'><strong>ιιι</strong></span> 
     </span>
    </p>
   </div>
   <div class='ocr_carea' id='block_1_6' title="bbox 466 624 2045 699">
    <p class='ocr_par' dir='ltr' id='par_1_6' title="bbox 466 624 2045 699">
     <span class='ocr_line' id='line_1_6' title="bbox 466 624 2045 699; baseline -0.003 -17"><span class='ocrx_word' id='word_1_35' title='bbox 466 627 643 699; x_wconf 89' lang='lat' dir='ltr'><strong>primo</strong></span> <span class='ocrx_word' id='word_1_36' title='bbox 683 625 912 696; x_wconf 85' lang='lat' dir='ltr'><strong>quisque</strong></span> <span class='ocrx_word' id='word_1_37' title='bbox 960 624 1248 693; x_wconf 74' lang='lat' dir='ltr'><strong>irascatur,</strong></span> <span class='ocrx_word' id='word_1_38' title='bbox 1296 634 1351 681; x_wconf 88' lang='lat' dir='ltr'><strong>et</strong></span> <span class='ocrx_word' id='word_1_39' title='bbox 1395 640 1522 682; x_wconf 87' lang='lat' dir='ltr'><strong>eum</strong></span> <span class='ocrx_word' id='word_1_40' title='bbox 1561 633 1766 681; x_wconf 89' lang='lat' dir='ltr'><strong>motum</strong></span> <span class='ocrx_word' id='word_1_41' title='bbox 1812 624 2045 680; x_wconf 84' lang='lat' dir='ltr'><strong>retineat</strong></span> 
     </span>
    </p>
   </div>
   <div class='ocr_carea' id='block_1_7' title="bbox 467 716 2049 790">
    <p class='ocr_par' dir='ltr' id='par_1_7' title="bbox 467 716 2049 790">
     <span class='ocr_line' id='line_1_7' title="bbox 467 716 2049 790; baseline -0.003 -14"><span class='ocrx_word' id='word_1_42' title='bbox 467 720 631 776; x_wconf 88' lang='lat' dir='ltr'><strong>corde</strong></span> <span class='ocrx_word' id='word_1_43' title='bbox 683 726 1019 790; x_wconf 81' lang='lat' dir='ltr'><strong>conceptum.</strong></span> <span class='ocrx_word' id='word_1_44' title='bbox 1069 716 1191 774; x_wconf 83' lang='lat' dir='ltr'><strong>Jam</strong></span> <span class='ocrx_word' id='word_1_45' title='bbox 1239 719 1284 774; x_wconf 92' lang='lat' dir='ltr'><strong>si</strong></span> <span class='ocrx_word' id='word_1_46' title='bbox 1335 719 1626 775; x_wconf 89' lang='lat' dir='ltr'><strong>extorserit</strong></span> <span class='ocrx_word' id='word_1_47' title='bbox 1668 733 1858 774; x_wconf 88' lang='lat' dir='ltr'><strong>vocem</strong></span> <span class='ocrx_word' id='word_1_48' title='bbox 1911 717 2049 772; x_wconf 90' lang='lat' dir='ltr'><strong>indi-</strong></span> 
     </span>
    </p>
   </div>
   <div class='ocr_carea' id='block_1_8' title="bbox 465 807 2044 884">
    <p class='ocr_par' dir='ltr' id='par_1_8' title="bbox 465 807 2044 884">
     <span class='ocr_line' id='line_1_8' title="bbox 465 807 2044 884; baseline -0.002 -18"><span class='ocrx_word' id='word_1_49' title='bbox 465 811 649 884; x_wconf 83' lang='lat' dir='ltr'><strong>gnanti</strong></span> <span class='ocrx_word' id='word_1_50' title='bbox 695 811 810 883; x_wconf 88' lang='lat' dir='ltr'><strong>ipsa</strong></span> <span class='ocrx_word' id='word_1_51' title='bbox 853 811 1177 879; x_wconf 83' lang='lat' dir='ltr'><strong>commotio,</strong></span> <span class='ocrx_word' id='word_1_52' title='bbox 1223 827 1334 868; x_wconf 90' lang='lat' dir='ltr'><strong>non</strong></span> <span class='ocrx_word' id='word_1_53' title='bbox 1377 810 1777 883; x_wconf 84' lang='lat' dir='ltr'><strong>signiﬁcantem</strong></span> <span class='ocrx_word' id='word_1_54' title='bbox 1814 807 2044 879; x_wconf 88' lang='lat' dir='ltr'><strong>aliquid,</strong></span> 
     </span>
    </p>
   </div>
   <div class='ocr_carea' id='block_1_9' title="bbox 465 901 2044 974">
    <p class='ocr_par' dir='ltr' id='par_1_9' title="bbox 465 901 2044 974">
     <span class='ocr_line' id='line_1_9' title="bbox 465 901 2044 974; baseline -0.001 -17"><span class='ocrx_word' id='word_1_55' title='bbox 465 903 561 958; x_wconf 90' lang='lat' dir='ltr'><strong>sed</strong></span> <span class='ocrx_word' id='word_1_56' title='bbox 596 901 749 957; x_wconf 90' lang='lat' dir='ltr'><strong>illum</strong></span> <span class='ocrx_word' id='word_1_57' title='bbox 786 903 953 957; x_wconf 90' lang='lat' dir='ltr'><strong>animi</strong></span> <span class='ocrx_word' id='word_1_58' title='bbox 990 911 1199 958; x_wconf 92' lang='lat' dir='ltr'><strong>motum</strong></span> <span class='ocrx_word' id='word_1_59' title='bbox 1235 903 1352 973; x_wconf 89' lang='lat' dir='ltr'><strong>ipsa</strong></span> <span class='ocrx_word' id='word_1_60' title='bbox 1387 903 1671 974; x_wconf 87' lang='lat' dir='ltr'><strong>eruptione</strong></span> <span class='ocrx_word' id='word_1_61' title='bbox 1721 909 2044 966; x_wconf 86' lang='lat' dir='ltr'><strong>testantem,</strong></span> 
     </span>
    </p>
   </div>
   <div class='ocr_carea' id='block_1_10' title="bbox 465 993 2049 1066">
    <p class='ocr_par' dir='ltr' id='par_1_10' title="bbox 465 993 2049 1066">
     <span class='ocr_line' id='line_1_10' title="bbox 465 993 2049 1066; baseline -0.001 -18"><span class='ocrx_word' id='word_1_62' title='bbox 465 1010 571 1064; x_wconf 87' lang='lat' dir='ltr'><strong>qua</strong></span> <span class='ocrx_word' id='word_1_63' title='bbox 598 994 826 1050; x_wconf 82' lang='lat' dir='ltr'><strong>feriatur</strong></span> <span class='ocrx_word' id='word_1_64' title='bbox 853 993 945 1050; x_wconf 90' lang='lat' dir='ltr'><strong>ille</strong></span> <span class='ocrx_word' id='word_1_65' title='bbox 971 995 1057 1051; x_wconf 92' lang='lat' dir='ltr'><strong>cui</strong></span> <span class='ocrx_word' id='word_1_66' title='bbox 1087 995 1388 1060; x_wconf 86' lang='lat' dir='ltr'><strong>irascimur,</strong></span> <span class='ocrx_word' id='word_1_67' title='bbox 1419 996 1541 1066; x_wconf 89' lang='lat' dir='ltr'><strong>plus</strong></span> <span class='ocrx_word' id='word_1_68' title='bbox 1565 1003 1651 1051; x_wconf 89' lang='lat' dir='ltr'><strong>est</strong></span> <span class='ocrx_word' id='word_1_69' title='bbox 1676 995 1865 1066; x_wconf 79' lang='lat' dir='ltr'><strong>utique</strong></span> <span class='ocrx_word' id='word_1_70' title='bbox 1887 1007 2049 1064; x_wconf 88' lang='lat' dir='ltr'><strong>quam</strong></span> 
     </span>
    </p>
   </div>
   <div class='ocr_carea' id='block_1_11' title="bbox 464 1086 2050 1158">
    <p class='ocr_par' dir='ltr' id='par_1_11' title="bbox 464 1086 2050 1158">
     <span class='ocr_line' id='line_1_11' title="bbox 464 1086 2050 1158; baseline -0.001 -17"><span class='ocrx_word' id='word_1_71' title='bbox 464 1086 513 1141; x_wconf 90' lang='lat' dir='ltr'><strong>si</strong></span> <span class='ocrx_word' id='word_1_72' title='bbox 560 1101 784 1158; x_wconf 77' lang='lat' dir='ltr'><strong>surgens</strong></span> <span class='ocrx_word' id='word_1_73' title='bbox 833 1087 915 1141; x_wconf 91' lang='lat' dir='ltr'><strong>ira</strong></span> <span class='ocrx_word' id='word_1_74' title='bbox 965 1087 1180 1143; x_wconf 90' lang='lat' dir='ltr'><strong>silentio</strong></span> <span class='ocrx_word' id='word_1_75' title='bbox 1225 1096 1590 1158; x_wconf 83' lang='lat' dir='ltr'><strong>premeretur.</strong></span> <span class='ocrx_word' id='word_1_76' title='bbox 1645 1086 1703 1142; x_wconf 93' lang='lat' dir='ltr'><strong>Si</strong></span> <span class='ocrx_word' id='word_1_77' title='bbox 1760 1101 1892 1142; x_wconf 86' lang='lat' dir='ltr'><strong>vero</strong></span> <span class='ocrx_word' id='word_1_78' title='bbox 1939 1100 2050 1141; x_wconf 90' lang='lat' dir='ltr'><strong>non</strong></span> 
     </span>
    </p>
   </div>
   <div class='ocr_carea' id='block_1_12' title="bbox 463 1177 2047 1251">
    <p class='ocr_par' dir='ltr' id='par_1_12' title="bbox 463 1177 2047 1251">
     <span class='ocr_line' id='line_1_12' title="bbox 463 1177 2047 1251; baseline -0.001 -17"><span class='ocrx_word' id='word_1_79' title='bbox 463 1177 642 1234; x_wconf 79' lang='lat' dir='ltr'><strong>solum</strong></span> <span class='ocrx_word' id='word_1_80' title='bbox 670 1194 776 1234; x_wconf 89' lang='lat' dir='ltr'><strong>vox</strong></span> <span class='ocrx_word' id='word_1_81' title='bbox 805 1178 1134 1251; x_wconf 76' lang='lat' dir='ltr'><strong>indignantis</strong></span> <span class='ocrx_word' id='word_1_82' title='bbox 1169 1180 1440 1245; x_wconf 85' lang='lat' dir='ltr'><strong>audiatur,</strong></span> <span class='ocrx_word' id='word_1_83' title='bbox 1471 1178 1564 1235; x_wconf 92' lang='lat' dir='ltr'><strong>sed</strong></span> <span class='ocrx_word' id='word_1_84' title='bbox 1594 1180 1760 1236; x_wconf 90' lang='lat' dir='ltr'><strong>etiam</strong></span> <span class='ocrx_word' id='word_1_85' title='bbox 1789 1179 2014 1234; x_wconf 89' lang='lat' dir='ltr'><strong>verbum</strong></span> <span class='ocrx_word' id='word_1_86' title='bbox 2033 1216 2047 1243; x_wconf 88' lang='lat'><strong>,</strong></span> 
     </span>
    </p>
   </div>
   <div class='ocr_carea' id='block_1_13' title="bbox 463 1269 2054 1343">
    <p class='ocr_par' dir='ltr' id='par_1_13' title="bbox 463 1269 2054 1343">
     <span class='ocr_line' id='line_1_13' title="bbox 463 1269 2054 1343; baseline 0.001 -19"><span class='ocrx_word' id='word_1_87' title='bbox 463 1271 610 1340; x_wconf 90' lang='lat' dir='ltr'><strong>quod</strong></span> <span class='ocrx_word' id='word_1_88' title='bbox 662 1279 870 1326; x_wconf 89' lang='lat' dir='ltr'><strong>certam</strong></span> <span class='ocrx_word' id='word_1_89' title='bbox 923 1269 1037 1340; x_wconf 87' lang='lat' dir='ltr'><strong>ejus</strong></span> <span class='ocrx_word' id='word_1_90' title='bbox 1089 1272 1549 1343; x_wconf 87' lang='lat' dir='ltr'><strong>vituperationem</strong></span> <span class='ocrx_word' id='word_1_91' title='bbox 1602 1272 1658 1328; x_wconf 91' lang='lat' dir='ltr'><strong>in</strong></span> <span class='ocrx_word' id='word_1_92' title='bbox 1715 1287 1875 1342; x_wconf 89' lang='lat' dir='ltr'><strong>quem</strong></span> <span class='ocrx_word' id='word_1_93' title='bbox 1928 1286 2054 1341; x_wconf 90' lang='lat' dir='ltr'><strong>pro-</strong></span> 
     </span>
    </p>
   </div>
   <div class='ocr_carea' id='block_1_14' title="bbox 468 1361 2053 1434">
    <p class='ocr_par' dir='ltr' id='par_1_14' title="bbox 468 1361 2053 1434">
     <span class='ocr_line' id='line_1_14' title="bbox 468 1361 2053 1434; baseline -0.001 -17"><span class='ocrx_word' id='word_1_94' title='bbox 468 1361 646 1418; x_wconf 84' lang='lat' dir='ltr'><strong>fertur</strong></span> <span class='ocrx_word' id='word_1_95' title='bbox 685 1363 934 1434; x_wconf 78' lang='lat' dir='ltr'><strong>designet</strong></span> <span class='ocrx_word' id='word_1_96' title='bbox 972 1371 1028 1417; x_wconf 92' lang='lat' dir='ltr'><strong>et</strong></span> <span class='ocrx_word' id='word_1_97' title='bbox 1069 1371 1251 1430; x_wconf 88' lang='lat' dir='ltr'><strong>notet,</strong></span> <span class='ocrx_word' id='word_1_98' title='bbox 1287 1363 1411 1434; x_wconf 89' lang='lat' dir='ltr'><strong>quis</strong></span> <span class='ocrx_word' id='word_1_99' title='bbox 1451 1363 1658 1420; x_wconf 88' lang='lat' dir='ltr'><strong>dubitet</strong></span> <span class='ocrx_word' id='word_1_100' title='bbox 1689 1363 1920 1434; x_wconf 90' lang='lat' dir='ltr'><strong>amplius</strong></span> <span class='ocrx_word' id='word_1_101' title='bbox 1950 1363 2053 1417; x_wconf 89' lang='lat' dir='ltr'><strong>hoc</strong></span> 
     </span>
    </p>
   </div>
   <div class='ocr_carea' id='block_1_15' title="bbox 467 1454 2052 1526">
    <p class='ocr_par' dir='ltr' id='par_1_15' title="bbox 467 1454 2052 1526">
     <span class='ocr_line' id='line_1_15' title="bbox 467 1454 2052 1526; baseline -0.001 -15"><span class='ocrx_word' id='word_1_102' title='bbox 467 1469 589 1512; x_wconf 87' lang='lat' dir='ltr'><strong>esse</strong></span> <span class='ocrx_word' id='word_1_103' title='bbox 613 1469 775 1525; x_wconf 90' lang='lat' dir='ltr'><strong>quam</strong></span> <span class='ocrx_word' id='word_1_104' title='bbox 805 1455 850 1510; x_wconf 91' lang='lat' dir='ltr'><strong>si</strong></span> <span class='ocrx_word' id='word_1_105' title='bbox 878 1454 1024 1510; x_wconf 90' lang='lat' dir='ltr'><strong>solus</strong></span> <span class='ocrx_word' id='word_1_106' title='bbox 1050 1454 1436 1526; x_wconf 79' lang='lat' dir='ltr'><strong>indignationis</strong></span> <span class='ocrx_word' id='word_1_107' title='bbox 1460 1473 1625 1512; x_wconf 92' lang='lat' dir='ltr'><strong>sonus</strong></span> <span class='ocrx_word' id='word_1_108' title='bbox 1652 1456 1926 1512; x_wconf 88' lang='lat' dir='ltr'><strong>ederetur.</strong></span> <span class='ocrx_word' id='word_1_109' title='bbox 1948 1455 2052 1510; x_wconf 87' lang='lat' dir='ltr'><strong>Ita-</strong></span> 
     </span>
    </p>
   </div>
   <div class='ocr_carea' id='block_1_16' title="bbox 470 1546 2053 1617">
    <p class='ocr_par' dir='ltr' id='par_1_16' title="bbox 470 1546 2053 1617">
     <span class='ocr_line' id='line_1_16' title="bbox 470 1546 2053 1617; baseline 0.001 -15"><span class='ocrx_word' id='word_1_110' title='bbox 470 1562 577 1616; x_wconf 87' lang='lat' dir='ltr'><strong>que</strong></span> <span class='ocrx_word' id='word_1_111' title='bbox 608 1548 662 1601; x_wconf 90' lang='lat' dir='ltr'><strong>in</strong></span> <span class='ocrx_word' id='word_1_112' title='bbox 689 1546 867 1617; x_wconf 88' lang='lat' dir='ltr'><strong>primo</strong></span> <span class='ocrx_word' id='word_1_113' title='bbox 895 1563 1062 1602; x_wconf 91' lang='lat' dir='ltr'><strong>unum</strong></span> <span class='ocrx_word' id='word_1_114' title='bbox 1093 1555 1208 1614; x_wconf 91' lang='lat' dir='ltr'><strong>est,</strong></span> <span class='ocrx_word' id='word_1_115' title='bbox 1241 1548 1295 1603; x_wconf 94' lang='lat' dir='ltr'><strong>id</strong></span> <span class='ocrx_word' id='word_1_116' title='bbox 1325 1558 1410 1604; x_wconf 91' lang='lat' dir='ltr'><strong>est</strong></span> <span class='ocrx_word' id='word_1_117' title='bbox 1438 1550 1517 1605; x_wconf 90' lang='lat' dir='ltr'><strong>ira</strong></span> <span class='ocrx_word' id='word_1_118' title='bbox 1548 1551 1659 1605; x_wconf 89' lang='lat' dir='ltr'><strong>sola</strong></span> <span class='ocrx_word' id='word_1_119' title='bbox 1680 1591 1695 1614; x_wconf 95' lang='lat'><strong>,</strong></span> <span class='ocrx_word' id='word_1_120' title='bbox 1729 1549 1784 1604; x_wconf 89' lang='lat' dir='ltr'><strong>in</strong></span> <span class='ocrx_word' id='word_1_121' title='bbox 1815 1548 2053 1605; x_wconf 90' lang='lat' dir='ltr'><strong>secundo</strong></span> 
     </span>
    </p>
   </div>
   <div class='ocr_carea' id='block_1_17' title="bbox 471 1639 2054 1714">
    <p class='ocr_par' dir='ltr' id='par_1_17' title="bbox 471 1639 2054 1714">
     <span class='ocr_line' id='line_1_17' title="bbox 471 1639 2054 1714; baseline 0.003 -22"><span class='ocrx_word' id='word_1_122' title='bbox 471 1639 608 1703; x_wconf 91' lang='lat' dir='ltr'><strong>duo,</strong></span> <span class='ocrx_word' id='word_1_123' title='bbox 647 1648 702 1694; x_wconf 91' lang='lat' dir='ltr'><strong>et</strong></span> <span class='ocrx_word' id='word_1_124' title='bbox 735 1639 818 1694; x_wconf 88' lang='lat' dir='ltr'><strong>ira</strong></span> <span class='ocrx_word' id='word_1_125' title='bbox 852 1646 906 1694; x_wconf 91' lang='lat' dir='ltr'><strong>et</strong></span> <span class='ocrx_word' id='word_1_126' title='bbox 944 1654 1081 1709; x_wconf 89' lang='lat' dir='ltr'><strong>vox,</strong></span> <span class='ocrx_word' id='word_1_127' title='bbox 1115 1655 1236 1710; x_wconf 63' lang='lat' dir='ltr'><strong>qua:</strong></span> <span class='ocrx_word' id='word_1_128' title='bbox 1271 1641 1408 1696; x_wconf 89' lang='lat' dir='ltr'><strong>iram</strong></span> <span class='ocrx_word' id='word_1_129' title='bbox 1448 1642 1749 1714; x_wconf 82' lang='lat' dir='ltr'><strong>significat,</strong></span> <span class='ocrx_word' id='word_1_130' title='bbox 1796 1642 1851 1696; x_wconf 93' lang='lat' dir='ltr'><strong>in</strong></span> <span class='ocrx_word' id='word_1_131' title='bbox 1894 1642 2054 1697; x_wconf 90' lang='lat' dir='ltr'><strong>tertio</strong></span> 
     </span>
    </p>
   </div>
   <div class='ocr_carea' id='block_1_18' title="bbox 470 1731 2054 1804">
    <p class='ocr_par' dir='ltr' id='par_1_18' title="bbox 470 1731 2054 1804">
     <span class='ocr_line' id='line_1_18' title="bbox 470 1731 2054 1804; baseline 0.001 -18"><span class='ocrx_word' id='word_1_132' title='bbox 470 1731 572 1786; x_wconf 84' lang='lat' dir='ltr'><strong>tria</strong></span> <span class='ocrx_word' id='word_1_133' title='bbox 591 1771 606 1797; x_wconf 93' lang='lat'><strong>,</strong></span> <span class='ocrx_word' id='word_1_134' title='bbox 637 1739 693 1786; x_wconf 91' lang='lat' dir='ltr'><strong>et</strong></span> <span class='ocrx_word' id='word_1_135' title='bbox 721 1732 803 1786; x_wconf 89' lang='lat' dir='ltr'><strong>ira</strong></span> <span class='ocrx_word' id='word_1_136' title='bbox 831 1740 886 1787; x_wconf 92' lang='lat' dir='ltr'><strong>et</strong></span> <span class='ocrx_word' id='word_1_137' title='bbox 913 1748 1038 1798; x_wconf 88' lang='lat' dir='ltr'><strong>vox,</strong></span> <span class='ocrx_word' id='word_1_138' title='bbox 1070 1748 1190 1803; x_wconf 81' lang='lat' dir='ltr'><strong>quae</strong></span> <span class='ocrx_word' id='word_1_139' title='bbox 1238 1733 1375 1788; x_wconf 88' lang='lat' dir='ltr'><strong>iram</strong></span> <span class='ocrx_word' id='word_1_140' title='bbox 1419 1733 1716 1804; x_wconf 85' lang='lat' dir='ltr'><strong>signiﬁcat,</strong></span> <span class='ocrx_word' id='word_1_141' title='bbox 1751 1741 1807 1789; x_wconf 90' lang='lat' dir='ltr'><strong>et</strong></span> <span class='ocrx_word' id='word_1_142' title='bbox 1837 1733 1892 1787; x_wconf 93' lang='lat' dir='ltr'><strong>in</strong></span> <span class='ocrx_word' id='word_1_143' title='bbox 1921 1747 2054 1788; x_wconf 85' lang='lat' dir='ltr'><strong>voce</strong></span> 
     </span>
    </p>
   </div>
   <div class='ocr_carea' id='block_1_19' title="bbox 467 1817 2128 1896">
    <p class='ocr_par' dir='ltr' id='par_1_19' title="bbox 467 1817 2128 1896">
     <span class='ocr_line' id='line_1_19' title="bbox 467 1817 2128 1896; baseline 0 -18"><span class='ocrx_word' id='word_1_144' title='bbox 467 1824 586 1893; x_wconf 89' lang='lat' dir='ltr'><strong>ipsa</strong></span> <span class='ocrx_word' id='word_1_145' title='bbox 611 1831 758 1878; x_wconf 88' lang='lat' dir='ltr'><strong>certa</strong></span> <span class='ocrx_word' id='word_1_146' title='bbox 781 1823 1196 1895; x_wconf 88' lang='lat' dir='ltr'><strong>vituperationis</strong></span> <span class='ocrx_word' id='word_1_147' title='bbox 1218 1827 1518 1896; x_wconf 84' lang='lat' dir='ltr'><strong>expressio.</strong></span> <span class='ocrx_word' id='word_1_148' title='bbox 1545 1826 1696 1882; x_wconf 91' lang='lat' dir='ltr'><strong>Unde</strong></span> <span class='ocrx_word' id='word_1_149' title='bbox 1717 1841 1864 1881; x_wconf 93' lang='lat' dir='ltr'><strong>nunc</strong></span> <span class='ocrx_word' id='word_1_150' title='bbox 1889 1826 2052 1881; x_wconf 88' lang='lat' dir='ltr'><strong>etiam</strong></span> <span class='ocrx_word' id='word_1_151' title='bbox 2080 1817 2128 1877; x_wconf 91' lang='lat' dir='ltr'><strong>B</strong></span> 
     </span>
    </p>
   </div>
   <div class='ocr_carea' id='block_1_20' title="bbox 471 1918 2055 1992">
    <p class='ocr_par' dir='ltr' id='par_1_20' title="bbox 471 1918 2055 1992">
     <span class='ocr_line' id='line_1_20' title="bbox 471 1918 2055 1992; baseline 0.002 -21"><span class='ocrx_word' id='word_1_152' title='bbox 471 1925 582 1972; x_wconf 92' lang='lat' dir='ltr'><strong>tres</strong></span> <span class='ocrx_word' id='word_1_153' title='bbox 611 1925 827 1984; x_wconf 89' lang='lat' dir='ltr'><strong>reatus,</strong></span> <span class='ocrx_word' id='word_1_154' title='bbox 855 1918 1080 1990; x_wconf 88' lang='lat' dir='ltr'><strong>judicii,</strong></span> <span class='ocrx_word' id='word_1_155' title='bbox 1111 1919 1326 1975; x_wconf 87' lang='lat' dir='ltr'><strong>concilii</strong></span> <span class='ocrx_word' id='word_1_156' title='bbox 1356 1927 1411 1974; x_wconf 91' lang='lat' dir='ltr'><strong>et</strong></span> <span class='ocrx_word' id='word_1_157' title='bbox 1439 1921 1700 1992; x_wconf 72' lang='lat' dir='ltr'><strong>gehennae</strong></span> <span class='ocrx_word' id='word_1_158' title='bbox 1727 1921 1885 1992; x_wconf 83' lang='lat' dir='ltr'><strong>ignis.</strong></span> <span class='ocrx_word' id='word_1_159' title='bbox 1919 1918 2055 1976; x_wconf 84' lang='lat' dir='ltr'><strong>Nam</strong></span> 
     </span>
    </p>
   </div>
   <div class='ocr_carea' id='block_1_21' title="bbox 467 2007 2056 2081">
    <p class='ocr_par' dir='ltr' id='par_1_21' title="bbox 467 2007 2056 2081">
     <span class='ocr_line' id='line_1_21' title="bbox 467 2007 2056 2081; baseline 0.003 -17"><span class='ocrx_word' id='word_1_160' title='bbox 467 2008 525 2064; x_wconf 90' lang='lat' dir='ltr'><strong>in</strong></span> <span class='ocrx_word' id='word_1_161' title='bbox 555 2007 760 2078; x_wconf 88' lang='lat' dir='ltr'><strong>judicio</strong></span> <span class='ocrx_word' id='word_1_162' title='bbox 789 2011 965 2067; x_wconf 89' lang='lat' dir='ltr'><strong>adhuc</strong></span> <span class='ocrx_word' id='word_1_163' title='bbox 1003 2011 1301 2068; x_wconf 84' lang='lat' dir='ltr'><strong>defensioni</strong></span> <span class='ocrx_word' id='word_1_164' title='bbox 1334 2013 1492 2068; x_wconf 89' lang='lat' dir='ltr'><strong>datur</strong></span> <span class='ocrx_word' id='word_1_165' title='bbox 1519 2013 1707 2081; x_wconf 89' lang='lat' dir='ltr'><strong>locus;</strong></span> <span class='ocrx_word' id='word_1_166' title='bbox 1744 2015 1799 2068; x_wconf 92' lang='lat' dir='ltr'><strong>in</strong></span> <span class='ocrx_word' id='word_1_167' title='bbox 1826 2013 2056 2069; x_wconf 93' lang='lat' dir='ltr'><strong>concilio</strong></span> 
     </span>
    </p>
   </div>
   <div class='ocr_carea' id='block_1_22' title="bbox 469 2105 2057 2177">
    <p class='ocr_par' dir='ltr' id='par_1_22' title="bbox 469 2105 2057 2177">
     <span class='ocr_line' id='line_1_22' title="bbox 469 2105 2057 2177; baseline 0.004 -20"><span class='ocrx_word' id='word_1_168' title='bbox 469 2112 654 2158; x_wconf 87' lang='lat' dir='ltr'><strong>autem</strong></span> <span class='ocrx_word' id='word_1_169' title='bbox 699 2120 1007 2175; x_wconf 89' lang='lat' dir='ltr'><strong>quanquam</strong></span> <span class='ocrx_word' id='word_1_170' title='bbox 1058 2114 1112 2160; x_wconf 88' lang='lat' dir='ltr'><strong>et</strong></span> <span class='ocrx_word' id='word_1_171' title='bbox 1153 2105 1418 2177; x_wconf 89' lang='lat' dir='ltr'><strong>judicium</strong></span> <span class='ocrx_word' id='word_1_172' title='bbox 1461 2123 1582 2164; x_wconf 90' lang='lat' dir='ltr'><strong>esse</strong></span> <span class='ocrx_word' id='word_1_173' title='bbox 1626 2108 1825 2174; x_wconf 88' lang='lat' dir='ltr'><strong>soleat,</strong></span> <span class='ocrx_word' id='word_1_174' title='bbox 1873 2117 2057 2164; x_wconf 88' lang='lat' dir='ltr'><strong>tamen</strong></span> 
     </span>
    </p>
   </div>
   <div class='ocr_carea' id='block_1_23' title="bbox 471 2197 2054 2272">
    <p class='ocr_par' dir='ltr' id='par_1_23' title="bbox 471 2197 2054 2272">
     <span class='ocr_line' id='line_1_23' title="bbox 471 2197 2054 2272; baseline 0.004 -22"><span class='ocrx_word' id='word_1_175' title='bbox 471 2198 597 2266; x_wconf 82' lang='lat' dir='ltr'><strong>quia</strong></span> <span class='ocrx_word' id='word_1_176' title='bbox 637 2197 900 2254; x_wconf 86' lang='lat' dir='ltr'><strong>interesse</strong></span> <span class='ocrx_word' id='word_1_177' title='bbox 934 2198 1136 2270; x_wconf 89' lang='lat' dir='ltr'><strong>aliquid</strong></span> <span class='ocrx_word' id='word_1_178' title='bbox 1171 2199 1274 2256; x_wconf 88' lang='lat' dir='ltr'><strong>hoc</strong></span> <span class='ocrx_word' id='word_1_179' title='bbox 1304 2200 1423 2257; x_wconf 93' lang='lat' dir='ltr'><strong>loco</strong></span> <span class='ocrx_word' id='word_1_180' title='bbox 1463 2200 1618 2257; x_wconf 84' lang='lat' dir='ltr'><strong>fateri</strong></span> <span class='ocrx_word' id='word_1_181' title='bbox 1655 2203 1799 2272; x_wconf 88' lang='lat' dir='ltr'><strong>cogit</strong></span> <span class='ocrx_word' id='word_1_182' title='bbox 1826 2202 1941 2272; x_wconf 89' lang='lat' dir='ltr'><strong>ipsa</strong></span> <span class='ocrx_word' id='word_1_183' title='bbox 1971 2202 2054 2257; x_wconf 92' lang='lat' dir='ltr'><strong>di-</strong></span> 
     </span>
    </p>
   </div>
   <div class='ocr_carea' id='block_1_24' title="bbox 441 2280 2058 2364">
    <p class='ocr_par' dir='ltr' id='par_1_24' title="bbox 441 2280 2058 2364">
     <span class='ocr_line' id='line_1_24' title="bbox 441 2280 2058 2364; baseline 0.005 -22"><span class='ocrx_word' id='word_1_184' title='bbox 441 2280 722 2355; x_wconf 42' lang='lat' dir='ltr'><strong>”stiuctio,</strong></span> <span class='ocrx_word' id='word_1_185' title='bbox 761 2289 977 2345; x_wconf 88' lang='lat' dir='ltr'><strong>videtur</strong></span> <span class='ocrx_word' id='word_1_186' title='bbox 1015 2291 1085 2346; x_wconf 89' lang='lat' dir='ltr'><strong>ad</strong></span> <span class='ocrx_word' id='word_1_187' title='bbox 1121 2291 1414 2347; x_wconf 87' lang='lat' dir='ltr'><strong>concilium</strong></span> <span class='ocrx_word' id='word_1_188' title='bbox 1451 2294 1728 2364; x_wconf 85' lang='lat' dir='ltr'><strong>pertinere</strong></span> <span class='ocrx_word' id='word_1_189' title='bbox 1777 2295 2058 2351; x_wconf 82' lang='lat' dir='ltr'><strong>sententiae</strong></span> 
     </span>
    </p>
   </div>
   <div class='ocr_carea' id='block_1_25' title="bbox 469 2381 2058 2458">
    <p class='ocr_par' dir='ltr' id='par_1_25' title="bbox 469 2381 2058 2458">
     <span class='ocr_line' id='line_1_25' title="bbox 469 2381 2058 2458; baseline 0.004 -22"><span class='ocrx_word' id='word_1_190' title='bbox 469 2381 724 2451; x_wconf 86' lang='lat' dir='ltr'><strong>prolatio,</strong></span> <span class='ocrx_word' id='word_1_191' title='bbox 747 2386 964 2451; x_wconf 88' lang='lat' dir='ltr'><strong>quando</strong></span> <span class='ocrx_word' id='word_1_192' title='bbox 984 2399 1091 2438; x_wconf 90' lang='lat' dir='ltr'><strong>non</strong></span> <span class='ocrx_word' id='word_1_193' title='bbox 1113 2381 1227 2452; x_wconf 91' lang='lat' dir='ltr'><strong>jam</strong></span> <span class='ocrx_word' id='word_1_194' title='bbox 1252 2400 1377 2440; x_wconf 92' lang='lat' dir='ltr'><strong>cum</strong></span> <span class='ocrx_word' id='word_1_195' title='bbox 1405 2385 1522 2456; x_wconf 89' lang='lat' dir='ltr'><strong>ipso</strong></span> <span class='ocrx_word' id='word_1_196' title='bbox 1553 2401 1647 2442; x_wconf 91' lang='lat' dir='ltr'><strong>reo</strong></span> <span class='ocrx_word' id='word_1_197' title='bbox 1674 2387 1853 2458; x_wconf 87' lang='lat' dir='ltr'><strong>agitur</strong></span> <span class='ocrx_word' id='word_1_198' title='bbox 1876 2396 2058 2442; x_wconf 90' lang='lat' dir='ltr'><strong>utrum</strong></span> 
     </span>
    </p>
   </div>
   <div class='ocr_carea' id='block_1_26' title="bbox 473 2473 2060 2549">
    <p class='ocr_par' dir='ltr' id='par_1_26' title="bbox 473 2473 2060 2549">
     <span class='ocr_line' id='line_1_26' title="bbox 473 2473 2060 2549; baseline 0.005 -22"><span class='ocrx_word' id='word_1_199' title='bbox 473 2473 815 2529; x_wconf 87' lang='lat' dir='ltr'><strong>damnandus</strong></span> <span class='ocrx_word' id='word_1_200' title='bbox 851 2475 951 2542; x_wconf 91' lang='lat' dir='ltr'><strong>sit,</strong></span> <span class='ocrx_word' id='word_1_201' title='bbox 983 2476 1079 2530; x_wconf 91' lang='lat' dir='ltr'><strong>sed</strong></span> <span class='ocrx_word' id='word_1_202' title='bbox 1115 2475 1259 2532; x_wconf 92' lang='lat' dir='ltr'><strong>inter</strong></span> <span class='ocrx_word' id='word_1_203' title='bbox 1287 2493 1346 2533; x_wconf 91' lang='lat' dir='ltr'><strong>sc</strong></span> <span class='ocrx_word' id='word_1_204' title='bbox 1376 2479 1469 2549; x_wconf 90' lang='lat' dir='ltr'><strong>qui</strong></span> <span class='ocrx_word' id='word_1_205' title='bbox 1493 2478 1741 2548; x_wconf 88' lang='lat' dir='ltr'><strong>judicant</strong></span> <span class='ocrx_word' id='word_1_206' title='bbox 1773 2480 2060 2536; x_wconf 86' lang='lat' dir='ltr'><strong>conferunt</strong></span> 
     </span>
    </p>
   </div>
   <div class='ocr_carea' id='block_1_27' title="bbox 473 2566 2060 2642">
    <p class='ocr_par' dir='ltr' id='par_1_27' title="bbox 473 2566 2060 2642">
     <span class='ocr_line' id='line_1_27' title="bbox 473 2566 2060 2642; baseline 0.006 -23"><span class='ocrx_word' id='word_1_207' title='bbox 473 2581 580 2635; x_wconf 88' lang='lat' dir='ltr'><strong>quo</strong></span> <span class='ocrx_word' id='word_1_208' title='bbox 615 2566 875 2637; x_wconf 90' lang='lat' dir='ltr'><strong>supplicio</strong></span> <span class='ocrx_word' id='word_1_209' title='bbox 915 2568 1163 2623; x_wconf 87' lang='lat' dir='ltr'><strong>damnari</strong></span> <span class='ocrx_word' id='word_1_210' title='bbox 1197 2578 1447 2640; x_wconf 90' lang='lat' dir='ltr'><strong>oporteat</strong></span> <span class='ocrx_word' id='word_1_211' title='bbox 1480 2588 1642 2642; x_wconf 86' lang='lat' dir='ltr'><strong>quem</strong></span> <span class='ocrx_word' id='word_1_212' title='bbox 1678 2581 1894 2628; x_wconf 87' lang='lat' dir='ltr'><strong>constat</strong></span> <span class='ocrx_word' id='word_1_213' title='bbox 1939 2587 2060 2628; x_wconf 91' lang='lat' dir='ltr'><strong>esse</strong></span> 
     </span>
    </p>
   </div>
   <div class='ocr_carea' id='block_1_28' title="bbox 473 2657 2060 2735">
    <p class='ocr_par' dir='ltr' id='par_1_28' title="bbox 473 2657 2060 2735">
     <span class='ocr_line' id='line_1_28' title="bbox 473 2657 2060 2735; baseline 0.005 -24"><span class='ocrx_word' id='word_1_214' title='bbox 473 2657 857 2714; x_wconf 89' lang='lat' dir='ltr'><strong>damnandum.</strong></span> <span class='ocrx_word' id='word_1_215' title='bbox 895 2657 1153 2716; x_wconf 89' lang='lat' dir='ltr'><strong>Gehenna</strong></span> <span class='ocrx_word' id='word_1_216' title='bbox 1187 2677 1318 2719; x_wconf 90' lang='lat' dir='ltr'><strong>vero</strong></span> <span class='ocrx_word' id='word_1_217' title='bbox 1351 2664 1490 2735; x_wconf 86' lang='lat' dir='ltr'><strong>ignis</strong></span> <span class='ocrx_word' id='word_1_218' title='bbox 1527 2680 1628 2721; x_wconf 90' lang='lat' dir='ltr'><strong>nec</strong></span> <span class='ocrx_word' id='word_1_219' title='bbox 1657 2666 2060 2721; x_wconf 88' lang='lat' dir='ltr'><strong>damnationem</strong></span> 
     </span>
    </p>
   </div>
   <div class='ocr_carea' id='block_1_29' title="bbox 468 2746 2059 2826">
    <p class='ocr_par' dir='ltr' id='par_1_29' title="bbox 468 2746 2059 2826">
     <span class='ocr_line' id='line_1_29' title="bbox 468 2746 2059 2826; baseline 0.004 -23"><span class='ocrx_word' id='word_1_220' title='bbox 468 2746 635 2804; x_wconf 82' lang='lat' dir='ltr'><strong>habet</strong></span> <span class='ocrx_word' id='word_1_221' title='bbox 662 2750 912 2818; x_wconf 88' lang='lat' dir='ltr'><strong>dubiam,</strong></span> <span class='ocrx_word' id='word_1_222' title='bbox 943 2752 1085 2808; x_wconf 90' lang='lat' dir='ltr'><strong>sicut</strong></span> <span class='ocrx_word' id='word_1_223' title='bbox 1109 2751 1406 2822; x_wconf 89' lang='lat' dir='ltr'><strong>judicium,</strong></span> <span class='ocrx_word' id='word_1_224' title='bbox 1435 2772 1535 2813; x_wconf 90' lang='lat' dir='ltr'><strong>nec</strong></span> <span class='ocrx_word' id='word_1_225' title='bbox 1567 2757 1804 2812; x_wconf 85' lang='lat' dir='ltr'><strong>damnati</strong></span> <span class='ocrx_word' id='word_1_226' title='bbox 1840 2771 2059 2826; x_wconf 77' lang='lat' dir='ltr'><strong>pomam</strong></span> 
     </span>
    </p>
   </div>
   <div class='ocr_carea' id='block_1_30' title="bbox 470 2840 2060 2919">
    <p class='ocr_par' dir='ltr' id='par_1_30' title="bbox 470 2840 2060 2919">
     <span class='ocr_line' id='line_1_30' title="bbox 470 2840 2060 2919; baseline 0.003 -23"><span class='ocrx_word' id='word_1_227' title='bbox 470 2840 610 2896; x_wconf 90' lang='lat' dir='ltr'><strong>sicut</strong></span> <span class='ocrx_word' id='word_1_228' title='bbox 659 2843 971 2899; x_wconf 90' lang='lat' dir='ltr'><strong>concilium.</strong></span> <span class='ocrx_word' id='word_1_229' title='bbox 1025 2844 1084 2899; x_wconf 89' lang='lat' dir='ltr'><strong>In</strong></span> <span class='ocrx_word' id='word_1_230' title='bbox 1133 2846 1378 2917; x_wconf 90' lang='lat' dir='ltr'><strong>gehenna</strong></span> <span class='ocrx_word' id='word_1_231' title='bbox 1429 2849 1574 2902; x_wconf 89' lang='lat' dir='ltr'><strong>enim</strong></span> <span class='ocrx_word' id='word_1_232' title='bbox 1621 2847 1759 2919; x_wconf 87' lang='lat' dir='ltr'><strong>ignis</strong></span> <span class='ocrx_word' id='word_1_233' title='bbox 1793 2856 1942 2903; x_wconf 87' lang='lat' dir='ltr'><strong>certa</strong></span> <span class='ocrx_word' id='word_1_234' title='bbox 1977 2855 2060 2902; x_wconf 91' lang='lat' dir='ltr'><strong>est</strong></span> 
     </span>
    </p>
   </div>
   <div class='ocr_carea' id='block_1_31' title="bbox 469 2932 2060 3012">
    <p class='ocr_par' dir='ltr' id='par_1_31' title="bbox 469 2932 2060 3012">
     <span class='ocr_line' id='line_1_31' title="bbox 469 2932 2060 3012; baseline 0.004 -24"><span class='ocrx_word' id='word_1_235' title='bbox 469 2932 746 2990; x_wconf 88' lang='lat' dir='ltr'><strong>damnatio</strong></span> <span class='ocrx_word' id='word_1_236' title='bbox 793 2945 849 2991; x_wconf 92' lang='lat' dir='ltr'><strong>et</strong></span> <span class='ocrx_word' id='word_1_237' title='bbox 890 2950 1054 3006; x_wconf 64' lang='lat' dir='ltr'><strong>penna</strong></span> <span class='ocrx_word' id='word_1_238' title='bbox 1099 2937 1362 2994; x_wconf 88' lang='lat' dir='ltr'><strong>damnati.</strong></span> <span class='ocrx_word' id='word_1_239' title='bbox 1414 2938 1679 2995; x_wconf 80' lang='lat' dir='ltr'><strong>Videntur</strong></span> <span class='ocrx_word' id='word_1_240' title='bbox 1723 2957 1852 3012; x_wconf 87' lang='lat' dir='ltr'><strong>ergo</strong></span> <span class='ocrx_word' id='word_1_241' title='bbox 1896 2940 2060 3010; x_wconf 90' lang='lat' dir='ltr'><strong>aliqui</strong></span> 
     </span>
    </p>
   </div>
   <div class='ocr_carea' id='block_1_32' title="bbox 469 3025 2060 3103">
    <p class='ocr_par' dir='ltr' id='par_1_32' title="bbox 469 3025 2060 3103">
     <span class='ocr_line' id='line_1_32' title="bbox 469 3025 2060 3103; baseline 0.006 -26"><span class='ocrx_word' id='word_1_242' title='bbox 469 3025 670 3095; x_wconf 87' lang='lat' dir='ltr'><strong>gradus</strong></span> <span class='ocrx_word' id='word_1_243' title='bbox 708 3027 763 3081; x_wconf 91' lang='lat' dir='ltr'><strong>in</strong></span> <span class='ocrx_word' id='word_1_244' title='bbox 797 3030 1068 3097; x_wconf 87' lang='lat' dir='ltr'><strong>peccatis,</strong></span> <span class='ocrx_word' id='word_1_245' title='bbox 1106 3038 1162 3085; x_wconf 89' lang='lat' dir='ltr'><strong>et</strong></span> <span class='ocrx_word' id='word_1_246' title='bbox 1200 3032 1254 3086; x_wconf 92' lang='lat' dir='ltr'><strong>in</strong></span> <span class='ocrx_word' id='word_1_247' title='bbox 1291 3041 1466 3086; x_wconf 89' lang='lat' dir='ltr'><strong>reatu.</strong></span> <span class='ocrx_word' id='word_1_248' title='bbox 1511 3031 1619 3087; x_wconf 89' lang='lat' dir='ltr'><strong>Sed</strong></span> <span class='ocrx_word' id='word_1_249' title='bbox 1658 3032 1856 3103; x_wconf 87' lang='lat' dir='ltr'><strong>quibus</strong></span> <span class='ocrx_word' id='word_1_250' title='bbox 1887 3031 2060 3087; x_wconf 89' lang='lat' dir='ltr'><strong>modis</strong></span> 
     </span>
    </p>
   </div>
   <div class='ocr_carea' id='block_1_33' title="bbox 469 3115 2061 3196">
    <p class='ocr_par' dir='ltr' id='par_1_33' title="bbox 469 3115 2061 3196">
     <span class='ocr_line' id='line_1_33' title="bbox 469 3115 2061 3196; baseline 0.006 -26"><span class='ocrx_word' id='word_1_251' title='bbox 469 3115 814 3173; x_wconf 88' lang='lat' dir='ltr'><strong>invisibiliter</strong></span> <span class='ocrx_word' id='word_1_252' title='bbox 862 3120 1224 3176; x_wconf 87' lang='lat' dir='ltr'><strong>exhibeantur</strong></span> <span class='ocrx_word' id='word_1_253' title='bbox 1275 3124 1487 3179; x_wconf 90' lang='lat' dir='ltr'><strong>meritis</strong></span> <span class='ocrx_word' id='word_1_254' title='bbox 1538 3125 1882 3191; x_wconf 90' lang='lat' dir='ltr'><strong>animarum,</strong></span> <span class='ocrx_word' id='word_1_255' title='bbox 1939 3126 2061 3196; x_wconf 90' lang='lat' dir='ltr'><strong>quis</strong></span> 
     </span>
    </p>
   </div>
   <div class='ocr_carea' id='block_1_34' title="bbox 2151 524 3754 601">
    <p class='ocr_par' dir='ltr' id='par_1_34' title="bbox 2151 524 3754 601">
     <span class='ocr_line' id='line_1_34' title="bbox 2151 524 3754 601; baseline -0.004 -17"><span class='ocrx_word' id='word_1_256' title='bbox 2151 529 2292 601; x_wconf 90' lang='lat' dir='ltr'><strong>quod</strong></span> <span class='ocrx_word' id='word_1_257' title='bbox 2337 529 2455 584; x_wconf 80' lang='lat' dir='ltr'><strong>fieri</strong></span> <span class='ocrx_word' id='word_1_258' title='bbox 2502 537 2717 600; x_wconf 77' lang='lat' dir='ltr'><strong>potest,</strong></span> <span class='ocrx_word' id='word_1_259' title='bbox 2769 539 2920 585; x_wconf 88' lang='lat' dir='ltr'><strong>trans</strong></span> <span class='ocrx_word' id='word_1_260' title='bbox 2962 543 3112 584; x_wconf 89' lang='lat' dir='ltr'><strong>mare</strong></span> <span class='ocrx_word' id='word_1_261' title='bbox 3160 527 3493 591; x_wconf 88' lang='lat' dir='ltr'><strong>constituto,</strong></span> <span class='ocrx_word' id='word_1_262' title='bbox 3540 524 3754 594; x_wconf 81' lang='lat' dir='ltr'><strong>aliquid</strong></span> 
     </span>
    </p>
   </div>
   <div class='ocr_carea' id='block_1_35' title="bbox 2149 618 3752 687">
    <p class='ocr_par' dir='ltr' id='par_1_35' title="bbox 2149 618 3752 687">
     <span class='ocr_line' id='line_1_35' title="bbox 2149 618 3752 687; baseline -0.006 -9"><span class='ocrx_word' id='word_1_263' title='bbox 2149 623 2256 679; x_wconf 89' lang='lat' dir='ltr'><strong>tale</strong></span> <span class='ocrx_word' id='word_1_264' title='bbox 2283 623 2467 677; x_wconf 89' lang='lat' dir='ltr'><strong>veniat</strong></span> <span class='ocrx_word' id='word_1_265' title='bbox 2496 622 2551 676; x_wconf 91' lang='lat' dir='ltr'><strong>in</strong></span> <span class='ocrx_word' id='word_1_266' title='bbox 2581 630 2818 678; x_wconf 88' lang='lat' dir='ltr'><strong>mentem</strong></span> <span class='ocrx_word' id='word_1_267' title='bbox 2843 663 2858 687; x_wconf 96' lang='lat'><strong>,</strong></span> <span class='ocrx_word' id='word_1_268' title='bbox 2895 619 3188 676; x_wconf 88' lang='lat' dir='ltr'><strong>absurdum</strong></span> <span class='ocrx_word' id='word_1_269' title='bbox 3223 629 3308 674; x_wconf 90' lang='lat' dir='ltr'><strong>est</strong></span> <span class='ocrx_word' id='word_1_270' title='bbox 3343 618 3584 674; x_wconf 72' lang='lat' dir='ltr'><strong>credene</strong></span> <span class='ocrx_word' id='word_1_271' title='bbox 3629 625 3752 670; x_wconf 84' lang='lat' dir='ltr'><strong>ante</strong></span> 
     </span>
    </p>
   </div>
   <div class='ocr_carea' id='block_1_36' title="bbox 2150 711 3754 783">
    <p class='ocr_par' dir='ltr' id='par_1_36' title="bbox 2150 711 3754 783">
     <span class='ocr_line' id='line_1_36' title="bbox 2150 711 3754 783; baseline -0.006 -13"><span class='ocrx_word' id='word_1_272' title='bbox 2150 715 2322 770; x_wconf 90' lang='lat' dir='ltr'><strong>altare</strong></span> <span class='ocrx_word' id='word_1_273' title='bbox 2367 729 2566 769; x_wconf 89' lang='lat' dir='ltr'><strong>munus</strong></span> <span class='ocrx_word' id='word_1_274' title='bbox 2619 711 3065 783; x_wconf 88' lang='lat' dir='ltr'><strong>relinquendum,</strong></span> <span class='ocrx_word' id='word_1_275' title='bbox 3111 712 3255 782; x_wconf 89' lang='lat' dir='ltr'><strong>quod</strong></span> <span class='ocrx_word' id='word_1_276' title='bbox 3296 717 3421 781; x_wconf 87' lang='lat' dir='ltr'><strong>post</strong></span> <span class='ocrx_word' id='word_1_277' title='bbox 3463 719 3662 764; x_wconf 87' lang='lat' dir='ltr'><strong>terras</strong></span> <span class='ocrx_word' id='word_1_278' title='bbox 3705 718 3754 762; x_wconf 88' lang='lat' dir='ltr'><strong>et</strong></span> 
     </span>
    </p>
   </div>
   <div class='ocr_carea' id='block_1_37' title="bbox 2150 799 3754 874">
    <p class='ocr_par' dir='ltr' id='par_1_37' title="bbox 2150 799 3754 874">
     <span class='ocr_line' id='line_1_37' title="bbox 2150 799 3754 874; baseline -0.005 -12"><span class='ocrx_word' id='word_1_279' title='bbox 2150 805 2323 862; x_wconf 87' lang='lat' dir='ltr'><strong>maria</strong></span> <span class='ocrx_word' id='word_1_280' title='bbox 2355 811 2634 874; x_wconf 87' lang='lat' dir='ltr'><strong>pererrata</strong></span> <span class='ocrx_word' id='word_1_281' title='bbox 2661 802 2859 859; x_wconf 80' lang='lat' dir='ltr'><strong>offeras</strong></span> <span class='ocrx_word' id='word_1_282' title='bbox 2899 803 3032 858; x_wconf 91' lang='lat' dir='ltr'><strong>Deo.</strong></span> <span class='ocrx_word' id='word_1_283' title='bbox 3072 802 3139 857; x_wconf 86' lang='lat' dir='ltr'><strong>Et</strong></span> <span class='ocrx_word' id='word_1_284' title='bbox 3171 801 3294 856; x_wconf 90' lang='lat' dir='ltr'><strong>ideo</strong></span> <span class='ocrx_word' id='word_1_285' title='bbox 3324 816 3567 872; x_wconf 88' lang='lat' dir='ltr'><strong>prorsus</strong></span> <span class='ocrx_word' id='word_1_286' title='bbox 3612 799 3754 854; x_wconf 84' lang='lat' dir='ltr'><strong>intro</strong></span> 
     </span>
    </p>
   </div>
   <div class='ocr_carea' id='block_1_38' title="bbox 2153 893 3752 971">
    <p class='ocr_par' dir='ltr' id='par_1_38' title="bbox 2153 893 3752 971">
     <span class='ocr_line' id='line_1_38' title="bbox 2153 893 3752 971; baseline -0.006 -15"><span class='ocrx_word' id='word_1_287' title='bbox 2153 901 2222 956; x_wconf 90' lang='lat' dir='ltr'><strong>ad</strong></span> <span class='ocrx_word' id='word_1_288' title='bbox 2257 899 2525 971; x_wconf 88' lang='lat' dir='ltr'><strong>spiritalia</strong></span> <span class='ocrx_word' id='word_1_289' title='bbox 2564 899 2813 970; x_wconf 89' lang='lat' dir='ltr'><strong>refugere</strong></span> <span class='ocrx_word' id='word_1_290' title='bbox 2839 899 3106 969; x_wconf 87' lang='lat' dir='ltr'><strong>cogimur,</strong></span> <span class='ocrx_word' id='word_1_291' title='bbox 3135 904 3195 951; x_wconf 93' lang='lat' dir='ltr'><strong>ut</strong></span> <span class='ocrx_word' id='word_1_292' title='bbox 3222 896 3327 951; x_wconf 92' lang='lat' dir='ltr'><strong>hoc</strong></span> <span class='ocrx_word' id='word_1_293' title='bbox 3355 895 3512 965; x_wconf 89' lang='lat' dir='ltr'><strong>quod</strong></span> <span class='ocrx_word' id='word_1_294' title='bbox 3545 893 3752 948; x_wconf 81' lang='lat' dir='ltr'><strong>dictum</strong></span> 
     </span>
    </p>
   </div>
   <div class='ocr_carea' id='block_1_39' title="bbox 2153 987 3751 1063">
    <p class='ocr_par' dir='ltr' id='par_1_39' title="bbox 2153 987 3751 1063">
     <span class='ocr_line' id='line_1_39' title="bbox 2153 987 3751 1063; baseline -0.006 -13"><span class='ocrx_word' id='word_1_295' title='bbox 2153 1002 2238 1050; x_wconf 89' lang='lat' dir='ltr'><strong>est</strong></span> <span class='ocrx_word' id='word_1_296' title='bbox 2286 993 2401 1050; x_wconf 90' lang='lat' dir='ltr'><strong>sine</strong></span> <span class='ocrx_word' id='word_1_297' title='bbox 2448 993 2782 1049; x_wconf 87' lang='lat' dir='ltr'><strong>absurditate</strong></span> <span class='ocrx_word' id='word_1_298' title='bbox 2832 991 3003 1063; x_wconf 88' lang='lat' dir='ltr'><strong>possit</strong></span> <span class='ocrx_word' id='word_1_299' title='bbox 3040 989 3285 1062; x_wconf 89' lang='lat' dir='ltr'><strong>intelligi.</strong></span> <span class='ocrx_word' id='word_1_300' title='bbox 3324 988 3531 1042; x_wconf 76' lang='lat' dir='ltr'><strong>Altare</strong></span> <span class='ocrx_word' id='word_1_301' title='bbox 3569 987 3751 1057; x_wconf 80' lang='lat' dir='ltr'><strong>itaque</strong></span> 
     </span>
    </p>
   </div>
   <div class='ocr_carea' id='block_1_40' title="bbox 2154 1080 3751 1159">
    <p class='ocr_par' dir='ltr' id='par_1_40' title="bbox 2154 1080 3751 1159">
     <span class='ocr_line' id='line_1_40' title="bbox 2154 1080 3751 1159; baseline -0.005 -15"><span class='ocrx_word' id='word_1_302' title='bbox 2154 1086 2470 1159; x_wconf 87' lang='lat' dir='ltr'><strong>spiritaliter</strong></span> <span class='ocrx_word' id='word_1_303' title='bbox 2503 1087 2557 1142; x_wconf 92' lang='lat' dir='ltr'><strong>in</strong></span> <span class='ocrx_word' id='word_1_304' title='bbox 2600 1086 2858 1142; x_wconf 90' lang='lat' dir='ltr'><strong>interiore</strong></span> <span class='ocrx_word' id='word_1_305' title='bbox 2892 1085 2990 1140; x_wconf 89' lang='lat' dir='ltr'><strong>Dei</strong></span> <span class='ocrx_word' id='word_1_306' title='bbox 3025 1083 3221 1155; x_wconf 83' lang='lat' dir='ltr'><strong>templo</strong></span> <span class='ocrx_word' id='word_1_307' title='bbox 3258 1083 3438 1154; x_wconf 89' lang='lat' dir='ltr'><strong>ipsam</strong></span> <span class='ocrx_word' id='word_1_308' title='bbox 3464 1080 3646 1136; x_wconf 82' lang='lat' dir='ltr'><strong>ﬁdem</strong></span> <span class='ocrx_word' id='word_1_309' title='bbox 3675 1098 3751 1136; x_wconf 79' lang='lat' dir='ltr'><strong>ac-</strong></span> 
     </span>
    </p>
   </div>
   <div class='ocr_carea' id='block_1_41' title="bbox 2154 1176 3746 1253">
    <p class='ocr_par' dir='ltr' id='par_1_41' title="bbox 2154 1176 3746 1253">
     <span class='ocr_line' id='line_1_41' title="bbox 2154 1176 3746 1253; baseline -0.005 -15"><span class='ocrx_word' id='word_1_310' title='bbox 2154 1184 2336 1253; x_wconf 91' lang='lat' dir='ltr'><strong>cipere</strong></span> <span class='ocrx_word' id='word_1_311' title='bbox 2380 1197 2697 1253; x_wconf 85' lang='lat' dir='ltr'><strong>possumus,</strong></span> <span class='ocrx_word' id='word_1_312' title='bbox 2743 1182 2896 1252; x_wconf 89' lang='lat' dir='ltr'><strong>cujus</strong></span> <span class='ocrx_word' id='word_1_313' title='bbox 2939 1181 3150 1250; x_wconf 86' lang='lat' dir='ltr'><strong>signum</strong></span> <span class='ocrx_word' id='word_1_314' title='bbox 3191 1186 3276 1235; x_wconf 89' lang='lat' dir='ltr'><strong>est</strong></span> <span class='ocrx_word' id='word_1_315' title='bbox 3307 1179 3487 1233; x_wconf 88' lang='lat' dir='ltr'><strong>altare</strong></span> <span class='ocrx_word' id='word_1_316' title='bbox 3521 1176 3746 1231; x_wconf 73' lang='lat' dir='ltr'><strong>visibile.</strong></span> 
     </span>
    </p>
   </div>
   <div class='ocr_carea' id='block_1_42' title="bbox 2155 1272 3746 1345">
    <p class='ocr_par' dir='ltr' id='par_1_42' title="bbox 2155 1272 3746 1345">
     <span class='ocr_line' id='line_1_42' title="bbox 2155 1272 3746 1345; baseline -0.004 -13"><span class='ocrx_word' id='word_1_317' title='bbox 2155 1275 2444 1345; x_wconf 87' lang='lat' dir='ltr'><strong>Quodlibet</strong></span> <span class='ocrx_word' id='word_1_318' title='bbox 2479 1278 2625 1333; x_wconf 91' lang='lat' dir='ltr'><strong>enim</strong></span> <span class='ocrx_word' id='word_1_319' title='bbox 2663 1289 2861 1331; x_wconf 90' lang='lat' dir='ltr'><strong>munus</strong></span> <span class='ocrx_word' id='word_1_320' title='bbox 2893 1273 3172 1331; x_wconf 76' lang='lat' dir='ltr'><strong>offerimus</strong></span> <span class='ocrx_word' id='word_1_321' title='bbox 3205 1273 3352 1339; x_wconf 90' lang='lat' dir='ltr'><strong>Deo,</strong></span> <span class='ocrx_word' id='word_1_322' title='bbox 3384 1273 3512 1328; x_wconf 84' lang='lat' dir='ltr'><strong>sive</strong></span> <span class='ocrx_word' id='word_1_323' title='bbox 3551 1272 3746 1328; x_wconf 87' lang='lat' dir='ltr'><strong>doctri-</strong></span> 
     </span>
    </p>
   </div>
   <div class='ocr_carea' id='block_1_43' title="bbox 2153 1371 3749 1445">
    <p class='ocr_par' dir='ltr' id='par_1_43' title="bbox 2153 1371 3749 1445">
     <span class='ocr_line' id='line_1_43' title="bbox 2153 1371 3749 1445; baseline -0.004 -15"><span class='ocrx_word' id='word_1_324' title='bbox 2153 1390 2316 1443; x_wconf 88' lang='lat' dir='ltr'><strong>nam,</strong></span> <span class='ocrx_word' id='word_1_325' title='bbox 2345 1375 2458 1431; x_wconf 84' lang='lat' dir='ltr'><strong>sive</strong></span> <span class='ocrx_word' id='word_1_326' title='bbox 2485 1374 2822 1445; x_wconf 88' lang='lat' dir='ltr'><strong>prophetiam</strong></span> <span class='ocrx_word' id='word_1_327' title='bbox 2849 1415 2864 1440; x_wconf 93' lang='lat'><strong>,</strong></span> <span class='ocrx_word' id='word_1_328' title='bbox 2901 1373 3016 1429; x_wconf 89' lang='lat' dir='ltr'><strong>sive</strong></span> <span class='ocrx_word' id='word_1_329' title='bbox 3047 1372 3353 1428; x_wconf 89' lang='lat' dir='ltr'><strong>orationem</strong></span> <span class='ocrx_word' id='word_1_330' title='bbox 3383 1412 3399 1436; x_wconf 89' lang='lat'><strong>,</strong></span> <span class='ocrx_word' id='word_1_331' title='bbox 3441 1371 3575 1425; x_wconf 84' lang='lat' dir='ltr'><strong>sive</strong></span> <span class='ocrx_word' id='word_1_332' title='bbox 3613 1371 3749 1440; x_wconf 77' lang='lat' dir='ltr'><strong>bym-</strong></span> 
     </span>
    </p>
   </div>
   <div class='ocr_carea' id='block_1_44' title="bbox 2154 1460 3747 1536">
    <p class='ocr_par' dir='ltr' id='par_1_44' title="bbox 2154 1460 3747 1536">
     <span class='ocr_line' id='line_1_44' title="bbox 2154 1460 3747 1536; baseline -0.006 -14"><span class='ocrx_word' id='word_1_333' title='bbox 2154 1483 2287 1523; x_wconf 90' lang='lat' dir='ltr'><strong>num</strong></span> <span class='ocrx_word' id='word_1_334' title='bbox 2317 1507 2332 1534; x_wconf 89' lang='lat'><strong>,</strong></span> <span class='ocrx_word' id='word_1_335' title='bbox 2365 1466 2481 1522; x_wconf 88' lang='lat' dir='ltr'><strong>sive</strong></span> <span class='ocrx_word' id='word_1_336' title='bbox 2513 1465 2780 1536; x_wconf 89' lang='lat' dir='ltr'><strong>psalmum</strong></span> <span class='ocrx_word' id='word_1_337' title='bbox 2801 1505 2816 1530; x_wconf 96' lang='lat'><strong>,</strong></span> <span class='ocrx_word' id='word_1_338' title='bbox 2853 1471 2909 1519; x_wconf 88' lang='lat' dir='ltr'><strong>et</strong></span> <span class='ocrx_word' id='word_1_339' title='bbox 2941 1463 2986 1518; x_wconf 93' lang='lat' dir='ltr'><strong>si</strong></span> <span class='ocrx_word' id='word_1_340' title='bbox 3021 1463 3154 1534; x_wconf 91' lang='lat' dir='ltr'><strong>quid</strong></span> <span class='ocrx_word' id='word_1_341' title='bbox 3190 1461 3297 1518; x_wconf 87' lang='lat' dir='ltr'><strong>tale</strong></span> <span class='ocrx_word' id='word_1_342' title='bbox 3331 1460 3491 1516; x_wconf 86' lang='lat' dir='ltr'><strong>aliud</strong></span> <span class='ocrx_word' id='word_1_343' title='bbox 3536 1461 3747 1532; x_wconf 80' lang='lat' dir='ltr'><strong>spirita-</strong></span> 
     </span>
    </p>
   </div>
   <div class='ocr_carea' id='block_1_45' title="bbox 2155 1557 3746 1626">
    <p class='ocr_par' dir='ltr' id='par_1_45' title="bbox 2155 1557 3746 1626">
     <span class='ocr_line' id='line_1_45' title="bbox 2155 1557 3746 1626; baseline -0.004 -11"><span class='ocrx_word' id='word_1_344' title='bbox 2155 1559 2288 1616; x_wconf 90' lang='lat' dir='ltr'><strong>lium</strong></span> <span class='ocrx_word' id='word_1_345' title='bbox 2312 1560 2577 1616; x_wconf 90' lang='lat' dir='ltr'><strong>bonorum</strong></span> <span class='ocrx_word' id='word_1_346' title='bbox 2602 1559 2783 1613; x_wconf 90' lang='lat' dir='ltr'><strong>animo</strong></span> <span class='ocrx_word' id='word_1_347' title='bbox 2809 1557 3141 1622; x_wconf 89' lang='lat' dir='ltr'><strong>occurrerit,</strong></span> <span class='ocrx_word' id='word_1_348' title='bbox 3172 1563 3465 1626; x_wconf 88' lang='lat' dir='ltr'><strong>acceptum</strong></span> <span class='ocrx_word' id='word_1_349' title='bbox 3493 1569 3632 1610; x_wconf 83' lang='lat' dir='ltr'><strong>esse</strong></span> <span class='ocrx_word' id='word_1_350' title='bbox 3661 1569 3746 1607; x_wconf 71' lang='lat' dir='ltr'><strong>nos</strong></span> 
     </span>
    </p>
   </div>
   <div class='ocr_carea' id='block_1_46' title="bbox 2155 1646 3747 1725">
    <p class='ocr_par' dir='ltr' id='par_1_46' title="bbox 2155 1646 3747 1725">
     <span class='ocr_line' id='line_1_46' title="bbox 2155 1646 3747 1725; baseline -0.008 -15"><span class='ocrx_word' id='word_1_351' title='bbox 2155 1662 2337 1725; x_wconf 82' lang='lat' dir='ltr'><strong>potest</strong></span> <span class='ocrx_word' id='word_1_352' title='bbox 2361 1653 2504 1718; x_wconf 88' lang='lat' dir='ltr'><strong>Deo,</strong></span> <span class='ocrx_word' id='word_1_353' title='bbox 2533 1652 2637 1708; x_wconf 91' lang='lat' dir='ltr'><strong>nisi</strong></span> <span class='ocrx_word' id='word_1_354' title='bbox 2666 1651 2792 1707; x_wconf 83' lang='lat' dir='ltr'><strong>fidei</strong></span> <span class='ocrx_word' id='word_1_355' title='bbox 2823 1650 3140 1705; x_wconf 89' lang='lat' dir='ltr'><strong>sinceritate</strong></span> <span class='ocrx_word' id='word_1_356' title='bbox 3164 1648 3449 1712; x_wconf 90' lang='lat' dir='ltr'><strong>fulciatur,</strong></span> <span class='ocrx_word' id='word_1_357' title='bbox 3479 1655 3543 1702; x_wconf 86' lang='lat' dir='ltr'><strong>et</strong></span> <span class='ocrx_word' id='word_1_358' title='bbox 3577 1647 3629 1700; x_wconf 89' lang='lat' dir='ltr'><strong>ei</strong></span> <span class='ocrx_word' id='word_1_359' title='bbox 3661 1646 3747 1699; x_wconf 72' lang='lat' dir='ltr'><strong>ﬁre</strong></span> 
     </span>
    </p>
   </div>
   <div class='ocr_carea' id='block_1_47' title="bbox 2157 1743 3744 1818">
    <p class='ocr_par' dir='ltr' id='par_1_47' title="bbox 2157 1743 3744 1818">
     <span class='ocr_line' id='line_1_47' title="bbox 2157 1743 3744 1818; baseline -0.006 -15"><span class='ocrx_word' id='word_1_360' title='bbox 2157 1758 2319 1818; x_wconf 91' lang='lat' dir='ltr'><strong>atque</strong></span> <span class='ocrx_word' id='word_1_361' title='bbox 2369 1746 2717 1804; x_wconf 89' lang='lat' dir='ltr'><strong>immobiliter</strong></span> <span class='ocrx_word' id='word_1_362' title='bbox 2772 1747 3104 1818; x_wconf 90' lang='lat' dir='ltr'><strong>imponatur,</strong></span> <span class='ocrx_word' id='word_1_363' title='bbox 3143 1752 3202 1799; x_wconf 91' lang='lat' dir='ltr'><strong>ut</strong></span> <span class='ocrx_word' id='word_1_364' title='bbox 3243 1743 3426 1814; x_wconf 89' lang='lat' dir='ltr'><strong>possit</strong></span> <span class='ocrx_word' id='word_1_365' title='bbox 3482 1744 3744 1813; x_wconf 78' lang='lat' dir='ltr'><strong>integrum</strong></span> 
     </span>
    </p>
   </div>
   <div class='ocr_carea' id='block_1_48' title="bbox 2157 1834 3746 1911">
    <p class='ocr_par' dir='ltr' id='par_1_48' title="bbox 2157 1834 3746 1911">
     <span class='ocr_line' id='line_1_48' title="bbox 2157 1834 3746 1911; baseline -0.004 -16"><span class='ocrx_word' id='word_1_366' title='bbox 2157 1850 2320 1909; x_wconf 90' lang='lat' dir='ltr'><strong>atque</strong></span> <span class='ocrx_word' id='word_1_367' title='bbox 2373 1839 2637 1896; x_wconf 89' lang='lat' dir='ltr'><strong>illibatum</strong></span> <span class='ocrx_word' id='word_1_368' title='bbox 2688 1855 2810 1896; x_wconf 91' lang='lat' dir='ltr'><strong>esse</strong></span> <span class='ocrx_word' id='word_1_369' title='bbox 2858 1840 3002 1911; x_wconf 91' lang='lat' dir='ltr'><strong>quod</strong></span> <span class='ocrx_word' id='word_1_370' title='bbox 3053 1837 3342 1909; x_wconf 84' lang='lat' dir='ltr'><strong>loquimur.</strong></span> <span class='ocrx_word' id='word_1_371' title='bbox 3406 1834 3554 1890; x_wconf 78' lang='lat' dir='ltr'><strong>Nam</strong></span> <span class='ocrx_word' id='word_1_372' title='bbox 3615 1835 3746 1890; x_wconf 82' lang='lat' dir='ltr'><strong>multi</strong></span> 
     </span>
    </p>
   </div>
   <div class='ocr_carea' id='block_1_49' title="bbox 2157 1929 3744 1999">
    <p class='ocr_par' dir='ltr' id='par_1_49' title="bbox 2157 1929 3744 1999">
     <span class='ocr_line' id='line_1_49' title="bbox 2157 1929 3744 1999; baseline -0.004 -11"><span class='ocrx_word' id='word_1_373' title='bbox 2157 1933 2398 1989; x_wconf 63' lang='lat' dir='ltr'><strong>haeretici</strong></span> <span class='ocrx_word' id='word_1_374' title='bbox 2432 1949 2538 1989; x_wconf 91' lang='lat' dir='ltr'><strong>non</strong></span> <span class='ocrx_word' id='word_1_375' title='bbox 2574 1935 2837 1990; x_wconf 86' lang='lat' dir='ltr'><strong>habentes</strong></span> <span class='ocrx_word' id='word_1_376' title='bbox 2875 1934 3077 1999; x_wconf 89' lang='lat' dir='ltr'><strong>altare,</strong></span> <span class='ocrx_word' id='word_1_377' title='bbox 3117 1932 3172 1988; x_wconf 92' lang='lat' dir='ltr'><strong>id</strong></span> <span class='ocrx_word' id='word_1_378' title='bbox 3206 1940 3290 1987; x_wconf 91' lang='lat' dir='ltr'><strong>est</strong></span> <span class='ocrx_word' id='word_1_379' title='bbox 3321 1945 3522 1986; x_wconf 81' lang='lat' dir='ltr'><strong>veram</strong></span> <span class='ocrx_word' id='word_1_380' title='bbox 3571 1929 3744 1991; x_wconf 72' lang='lat' dir='ltr'><strong>fidem,</strong></span> 
     </span>
    </p>
   </div>
   <div class='ocr_carea' id='block_1_50' title="bbox 2158 2021 3746 2098">
    <p class='ocr_par' dir='ltr' id='par_1_50' title="bbox 2158 2021 3746 2098">
     <span class='ocr_line' id='line_1_50' title="bbox 2158 2021 3746 2098; baseline -0.006 -16"><span class='ocrx_word' id='word_1_381' title='bbox 2158 2027 2523 2097; x_wconf 88' lang='lat' dir='ltr'><strong>blasphemias</strong></span> <span class='ocrx_word' id='word_1_382' title='bbox 2556 2043 2657 2098; x_wconf 93' lang='lat' dir='ltr'><strong>pro</strong></span> <span class='ocrx_word' id='word_1_383' title='bbox 2695 2027 2854 2082; x_wconf 91' lang='lat' dir='ltr'><strong>laude</strong></span> <span class='ocrx_word' id='word_1_384' title='bbox 2893 2028 3179 2091; x_wconf 82' lang='lat' dir='ltr'><strong>dixerunt,</strong></span> <span class='ocrx_word' id='word_1_385' title='bbox 3220 2023 3467 2079; x_wconf 88' lang='lat' dir='ltr'><strong>terrenis</strong></span> <span class='ocrx_word' id='word_1_386' title='bbox 3504 2021 3746 2075; x_wconf 72' lang='lat' dir='ltr'><strong>videlicet</strong></span> 
     </span>
    </p>
   </div>
   <div class='ocr_carea' id='block_1_51' title="bbox 2158 2113 3744 2188">
    <p class='ocr_par' dir='ltr' id='par_1_51' title="bbox 2158 2113 3744 2188">
     <span class='ocr_line' id='line_1_51' title="bbox 2158 2113 3744 2188; baseline -0.005 -16"><span class='ocrx_word' id='word_1_387' title='bbox 2158 2117 2500 2188; x_wconf 83' lang='lat' dir='ltr'><strong>Opinionibus</strong></span> <span class='ocrx_word' id='word_1_388' title='bbox 2529 2118 2807 2188; x_wconf 85' lang='lat' dir='ltr'><strong>aggravati</strong></span> <span class='ocrx_word' id='word_1_389' title='bbox 2835 2124 3020 2173; x_wconf 89' lang='lat' dir='ltr'><strong>votum</strong></span> <span class='ocrx_word' id='word_1_390' title='bbox 3048 2131 3206 2172; x_wconf 89' lang='lat' dir='ltr'><strong>suum</strong></span> <span class='ocrx_word' id='word_1_391' title='bbox 3237 2123 3504 2184; x_wconf 87' lang='lat' dir='ltr'><strong>tanquam</strong></span> <span class='ocrx_word' id='word_1_392' title='bbox 3535 2113 3595 2165; x_wconf 87' lang='lat' dir='ltr'><strong>in</strong></span> <span class='ocrx_word' id='word_1_393' title='bbox 3626 2121 3744 2165; x_wconf 78' lang='lat' dir='ltr'><strong>terra</strong></span> 
     </span>
    </p>
   </div>
   <div class='ocr_carea' id='block_1_52' title="bbox 2158 2206 3744 2280">
    <p class='ocr_par' dir='ltr' id='par_1_52' title="bbox 2158 2206 3744 2280">
     <span class='ocr_line' id='line_1_52' title="bbox 2158 2206 3744 2280; baseline -0.004 -15"><span class='ocrx_word' id='word_1_394' title='bbox 2158 2209 2526 2280; x_wconf 87' lang='lat' dir='ltr'><strong>projicientes.</strong></span> <span class='ocrx_word' id='word_1_395' title='bbox 2582 2207 2689 2265; x_wconf 89' lang='lat' dir='ltr'><strong>Sed</strong></span> <span class='ocrx_word' id='word_1_396' title='bbox 2730 2210 2889 2266; x_wconf 90' lang='lat' dir='ltr'><strong>debet</strong></span> <span class='ocrx_word' id='word_1_397' title='bbox 2930 2225 3052 2266; x_wconf 90' lang='lat' dir='ltr'><strong>esse</strong></span> <span class='ocrx_word' id='word_1_398' title='bbox 3090 2225 3221 2265; x_wconf 89' lang='lat' dir='ltr'><strong>sana</strong></span> <span class='ocrx_word' id='word_1_399' title='bbox 3259 2209 3432 2264; x_wconf 88' lang='lat' dir='ltr'><strong>etiam</strong></span> <span class='ocrx_word' id='word_1_400' title='bbox 3483 2206 3744 2261; x_wconf 71' lang='lat' dir='ltr'><strong>oﬂ’erentis</strong></span> 
     </span>
    </p>
   </div>
   <div class='ocr_carea' id='block_1_53' title="bbox 2160 2299 3747 2372">
    <p class='ocr_par' dir='ltr' id='par_1_53' title="bbox 2160 2299 3747 2372">
     <span class='ocr_line' id='line_1_53' title="bbox 2160 2299 3747 2372; baseline -0.003 -16"><span class='ocrx_word' id='word_1_401' title='bbox 2160 2300 2414 2356; x_wconf 88' lang='lat' dir='ltr'><strong>intentio.</strong></span> <span class='ocrx_word' id='word_1_402' title='bbox 2453 2301 2520 2355; x_wconf 88' lang='lat' dir='ltr'><strong>Et</strong></span> <span class='ocrx_word' id='word_1_403' title='bbox 2557 2311 2847 2372; x_wconf 89' lang='lat' dir='ltr'><strong>propterea</strong></span> <span class='ocrx_word' id='word_1_404' title='bbox 2882 2317 3006 2357; x_wconf 92' lang='lat' dir='ltr'><strong>cum</strong></span> <span class='ocrx_word' id='word_1_405' title='bbox 3038 2301 3144 2357; x_wconf 89' lang='lat' dir='ltr'><strong>tale</strong></span> <span class='ocrx_word' id='word_1_406' title='bbox 3170 2301 3376 2371; x_wconf 90' lang='lat' dir='ltr'><strong>aliquid</strong></span> <span class='ocrx_word' id='word_1_407' title='bbox 3410 2299 3660 2355; x_wconf 84' lang='lat' dir='ltr'><strong>oblaturi</strong></span> <span class='ocrx_word' id='word_1_408' title='bbox 3681 2314 3747 2352; x_wconf 78' lang='lat' dir='ltr'><strong>sa-</strong></span> 
     </span>
    </p>
   </div>
   <div class='ocr_carea' id='block_1_54' title="bbox 2159 2392 3741 2461">
    <p class='ocr_par' dir='ltr' id='par_1_54' title="bbox 2159 2392 3741 2461">
     <span class='ocr_line' id='line_1_54' title="bbox 2159 2392 3741 2461; baseline 0.003 -13"><span class='ocrx_word' id='word_1_409' title='bbox 2159 2410 2281 2450; x_wconf 89' lang='lat' dir='ltr'><strong>mus</strong></span> <span class='ocrx_word' id='word_1_410' title='bbox 2309 2395 2363 2449; x_wconf 91' lang='lat' dir='ltr'><strong>in</strong></span> <span class='ocrx_word' id='word_1_411' title='bbox 2390 2394 2552 2450; x_wconf 92' lang='lat' dir='ltr'><strong>corde</strong></span> <span class='ocrx_word' id='word_1_412' title='bbox 2578 2403 2785 2461; x_wconf 90' lang='lat' dir='ltr'><strong>nostro,</strong></span> <span class='ocrx_word' id='word_1_413' title='bbox 2815 2395 2868 2450; x_wconf 92' lang='lat' dir='ltr'><strong>id</strong></span> <span class='ocrx_word' id='word_1_414' title='bbox 2897 2403 2982 2450; x_wconf 90' lang='lat' dir='ltr'><strong>est</strong></span> <span class='ocrx_word' id='word_1_415' title='bbox 3007 2395 3060 2450; x_wconf 94' lang='lat' dir='ltr'><strong>in</strong></span> <span class='ocrx_word' id='word_1_416' title='bbox 3093 2395 3356 2449; x_wconf 89' lang='lat' dir='ltr'><strong>interiore</strong></span> <span class='ocrx_word' id='word_1_417' title='bbox 3386 2394 3492 2448; x_wconf 87' lang='lat' dir='ltr'><strong>Dei</strong></span> <span class='ocrx_word' id='word_1_418' title='bbox 3522 2392 3741 2461; x_wconf 77' lang='lat' dir='ltr'><strong>templo;</strong></span> 
     </span>
    </p>
   </div>
   <div class='ocr_carea' id='block_1_55' title="bbox 2165 2480 3743 2557">
    <p class='ocr_par' dir='ltr' id='par_1_55' title="bbox 2165 2480 3743 2557">
     <span class='ocr_line' id='line_1_55' title="bbox 2165 2480 3743 2557; baseline -0.004 -16"><span class='ocrx_word' id='word_1_419' title='bbox 2165 2485 2434 2557; x_wconf 81' lang='lat' dir='ltr'><strong>Templum</strong></span> <span class='ocrx_word' id='word_1_420' title='bbox 2460 2487 2597 2540; x_wconf 88' lang='lat' dir='ltr'><strong>enim</strong></span> <span class='ocrx_word' id='word_1_421' title='bbox 2625 2495 2861 2542; x_wconf 88' lang='lat' dir='ltr'><strong>sanctum</strong></span> <span class='ocrx_word' id='word_1_422' title='bbox 2888 2497 2995 2554; x_wconf 88' lang='lat' dir='ltr'><strong>est,</strong></span> <span class='ocrx_word' id='word_1_423' title='bbox 3026 2487 3231 2557; x_wconf 91' lang='lat' dir='ltr'><strong>inquit,</strong></span> <span class='ocrx_word' id='word_1_424' title='bbox 3257 2486 3405 2557; x_wconf 83' lang='lat' dir='ltr'><strong>quod</strong></span> <span class='ocrx_word' id='word_1_425' title='bbox 3432 2487 3566 2540; x_wconf 77' lang='lat' dir='ltr'><strong>estis</strong></span> <span class='ocrx_word' id='word_1_426' title='bbox 3593 2502 3674 2538; x_wconf 74' lang='lat' dir='ltr'><strong>res</strong></span> <span class='ocrx_word' id='word_1_427' title='bbox 3695 2480 3743 2552; x_wconf 75' lang='lat' dir='ltr'><strong>{l</strong></span> 
     </span>
    </p>
   </div>
   <div class='ocr_carea' id='block_1_56' title="bbox 2163 2575 3742 2651">
    <p class='ocr_par' dir='ltr' id='par_1_56' title="bbox 2163 2575 3742 2651">
     <span class='ocr_line' id='line_1_56' title="bbox 2163 2575 3742 2651; baseline -0.004 -18"><span class='ocrx_word' id='word_1_428' title='bbox 2163 2579 2285 2634; x_wconf 87' lang='lat' dir='ltr'><strong>Cor.</strong></span> <span class='ocrx_word' id='word_1_429' title='bbox 2318 2592 2378 2633; x_wconf 87' lang='grc' dir='ltr'><strong>ιιι</strong></span> <span class='ocrx_word' id='word_1_430' title='bbox 2407 2579 2456 2651; x_wconf 89' lang='grc'><strong>),</strong></span> <span class='ocrx_word' id='word_1_431' title='bbox 2489 2587 2579 2633; x_wconf 89' lang='lat' dir='ltr'><strong>et:</strong></span> <span class='ocrx_word' id='word_1_432' title='bbox 2613 2578 2682 2633; x_wconf 88' lang='lat' dir='ltr'><strong>In</strong></span> <span class='ocrx_word' id='word_1_433' title='bbox 2707 2580 2952 2633; x_wconf 83' lang='lat' dir='ltr'><strong>interiore</strong></span> <span class='ocrx_word' id='word_1_434' title='bbox 2981 2578 3187 2633; x_wconf 81' lang='lat' dir='ltr'><strong>homine</strong></span> <span class='ocrx_word' id='word_1_435' title='bbox 3213 2578 3466 2632; x_wconf 78' lang='lat' dir='ltr'><strong>habitare</strong></span> <span class='ocrx_word' id='word_1_436' title='bbox 3496 2575 3742 2631; x_wconf 62' lang='lat' dir='ltr'><strong>Christus</strong></span> 
     </span>
    </p>
   </div>
   <div class='ocr_carea' id='block_1_57' title="bbox 2162 2667 3746 2742">
    <p class='ocr_par' dir='ltr' id='par_1_57' title="bbox 2162 2667 3746 2742">
     <span class='ocr_line' id='line_1_57' title="bbox 2162 2667 3746 2742; baseline 0.001 -17"><span class='ocrx_word' id='word_1_437' title='bbox 2162 2689 2254 2742; x_wconf 84' lang='lat' dir='ltr'><strong>per</strong></span> <span class='ocrx_word' id='word_1_438' title='bbox 2277 2671 2434 2740; x_wconf 81' lang='lat' dir='ltr'><strong>ﬁdem</strong></span> <span class='ocrx_word' id='word_1_439' title='bbox 2463 2671 2518 2726; x_wconf 89' lang='lat' dir='ltr'><strong>in</strong></span> <span class='ocrx_word' id='word_1_440' title='bbox 2545 2671 2788 2725; x_wconf 83' lang='lat' dir='ltr'><strong>cordibus</strong></span> <span class='ocrx_word' id='word_1_441' title='bbox 2818 2670 3010 2725; x_wconf 81' lang='lat' dir='ltr'><strong>nostris</strong></span> <span class='ocrx_word' id='word_1_442' title='bbox 3034 2687 3054 2736; x_wconf 90' lang='lat'><strong><em>;</em></strong></span> <span class='ocrx_word' id='word_1_443' title='bbox 3078 2671 3124 2726; x_wconf 90' lang='lat' dir='ltr'><strong>si</strong></span> <span class='ocrx_word' id='word_1_444' title='bbox 3153 2670 3208 2724; x_wconf 90' lang='lat' dir='ltr'><strong>in</strong></span> <span class='ocrx_word' id='word_1_445' title='bbox 3242 2678 3498 2724; x_wconf 85' lang='lat' dir='ltr'><strong>mentem</strong></span> <span class='ocrx_word' id='word_1_446' title='bbox 3525 2667 3746 2726; x_wconf 75' lang='lat' dir='ltr'><strong>venerit.</strong></span> 
     </span>
    </p>
   </div>
   <div class='ocr_carea' id='block_1_58' title="bbox 2163 2761 3745 2833">
    <p class='ocr_par' dir='ltr' id='par_1_58' title="bbox 2163 2761 3745 2833">
     <span class='ocr_line' id='line_1_58' title="bbox 2163 2761 3745 2833; baseline -0.003 -16"><span class='ocrx_word' id='word_1_447' title='bbox 2163 2763 2305 2832; x_wconf 90' lang='lat' dir='ltr'><strong>quod</strong></span> <span class='ocrx_word' id='word_1_448' title='bbox 2337 2763 2539 2833; x_wconf 90' lang='lat' dir='ltr'><strong>aliquid</strong></span> <span class='ocrx_word' id='word_1_449' title='bbox 2578 2763 2776 2818; x_wconf 87' lang='lat' dir='ltr'><strong>habeat</strong></span> <span class='ocrx_word' id='word_1_450' title='bbox 2813 2764 3100 2819; x_wconf 88' lang='lat' dir='ltr'><strong>adversum</strong></span> <span class='ocrx_word' id='word_1_451' title='bbox 3137 2779 3236 2818; x_wconf 92' lang='lat' dir='ltr'><strong>nos</strong></span> <span class='ocrx_word' id='word_1_452' title='bbox 3271 2762 3477 2829; x_wconf 87' lang='lat' dir='ltr'><strong>frater,</strong></span> <span class='ocrx_word' id='word_1_453' title='bbox 3517 2763 3573 2816; x_wconf 89' lang='lat' dir='ltr'><strong>id</strong></span> <span class='ocrx_word' id='word_1_454' title='bbox 3613 2761 3745 2816; x_wconf 80' lang='lat' dir='ltr'><strong>estsi</strong></span> 
     </span>
    </p>
   </div>
   <div class='ocr_carea' id='block_1_59' title="bbox 2162 2854 3747 2926">
    <p class='ocr_par' dir='ltr' id='par_1_59' title="bbox 2162 2854 3747 2926">
     <span class='ocr_line' id='line_1_59' title="bbox 2162 2854 3747 2926; baseline -0.003 -15"><span class='ocrx_word' id='word_1_455' title='bbox 2162 2871 2262 2911; x_wconf 91' lang='lat' dir='ltr'><strong>nos</strong></span> <span class='ocrx_word' id='word_1_456' title='bbox 2287 2872 2411 2912; x_wconf 89' lang='lat' dir='ltr'><strong>eum</strong></span> <span class='ocrx_word' id='word_1_457' title='bbox 2434 2856 2488 2910; x_wconf 92' lang='lat' dir='ltr'><strong>in</strong></span> <span class='ocrx_word' id='word_1_458' title='bbox 2511 2856 2692 2926; x_wconf 88' lang='lat' dir='ltr'><strong>aliquo</strong></span> <span class='ocrx_word' id='word_1_459' title='bbox 2715 2856 2982 2922; x_wconf 65' lang='lat' dir='ltr'><strong>ltesimus;</strong></span> <span class='ocrx_word' id='word_1_460' title='bbox 3013 2867 3142 2912; x_wconf 91' lang='lat' dir='ltr'><strong>tunc</strong></span> <span class='ocrx_word' id='word_1_461' title='bbox 3166 2856 3311 2911; x_wconf 86' lang='lat' dir='ltr'><strong>enim</strong></span> <span class='ocrx_word' id='word_1_462' title='bbox 3339 2857 3463 2926; x_wconf 87' lang='lat' dir='ltr'><strong>ipse</strong></span> <span class='ocrx_word' id='word_1_463' title='bbox 3487 2856 3652 2911; x_wconf 82' lang='lat' dir='ltr'><strong>habet</strong></span> <span class='ocrx_word' id='word_1_464' title='bbox 3673 2854 3747 2907; x_wconf 85' lang='lat' dir='ltr'><strong>ad-</strong></span> 
     </span>
    </p>
   </div>
   <div class='ocr_carea' id='block_1_60' title="bbox 2163 2944 3745 3013">
    <p class='ocr_par' dir='ltr' id='par_1_60' title="bbox 2163 2944 3745 3013">
     <span class='ocr_line' id='line_1_60' title="bbox 2163 2944 3745 3013; baseline -0.004 -11"><span class='ocrx_word' id='word_1_465' title='bbox 2163 2963 2380 3003; x_wconf 84' lang='lat' dir='ltr'><strong>versum</strong></span> <span class='ocrx_word' id='word_1_466' title='bbox 2404 2963 2532 3013; x_wconf 91' lang='lat' dir='ltr'><strong>nos;</strong></span> <span class='ocrx_word' id='word_1_467' title='bbox 2558 2963 2684 3001; x_wconf 90' lang='lat' dir='ltr'><strong>nam</strong></span> <span class='ocrx_word' id='word_1_468' title='bbox 2707 2963 2806 3002; x_wconf 90' lang='lat' dir='ltr'><strong>nos</strong></span> <span class='ocrx_word' id='word_1_469' title='bbox 2827 2948 3087 3002; x_wconf 88' lang='lat' dir='ltr'><strong>adversus</strong></span> <span class='ocrx_word' id='word_1_470' title='bbox 3112 2946 3262 3001; x_wconf 89' lang='lat' dir='ltr'><strong>illum</strong></span> <span class='ocrx_word' id='word_1_471' title='bbox 3283 2947 3586 3011; x_wconf 83' lang='lat' dir='ltr'><strong>habemus,</strong></span> <span class='ocrx_word' id='word_1_472' title='bbox 3612 2947 3654 2999; x_wconf 86' lang='lat' dir='ltr'><strong>si</strong></span> <span class='ocrx_word' id='word_1_473' title='bbox 3679 2944 3745 2998; x_wconf 73' lang='lat' dir='ltr'><strong>ille</strong></span> 
     </span>
    </p>
   </div>
   <div class='ocr_carea' id='block_1_61' title="bbox 2166 3039 3746 3112">
    <p class='ocr_par' dir='ltr' id='par_1_61' title="bbox 2166 3039 3746 3112">
     <span class='ocr_line' id='line_1_61' title="bbox 2166 3039 3746 3112; baseline -0.003 -18"><span class='ocrx_word' id='word_1_474' title='bbox 2166 3055 2262 3094; x_wconf 93' lang='lat' dir='ltr'><strong>nos</strong></span> <span class='ocrx_word' id='word_1_475' title='bbox 2291 3039 2520 3106; x_wconf 69' lang='lat' dir='ltr'><strong>lmserit,</strong></span> <span class='ocrx_word' id='word_1_476' title='bbox 2548 3039 2638 3094; x_wconf 89' lang='lat' dir='ltr'><strong>ubi</strong></span> <span class='ocrx_word' id='word_1_477' title='bbox 2669 3058 2775 3096; x_wconf 88' lang='lat' dir='ltr'><strong>non</strong></span> <span class='ocrx_word' id='word_1_478' title='bbox 2803 3055 2938 3110; x_wconf 89' lang='lat' dir='ltr'><strong>opus</strong></span> <span class='ocrx_word' id='word_1_479' title='bbox 2967 3049 3051 3096; x_wconf 90' lang='lat' dir='ltr'><strong>est</strong></span> <span class='ocrx_word' id='word_1_480' title='bbox 3078 3055 3307 3112; x_wconf 85' lang='lat' dir='ltr'><strong>pergere</strong></span> <span class='ocrx_word' id='word_1_481' title='bbox 3337 3040 3407 3095; x_wconf 88' lang='lat' dir='ltr'><strong>ad</strong></span> <span class='ocrx_word' id='word_1_482' title='bbox 3445 3039 3746 3095; x_wconf 67' lang='lat' dir='ltr'><strong>reconcilia-</strong></span> 
     </span>
    </p>
   </div>
   <div class='ocr_carea' id='block_1_62' title="bbox 2168 3130 3746 3202">
    <p class='ocr_par' dir='ltr' id='par_1_62' title="bbox 2168 3130 3746 3202">
     <span class='ocr_line' id='line_1_62' title="bbox 2168 3130 3746 3202; baseline 0 -18"><span class='ocrx_word' id='word_1_483' title='bbox 2168 3131 2400 3197; x_wconf 90' lang='lat' dir='ltr'><strong>tionem,</strong></span> <span class='ocrx_word' id='word_1_484' title='bbox 2433 3146 2540 3186; x_wconf 90' lang='lat' dir='ltr'><strong>non</strong></span> <span class='ocrx_word' id='word_1_485' title='bbox 2571 3131 2716 3186; x_wconf 91' lang='lat' dir='ltr'><strong>enim</strong></span> <span class='ocrx_word' id='word_1_486' title='bbox 2747 3131 2960 3186; x_wconf 88' lang='lat' dir='ltr'><strong>veniam</strong></span> <span class='ocrx_word' id='word_1_487' title='bbox 2991 3131 3290 3202; x_wconf 88' lang='lat' dir='ltr'><strong>postulabis</strong></span> <span class='ocrx_word' id='word_1_488' title='bbox 3332 3132 3402 3186; x_wconf 91' lang='lat' dir='ltr'><strong>ab</strong></span> <span class='ocrx_word' id='word_1_489' title='bbox 3437 3148 3510 3186; x_wconf 90' lang='lat' dir='ltr'><strong>eo</strong></span> <span class='ocrx_word' id='word_1_490' title='bbox 3542 3133 3636 3202; x_wconf 88' lang='lat' dir='ltr'><strong>qui</strong></span> <span class='ocrx_word' id='word_1_491' title='bbox 3671 3130 3746 3184; x_wconf 76' lang='lat' dir='ltr'><strong>tibi</strong></span> 
     </span>
    </p>
   </div>
   <div class='ocr_carea' id='block_1_63' title="bbox 467 3189 3746 3291">
    <p class='ocr_par' dir='ltr' id='par_1_63' title="bbox 467 3189 3746 3291">
     <span class='ocr_line' id='line_1_63' title="bbox 467 3189 3746 3291; baseline 0.004 -29"><span class='ocrx_word' id='word_1_492' title='bbox 467 3217 648 3278; x_wconf 89' lang='lat' dir='ltr'><strong>potest</strong></span> <span class='ocrx_word' id='word_1_493' title='bbox 694 3211 919 3267; x_wconf 90' lang='lat' dir='ltr'><strong>dicere?</strong></span> <span class='ocrx_word' id='word_1_494' title='bbox 955 3212 1276 3272; x_wconf 86' lang='lat' dir='ltr'><strong>Gebennam</strong></span> <span class='ocrx_word' id='word_1_495' title='bbox 1313 3231 1528 3286; x_wconf 91' lang='lat' dir='ltr'><strong>quoque</strong></span> <span class='ocrx_word' id='word_1_496' title='bbox 1564 3216 1651 3271; x_wconf 87' lang='lat' dir='ltr'><strong>hic</strong></span> <span class='ocrx_word' id='word_1_497' title='bbox 1693 3215 1944 3272; x_wconf 88' lang='lat' dir='ltr'><strong>Salvator</strong></span> <span class='ocrx_word' id='word_1_498' title='bbox 1979 3217 2064 3271; x_wconf 89' lang='lat' dir='ltr'><strong>in-</strong></span> <span class='ocrx_word' id='word_1_499' title='bbox 2089 3189 2136 3255; x_wconf 63' lang='grc' dir='ltr'><strong>θ</strong></span> <span class='ocrx_word' id='word_1_500' title='bbox 2166 3221 2296 3278; x_wconf 86' lang='lat' dir='ltr'><strong>fecit</strong></span> <span class='ocrx_word' id='word_1_501' title='bbox 2323 3222 2607 3291; x_wconf 89' lang='lat' dir='ltr'><strong>injuriam,</strong></span> <span class='ocrx_word' id='word_1_502' title='bbox 2641 3225 2738 3279; x_wconf 89' lang='lat' dir='ltr'><strong>sed</strong></span> <span class='ocrx_word' id='word_1_503' title='bbox 2786 3189 3011 3284; x_wconf 39' lang='lat' dir='ltr'><strong>tantum‘</strong></span> <span class='ocrx_word' id='word_1_504' title='bbox 3042 3225 3313 3290; x_wconf 86' lang='lat' dir='ltr'><strong>dimittes,</strong></span> <span class='ocrx_word' id='word_1_505' title='bbox 3356 3225 3509 3279; x_wconf 88' lang='lat' dir='ltr'><strong>sicut</strong></span> <span class='ocrx_word' id='word_1_506' title='bbox 3549 3189 3648 3277; x_wconf 63' lang='lat' dir='ltr'><strong>tibi</strong></span> <span class='ocrx_word' id='word_1_507' title='bbox 3683 3222 3746 3276; x_wconf 82' lang='lat' dir='ltr'><strong>di-</strong></span> 
     </span>
    </p>
   </div>
   <div class='ocr_carea' id='block_1_64' title="bbox 469 3301 2063 3382">
    <p class='ocr_par' dir='ltr' id='par_1_64' title="bbox 469 3301 2063 3382">
     <span class='ocr_line' id='line_1_64' title="bbox 469 3301 2063 3382; baseline 0.006 -26"><span class='ocrx_word' id='word_1_508' title='bbox 469 3301 608 3357; x_wconf 91' lang='lat' dir='ltr'><strong>ferni</strong></span> <span class='ocrx_word' id='word_1_509' title='bbox 637 3306 940 3361; x_wconf 87' lang='lat' dir='ltr'><strong>cruciatum</strong></span> <span class='ocrx_word' id='word_1_510' title='bbox 971 3308 1307 3376; x_wconf 89' lang='lat' dir='ltr'><strong>nominavit,</strong></span> <span class='ocrx_word' id='word_1_511' title='bbox 1339 3309 1430 3364; x_wconf 90' lang='lat' dir='ltr'><strong>ubi</strong></span> <span class='ocrx_word' id='word_1_512' title='bbox 1467 3319 1784 3380; x_wconf 91' lang='lat' dir='ltr'><strong>peccatores</strong></span> <span class='ocrx_word' id='word_1_513' title='bbox 1821 3318 1878 3364; x_wconf 90' lang='lat' dir='ltr'><strong>et</strong></span> <span class='ocrx_word' id='word_1_514' title='bbox 1909 3311 2063 3382; x_wconf 90' lang='lat' dir='ltr'><strong>impii</strong></span> 
     </span>
    </p>
   </div>
   <div class='ocr_carea' id='block_1_65' title="bbox 469 3394 2064 3473">
    <p class='ocr_par' dir='ltr' id='par_1_65' title="bbox 469 3394 2064 3473">
     <span class='ocr_line' id='line_1_65' title="bbox 469 3394 2064 3473; baseline 0.006 -25"><span class='ocrx_word' id='word_1_515' title='bbox 469 3394 630 3448; x_wconf 89' lang='lat' dir='ltr'><strong>simul</strong></span> <span class='ocrx_word' id='word_1_516' title='bbox 678 3412 801 3450; x_wconf 91' lang='lat' dir='ltr'><strong>cum</strong></span> <span class='ocrx_word' id='word_1_517' title='bbox 853 3399 1069 3454; x_wconf 89' lang='lat' dir='ltr'><strong>diabolo</strong></span> <span class='ocrx_word' id='word_1_518' title='bbox 1117 3408 1172 3455; x_wconf 91' lang='lat' dir='ltr'><strong>et</strong></span> <span class='ocrx_word' id='word_1_519' title='bbox 1220 3401 1426 3472; x_wconf 87' lang='lat' dir='ltr'><strong>angelis</strong></span> <span class='ocrx_word' id='word_1_520' title='bbox 1476 3402 1592 3471; x_wconf 87' lang='lat' dir='ltr'><strong>ejus</strong></span> <span class='ocrx_word' id='word_1_521' title='bbox 1640 3403 1696 3457; x_wconf 91' lang='lat' dir='ltr'><strong>in</strong></span> <span class='ocrx_word' id='word_1_522' title='bbox 1743 3409 2064 3473; x_wconf 89' lang='lat' dir='ltr'><strong>perpetuum</strong></span> 
     </span>
    </p>
   </div>
   <div class='ocr_carea' id='block_1_66' title="bbox 471 3482 2066 3564">
    <p class='ocr_par' dir='ltr' id='par_1_66' title="bbox 471 3482 2066 3564">
     <span class='ocr_line' id='line_1_66' title="bbox 471 3482 2066 3564; baseline 0.009 -29"><span class='ocrx_word' id='word_1_523' title='bbox 471 3482 888 3552; x_wconf 87' lang='lat' dir='ltr'><strong>damnabuntur,</strong></span> <span class='ocrx_word' id='word_1_524' title='bbox 924 3505 1082 3558; x_wconf 90' lang='lat' dir='ltr'><strong>quem</strong></span> <span class='ocrx_word' id='word_1_525' title='bbox 1116 3491 1216 3546; x_wconf 89' lang='lat' dir='ltr'><strong>soli</strong></span> <span class='ocrx_word' id='word_1_526' title='bbox 1247 3491 1321 3546; x_wconf 90' lang='lat' dir='ltr'><strong>illi</strong></span> <span class='ocrx_word' id='word_1_527' title='bbox 1353 3492 1595 3548; x_wconf 88' lang='lat' dir='ltr'><strong>devitarc</strong></span> <span class='ocrx_word' id='word_1_528' title='bbox 1625 3501 1788 3564; x_wconf 89' lang='lat' dir='ltr'><strong>atque</strong></span> <span class='ocrx_word' id='word_1_529' title='bbox 1833 3493 2066 3549; x_wconf 89' lang='lat' dir='ltr'><strong>evadere</strong></span> 
     </span>
    </p>
   </div>
   <div class='ocr_carea' id='block_1_67' title="bbox 473 3577 2066 3657">
    <p class='ocr_par' dir='ltr' id='par_1_67' title="bbox 473 3577 2066 3657">
     <span class='ocr_line' id='line_1_67' title="bbox 473 3577 2066 3657; baseline 0.011 -32"><span class='ocrx_word' id='word_1_530' title='bbox 473 3582 706 3642; x_wconf 74' lang='lat' dir='ltr'><strong>queunt,</strong></span> <span class='ocrx_word' id='word_1_531' title='bbox 739 3577 832 3646; x_wconf 90' lang='lat' dir='ltr'><strong>qui</strong></span> <span class='ocrx_word' id='word_1_532' title='bbox 861 3594 959 3648; x_wconf 90' lang='lat' dir='ltr'><strong>per</strong></span> <span class='ocrx_word' id='word_1_533' title='bbox 989 3582 1221 3651; x_wconf 88' lang='lat' dir='ltr'><strong>gratiam</strong></span> <span class='ocrx_word' id='word_1_534' title='bbox 1251 3584 1458 3639; x_wconf 87' lang='lat' dir='ltr'><strong>Christi</strong></span> <span class='ocrx_word' id='word_1_535' title='bbox 1499 3585 1762 3657; x_wconf 90' lang='lat' dir='ltr'><strong>redempti</strong></span> <span class='ocrx_word' id='word_1_536' title='bbox 1793 3601 1955 3656; x_wconf 87' lang='lat' dir='ltr'><strong>opera</strong></span> <span class='ocrx_word' id='word_1_537' title='bbox 1977 3585 2066 3656; x_wconf 90' lang='lat' dir='ltr'><strong>ju-</strong></span> 
     </span>
    </p>
   </div>
   <div class='ocr_carea' id='block_1_68' title="bbox 473 3664 2064 3750">
    <p class='ocr_par' dir='ltr' id='par_1_68' title="bbox 473 3664 2064 3750">
     <span class='ocr_line' id='line_1_68' title="bbox 473 3664 2064 3750; baseline 0.01 -31"><span class='ocrx_word' id='word_1_538' title='bbox 473 3664 636 3720; x_wconf 80' lang='lat' dir='ltr'><strong>stitiae</strong></span> <span class='ocrx_word' id='word_1_539' title='bbox 665 3665 938 3739; x_wconf 85' lang='lat' dir='ltr'><strong>fecerunt,</strong></span> <span class='ocrx_word' id='word_1_540' title='bbox 973 3687 1068 3727; x_wconf 88' lang='lat' dir='ltr'><strong>seu</strong></span> <span class='ocrx_word' id='word_1_541' title='bbox 1100 3675 1191 3744; x_wconf 90' lang='lat' dir='ltr'><strong>qui</strong></span> <span class='ocrx_word' id='word_1_542' title='bbox 1226 3686 1349 3746; x_wconf 92' lang='lat' dir='ltr'><strong>post</strong></span> <span class='ocrx_word' id='word_1_543' title='bbox 1376 3688 1683 3749; x_wconf 88' lang='lat' dir='ltr'><strong>perpetrata</strong></span> <span class='ocrx_word' id='word_1_544' title='bbox 1723 3688 1948 3750; x_wconf 88' lang='lat' dir='ltr'><strong>peccata</strong></span> <span class='ocrx_word' id='word_1_545' title='bbox 1979 3681 2064 3735; x_wconf 90' lang='lat' dir='ltr'><strong>di-</strong></span> 
     </span>
    </p>
   </div>
   <div class='ocr_carea' id='block_1_69' title="bbox 473 3762 2066 3844">
    <p class='ocr_par' dir='ltr' id='par_1_69' title="bbox 473 3762 2066 3844">
     <span class='ocr_line' id='line_1_69' title="bbox 473 3762 2066 3844; baseline 0.01 -33"><span class='ocrx_word' id='word_1_546' title='bbox 473 3772 606 3827; x_wconf 88' lang='lat' dir='ltr'><strong>gnos</strong></span> <span class='ocrx_word' id='word_1_547' title='bbox 655 3762 989 3829; x_wconf 70' lang='lat' dir='ltr'><strong>pcenitentiaa</strong></span> <span class='ocrx_word' id='word_1_548' title='bbox 1023 3764 1233 3824; x_wconf 88' lang='lat' dir='ltr'><strong>fructus</strong></span> <span class='ocrx_word' id='word_1_549' title='bbox 1281 3771 1531 3840; x_wconf 90' lang='lat' dir='ltr'><strong>egerint,</strong></span> <span class='ocrx_word' id='word_1_550' title='bbox 1580 3787 1644 3826; x_wconf 89' lang='lat' dir='ltr'><strong>ac</strong></span> <span class='ocrx_word' id='word_1_551' title='bbox 1678 3788 1736 3828; x_wconf 92' lang='lat' dir='ltr'><strong>se</strong></span> <span class='ocrx_word' id='word_1_552' title='bbox 1778 3789 1876 3844; x_wconf 89' lang='lat' dir='ltr'><strong>per</strong></span> <span class='ocrx_word' id='word_1_553' title='bbox 1921 3774 2066 3828; x_wconf 85' lang='lat' dir='ltr'><strong>bona</strong></span> 
     </span>
    </p>
   </div>
   <div class='ocr_carea' id='block_1_70' title="bbox 468 3859 2068 3937">
    <p class='ocr_par' dir='ltr' id='par_1_70' title="bbox 468 3859 2068 3937">
     <span class='ocr_line' id='line_1_70' title="bbox 468 3859 2068 3937; baseline 0.014 -38"><span class='ocrx_word' id='word_1_554' title='bbox 468 3860 634 3915; x_wconf 87' lang='lat' dir='ltr'><strong>opera</strong></span> <span class='ocrx_word' id='word_1_555' title='bbox 663 3865 986 3925; x_wconf 90' lang='lat' dir='ltr'><strong>recuperare</strong></span> <span class='ocrx_word' id='word_1_556' title='bbox 1014 3859 1340 3914; x_wconf 88' lang='lat' dir='ltr'><strong>studuerint.</strong></span> <span class='ocrx_word' id='word_1_557' title='bbox 1372 3859 1578 3918; x_wconf 87' lang='lat' dir='ltr'><strong>Nomen</strong></span> <span class='ocrx_word' id='word_1_558' title='bbox 1605 3878 1735 3935; x_wconf 90' lang='lat' dir='ltr'><strong>ergo</strong></span> <span class='ocrx_word' id='word_1_559' title='bbox 1763 3867 2068 3937; x_wconf 87' lang='lat' dir='ltr'><strong>gehennam</strong></span> 
     </span>
    </p>
   </div>
   <div class='ocr_carea' id='block_1_71' title="bbox 468 3939 2063 4026">
    <p class='ocr_par' dir='ltr' id='par_1_71' title="bbox 468 3939 2063 4026">
     <span class='ocr_line' id='line_1_71' title="bbox 468 3939 2063 4026; baseline 0.013 -34"><span class='ocrx_word' id='word_1_560' title='bbox 468 3939 698 3995; x_wconf 85' lang='lat' dir='ltr'><strong>traxisse</strong></span> <span class='ocrx_word' id='word_1_561' title='bbox 730 3951 924 4012; x_wconf 90' lang='lat' dir='ltr'><strong>putant</strong></span> <span class='ocrx_word' id='word_1_562' title='bbox 951 3961 984 4000; x_wconf 90' lang='lat' dir='ltr'><strong>a</strong></span> <span class='ocrx_word' id='word_1_563' title='bbox 1014 3947 1155 4004; x_wconf 90' lang='lat' dir='ltr'><strong>valle</strong></span> <span class='ocrx_word' id='word_1_564' title='bbox 1191 3949 1352 4005; x_wconf 89' lang='lat' dir='ltr'><strong>idolis</strong></span> <span class='ocrx_word' id='word_1_565' title='bbox 1387 3963 1712 4010; x_wconf 88' lang='lat' dir='ltr'><strong>consecrata</strong></span> <span class='ocrx_word' id='word_1_566' title='bbox 1745 3955 1902 4026; x_wconf 81' lang='lat' dir='ltr'><strong>juxta</strong></span> <span class='ocrx_word' id='word_1_567' title='bbox 1942 3973 2063 4012; x_wconf 93' lang='lat' dir='ltr'><strong>mu-</strong></span> 
     </span>
    </p>
   </div>
   <div class='ocr_carea' id='block_1_72' title="bbox 470 4031 2064 4110">
    <p class='ocr_par' dir='ltr' id='par_1_72' title="bbox 470 4031 2064 4110">
     <span class='ocr_line' id='line_1_72' title="bbox 470 4031 2064 4110; baseline 0.016 -28"><span class='ocrx_word' id='word_1_568' title='bbox 470 4045 594 4085; x_wconf 89' lang='lat' dir='ltr'><strong>rum</strong></span> <span class='ocrx_word' id='word_1_569' title='bbox 627 4031 928 4092; x_wconf 80' lang='lat' dir='ltr'><strong>Jerusalem</strong></span> <span class='ocrx_word' id='word_1_570' title='bbox 955 4080 970 4104; x_wconf 94' lang='lat'><strong>,</strong></span> <span class='ocrx_word' id='word_1_571' title='bbox 1013 4041 1219 4110; x_wconf 88' lang='lat' dir='ltr'><strong>repleta</strong></span> <span class='ocrx_word' id='word_1_572' title='bbox 1257 4043 1390 4099; x_wconf 92' lang='lat' dir='ltr'><strong>olim</strong></span> <span class='ocrx_word' id='word_1_573' title='bbox 1424 4047 1782 4105; x_wconf 86' lang='lat' dir='ltr'><strong>cadaveribus</strong></span> <span class='ocrx_word' id='word_1_574' title='bbox 1819 4059 2064 4106; x_wconf 91' lang='lat' dir='ltr'><strong>mortuo-</strong></span> 
     </span>
    </p>
   </div>
   <div class='ocr_carea' id='block_1_73' title="bbox 469 4127 2066 4199">
    <p class='ocr_par' dir='ltr' id='par_1_73' title="bbox 469 4127 2066 4199">
     <span class='ocr_line' id='line_1_73' title="bbox 469 4127 2066 4199; baseline 0.016 -25"><span class='ocrx_word' id='word_1_575' title='bbox 469 4136 622 4188; x_wconf 88' lang='lat' dir='ltr'><strong>rum,</strong></span> <span class='ocrx_word' id='word_1_576' title='bbox 656 4139 820 4192; x_wconf 88' lang='lat' dir='ltr'><strong>quam</strong></span> <span class='ocrx_word' id='word_1_577' title='bbox 847 4136 904 4182; x_wconf 91' lang='lat' dir='ltr'><strong>et</strong></span> <span class='ocrx_word' id='word_1_578' title='bbox 929 4127 1110 4186; x_wconf 87' lang='lat' dir='ltr'><strong>Josias</strong></span> <span class='ocrx_word' id='word_1_579' title='bbox 1141 4149 1239 4188; x_wconf 88' lang='lat' dir='ltr'><strong>rex</strong></span> <span class='ocrx_word' id='word_1_580' title='bbox 1270 4138 1674 4196; x_wconf 88' lang='lat' dir='ltr'><strong>contaminasse</strong></span> <span class='ocrx_word' id='word_1_581' title='bbox 1707 4141 1764 4196; x_wconf 93' lang='lat' dir='ltr'><strong>in</strong></span> <span class='ocrx_word' id='word_1_582' title='bbox 1792 4141 1932 4198; x_wconf 90' lang='lat' dir='ltr'><strong>libro</strong></span> <span class='ocrx_word' id='word_1_583' title='bbox 1959 4141 2066 4199; x_wconf 84' lang='lat' dir='ltr'><strong>Re—</strong></span> 
     </span>
    </p>
   </div>
   <div class='ocr_carea' id='block_1_74' title="bbox 471 4214 840 4287">
    <p class='ocr_par' dir='ltr' id='par_1_74' title="bbox 471 4214 840 4287">
     <span class='ocr_line' id='line_1_74' title="bbox 471 4214 840 4287; baseline 0.022 -22"><span class='ocrx_word' id='word_1_584' title='bbox 471 4228 597 4283; x_wconf 89' lang='lat' dir='ltr'><strong>gum</strong></span> <span class='ocrx_word' id='word_1_585' title='bbox 627 4214 840 4287; x_wconf 89' lang='lat' dir='ltr'><strong>legitur.</strong></span> 
     </span>
    </p>
   </div>
   <div class='ocr_carea' id='block_1_75' title="bbox 545 4309 2066 4398">
    <p class='ocr_par' dir='ltr' id='par_1_75' title="bbox 545 4309 2066 4398">
     <span class='ocr_line' id='line_1_75' title="bbox 545 4309 2066 4398; baseline 0.013 -34"><span class='ocrx_word' id='word_1_586' title='bbox 545 4309 680 4383; x_wconf 83' lang='lat' dir='ltr'><strong>[lV.]</strong></span> <span class='ocrx_word' id='word_1_587' title='bbox 723 4311 781 4367; x_wconf 91' lang='lat' dir='ltr'><strong>Si</strong></span> <span class='ocrx_word' id='word_1_588' title='bbox 809 4332 931 4388; x_wconf 87' lang='lat' dir='ltr'><strong>ergo</strong></span> <span class='ocrx_word' id='word_1_589' title='bbox 957 4320 1152 4390; x_wconf 79' lang='lat' dir='ltr'><strong>offeras</strong></span> <span class='ocrx_word' id='word_1_590' title='bbox 1182 4340 1375 4380; x_wconf 84' lang='lat' dir='ltr'><strong>munus</strong></span> <span class='ocrx_word' id='word_1_591' title='bbox 1403 4335 1552 4382; x_wconf 88' lang='lat' dir='ltr'><strong>tuum</strong></span> <span class='ocrx_word' id='word_1_592' title='bbox 1582 4329 1652 4383; x_wconf 90' lang='lat' dir='ltr'><strong>ad</strong></span> <span class='ocrx_word' id='word_1_593' title='bbox 1681 4329 1881 4398; x_wconf 87' lang='lat' dir='ltr'><strong>altare,</strong></span> <span class='ocrx_word' id='word_1_594' title='bbox 1918 4341 1966 4387; x_wconf 90' lang='lat' dir='ltr'><strong>et</strong></span> <span class='ocrx_word' id='word_1_595' title='bbox 1993 4332 2066 4386; x_wconf 86' lang='lat' dir='ltr'><strong>ibi</strong></span> 
     </span>
    </p>
   </div>
   <div class='ocr_carea' id='block_1_76' title="bbox 469 4406 2066 4495">
    <p class='ocr_par' dir='ltr' id='par_1_76' title="bbox 469 4406 2066 4495">
     <span class='ocr_line' id='line_1_76' title="bbox 469 4406 2066 4495; baseline 0.016 -39"><span class='ocrx_word' id='word_1_596' title='bbox 469 4406 775 4463; x_wconf 76' lang='lat' dir='ltr'><strong>recordatus</strong></span> <span class='ocrx_word' id='word_1_597' title='bbox 803 4411 968 4481; x_wconf 85' lang='lat' dir='ltr'><strong>fueris</strong></span> <span class='ocrx_word' id='word_1_598' title='bbox 990 4417 1114 4485; x_wconf 87' lang='lat' dir='ltr'><strong>quia</strong></span> <span class='ocrx_word' id='word_1_599' title='bbox 1142 4416 1308 4486; x_wconf 89' lang='lat' dir='ltr'><strong>frater</strong></span> <span class='ocrx_word' id='word_1_600' title='bbox 1333 4429 1453 4474; x_wconf 83' lang='lat' dir='ltr'><strong>tuus</strong></span> <span class='ocrx_word' id='word_1_601' title='bbox 1477 4421 1630 4477; x_wconf 78' lang='lat' dir='ltr'><strong>habet</strong></span> <span class='ocrx_word' id='word_1_602' title='bbox 1656 4423 1856 4495; x_wconf 85' lang='lat' dir='ltr'><strong>aliquid</strong></span> <span class='ocrx_word' id='word_1_603' title='bbox 1883 4426 2066 4481; x_wconf 84' lang='lat' dir='ltr'><strong>adver-</strong></span> 
     </span>
    </p>
   </div>
   <div class='ocr_carea' id='block_1_77' title="bbox 466 4501 2064 4584">
    <p class='ocr_par' dir='ltr' id='par_1_77' title="bbox 466 4501 2064 4584">
     <span class='ocr_line' id='line_1_77' title="bbox 466 4501 2064 4584; baseline 0.014 -34"><span class='ocrx_word' id='word_1_604' title='bbox 466 4513 583 4551; x_wconf 84' lang='lat' dir='ltr'><strong>sum</strong></span> <span class='ocrx_word' id='word_1_605' title='bbox 611 4510 659 4554; x_wconf 89' lang='lat' dir='ltr'><strong>te</strong></span> <span class='ocrx_word' id='word_1_606' title='bbox 677 4543 690 4566; x_wconf 94' lang='lat'><strong>,</strong></span> <span class='ocrx_word' id='word_1_607' title='bbox 719 4501 951 4576; x_wconf 83' lang='lat' dir='ltr'><strong>relinque</strong></span> <span class='ocrx_word' id='word_1_608' title='bbox 977 4506 1048 4561; x_wconf 90' lang='lat' dir='ltr'><strong>ibi</strong></span> <span class='ocrx_word' id='word_1_609' title='bbox 1076 4524 1271 4565; x_wconf 80' lang='lat' dir='ltr'><strong>manus</strong></span> <span class='ocrx_word' id='word_1_610' title='bbox 1298 4521 1446 4567; x_wconf 90' lang='lat' dir='ltr'><strong>tuum</strong></span> <span class='ocrx_word' id='word_1_611' title='bbox 1477 4523 1598 4568; x_wconf 85' lang='lat' dir='ltr'><strong>ante</strong></span> <span class='ocrx_word' id='word_1_612' title='bbox 1626 4515 1795 4571; x_wconf 83' lang='lat' dir='ltr'><strong>altare</strong></span> <span class='ocrx_word' id='word_1_613' title='bbox 1817 4558 1831 4584; x_wconf 88' lang='lat'><strong>,</strong></span> <span class='ocrx_word' id='word_1_614' title='bbox 1860 4526 1908 4572; x_wconf 88' lang='lat' dir='ltr'><strong>et</strong></span> <span class='ocrx_word' id='word_1_615' title='bbox 1935 4519 2064 4573; x_wconf 82' lang='lat' dir='ltr'><strong>vade</strong></span> 
     </span>
    </p>
   </div>
   <div class='ocr_carea' id='block_1_78' title="bbox 465 4589 2063 4681">
    <p class='ocr_par' dir='ltr' id='par_1_78' title="bbox 465 4589 2063 4681">
     <span class='ocr_line' id='line_1_78' title="bbox 465 4589 2063 4681; baseline 0.016 -41"><span class='ocrx_word' id='word_1_616' title='bbox 465 4589 612 4657; x_wconf 82' lang='lat' dir='ltr'><strong>prius</strong></span> <span class='ocrx_word' id='word_1_617' title='bbox 651 4595 982 4651; x_wconf 83' lang='lat' dir='ltr'><strong>reconciliari</strong></span> <span class='ocrx_word' id='word_1_618' title='bbox 1026 4599 1184 4669; x_wconf 89' lang='lat' dir='ltr'><strong>fratri</strong></span> <span class='ocrx_word' id='word_1_619' title='bbox 1219 4611 1344 4670; x_wconf 87' lang='lat' dir='ltr'><strong>tuo,</strong></span> <span class='ocrx_word' id='word_1_620' title='bbox 1381 4614 1432 4659; x_wconf 87' lang='lat' dir='ltr'><strong>et</strong></span> <span class='ocrx_word' id='word_1_621' title='bbox 1468 4616 1592 4662; x_wconf 85' lang='lat' dir='ltr'><strong>tunc</strong></span> <span class='ocrx_word' id='word_1_622' title='bbox 1631 4609 1837 4664; x_wconf 81' lang='lat' dir='ltr'><strong>veniens</strong></span> <span class='ocrx_word' id='word_1_623' title='bbox 1875 4612 2063 4681; x_wconf 80' lang='lat' dir='ltr'><strong>offeres</strong></span> 
     </span>
    </p>
   </div>
   <div class='ocr_carea' id='block_1_79' title="bbox 468 4686 2058 4768">
    <p class='ocr_par' dir='ltr' id='par_1_79' title="bbox 468 4686 2058 4768">
     <span class='ocr_line' id='line_1_79' title="bbox 468 4686 2058 4768; baseline 0.018 -37"><span class='ocrx_word' id='word_1_624' title='bbox 468 4694 660 4732; x_wconf 82' lang='lat' dir='ltr'><strong>munus</strong></span> <span class='ocrx_word' id='word_1_625' title='bbox 692 4692 860 4735; x_wconf 84' lang='lat' dir='ltr'><strong>tuum.</strong></span> <span class='ocrx_word' id='word_1_626' title='bbox 889 4686 1057 4753; x_wconf 86' lang='lat' dir='ltr'><strong>Igitur</strong></span> <span class='ocrx_word' id='word_1_627' title='bbox 1084 4692 1130 4746; x_wconf 90' lang='lat' dir='ltr'><strong>si</strong></span> <span class='ocrx_word' id='word_1_628' title='bbox 1162 4692 1322 4749; x_wconf 88' lang='lat' dir='ltr'><strong>irasci</strong></span> <span class='ocrx_word' id='word_1_629' title='bbox 1354 4711 1459 4751; x_wconf 87' lang='lat' dir='ltr'><strong>non</strong></span> <span class='ocrx_word' id='word_1_630' title='bbox 1487 4706 1574 4754; x_wconf 89' lang='lat' dir='ltr'><strong>est</strong></span> <span class='ocrx_word' id='word_1_631' title='bbox 1610 4699 1692 4755; x_wconf 81' lang='lat' dir='ltr'><strong>fas</strong></span> <span class='ocrx_word' id='word_1_632' title='bbox 1735 4701 1891 4756; x_wconf 87' lang='lat' dir='ltr'><strong>fratri</strong></span> <span class='ocrx_word' id='word_1_633' title='bbox 1924 4719 2058 4768; x_wconf 82' lang='lat' dir='ltr'><strong>suo.</strong></span> 
     </span>
    </p>
   </div>
   <div class='ocr_carea' id='block_1_80' title="bbox 468 4772 2062 4850">
    <p class='ocr_par' dir='ltr' id='par_1_80' title="bbox 468 4772 2062 4850">
     <span class='ocr_line' id='line_1_80' title="bbox 468 4772 2062 4850; baseline 0.013 -24"><span class='ocrx_word' id='word_1_634' title='bbox 468 4772 650 4827; x_wconf 88' lang='lat' dir='ltr'><strong>dicere</strong></span> <span class='ocrx_word' id='word_1_635' title='bbox 679 4774 878 4840; x_wconf 90' lang='lat' dir='ltr'><strong>racha,</strong></span> <span class='ocrx_word' id='word_1_636' title='bbox 912 4784 1006 4830; x_wconf 90' lang='lat' dir='ltr'><strong>aut</strong></span> <span class='ocrx_word' id='word_1_637' title='bbox 1037 4778 1216 4834; x_wconf 89' lang='lat' dir='ltr'><strong>dicere</strong></span> <span class='ocrx_word' id='word_1_638' title='bbox 1246 4781 1391 4838; x_wconf 90' lang='lat' dir='ltr'><strong>fatue</strong></span> <span class='ocrx_word' id='word_1_639' title='bbox 1411 4825 1426 4850; x_wconf 93' lang='lat'><strong>,</strong></span> <span class='ocrx_word' id='word_1_640' title='bbox 1459 4791 1628 4841; x_wconf 86' lang='lat' dir='ltr'><strong>multo</strong></span> <span class='ocrx_word' id='word_1_641' title='bbox 1660 4793 1838 4845; x_wconf 88' lang='lat' dir='ltr'><strong>minus</strong></span> <span class='ocrx_word' id='word_1_642' title='bbox 1866 4793 1948 4847; x_wconf 87' lang='lat' dir='ltr'><strong>fas</strong></span> <span class='ocrx_word' id='word_1_643' title='bbox 1977 4802 2062 4849; x_wconf 91' lang='lat' dir='ltr'><strong>est</strong></span> 
     </span>
    </p>
   </div>
   <div class='ocr_carea' id='block_1_81' title="bbox 471 4864 2060 4951">
    <p class='ocr_par' dir='ltr' id='par_1_81' title="bbox 471 4864 2060 4951">
     <span class='ocr_line' id='line_1_81' title="bbox 471 4864 2060 4951; baseline 0.014 -34"><span class='ocrx_word' id='word_1_644' title='bbox 471 4864 656 4920; x_wconf 89' lang='lat' dir='ltr'><strong>animo</strong></span> <span class='ocrx_word' id='word_1_645' title='bbox 694 4873 880 4921; x_wconf 90' lang='lat' dir='ltr'><strong>tenere</strong></span> <span class='ocrx_word' id='word_1_646' title='bbox 919 4867 1155 4937; x_wconf 88' lang='lat' dir='ltr'><strong>aliquid,</strong></span> <span class='ocrx_word' id='word_1_647' title='bbox 1189 4881 1250 4927; x_wconf 91' lang='lat' dir='ltr'><strong>ut</strong></span> <span class='ocrx_word' id='word_1_648' title='bbox 1279 4873 1332 4927; x_wconf 93' lang='lat' dir='ltr'><strong>in</strong></span> <span class='ocrx_word' id='word_1_649' title='bbox 1370 4875 1555 4932; x_wconf 90' lang='lat' dir='ltr'><strong>odium</strong></span> <span class='ocrx_word' id='word_1_650' title='bbox 1590 4880 1891 4951; x_wconf 88' lang='lat' dir='ltr'><strong>indignatio</strong></span> <span class='ocrx_word' id='word_1_651' title='bbox 1928 4899 2060 4938; x_wconf 90' lang='lat' dir='ltr'><strong>con-</strong></span> 
     </span>
    </p>
   </div>
   <div class='ocr_carea' id='block_1_82' title="bbox 466 4959 2061 5039">
    <p class='ocr_par' dir='ltr' id='par_1_82' title="bbox 466 4959 2061 5039">
     <span class='ocr_line' id='line_1_82' title="bbox 466 4959 2061 5039; baseline 0.014 -29"><span class='ocrx_word' id='word_1_652' title='bbox 466 4964 732 5012; x_wconf 90' lang='lat' dir='ltr'><strong>vertatur.</strong></span> <span class='ocrx_word' id='word_1_653' title='bbox 759 4959 842 5013; x_wconf 86' lang='lat' dir='ltr'><strong>Ad</strong></span> <span class='ocrx_word' id='word_1_654' title='bbox 871 4959 975 5015; x_wconf 90' lang='lat' dir='ltr'><strong>hoc</strong></span> <span class='ocrx_word' id='word_1_655' title='bbox 1002 4962 1242 5031; x_wconf 83' lang='lat' dir='ltr'><strong>pertinet</strong></span> <span class='ocrx_word' id='word_1_656' title='bbox 1269 4966 1435 5022; x_wconf 90' lang='lat' dir='ltr'><strong>etiam</strong></span> <span class='ocrx_word' id='word_1_657' title='bbox 1465 4971 1609 5039; x_wconf 92' lang='lat' dir='ltr'><strong>quod</strong></span> <span class='ocrx_word' id='word_1_658' title='bbox 1638 4972 1745 5028; x_wconf 88' lang='lat' dir='ltr'><strong>alio</strong></span> <span class='ocrx_word' id='word_1_659' title='bbox 1771 4973 1894 5029; x_wconf 90' lang='lat' dir='ltr'><strong>loco</strong></span> <span class='ocrx_word' id='word_1_660' title='bbox 1927 4976 2061 5031; x_wconf 92' lang='lat' dir='ltr'><strong>dici-</strong></span> 
     </span>
    </p>
   </div>
   <div class='ocr_carea' id='block_1_83' title="bbox 468 5051 2060 5132">
    <p class='ocr_par' dir='ltr' id='par_1_83' title="bbox 468 5051 2060 5132">
     <span class='ocr_line' id='line_1_83' title="bbox 468 5051 2060 5132; baseline 0.014 -26"><span class='ocrx_word' id='word_1_661' title='bbox 468 5057 604 5106; x_wconf 88' lang='lat' dir='ltr'><strong>tur:</strong></span> <span class='ocrx_word' id='word_1_662' title='bbox 668 5051 793 5107; x_wconf 86' lang='lat' dir='ltr'><strong>Non</strong></span> <span class='ocrx_word' id='word_1_663' title='bbox 849 5055 1056 5110; x_wconf 85' lang='lat' dir='ltr'><strong>occidat</strong></span> <span class='ocrx_word' id='word_1_664' title='bbox 1107 5058 1186 5112; x_wconf 81' lang='lat' dir='ltr'><strong>sol</strong></span> <span class='ocrx_word' id='word_1_665' title='bbox 1243 5077 1400 5132; x_wconf 86' lang='lat' dir='ltr'><strong>super</strong></span> <span class='ocrx_word' id='word_1_666' title='bbox 1451 5066 1784 5124; x_wconf 85' lang='lat' dir='ltr'><strong>iracundiam</strong></span> <span class='ocrx_word' id='word_1_667' title='bbox 1837 5084 2060 5128; x_wconf 79' lang='lat' dir='ltr'><strong>vestram</strong></span> 
     </span>
    </p>
   </div>
   <div class='ocr_carea' id='block_1_84' title="bbox 468 5143 2060 5223">
    <p class='ocr_par' dir='ltr' id='par_1_84' title="bbox 468 5143 2060 5223">
     <span class='ocr_line' id='line_1_84' title="bbox 468 5143 2060 5223; baseline 0.016 -28"><span class='ocrx_word' id='word_1_668' title='bbox 468 5143 706 5214; x_wconf 83' lang='lat' dir='ltr'><strong>(Ephes.</strong></span> <span class='ocrx_word' id='word_1_669' title='bbox 736 5161 787 5200; x_wconf 81' lang='lat' dir='ltr'><strong>tv</strong></span> <span class='ocrx_word' id='word_1_670' title='bbox 812 5147 852 5219; x_wconf 91' lang='lat'><strong>).</strong></span> <span class='ocrx_word' id='word_1_671' title='bbox 894 5146 1158 5204; x_wconf 83' lang='lat' dir='ltr'><strong>Jubcmur</strong></span> <span class='ocrx_word' id='word_1_672' title='bbox 1193 5166 1321 5223; x_wconf 89' lang='lat' dir='ltr'><strong>ergo</strong></span> <span class='ocrx_word' id='word_1_673' title='bbox 1369 5154 1575 5211; x_wconf 91' lang='lat' dir='ltr'><strong>illatum</strong></span> <span class='ocrx_word' id='word_1_674' title='bbox 1623 5177 1821 5217; x_wconf 89' lang='lat' dir='ltr'><strong>munus</strong></span> <span class='ocrx_word' id='word_1_675' title='bbox 1871 5165 1941 5219; x_wconf 90' lang='lat' dir='ltr'><strong>ad</strong></span> <span class='ocrx_word' id='word_1_676' title='bbox 1983 5165 2060 5218; x_wconf 87' lang='lat' dir='ltr'><strong>al-</strong></span> 
     </span>
    </p>
   </div>
   <div class='ocr_carea' id='block_1_85' title="bbox 471 5239 2059 5318">
    <p class='ocr_par' dir='ltr' id='par_1_85' title="bbox 471 5239 2059 5318">
     <span class='ocr_line' id='line_1_85' title="bbox 471 5239 2059 5318; baseline 0.009 -30"><span class='ocrx_word' id='word_1_677' title='bbox 471 5245 618 5302; x_wconf 89' lang='lat' dir='ltr'><strong>tare,</strong></span> <span class='ocrx_word' id='word_1_678' title='bbox 668 5239 714 5293; x_wconf 89' lang='lat' dir='ltr'><strong>si</strong></span> <span class='ocrx_word' id='word_1_679' title='bbox 760 5240 1028 5296; x_wconf 91' lang='lat' dir='ltr'><strong>recordati</strong></span> <span class='ocrx_word' id='word_1_680' title='bbox 1077 5241 1338 5299; x_wconf 89' lang='lat' dir='ltr'><strong>fuerimus</strong></span> <span class='ocrx_word' id='word_1_681' title='bbox 1382 5247 1668 5302; x_wconf 85' lang='lat' dir='ltr'><strong>adversum</strong></span> <span class='ocrx_word' id='word_1_682' title='bbox 1711 5263 1810 5303; x_wconf 91' lang='lat' dir='ltr'><strong>nos</strong></span> <span class='ocrx_word' id='word_1_683' title='bbox 1855 5247 2059 5318; x_wconf 89' lang='lat' dir='ltr'><strong>aliquid</strong></span> 
     </span>
    </p>
   </div>
   <div class='ocr_carea' id='block_1_86' title="bbox 470 5326 2060 5408">
    <p class='ocr_par' dir='ltr' id='par_1_86' title="bbox 470 5326 2060 5408">
     <span class='ocr_line' id='line_1_86' title="bbox 470 5326 2060 5408; baseline 0.009 -29"><span class='ocrx_word' id='word_1_684' title='bbox 470 5326 674 5381; x_wconf 87' lang='lat' dir='ltr'><strong>habere</strong></span> <span class='ocrx_word' id='word_1_685' title='bbox 713 5329 970 5400; x_wconf 89' lang='lat' dir='ltr'><strong>fratrem,</strong></span> <span class='ocrx_word' id='word_1_686' title='bbox 1000 5348 1198 5391; x_wconf 91' lang='lat' dir='ltr'><strong>munus</strong></span> <span class='ocrx_word' id='word_1_687' title='bbox 1238 5343 1366 5390; x_wconf 89' lang='lat' dir='ltr'><strong>ante</strong></span> <span class='ocrx_word' id='word_1_688' title='bbox 1409 5336 1580 5393; x_wconf 88' lang='lat' dir='ltr'><strong>altare</strong></span> <span class='ocrx_word' id='word_1_689' title='bbox 1620 5339 1960 5408; x_wconf 87' lang='lat' dir='ltr'><strong>relinquere,</strong></span> <span class='ocrx_word' id='word_1_690' title='bbox 2004 5346 2060 5395; x_wconf 92' lang='lat' dir='ltr'><strong>et</strong></span> 
     </span>
    </p>
   </div>
   <div class='ocr_carea' id='block_1_87' title="bbox 469 5425 2061 5497">
    <p class='ocr_par' dir='ltr' id='par_1_87' title="bbox 469 5425 2061 5497">
     <span class='ocr_line' id='line_1_87' title="bbox 469 5425 2061 5497; baseline 0.009 -25"><span class='ocrx_word' id='word_1_691' title='bbox 469 5433 730 5490; x_wconf 89' lang='lat' dir='ltr'><strong>pergere,</strong></span> <span class='ocrx_word' id='word_1_692' title='bbox 780 5438 846 5479; x_wconf 93' lang='lat' dir='ltr'><strong>ac</strong></span> <span class='ocrx_word' id='word_1_693' title='bbox 900 5426 1244 5482; x_wconf 88' lang='lat' dir='ltr'><strong>reconciliari</strong></span> <span class='ocrx_word' id='word_1_694' title='bbox 1295 5425 1482 5497; x_wconf 91' lang='lat' dir='ltr'><strong>fratri,</strong></span> <span class='ocrx_word' id='word_1_695' title='bbox 1524 5427 1719 5485; x_wconf 92' lang='lat' dir='ltr'><strong>deinde</strong></span> <span class='ocrx_word' id='word_1_696' title='bbox 1771 5429 1960 5486; x_wconf 86' lang='lat' dir='ltr'><strong>venire</strong></span> <span class='ocrx_word' id='word_1_697' title='bbox 2005 5438 2061 5486; x_wconf 91' lang='lat' dir='ltr'><strong>et</strong></span> 
     </span>
    </p>
   </div>
   <div class='ocr_carea' id='block_1_88' title="bbox 473 5510 917 5570">
    <p class='ocr_par' dir='ltr' id='par_1_88' title="bbox 473 5510 917 5570">
     <span class='ocr_line' id='line_1_88' title="bbox 473 5510 917 5570; baseline 0.016 -7"><span class='ocrx_word' id='word_1_698' title='bbox 473 5524 674 5566; x_wconf 90' lang='lat' dir='ltr'><strong>munus</strong></span> <span class='ocrx_word' id='word_1_699' title='bbox 702 5510 917 5570; x_wconf 78' lang='lat' dir='ltr'><strong>offerre.</strong></span> 
     </span>
    </p>
   </div>
   <div class='ocr_carea' id='block_1_89' title="bbox 549 5604 2061 5686">
    <p class='ocr_par' dir='ltr' id='par_1_89' title="bbox 549 5604 2061 5686">
     <span class='ocr_line' id='line_1_89' title="bbox 549 5604 2061 5686; baseline 0.007 -25"><span class='ocrx_word' id='word_1_700' title='bbox 549 5604 705 5672; x_wconf 86' lang='lat' dir='ltr'><strong>Quod</strong></span> <span class='ocrx_word' id='word_1_701' title='bbox 743 5607 789 5663; x_wconf 90' lang='lat' dir='ltr'><strong>si</strong></span> <span class='ocrx_word' id='word_1_702' title='bbox 830 5609 1128 5683; x_wconf 89' lang='lat' dir='ltr'><strong>accipiatur</strong></span> <span class='ocrx_word' id='word_1_703' title='bbox 1168 5615 1237 5670; x_wconf 89' lang='lat' dir='ltr'><strong>ad</strong></span> <span class='ocrx_word' id='word_1_704' title='bbox 1276 5615 1550 5682; x_wconf 89' lang='lat' dir='ltr'><strong>litteram,</strong></span> <span class='ocrx_word' id='word_1_705' title='bbox 1599 5616 1836 5672; x_wconf 89' lang='lat' dir='ltr'><strong>fortasse</strong></span> <span class='ocrx_word' id='word_1_706' title='bbox 1862 5614 2061 5686; x_wconf 89' lang='lat' dir='ltr'><strong>aliquis</strong></span> 
     </span>
    </p>
   </div>
   <div class='ocr_carea' id='block_1_90' title="bbox 472 5697 2060 5781">
    <p class='ocr_par' dir='ltr' id='par_1_90' title="bbox 472 5697 2060 5781">
     <span class='ocr_line' id='line_1_90' title="bbox 472 5697 2060 5781; baseline 0.008 -30"><span class='ocrx_word' id='word_1_707' title='bbox 472 5697 663 5753; x_wconf 88' lang='lat' dir='ltr'><strong>credat</strong></span> <span class='ocrx_word' id='word_1_708' title='bbox 704 5700 777 5754; x_wconf 86' lang='lat' dir='ltr'><strong>ita</strong></span> <span class='ocrx_word' id='word_1_709' title='bbox 818 5701 932 5758; x_wconf 89' lang='lat' dir='ltr'><strong>ﬁeri</strong></span> <span class='ocrx_word' id='word_1_710' title='bbox 974 5714 1226 5776; x_wconf 90' lang='lat' dir='ltr'><strong>oportere</strong></span> <span class='ocrx_word' id='word_1_711' title='bbox 1264 5707 1311 5764; x_wconf 90' lang='lat' dir='ltr'><strong>si</strong></span> <span class='ocrx_word' id='word_1_712' title='bbox 1339 5707 1507 5765; x_wconf 90' lang='lat' dir='ltr'><strong>frater</strong></span> <span class='ocrx_word' id='word_1_713' title='bbox 1531 5724 1773 5781; x_wconf 75' lang='lat' dir='ltr'><strong>praesens</strong></span> <span class='ocrx_word' id='word_1_714' title='bbox 1804 5717 1919 5776; x_wconf 86' lang='lat' dir='ltr'><strong>est,</strong></span> <span class='ocrx_word' id='word_1_715' title='bbox 1951 5723 2060 5765; x_wconf 89' lang='lat' dir='ltr'><strong>non</strong></span> 
     </span>
    </p>
   </div>
   <div class='ocr_carea' id='block_1_91' title="bbox 453 5789 2064 5874">
    <p class='ocr_par' dir='ltr' id='par_1_91' title="bbox 453 5789 2064 5874">
     <span class='ocr_line' id='line_1_91' title="bbox 453 5789 2064 5874; baseline 0.016 -30"><span class='ocrx_word' id='word_1_716' title='bbox 453 5789 619 5874; x_wconf 17' lang='lat' dir='ltr'><strong>,icnim</strong></span> <span class='ocrx_word' id='word_1_717' title='bbox 649 5791 853 5853; x_wconf 85' lang='lat' dir='ltr'><strong>diutius</strong></span> <span class='ocrx_word' id='word_1_718' title='bbox 879 5793 1082 5856; x_wconf 80' lang='lat' dir='ltr'><strong>differri</strong></span> <span class='ocrx_word' id='word_1_719' title='bbox 1108 5807 1318 5871; x_wconf 86' lang='lat' dir='ltr'><strong>potest,</strong></span> <span class='ocrx_word' id='word_1_720' title='bbox 1346 5816 1467 5858; x_wconf 87' lang='lat' dir='ltr'><strong>cum</strong></span> <span class='ocrx_word' id='word_1_721' title='bbox 1498 5816 1696 5864; x_wconf 76' lang='lat' dir='ltr'><strong>munus</strong></span> <span class='ocrx_word' id='word_1_722' title='bbox 1721 5808 1873 5863; x_wconf 84' lang='lat' dir='ltr'><strong>tuum</strong></span> <span class='ocrx_word' id='word_1_723' title='bbox 1896 5799 2064 5870; x_wconf 50' lang='lat' dir='ltr'><strong>retine</strong></span> 
     </span>
    </p>
   </div>
   <div class='ocr_carea' id='block_1_92' title="bbox 2164 3319 3747 3392">
    <p class='ocr_par' dir='ltr' id='par_1_92' title="bbox 2164 3319 3747 3392">
     <span class='ocr_line' id='line_1_92' title="bbox 2164 3319 3747 3392; baseline -0.002 -17"><span class='ocrx_word' id='word_1_724' title='bbox 2164 3320 2304 3375; x_wconf 88' lang='lat' dir='ltr'><strong>mitti</strong></span> <span class='ocrx_word' id='word_1_725' title='bbox 2335 3335 2366 3374; x_wconf 92' lang='lat' dir='ltr'><strong>a</strong></span> <span class='ocrx_word' id='word_1_726' title='bbox 2397 3319 2627 3375; x_wconf 92' lang='lat' dir='ltr'><strong>Domino</strong></span> <span class='ocrx_word' id='word_1_727' title='bbox 2657 3321 2844 3391; x_wconf 88' lang='lat' dir='ltr'><strong>cupis,</strong></span> <span class='ocrx_word' id='word_1_728' title='bbox 2875 3321 3018 3391; x_wconf 87' lang='lat' dir='ltr'><strong>quod</strong></span> <span class='ocrx_word' id='word_1_729' title='bbox 3059 3321 3172 3392; x_wconf 91' lang='lat' dir='ltr'><strong>ipse</strong></span> <span class='ocrx_word' id='word_1_730' title='bbox 3209 3321 3568 3376; x_wconf 87' lang='lat' dir='ltr'><strong>commiseris</strong></span> <span class='ocrx_word' id='word_1_731' title='bbox 3595 3337 3610 3383; x_wconf 90' lang='lat'>;</span> <span class='ocrx_word' id='word_1_732' title='bbox 3643 3334 3747 3390; x_wconf 79' lang='lat' dir='ltr'><strong>per-</strong></span> 
     </span>
    </p>
   </div>
   <div class='ocr_carea' id='block_1_93' title="bbox 2167 3411 3747 3485">
    <p class='ocr_par' dir='ltr' id='par_1_93' title="bbox 2167 3411 3747 3485">
     <span class='ocr_line' id='line_1_93' title="bbox 2167 3411 3747 3485; baseline -0.002 -18"><span class='ocrx_word' id='word_1_733' title='bbox 2167 3413 2404 3485; x_wconf 89' lang='lat' dir='ltr'><strong>gendum</strong></span> <span class='ocrx_word' id='word_1_734' title='bbox 2431 3421 2514 3469; x_wconf 92' lang='lat' dir='ltr'><strong>est</strong></span> <span class='ocrx_word' id='word_1_735' title='bbox 2545 3428 2674 3484; x_wconf 88' lang='lat' dir='ltr'><strong>ergo</strong></span> <span class='ocrx_word' id='word_1_736' title='bbox 2704 3430 2809 3468; x_wconf 90' lang='lat' dir='ltr'><strong>non</strong></span> <span class='ocrx_word' id='word_1_737' title='bbox 2838 3412 3068 3482; x_wconf 89' lang='lat' dir='ltr'><strong>pedibus</strong></span> <span class='ocrx_word' id='word_1_738' title='bbox 3100 3412 3371 3482; x_wconf 91' lang='lat' dir='ltr'><strong>corporis,</strong></span> <span class='ocrx_word' id='word_1_739' title='bbox 3399 3411 3506 3467; x_wconf 88' lang='lat' dir='ltr'><strong>sed</strong></span> <span class='ocrx_word' id='word_1_740' title='bbox 3532 3412 3747 3465; x_wconf 85' lang='lat' dir='ltr'><strong>motibus</strong></span> 
     </span>
    </p>
   </div>
   <div class='ocr_carea' id='block_1_94' title="bbox 2167 3499 3744 3573">
    <p class='ocr_par' dir='ltr' id='par_1_94' title="bbox 2167 3499 3744 3573">
     <span class='ocr_line' id='line_1_94' title="bbox 2167 3499 3744 3573; baseline -0.003 -15"><span class='ocrx_word' id='word_1_741' title='bbox 2167 3503 2366 3570; x_wconf 88' lang='lat' dir='ltr'><strong>animi,</strong></span> <span class='ocrx_word' id='word_1_742' title='bbox 2415 3511 2476 3558; x_wconf 91' lang='lat' dir='ltr'><strong>ut</strong></span> <span class='ocrx_word' id='word_1_743' title='bbox 2517 3512 2572 3557; x_wconf 89' lang='lat' dir='ltr'><strong>te</strong></span> <span class='ocrx_word' id='word_1_744' title='bbox 2614 3503 2804 3558; x_wconf 87' lang='lat' dir='ltr'><strong>humili</strong></span> <span class='ocrx_word' id='word_1_745' title='bbox 2858 3501 3051 3558; x_wconf 81' lang='lat' dir='ltr'><strong>atl‘ectu</strong></span> <span class='ocrx_word' id='word_1_746' title='bbox 3096 3511 3414 3573; x_wconf 85' lang='lat' dir='ltr'><strong>prosternas</strong></span> <span class='ocrx_word' id='word_1_747' title='bbox 3461 3502 3655 3566; x_wconf 80' lang='lat' dir='ltr'><strong>fratri,</strong></span> <span class='ocrx_word' id='word_1_748' title='bbox 3693 3499 3744 3554; x_wconf 76' lang='lat' dir='ltr'><strong>ad</strong></span> 
     </span>
    </p>
   </div>
   <div class='ocr_carea' id='block_1_95' title="bbox 2167 3596 3744 3670">
    <p class='ocr_par' dir='ltr' id='par_1_95' title="bbox 2167 3596 3744 3670">
     <span class='ocr_line' id='line_1_95' title="bbox 2167 3596 3744 3670; baseline -0.004 -16"><span class='ocrx_word' id='word_1_749' title='bbox 2167 3614 2328 3670; x_wconf 90' lang='lat' dir='ltr'><strong>quem</strong></span> <span class='ocrx_word' id='word_1_750' title='bbox 2381 3599 2546 3653; x_wconf 89' lang='lat' dir='ltr'><strong>chara</strong></span> <span class='ocrx_word' id='word_1_751' title='bbox 2594 3597 2923 3669; x_wconf 89' lang='lat' dir='ltr'><strong>cogitatione</strong></span> <span class='ocrx_word' id='word_1_752' title='bbox 2971 3598 3313 3663; x_wconf 89' lang='lat' dir='ltr'><strong>cucurreris,</strong></span> <span class='ocrx_word' id='word_1_753' title='bbox 3362 3596 3420 3652; x_wconf 91' lang='lat' dir='ltr'><strong>in</strong></span> <span class='ocrx_word' id='word_1_754' title='bbox 3467 3604 3744 3666; x_wconf 62' lang='lat' dir='ltr'><strong>conspexu</strong></span> 
     </span>
    </p>
   </div>
   <div class='ocr_carea' id='block_1_96' title="bbox 2165 3691 3744 3766">
    <p class='ocr_par' dir='ltr' id='par_1_96' title="bbox 2165 3691 3744 3766">
     <span class='ocr_line' id='line_1_96' title="bbox 2165 3691 3744 3766; baseline -0.003 -16"><span class='ocrx_word' id='word_1_755' title='bbox 2165 3695 2283 3766; x_wconf 93' lang='lat' dir='ltr'><strong>ejus</strong></span> <span class='ocrx_word' id='word_1_756' title='bbox 2308 3695 2396 3750; x_wconf 91' lang='lat' dir='ltr'><strong>cui</strong></span> <span class='ocrx_word' id='word_1_757' title='bbox 2423 3708 2620 3749; x_wconf 91' lang='lat' dir='ltr'><strong>munus</strong></span> <span class='ocrx_word' id='word_1_758' title='bbox 2649 3692 2930 3749; x_wconf 86' lang='lat' dir='ltr'><strong>oblaturus</strong></span> <span class='ocrx_word' id='word_1_759' title='bbox 2959 3707 3039 3749; x_wconf 91' lang='lat' dir='ltr'><strong>es.</strong></span> <span class='ocrx_word' id='word_1_760' title='bbox 3071 3691 3148 3746; x_wconf 87' lang='lat' dir='ltr'><strong>Ita</strong></span> <span class='ocrx_word' id='word_1_761' title='bbox 3176 3692 3323 3747; x_wconf 89' lang='lat' dir='ltr'><strong>enim</strong></span> <span class='ocrx_word' id='word_1_762' title='bbox 3354 3691 3526 3747; x_wconf 89' lang='lat' dir='ltr'><strong>etiam</strong></span> <span class='ocrx_word' id='word_1_763' title='bbox 3555 3693 3601 3746; x_wconf 89' lang='lat' dir='ltr'><strong>si</strong></span> <span class='ocrx_word' id='word_1_764' title='bbox 3631 3705 3744 3760; x_wconf 61' lang='lat' dir='ltr'><strong>pm</strong></span> 
     </span>
    </p>
   </div>
   <div class='ocr_carea' id='block_1_97' title="bbox 2167 3783 3746 3856">
    <p class='ocr_par' dir='ltr' id='par_1_97' title="bbox 2167 3783 3746 3856">
     <span class='ocr_line' id='line_1_97' title="bbox 2167 3783 3746 3856; baseline -0.001 -14"><span class='ocrx_word' id='word_1_765' title='bbox 2167 3801 2293 3843; x_wconf 89' lang='lat' dir='ltr'><strong>sens</strong></span> <span class='ocrx_word' id='word_1_766' title='bbox 2326 3788 2428 3852; x_wconf 91' lang='lat' dir='ltr'><strong>sit,</strong></span> <span class='ocrx_word' id='word_1_767' title='bbox 2460 3788 2665 3856; x_wconf 85' lang='lat' dir='ltr'><strong>poteris</strong></span> <span class='ocrx_word' id='word_1_768' title='bbox 2716 3801 2838 3842; x_wconf 89' lang='lat' dir='ltr'><strong>cum</strong></span> <span class='ocrx_word' id='word_1_769' title='bbox 2874 3801 2984 3840; x_wconf 91' lang='lat' dir='ltr'><strong>non</strong></span> <span class='ocrx_word' id='word_1_770' title='bbox 3020 3783 3276 3840; x_wconf 90' lang='lat' dir='ltr'><strong>simulato</strong></span> <span class='ocrx_word' id='word_1_771' title='bbox 3321 3784 3512 3838; x_wconf 87' lang='lat' dir='ltr'><strong>animo</strong></span> <span class='ocrx_word' id='word_1_772' title='bbox 3555 3783 3746 3841; x_wconf 71' lang='lat' dir='ltr'><strong>lenite.</strong></span> 
     </span>
    </p>
   </div>
   <div class='ocr_carea' id='block_1_98' title="bbox 2169 3871 3747 3948">
    <p class='ocr_par' dir='ltr' id='par_1_98' title="bbox 2169 3871 3747 3948">
     <span class='ocr_line' id='line_1_98' title="bbox 2169 3871 3747 3948; baseline -0.004 -17"><span class='ocrx_word' id='word_1_773' title='bbox 2169 3884 2328 3946; x_wconf 87' lang='lat' dir='ltr'><strong>atque</strong></span> <span class='ocrx_word' id='word_1_774' title='bbox 2363 3878 2417 3932; x_wconf 92' lang='lat' dir='ltr'><strong>in</strong></span> <span class='ocrx_word' id='word_1_775' title='bbox 2457 3877 2687 3948; x_wconf 89' lang='lat' dir='ltr'><strong>gratiam</strong></span> <span class='ocrx_word' id='word_1_776' title='bbox 2740 3890 3028 3942; x_wconf 88' lang='lat' dir='ltr'><strong>revocare,</strong></span> <span class='ocrx_word' id='word_1_777' title='bbox 3062 3875 3277 3930; x_wconf 88' lang='lat' dir='ltr'><strong>veniam</strong></span> <span class='ocrx_word' id='word_1_778' title='bbox 3313 3874 3673 3945; x_wconf 82' lang='lat' dir='ltr'><strong>postulando,</strong></span> <span class='ocrx_word' id='word_1_779' title='bbox 3709 3871 3747 3925; x_wconf 81' lang='lat' dir='ltr'><strong>si</strong></span> 
     </span>
    </p>
   </div>
   <div class='ocr_carea' id='block_1_99' title="bbox 2166 3963 3749 4038">
    <p class='ocr_par' dir='ltr' id='par_1_99' title="bbox 2166 3963 3749 4038">
     <span class='ocr_line' id='line_1_99' title="bbox 2166 3963 3749 4038; baseline -0.004 -14"><span class='ocrx_word' id='word_1_780' title='bbox 2166 3970 2271 4024; x_wconf 92' lang='lat' dir='ltr'><strong>hoc</strong></span> <span class='ocrx_word' id='word_1_781' title='bbox 2296 3969 2448 4038; x_wconf 90' lang='lat' dir='ltr'><strong>prius</strong></span> <span class='ocrx_word' id='word_1_782' title='bbox 2470 3984 2654 4024; x_wconf 87' lang='lat' dir='ltr'><strong>coram</strong></span> <span class='ocrx_word' id='word_1_783' title='bbox 2681 3969 2792 4023; x_wconf 89' lang='lat' dir='ltr'><strong>Deo</strong></span> <span class='ocrx_word' id='word_1_784' title='bbox 2817 3967 3012 4024; x_wconf 87' lang='lat' dir='ltr'><strong>feceris</strong></span> <span class='ocrx_word' id='word_1_785' title='bbox 3033 3981 3264 4038; x_wconf 85' lang='lat' dir='ltr'><strong>pergens</strong></span> <span class='ocrx_word' id='word_1_786' title='bbox 3291 3968 3363 4021; x_wconf 90' lang='lat' dir='ltr'><strong>ad</strong></span> <span class='ocrx_word' id='word_1_787' title='bbox 3392 3980 3522 4021; x_wconf 89' lang='lat' dir='ltr'><strong>eum</strong></span> <span class='ocrx_word' id='word_1_788' title='bbox 3551 3981 3661 4020; x_wconf 86' lang='lat' dir='ltr'><strong>non</strong></span> <span class='ocrx_word' id='word_1_789' title='bbox 3684 3963 3749 4034; x_wconf 82' lang='lat' dir='ltr'><strong>pi-</strong></span> 
     </span>
    </p>
   </div>
   <div class='ocr_carea' id='block_1_100' title="bbox 2167 4056 3747 4134">
    <p class='ocr_par' dir='ltr' id='par_1_100' title="bbox 2167 4056 3747 4134">
     <span class='ocr_line' id='line_1_100' title="bbox 2167 4056 3747 4134; baseline -0.004 -18"><span class='ocrx_word' id='word_1_790' title='bbox 2167 4077 2264 4134; x_wconf 87' lang='lat' dir='ltr'><strong>gro</strong></span> <span class='ocrx_word' id='word_1_791' title='bbox 2294 4069 2444 4117; x_wconf 89' lang='lat' dir='ltr'><strong>motu</strong></span> <span class='ocrx_word' id='word_1_792' title='bbox 2467 4061 2734 4132; x_wconf 90' lang='lat' dir='ltr'><strong>corporis,</strong></span> <span class='ocrx_word' id='word_1_793' title='bbox 2760 4061 2856 4117; x_wconf 90' lang='lat' dir='ltr'><strong>sed</strong></span> <span class='ocrx_word' id='word_1_794' title='bbox 2880 4060 3164 4116; x_wconf 90' lang='lat' dir='ltr'><strong>celerrimo</strong></span> <span class='ocrx_word' id='word_1_795' title='bbox 3192 4059 3504 4114; x_wconf 88' lang='lat' dir='ltr'><strong>dilectionis</strong></span> <span class='ocrx_word' id='word_1_796' title='bbox 3531 4056 3747 4120; x_wconf 77' lang='lat' dir='ltr'><strong>aﬁ&#39;ectn,</strong></span> 
     </span>
    </p>
   </div>
   <div class='ocr_carea' id='block_1_101' title="bbox 2166 4142 3748 4226">
    <p class='ocr_par' dir='ltr' id='par_1_101' title="bbox 2166 4142 3748 4226">
     <span class='ocr_line' id='line_1_101' title="bbox 2166 4142 3748 4226; baseline -0.003 -17"><span class='ocrx_word' id='word_1_797' title='bbox 2166 4163 2328 4226; x_wconf 89' lang='lat' dir='ltr'><strong>atque</strong></span> <span class='ocrx_word' id='word_1_798' title='bbox 2367 4155 2494 4210; x_wconf 90' lang='lat' dir='ltr'><strong>inde</strong></span> <span class='ocrx_word' id='word_1_799' title='bbox 2536 4155 2790 4221; x_wconf 88' lang='lat' dir='ltr'><strong>veniens,</strong></span> <span class='ocrx_word' id='word_1_800' title='bbox 2835 4143 2890 4209; x_wconf 79' lang='lat' dir='ltr'><strong>id</strong></span> <span class='ocrx_word' id='word_1_801' title='bbox 2936 4166 3052 4220; x_wconf 86' lang='lat' dir='ltr'><strong>est,</strong></span> <span class='ocrx_word' id='word_1_802' title='bbox 3095 4142 3456 4208; x_wconf 88' lang='lat' dir='ltr'><strong>intentionem</strong></span> <span class='ocrx_word' id='word_1_803' title='bbox 3499 4164 3748 4206; x_wconf 78' lang='lat' dir='ltr'><strong>revocans</strong></span> 
     </span>
    </p>
   </div>
   <div class='ocr_carea' id='block_1_102' title="bbox 2167 4246 3652 4319">
    <p class='ocr_par' dir='ltr' id='par_1_102' title="bbox 2167 4246 3652 4319">
     <span class='ocr_line' id='line_1_102' title="bbox 2167 4246 3652 4319; baseline -0.005 -16"><span class='ocrx_word' id='word_1_804' title='bbox 2167 4250 2234 4304; x_wconf 90' lang='lat' dir='ltr'><strong>ad</strong></span> <span class='ocrx_word' id='word_1_805' title='bbox 2267 4249 2319 4303; x_wconf 94' lang='lat' dir='ltr'><strong>id</strong></span> <span class='ocrx_word' id='word_1_806' title='bbox 2348 4250 2493 4319; x_wconf 91' lang='lat' dir='ltr'><strong>quod</strong></span> <span class='ocrx_word' id='word_1_807' title='bbox 2521 4264 2666 4319; x_wconf 78' lang='lat' dir='ltr'><strong>aegre</strong></span> <span class='ocrx_word' id='word_1_808' title='bbox 2694 4262 2940 4319; x_wconf 62' lang='lat' dir='ltr'><strong>coeperas</strong></span> <span class='ocrx_word' id='word_1_809' title='bbox 2959 4289 2974 4315; x_wconf 93' lang='lat'><strong>,</strong></span> <span class='ocrx_word' id='word_1_810' title='bbox 3005 4246 3203 4303; x_wconf 78' lang='lat' dir='ltr'><strong>offeres</strong></span> <span class='ocrx_word' id='word_1_811' title='bbox 3243 4260 3446 4301; x_wconf 88' lang='lat' dir='ltr'><strong>munus</strong></span> <span class='ocrx_word' id='word_1_812' title='bbox 3475 4254 3652 4299; x_wconf 89' lang='lat' dir='ltr'><strong>tuum.</strong></span> 
     </span>
    </p>
   </div>
   <div class='ocr_carea' id='block_1_103' title="bbox 2241 4335 3747 4396">
    <p class='ocr_par' dir='ltr' id='par_1_103' title="bbox 2241 4335 3747 4396">
     <span class='ocr_line' id='line_1_103' title="bbox 2241 4335 3747 4396; baseline -0.005 -2"><span class='ocrx_word' id='word_1_813' title='bbox 2241 4341 2370 4396; x_wconf 84' lang='lat' dir='ltr'><strong>Esto</strong></span> <span class='ocrx_word' id='word_1_814' title='bbox 2401 4342 2730 4396; x_wconf 81' lang='lat' dir='ltr'><strong>consentiens</strong></span> <span class='ocrx_word' id='word_1_815' title='bbox 2760 4340 3063 4396; x_wconf 84' lang='lat' dir='ltr'><strong>adversario</strong></span> <span class='ocrx_word' id='word_1_816' title='bbox 3093 4349 3184 4392; x_wconf 85' lang='lat' dir='ltr'><strong>tuo</strong></span> <span class='ocrx_word' id='word_1_817' title='bbox 3215 4338 3316 4392; x_wconf 83' lang='lat' dir='ltr'><strong>cito</strong></span> <span class='ocrx_word' id='word_1_818' title='bbox 3349 4337 3483 4390; x_wconf 85' lang='lat' dir='ltr'><strong>dum</strong></span> <span class='ocrx_word' id='word_1_819' title='bbox 3516 4353 3571 4390; x_wconf 79' lang='lat' dir='ltr'><strong>es</strong></span> <span class='ocrx_word' id='word_1_820' title='bbox 3599 4337 3657 4388; x_wconf 78' lang='lat' dir='ltr'><strong>in</strong></span> <span class='ocrx_word' id='word_1_821' title='bbox 3683 4335 3747 4387; x_wconf 70' lang='lat' dir='ltr'><strong>tia</strong></span> 
     </span>
    </p>
   </div>
   <div class='ocr_carea' id='block_1_104' title="bbox 2169 4425 3750 4502">
    <p class='ocr_par' dir='ltr' id='par_1_104' title="bbox 2169 4425 3750 4502">
     <span class='ocr_line' id='line_1_104' title="bbox 2169 4425 3750 4502; baseline -0.008 -14"><span class='ocrx_word' id='word_1_822' title='bbox 2169 4450 2286 4488; x_wconf 87' lang='lat' dir='ltr'><strong>cum</strong></span> <span class='ocrx_word' id='word_1_823' title='bbox 2321 4450 2416 4499; x_wconf 86' lang='lat' dir='ltr'><strong>eo,</strong></span> <span class='ocrx_word' id='word_1_824' title='bbox 2450 4450 2513 4488; x_wconf 87' lang='lat' dir='ltr'><strong>ne</strong></span> <span class='ocrx_word' id='word_1_825' title='bbox 2543 4432 2677 4502; x_wconf 88' lang='lat' dir='ltr'><strong>forte</strong></span> <span class='ocrx_word' id='word_1_826' title='bbox 2706 4432 2882 4486; x_wconf 83' lang='lat' dir='ltr'><strong>tradat</strong></span> <span class='ocrx_word' id='word_1_827' title='bbox 2909 4441 2957 4486; x_wconf 89' lang='lat' dir='ltr'><strong>te</strong></span> <span class='ocrx_word' id='word_1_828' title='bbox 2984 4429 3318 4484; x_wconf 80' lang='lat' dir='ltr'><strong>adversarius</strong></span> <span class='ocrx_word' id='word_1_829' title='bbox 3348 4427 3531 4498; x_wconf 54' lang='grc' dir='ltr'><strong>,ἱειάὶτὶ</strong></span> <span class='ocrx_word' id='word_1_830' title='bbox 3555 4468 3571 4492; x_wconf 86' lang='lat'><strong>,</strong></span> <span class='ocrx_word' id='word_1_831' title='bbox 3599 4437 3652 4479; x_wconf 79' lang='lat' dir='ltr'><strong>et</strong></span> <span class='ocrx_word' id='word_1_832' title='bbox 3673 4425 3750 4493; x_wconf 70' lang='lat' dir='ltr'><strong>ja-</strong></span> 
     </span>
    </p>
   </div>
   <div class='ocr_carea' id='block_1_105' title="bbox 2168 4518 3748 4590">
    <p class='ocr_par' dir='ltr' id='par_1_105' title="bbox 2168 4518 3748 4590">
     <span class='ocr_line' id='line_1_105' title="bbox 2168 4518 3748 4590; baseline -0.007 -11"><span class='ocrx_word' id='word_1_833' title='bbox 2168 4527 2270 4581; x_wconf 72' lang='lat' dir='ltr'><strong>dex</strong></span> <span class='ocrx_word' id='word_1_834' title='bbox 2295 4526 2471 4580; x_wconf 86' lang='lat' dir='ltr'><strong>tradat</strong></span> <span class='ocrx_word' id='word_1_835' title='bbox 2506 4534 2555 4579; x_wconf 90' lang='lat' dir='ltr'><strong>te</strong></span> <span class='ocrx_word' id='word_1_836' title='bbox 2583 4525 2846 4590; x_wconf 80' lang='lat' dir='ltr'><strong>ministro,</strong></span> <span class='ocrx_word' id='word_1_837' title='bbox 2876 4533 2922 4578; x_wconf 88' lang='lat' dir='ltr'><strong>et</strong></span> <span class='ocrx_word' id='word_1_838' title='bbox 2953 4523 3008 4576; x_wconf 87' lang='lat' dir='ltr'><strong>in</strong></span> <span class='ocrx_word' id='word_1_839' title='bbox 3035 4537 3297 4576; x_wconf 88' lang='lat' dir='ltr'><strong>carcerem</strong></span> <span class='ocrx_word' id='word_1_840' title='bbox 3321 4518 3585 4582; x_wconf 79' lang='lat' dir='ltr'><strong>mittaris,</strong></span> <span class='ocrx_word' id='word_1_841' title='bbox 3613 4531 3748 4569; x_wconf 73' lang='lat' dir='ltr'><strong>ama</strong></span> 
     </span>
    </p>
   </div>
   <div class='ocr_carea' id='block_1_106' title="bbox 2166 4613 3752 4685">
    <p class='ocr_par' dir='ltr' id='par_1_106' title="bbox 2166 4613 3752 4685">
     <span class='ocr_line' id='line_1_106' title="bbox 2166 4613 3752 4685; baseline -0.006 -12"><span class='ocrx_word' id='word_1_842' title='bbox 2166 4620 2284 4673; x_wconf 85' lang='lat' dir='ltr'><strong>dico</strong></span> <span class='ocrx_word' id='word_1_843' title='bbox 2307 4619 2422 4685; x_wconf 87' lang='lat' dir='ltr'><strong>tibi,</strong></span> <span class='ocrx_word' id='word_1_844' title='bbox 2442 4635 2544 4673; x_wconf 87' lang='lat' dir='ltr'><strong>non</strong></span> <span class='ocrx_word' id='word_1_845' title='bbox 2564 4619 2704 4673; x_wconf 72' lang='lat' dir='ltr'><strong>exies</strong></span> <span class='ocrx_word' id='word_1_846' title='bbox 2725 4617 2848 4672; x_wconf 85' lang='lat' dir='ltr'><strong>inde</strong></span> <span class='ocrx_word' id='word_1_847' title='bbox 2868 4617 3034 4671; x_wconf 87' lang='lat' dir='ltr'><strong>donec</strong></span> <span class='ocrx_word' id='word_1_848' title='bbox 3057 4615 3246 4670; x_wconf 80' lang='lat' dir='ltr'><strong>reddas</strong></span> <span class='ocrx_word' id='word_1_849' title='bbox 3269 4613 3619 4668; x_wconf 71' lang='lat' dir='ltr'><strong>novissimum</strong></span> <span class='ocrx_word' id='word_1_850' title='bbox 3637 4625 3752 4681; x_wconf 76' lang='lat' dir='ltr'><strong>qu-</strong></span> 
     </span>
    </p>
   </div>
   <div class='ocr_carea' id='block_1_107' title="bbox 2165 4704 3751 4779">
    <p class='ocr_par' dir='ltr' id='par_1_107' title="bbox 2165 4704 3751 4779">
     <span class='ocr_line' id='line_1_107' title="bbox 2165 4704 3751 4779; baseline -0.005 -16"><span class='ocrx_word' id='word_1_851' title='bbox 2165 4711 2429 4764; x_wconf 86' lang='lat' dir='ltr'><strong>drantem.</strong></span> <span class='ocrx_word' id='word_1_852' title='bbox 2466 4709 2573 4765; x_wconf 88' lang='lat' dir='ltr'><strong>Pro</strong></span> <span class='ocrx_word' id='word_1_853' title='bbox 2597 4724 2665 4765; x_wconf 89' lang='lat' dir='ltr'><strong>eo</strong></span> <span class='ocrx_word' id='word_1_854' title='bbox 2693 4709 2837 4779; x_wconf 88' lang='lat' dir='ltr'><strong>quod</strong></span> <span class='ocrx_word' id='word_1_855' title='bbox 2869 4723 2967 4763; x_wconf 91' lang='lat' dir='ltr'><strong>nos</strong></span> <span class='ocrx_word' id='word_1_856' title='bbox 3005 4708 3058 4762; x_wconf 93' lang='lat' dir='ltr'><strong>in</strong></span> <span class='ocrx_word' id='word_1_857' title='bbox 3086 4705 3298 4761; x_wconf 88' lang='lat' dir='ltr'><strong>Latinis</strong></span> <span class='ocrx_word' id='word_1_858' title='bbox 3321 4704 3608 4761; x_wconf 82' lang='lat' dir='ltr'><strong>codicibus</strong></span> <span class='ocrx_word' id='word_1_859' title='bbox 3645 4718 3751 4756; x_wconf 72' lang='lat' dir='ltr'><strong>coa-</strong></span> 
     </span>
    </p>
   </div>
   <div class='ocr_carea' id='block_1_108' title="bbox 2164 4792 3752 4871">
    <p class='ocr_par' dir='ltr' id='par_1_108' title="bbox 2164 4792 3752 4871">
     <span class='ocr_line' id='line_1_108' title="bbox 2164 4792 3752 4871; baseline -0.001 -15"><span class='ocrx_word' id='word_1_860' title='bbox 2164 4803 2390 4856; x_wconf 79' lang='lat' dir='ltr'><strong>sentiens</strong></span> <span class='ocrx_word' id='word_1_861' title='bbox 2412 4801 2694 4866; x_wconf 88' lang='lat' dir='ltr'><strong>habemus,</strong></span> <span class='ocrx_word' id='word_1_862' title='bbox 2714 4801 2767 4855; x_wconf 92' lang='lat' dir='ltr'><strong>in</strong></span> <span class='ocrx_word' id='word_1_863' title='bbox 2783 4799 2990 4858; x_wconf 57' lang='lat' dir='ltr'><strong>Graecis</strong></span> <span class='ocrx_word' id='word_1_864' title='bbox 3009 4800 3272 4871; x_wconf 87' lang='lat' dir='ltr'><strong>scriptum</strong></span> <span class='ocrx_word' id='word_1_865' title='bbox 3295 4805 3382 4853; x_wconf 88' lang='lat' dir='ltr'><strong>est</strong></span> <span class='ocrx_word' id='word_1_866' title='bbox 3397 4796 3605 4863; x_wconf 74' lang='grc' dir='ltr'><strong>εὔνους,</strong></span> <span class='ocrx_word' id='word_1_867' title='bbox 3621 4792 3752 4866; x_wconf 69' lang='lat' dir='ltr'><strong>quod</strong></span> 
     </span>
    </p>
   </div>
   <div class='ocr_carea' id='block_1_109' title="bbox 2165 4889 3750 4964">
    <p class='ocr_par' dir='ltr' id='par_1_109' title="bbox 2165 4889 3750 4964">
     <span class='ocr_line' id='line_1_109' title="bbox 2165 4889 3750 4964; baseline -0.004 -16"><span class='ocrx_word' id='word_1_868' title='bbox 2165 4893 2562 4964; x_wconf 89' lang='lat' dir='ltr'><strong>interpretatur</strong></span> <span class='ocrx_word' id='word_1_869' title='bbox 2591 4893 2865 4948; x_wconf 81' lang='lat' dir='ltr'><strong>benevolus</strong></span> <span class='ocrx_word' id='word_1_870' title='bbox 2895 4902 2950 4949; x_wconf 92' lang='lat' dir='ltr'><strong>et</strong></span> <span class='ocrx_word' id='word_1_871' title='bbox 2979 4893 3251 4964; x_wconf 81' lang='lat' dir='ltr'><strong>benignus.</strong></span> <span class='ocrx_word' id='word_1_872' title='bbox 3288 4892 3369 4947; x_wconf 86' lang='lat' dir='ltr'><strong>Ex</strong></span> <span class='ocrx_word' id='word_1_873' title='bbox 3398 4889 3750 4963; x_wconf 53' lang='grc' dir='ltr'><strong>ιιι-καὶάδιιὶ-</strong></span> 
     </span>
    </p>
   </div>
   <div class='ocr_carea' id='block_1_110' title="bbox 2163 4982 3749 5056">
    <p class='ocr_par' dir='ltr' id='par_1_110' title="bbox 2163 4982 3749 5056">
     <span class='ocr_line' id='line_1_110' title="bbox 2163 4982 3749 5056; baseline 0.004 -18"><span class='ocrx_word' id='word_1_874' title='bbox 2163 4982 2267 5040; x_wconf 90' lang='lat' dir='ltr'><strong>bus</strong></span> <span class='ocrx_word' id='word_1_875' title='bbox 2295 4994 2480 5040; x_wconf 89' lang='lat' dir='ltr'><strong>autem</strong></span> <span class='ocrx_word' id='word_1_876' title='bbox 2511 4994 2566 5041; x_wconf 91' lang='lat' dir='ltr'><strong>et</strong></span> <span class='ocrx_word' id='word_1_877' title='bbox 2595 4987 3049 5056; x_wconf 87' lang='lat' dir='ltr'><strong>consequentibus</strong></span> <span class='ocrx_word' id='word_1_878' title='bbox 3078 4985 3404 5041; x_wconf 86' lang='lat' dir='ltr'><strong>manifestus</strong></span> <span class='ocrx_word' id='word_1_879' title='bbox 3431 4994 3526 5039; x_wconf 87' lang='lat' dir='ltr'><strong>est</strong></span> <span class='ocrx_word' id='word_1_880' title='bbox 3551 4996 3749 5044; x_wconf 56' lang='lat' dir='ltr'><strong>senats,</strong></span> 
     </span>
    </p>
   </div>
   <div class='ocr_carea' id='block_1_111' title="bbox 2165 5076 3753 5148">
    <p class='ocr_par' dir='ltr' id='par_1_111' title="bbox 2165 5076 3753 5148">
     <span class='ocr_line' id='line_1_111' title="bbox 2165 5076 3753 5148; baseline -0.002 -18"><span class='ocrx_word' id='word_1_881' title='bbox 2165 5076 2312 5145; x_wconf 89' lang='lat' dir='ltr'><strong>quod</strong></span> <span class='ocrx_word' id='word_1_882' title='bbox 2359 5093 2459 5134; x_wconf 91' lang='lat' dir='ltr'><strong>nos</strong></span> <span class='ocrx_word' id='word_1_883' title='bbox 2499 5079 2759 5134; x_wconf 89' lang='lat' dir='ltr'><strong>Dominus</strong></span> <span class='ocrx_word' id='word_1_884' title='bbox 2803 5087 2964 5148; x_wconf 86' lang='lat' dir='ltr'><strong>atque</strong></span> <span class='ocrx_word' id='word_1_885' title='bbox 3006 5077 3275 5138; x_wconf 83' lang='lat' dir='ltr'><strong>Salvator,</strong></span> <span class='ocrx_word' id='word_1_886' title='bbox 3320 5077 3450 5129; x_wconf 91' lang='lat' dir='ltr'><strong>dum</strong></span> <span class='ocrx_word' id='word_1_887' title='bbox 3501 5076 3562 5130; x_wconf 91' lang='lat' dir='ltr'><strong>in</strong></span> <span class='ocrx_word' id='word_1_888' title='bbox 3605 5076 3753 5130; x_wconf 80' lang='lat' dir='ltr'><strong>istius</strong></span> 
     </span>
    </p>
   </div>
   <div class='ocr_carea' id='block_1_112' title="bbox 2164 5165 3752 5232">
    <p class='ocr_par' dir='ltr' id='par_1_112' title="bbox 2164 5165 3752 5232">
     <span class='ocr_line' id='line_1_112' title="bbox 2164 5165 3752 5232; baseline 0 -11"><span class='ocrx_word' id='word_1_889' title='bbox 2164 5165 2349 5222; x_wconf 69' lang='lat' dir='ltr'><strong>saeculi</strong></span> <span class='ocrx_word' id='word_1_890' title='bbox 2391 5169 2476 5221; x_wconf 87' lang='lat' dir='ltr'><strong>via</strong></span> <span class='ocrx_word' id='word_1_891' title='bbox 2520 5170 2822 5228; x_wconf 75' lang='lat' dir='ltr'><strong>currimus,</strong></span> <span class='ocrx_word' id='word_1_892' title='bbox 2857 5169 2923 5216; x_wconf 89' lang='lat' dir='ltr'><strong>ad</strong></span> <span class='ocrx_word' id='word_1_893' title='bbox 2968 5178 3157 5232; x_wconf 91' lang='lat' dir='ltr'><strong>pacem</strong></span> <span class='ocrx_word' id='word_1_894' title='bbox 3187 5171 3244 5222; x_wconf 91' lang='lat' dir='ltr'><strong>et</strong></span> <span class='ocrx_word' id='word_1_895' title='bbox 3270 5165 3627 5221; x_wconf 82' lang='lat' dir='ltr'><strong>concordiam</strong></span> <span class='ocrx_word' id='word_1_896' title='bbox 3667 5180 3752 5221; x_wconf 75' lang='lat' dir='ltr'><strong>co-</strong></span> 
     </span>
    </p>
   </div>
   <div class='ocr_carea' id='block_1_113' title="bbox 2164 5252 3750 5331">
    <p class='ocr_par' dir='ltr' id='par_1_113' title="bbox 2164 5252 3750 5331">
     <span class='ocr_line' id='line_1_113' title="bbox 2164 5252 3750 5331; baseline 0.009 -25"><span class='ocrx_word' id='word_1_897' title='bbox 2164 5252 2434 5318; x_wconf 90' lang='lat' dir='ltr'><strong>hortetur,</strong></span> <span class='ocrx_word' id='word_1_898' title='bbox 2457 5254 2613 5325; x_wconf 86' lang='lat' dir='ltr'><strong>juxta</strong></span> <span class='ocrx_word' id='word_1_899' title='bbox 2639 5255 2956 5324; x_wconf 89' lang='lat' dir='ltr'><strong>Apostolum</strong></span> <span class='ocrx_word' id='word_1_900' title='bbox 2980 5258 3246 5314; x_wconf 87' lang='lat' dir='ltr'><strong>dicentem</strong></span> <span class='ocrx_word' id='word_1_901' title='bbox 3275 5279 3288 5314; x_wconf 93' lang='lat'>:</span> <span class='ocrx_word' id='word_1_902' title='bbox 3321 5258 3385 5315; x_wconf 90' lang='lat' dir='ltr'><strong>Si</strong></span> <span class='ocrx_word' id='word_1_903' title='bbox 3411 5261 3536 5329; x_wconf 74' lang='lat' dir='ltr'><strong>ﬁeri</strong></span> <span class='ocrx_word' id='word_1_904' title='bbox 3559 5272 3750 5331; x_wconf 73' lang='lat' dir='ltr'><strong>potat.</strong></span> 
     </span>
    </p>
   </div>
   <div class='ocr_carea' id='block_1_114' title="bbox 2163 5346 3750 5424">
    <p class='ocr_par' dir='ltr' id='par_1_114' title="bbox 2163 5346 3750 5424">
     <span class='ocr_line' id='line_1_114' title="bbox 2163 5346 3750 5424; baseline 0.006 -26"><span class='ocrx_word' id='word_1_905' title='bbox 2163 5354 2420 5414; x_wconf 83' lang='lat' dir='ltr'><strong>quantum</strong></span> <span class='ocrx_word' id='word_1_906' title='bbox 2451 5346 2505 5400; x_wconf 88' lang='lat' dir='ltr'><strong>in</strong></span> <span class='ocrx_word' id='word_1_907' title='bbox 2531 5346 2675 5402; x_wconf 85' lang='lat' dir='ltr'><strong>vobis</strong></span> <span class='ocrx_word' id='word_1_908' title='bbox 2704 5357 2780 5403; x_wconf 88' lang='lat' dir='ltr'><strong>est</strong></span> <span class='ocrx_word' id='word_1_909' title='bbox 2811 5365 2931 5402; x_wconf 86' lang='lat' dir='ltr'><strong>cum</strong></span> <span class='ocrx_word' id='word_1_910' title='bbox 2961 5350 3202 5406; x_wconf 82' lang='lat' dir='ltr'><strong>omnibus</strong></span> <span class='ocrx_word' id='word_1_911' title='bbox 3229 5352 3534 5407; x_wconf 67' lang='lat' dir='ltr'><strong>hominibus</strong></span> <span class='ocrx_word' id='word_1_912' title='bbox 3579 5369 3750 5424; x_wconf 66' lang='lat' dir='ltr'><strong>paces</strong></span> 
     </span>
    </p>
   </div>
   <div class='ocr_carea' id='block_1_115' title="bbox 2163 5439 3754 5518">
    <p class='ocr_par' dir='ltr' id='par_1_115' title="bbox 2163 5439 3754 5518">
     <span class='ocr_line' id='line_1_115' title="bbox 2163 5439 3754 5518; baseline 0.006 -26"><span class='ocrx_word' id='word_1_913' title='bbox 2163 5439 2410 5494; x_wconf 78' lang='lat' dir='ltr'><strong>habentes</strong></span> <span class='ocrx_word' id='word_1_914' title='bbox 2442 5439 2636 5510; x_wconf 88' lang='lat' dir='ltr'><strong>(Rom.</strong></span> <span class='ocrx_word' id='word_1_915' title='bbox 2665 5457 2743 5496; x_wconf 75' lang='grc' dir='ltr'><strong>χιι</strong></span> <span class='ocrx_word' id='word_1_916' title='bbox 2766 5441 2807 5513; x_wconf 90' lang='grc'><strong>).</strong></span> <span class='ocrx_word' id='word_1_917' title='bbox 2843 5441 2976 5498; x_wconf 89' lang='lat' dir='ltr'><strong>Nam</strong></span> <span class='ocrx_word' id='word_1_918' title='bbox 3003 5451 3061 5500; x_wconf 91' lang='lat' dir='ltr'><strong>et</strong></span> <span class='ocrx_word' id='word_1_919' title='bbox 3089 5444 3497 5516; x_wconf 63' lang='lat' dir='ltr'><strong>inpraecedenti</strong></span> <span class='ocrx_word' id='word_1_920' title='bbox 3525 5443 3754 5518; x_wconf 71' lang='lat' dir='ltr'><strong>capitulo</strong></span> 
     </span>
    </p>
   </div>
   <div class='ocr_carea' id='block_1_116' title="bbox 2166 5529 3756 5605">
    <p class='ocr_par' dir='ltr' id='par_1_116' title="bbox 2166 5529 3756 5605">
     <span class='ocr_line' id='line_1_116' title="bbox 2166 5529 3756 5605; baseline 0.004 -19"><span class='ocrx_word' id='word_1_921' title='bbox 2166 5529 2378 5586; x_wconf 83' lang='lat' dir='ltr'><strong>dixerat</strong></span> <span class='ocrx_word' id='word_1_922' title='bbox 2403 5549 2417 5585; x_wconf 88' lang='lat'><strong>:</strong></span> <span class='ocrx_word' id='word_1_923' title='bbox 2451 5531 2512 5588; x_wconf 86' lang='lat' dir='ltr'><strong>Si</strong></span> <span class='ocrx_word' id='word_1_924' title='bbox 2539 5534 2732 5603; x_wconf 75' lang='lat' dir='ltr'><strong>offeras</strong></span> <span class='ocrx_word' id='word_1_925' title='bbox 2760 5551 2952 5591; x_wconf 86' lang='lat' dir='ltr'><strong>munus</strong></span> <span class='ocrx_word' id='word_1_926' title='bbox 2979 5546 3130 5592; x_wconf 86' lang='lat' dir='ltr'><strong>tuum</strong></span> <span class='ocrx_word' id='word_1_927' title='bbox 3158 5539 3228 5593; x_wconf 86' lang='lat' dir='ltr'><strong>ad</strong></span> <span class='ocrx_word' id='word_1_928' title='bbox 3254 5538 3428 5594; x_wconf 84' lang='lat' dir='ltr'><strong>altare</strong></span> <span class='ocrx_word' id='word_1_929' title='bbox 3447 5581 3464 5605; x_wconf 91' lang='lat'><strong>,</strong></span> <span class='ocrx_word' id='word_1_930' title='bbox 3488 5551 3540 5594; x_wconf 77' lang='lat' dir='ltr'><strong>et</strong></span> <span class='ocrx_word' id='word_1_931' title='bbox 3567 5541 3638 5593; x_wconf 84' lang='lat' dir='ltr'><strong>ibi</strong></span> <span class='ocrx_word' id='word_1_932' title='bbox 3679 5555 3756 5592; x_wconf 72' lang='lat' dir='ltr'><strong>re-</strong></span> 
     </span>
    </p>
   </div>
   <div class='ocr_carea' id='block_1_117' title="bbox 2165 5622 3755 5703">
    <p class='ocr_par' dir='ltr' id='par_1_117' title="bbox 2165 5622 3755 5703">
     <span class='ocr_line' id='line_1_117' title="bbox 2165 5622 3755 5703; baseline 0.005 -28"><span class='ocrx_word' id='word_1_933' title='bbox 2165 5622 2413 5678; x_wconf 80' lang='lat' dir='ltr'><strong>cordatus</strong></span> <span class='ocrx_word' id='word_1_934' title='bbox 2454 5623 2618 5694; x_wconf 84' lang='lat' dir='ltr'><strong>fueris</strong></span> <span class='ocrx_word' id='word_1_935' title='bbox 2647 5627 2775 5698; x_wconf 86' lang='lat' dir='ltr'><strong>quia</strong></span> <span class='ocrx_word' id='word_1_936' title='bbox 2807 5628 2973 5699; x_wconf 79' lang='lat' dir='ltr'><strong>frater</strong></span> <span class='ocrx_word' id='word_1_937' title='bbox 3000 5640 3122 5685; x_wconf 86' lang='lat' dir='ltr'><strong>tuus</strong></span> <span class='ocrx_word' id='word_1_938' title='bbox 3151 5631 3303 5686; x_wconf 77' lang='lat' dir='ltr'><strong>habet</strong></span> <span class='ocrx_word' id='word_1_939' title='bbox 3335 5631 3545 5703; x_wconf 81' lang='lat' dir='ltr'><strong>aliquid</strong></span> <span class='ocrx_word' id='word_1_940' title='bbox 3573 5633 3755 5684; x_wconf 73' lang='lat' dir='ltr'><strong>aduer-</strong></span> 
     </span>
    </p>
   </div>
   <div class='ocr_carea' id='block_1_118' title="bbox 2165 5714 3749 5787">
    <p class='ocr_par' dir='ltr' id='par_1_118' title="bbox 2165 5714 3749 5787">
     <span class='ocr_line' id='line_1_118' title="bbox 2165 5714 3749 5787; baseline 0.012 -20"><span class='ocrx_word' id='word_1_941' title='bbox 2165 5729 2283 5768; x_wconf 88' lang='lat' dir='ltr'><strong>sum</strong></span> <span class='ocrx_word' id='word_1_942' title='bbox 2311 5726 2379 5770; x_wconf 86' lang='lat' dir='ltr'><strong>te.</strong></span> <span class='ocrx_word' id='word_1_943' title='bbox 2414 5714 2482 5770; x_wconf 90' lang='lat' dir='ltr'><strong>Et</strong></span> <span class='ocrx_word' id='word_1_944' title='bbox 2510 5717 2618 5774; x_wconf 86' lang='lat' dir='ltr'><strong>hoc</strong></span> <span class='ocrx_word' id='word_1_945' title='bbox 2645 5718 2802 5774; x_wconf 83' lang='lat' dir='ltr'><strong>finito</strong></span> <span class='ocrx_word' id='word_1_946' title='bbox 2829 5722 3012 5778; x_wconf 88' lang='lat' dir='ltr'><strong>statim</strong></span> <span class='ocrx_word' id='word_1_947' title='bbox 3043 5721 3207 5779; x_wconf 86' lang='lat' dir='ltr'><strong>infert</strong></span> <span class='ocrx_word' id='word_1_948' title='bbox 3237 5743 3249 5778; x_wconf 89' lang='lat'>:</span> <span class='ocrx_word' id='word_1_949' title='bbox 3283 5724 3415 5779; x_wconf 86' lang='lat' dir='ltr'><strong>Esto</strong></span> <span class='ocrx_word' id='word_1_950' title='bbox 3441 5723 3749 5787; x_wconf 61' lang='lat' dir='ltr'><strong>benevolis.</strong></span> 
     </span>
    </p>
   </div>
   <div class='ocr_carea' id='block_1_119' title="bbox 2167 5805 3756 5888">
    <p class='ocr_par' dir='ltr' id='par_1_119' title="bbox 2167 5805 3756 5888">
     <span class='ocr_line' id='line_1_119' title="bbox 2167 5805 3756 5888; baseline 0.005 -26"><span class='ocrx_word' id='word_1_951' title='bbox 2167 5813 2263 5865; x_wconf 83' lang='lat' dir='ltr'><strong>aut</strong></span> <span class='ocrx_word' id='word_1_952' title='bbox 2299 5805 2567 5882; x_wconf 84' lang='lat' dir='ltr'><strong>benignus</strong></span> <span class='ocrx_word' id='word_1_953' title='bbox 2609 5811 2912 5871; x_wconf 73' lang='lat' dir='ltr'><strong>adversario</strong></span> <span class='ocrx_word' id='word_1_954' title='bbox 2939 5823 3061 5887; x_wconf 80' lang='lat' dir='ltr'><strong>tuo,</strong></span> <span class='ocrx_word' id='word_1_955' title='bbox 3090 5823 3149 5877; x_wconf 84' lang='lat' dir='ltr'><strong>et</strong></span> <span class='ocrx_word' id='word_1_956' title='bbox 3173 5815 3330 5888; x_wconf 86' lang='lat' dir='ltr'><strong>reliq.</strong></span> <span class='ocrx_word' id='word_1_957' title='bbox 3361 5815 3433 5872; x_wconf 78' lang='lat' dir='ltr'><strong>Et</strong></span> <span class='ocrx_word' id='word_1_958' title='bbox 3461 5816 3518 5872; x_wconf 87' lang='lat' dir='ltr'><strong>in</strong></span> <span class='ocrx_word' id='word_1_959' title='bbox 3561 5818 3756 5871; x_wconf 61' lang='lat' dir='ltr'><strong>coast?</strong></span> 
     </span>
    </p>
   </div>
  </div>
