3914 6448
194 406 296 465 809

1162 401 1512 460 COMMENT.
1546 403 1615 460 IN
1649 405 2083 465 MATTHAEUM.
2119 438 2192 452 —
2223 409 2352 467 LIB.
2392 409 2455 465 Il.

3321 415 3428 472 810

194 517 476 590 quentibus
511 513 708 584 jubet:
758 511 973 584 Diligite
1016 513 1256 569 inimicos
1303 525 1529 583 vestros,
1576 524 1627 572 et
1671 519 1759 572 be-
1787 522 1840 584 Α
1865 519 2066 576 dictum
2095 528 2210 587 est,
2240 522 2508 590 quomodo
2548 527 2760 591 oportet
2806 521 3050 593 intelligi.
3100 523 3176 578 De
3216 525 3429 582 diabolo

196 611 410 680 nefacite
445 607 526 662 his
565 606 653 677 qui
697 621 786 660 vos
833 605 1087 671 oderunt,
1114 614 1162 659 et
1203 615 1347 661 orate
1382 624 1476 676 pro
1511 623 1756 678 persecu-

195 701 389 756 toribus
415 700 616 755 vestris.
651 698 669 767 (
694 699 828 768 Aug.
852 697 871 768 )
900 696 1146 753 Judicem
1173 698 1412 770 intelligo
1439 699 1715 756 Christum
1739 717 1755 756 :

196 790 354 846 Pater
400 807 505 845 non
543 789 753 861 judieat
797 805 1138 859 quemquam,
1185 790 1278 844 sed
1315 807 1464 844 omne
1493 790 1758 860 judicium

193 884 329 937 dedit
357 880 501 937 Filio
530 881 548 952 (
572 881 732 936 Joan.
759 896 794 934 v
814 881 855 953 ).
887 880 1194 936 Ministrum
1221 881 1460 951 intelligo
1487 881 1754 954 angelum.

193 975 259 1028 Et
298 972 504 1044 angeli,
547 973 756 1042 inquit,
796 971 1163 1026 ministrabant
1205 972 1251 1026 ei
1285 972 1516 1043 (Matth.
1544 988 1598 1027 ιν
1618 972 1660 1046 ).
1691 973 1760 1028 Et

191 1084 308 1125 cum
351 1066 556 1139 angelis
599 1067 710 1122 suis
739 1074 1026 1123 venturum
1055 1065 1323 1120 credimus
1351 1065 1418 1119 ad
1441 1063 1760 1133 judicandos

189 1161 336 1215 vivos
366 1167 421 1214 et
462 1167 723 1215 mortuos.
771 1156 1060 1214 Carcerem
1098 1156 1336 1228 intelligo
1376 1172 1566 1226 pinnas
1604 1156 1757 1213 vide-

189 1253 309 1308 licet
348 1251 728 1317 tenebrarum,
775 1265 912 1321 quas
955 1249 1062 1304 alio
1100 1249 1219 1304 loco
1254 1250 1533 1304 exteriores
1580 1258 1754 1304 vocat.

187 1345 356 1400 Credo
381 1352 669 1414 propterea
698 1343 840 1412 quod
868 1341 1193 1396 intrinsecus
1222 1340 1292 1396 sit
1320 1341 1375 1394 in
1405 1341 1518 1409 ipsa
1551 1350 1753 1405 mente,

186 1435 267 1489 vel
296 1434 460 1491 etiam
487 1434 534 1490 si
563 1434 693 1504 quid
720 1433 985 1489 secretius
1016 1431 1243 1502 cogitari
1283 1440 1460 1502 potest
1504 1433 1757 1504 gaudium

187 1528 487 1582 divinorum
517 1527 882 1597 praemiorum.
923 1525 1001 1580 De
1043 1539 1150 1595 quo
1192 1525 1386 1579 dicitur
1427 1540 1584 1580 servo
1621 1525 1759 1580 bene

185 1620 373 1674 merito
399 1637 411 1672 :
444 1618 595 1672 Intra
621 1618 676 1671 in
703 1618 957 1688 gaudium
983 1616 1196 1670 Domini
1222 1617 1300 1670 tui
1325 1615 1555 1689 (Matth.
1587 1634 1694 1672 xxv
1713 1617 1754 1690 ).

185 1709 643 1777 Quemadmodum
685 1709 848 1764 etiam
892 1717 948 1764 et
987 1709 1042 1764 in
1073 1710 1174 1764 hac
1213 1710 1550 1766 ordinatione
1580 1712 1758 1782 reipu-

183 1802 332 1857 blicae
377 1802 462 1858 vel
508 1817 539 1856 a
585 1802 876 1857 secretario
923 1801 1006 1856 vel
1055 1802 1308 1871 praetorio
1350 1801 1551 1872 judicis
1601 1812 1754 1860 extra

1856 624 1985 665 vero
2030 612 2298 682 quomodo
2347 619 2492 667 stare
2539 621 2748 682 potest,
2799 621 2860 666 ut
2900 614 3330 671 benevolentiam
3378 619 3428 672 ei

1849 695 2135 764 jubeamur
2154 699 2452 756 exhibere?
2473 700 2575 757 Ubi
2599 702 2745 759 enim
2766 703 3162 771 benevolentia,
3191 706 3265 760 ibi
3293 707 3431 762 ami-

1857 788 2002 844 citia.
2024 788 2135 845 Nec
2152 790 2403 860 cuiquam
2433 792 2716 848 dicendum
2737 801 2821 849 est
2848 795 3140 851 amicitiam
3163 813 3286 852 cum
3314 797 3431 852 dia-

1855 875 1980 931 bolo
2021 876 2357 946 faciendam,
2407 895 2582 952 neque
2619 883 2948 939 concordare
2989 901 3111 940 cum
3151 886 3298 956 ipso,
3343 889 3430 943 cui

1857 969 2024 1024 semel
2064 972 2417 1028 renuntiando
2456 973 2654 1029 bellum
2682 975 3006 1042 indiximus,
3051 988 3106 1031 et
3144 993 3251 1047 quo
3287 977 3432 1034 victo

1855 1064 2254 1119 coronabimur.
2285 1063 2470 1135 Neque
2495 1069 2800 1124 consentire
2828 1069 2904 1122 illi
2927 1070 3042 1139 jam
3069 1079 3315 1140 oportet,
3345 1073 3432 1127 cui

1858 1153 1904 1208 si
1928 1169 2204 1224 nunquam
2233 1157 2718 1225 consensissemus,
2745 1175 3023 1229 nunquam
3052 1161 3106 1214 in
3138 1162 3271 1216 istas
3299 1163 3434 1218 inci-

1860 1247 2110 1304 deremus
2137 1246 2436 1304 calumnias
2475 1257 2529 1304 et
2557 1251 2825 1307 miserias.
2863 1251 3026 1306 Carni
3057 1268 3185 1308 vero
3216 1270 3324 1309 non
3354 1255 3434 1312 vi-

1859 1336 1960 1393 deo
1999 1339 2268 1408 quomodo
2306 1338 2553 1396 benevoli
2592 1344 2676 1396 vel
2719 1343 3046 1408 concordes,
3078 1345 3161 1400 vel
3206 1361 3434 1403 consen-

1859 1427 2056 1485 tientes
2079 1445 2197 1486 esse
2218 1430 2526 1500 jubeamur,
2551 1434 2720 1504 magis
2748 1435 2892 1488 enim
2915 1443 3228 1504 peccatores
3250 1449 3432 1493 amant

1859 1533 2081 1574 carnem
2127 1536 2311 1586 suam,
2342 1529 2397 1578 et
2423 1523 2757 1578 concordant
2785 1540 2908 1579 cum
2940 1525 3062 1591 illa,
3105 1535 3160 1581 et
3203 1542 3434 1584 consen-

1859 1608 2000 1671 tiunt
2024 1612 2094 1665 ei.
2125 1611 2228 1679 Qui
2258 1627 2386 1668 vero
2413 1629 2534 1670 eam
2562 1616 2811 1670 servituti
2841 1616 3162 1686 subjiciunt,
3197 1635 3304 1675 non
3332 1620 3435 1690 ipsi

1859 1701 1910 1756 ei
1940 1702 2313 1770 consentiunt,
2345 1705 2440 1761 sed
2476 1721 2596 1762 eam
2626 1706 2729 1762 sibi
2758 1709 3066 1765 consentire
3095 1719 3310 1782 cogunt.

1927 1793 2198 1852 Fortassis
2221 1811 2350 1868 ergo
2373 1798 2624 1867 jubemur
2647 1801 2758 1856 Deo
2784 1803 3112 1869 consentire,
3140 1811 3195 1858 et
3220 1803 3293 1858 illi
3319 1816 3438 1860 esse

182 1894 431 1961 mittitur,
463 1893 553 1967 qui
583 1893 638 1949 in
664 1908 938 1949 carcerem
981 1893 1233 1947 truditur.
1272 1893 1550 1960 Quadrans
1587 1909 1758 1964 genus
1783 1878 1832 1939 Β
1860 1885 2138 1952 benevoli.
2169 1895 2229 1943 ιιι
2257 1887 2332 1942 illi
2361 1890 2774 1946 recontineer
2818 1907 2849 1947 a
2890 1908 2997 1964 quo
3037 1895 3311 1964 peccando
3349 1911 3436 1951 se-

181 1992 263 2039 est
286 1983 490 2038 nummi
518 1983 609 2053 qui
635 1983 797 2038 habet
821 1984 924 2038 duo
949 1982 1174 2038 minuta.
1202 1982 1353 2038 Unde
1379 1983 1433 2037 in
1454 1983 1560 2037 alio
1581 1983 1756 2036 Evan-

180 2078 319 2148 gelio
347 2077 540 2132 mulier
569 2077 658 2132 illa
688 2077 1013 2148 paupercula
1040 2085 1095 2133 et
1120 2077 1280 2132 vidua
1313 2078 1508 2133 dicitur
1544 2078 1755 2134 misisse

181 2170 540 2238 quadrantem
589 2170 642 2224 in
692 2171 912 2225 corbem
961 2169 1172 2241 (Marc.
1202 2170 1352 2241 xu),
1389 2171 1443 2225 in
1481 2169 1615 2235 alio,
1648 2171 1754 2226 duo

180 2259 382 2312 minuta
411 2257 578 2330 (Luc.
607 2277 699 2315 xxx
723 2259 742 2331 )
763 2301 778 2326 ,
808 2275 915 2315 non
944 2261 1087 2331 quod
1124 2260 1401 2316 dissonent
1421 2259 1716 2334 Evangelia
1734 2300 1751 2328 ,

179 2350 273 2404 sed
309 2351 453 2420 quod
485 2367 622 2407 unus
651 2350 924 2422 quadrans
953 2353 1088 2409 duos
1116 2354 1352 2409 minutos
1381 2369 1629 2410 nummos
1658 2355 1753 2409 ha-

180 2439 320 2494 beat.
349 2439 462 2496 Hoc
481 2449 709 2514 estergo
731 2443 874 2514 quod
895 2444 1025 2499 dicit
1051 2462 1065 2498 :
1099 2443 1223 2500 Non
1245 2445 1526 2516 egredieris
1547 2445 1612 2499 de
1636 2461 1755 2498 car-

180 2533 490 2597 cere,donec
510 2535 712 2588 minuta
735 2535 897 2590 etiam
921 2543 1138 2606 peccata
1160 2535 1442 2606 persolvas.
1469 2535 1653 2609 (Aug.)
1678 2536 1755 2591 De

180 2623 435 2679 solvendo
480 2633 662 2680 autem
705 2625 999 2684 novissimo
1047 2628 1380 2697 quadrante,
1424 2635 1602 2697 potest
1647 2643 1754 2682 non

181 2713 409 2770 absurde
441 2716 682 2786 intelligi.
714 2715 822 2772 Aut
847 2733 946 2787 pro
980 2734 1044 2773 eo
1065 2719 1300 2788 positum
1328 2719 1471 2788 quod
1497 2719 1631 2774 nihil
1663 2735 1750 2774 re-

178 2804 454 2875 linquatur
481 2808 801 2877 impunitum
821 2851 836 2875 ,
864 2811 1002 2864 sicut
1029 2811 1305 2882 loquentes
1335 2812 1499 2866 etiam
1525 2811 1754 2868 dicimus

182 2916 339 2970 usque
371 2903 440 2955 ad
469 2902 630 2970 fecem
649 2944 664 2969 ,
692 2919 813 2958 cum
843 2902 1090 2959 volumus
1116 2903 1420 2974 exprimere
1449 2901 1650 2972 aliquid
1678 2902 1754 2958 ita

181 3003 459 3058 exactum,
494 3002 554 3048 ut
583 2995 718 3050 nihil
753 2995 1167 3065 relinqueretur,
1199 2995 1348 3052 velut
1376 2994 1752 3067 signiﬁcaren-

182 3089 266 3136 tur
306 3086 523 3140 nomine
557 3087 875 3156 quadrantis
909 3087 1220 3154 novissimi,
1261 3096 1476 3143 terrena
1510 3093 1752 3159 peccata.

181 3170 377 3238 Quarta
417 3176 562 3232 enim
601 3193 728 3247 pars
762 3177 1139 3233 distinctorum
1177 3179 1544 3233 membrorum
1594 3175 1756 3244 hujus

1858 1979 2143 2047 cessimus,
2176 1987 2237 2036 ut
2266 1981 2594 2039 adversario.
2621 1982 2764 2038 Deus
2789 1985 2936 2040 enim
2958 1987 3192 2056 superbis
3219 1989 3432 2054 resistit,

1855 2069 2143 2124 humilibus
2169 2082 2345 2126 autem
2366 2073 2456 2126 dat
2478 2074 2706 2145 gratiam
2730 2073 2751 2146 (
2765 2073 2953 2129 Iacob.
2979 2092 3034 2130 ιν
3051 2076 3092 2148 ).
3126 2077 3194 2131 Et
3214 2076 3436 2131 Initium

1857 2159 2025 2214 omnis
2059 2163 2256 2232 peccati
2293 2163 2535 2233 superbia
2555 2205 2570 2231 ,
2598 2165 2807 2220 initium
2833 2175 3014 2222 autem
3047 2169 3303 2238 superbia:
3345 2170 3440 2224 Ito-

1855 2253 2012 2305 minis
2031 2293 2046 2318 ,
2075 2263 2374 2324 apostatare
2399 2273 2432 2309 a
2455 2255 2565 2310 Deo
2587 2253 2786 2327 (Eccli.
2814 2272 2848 2311 x
2868 2257 2909 2329 ).
2942 2258 3011 2313 Et
3035 2259 3324 2329 Apostolus
3351 2260 3436 2315 di-

1856 2343 1935 2398 cit
1963 2361 1976 2397 :
2014 2343 2075 2400 Si
2103 2347 2241 2400 enim
2266 2363 2384 2400 cum
2406 2347 2608 2401 inimici
2629 2364 2856 2402 essemus
2895 2349 3220 2404 reconciliati
3255 2366 3437 2404 sumus

1857 2432 1969 2487 Deo
1997 2451 2091 2504 per
2120 2444 2339 2489 mortem
2367 2433 2498 2490 Filii
2525 2436 2672 2507 ejus,
2712 2437 2878 2492 multo
2908 2440 3076 2509 magis
3118 2439 3440 2494 reconciliati

1857 2525 1988 2579 salvi
2012 2527 2208 2581 erimus
2243 2528 2299 2580 in
2333 2527 2439 2581 vita
2477 2528 2641 2597 ipsius
2670 2527 2866 2600 (Rom.
2898 2545 2932 2582 v
2952 2527 2993 2601 ).
3027 2529 3283 2599 Quisquis
3312 2544 3440 2597 ergo

1857 2613 1914 2668 in
1942 2615 2043 2670 hac
2065 2616 2154 2670 via
2173 2657 2190 2682 ,
2216 2616 2272 2671 id
2319 2625 2401 2673 est
2425 2618 2560 2684 vita,
2587 2633 2696 2674 non
2730 2617 2896 2674 fuerit
2919 2621 3301 2674 reconciliatus
3329 2620 3440 2674 Deo

1856 2722 1957 2776 per
1976 2716 2208 2763 mortem
2237 2707 2359 2763 Filii
2387 2707 2535 2777 ejus,
2567 2710 2800 2765 traditur
2821 2709 3026 2779 judicio
3057 2712 3124 2765 ab
3152 2712 3262 2766 illo.
3301 2711 3439 2776 Quia

1858 2795 2023 2852 Pater
2065 2816 2169 2852 non
2201 2800 2415 2870 judicat
2462 2817 2806 2872 quemquam,
2850 2801 2941 2856 sed
2987 2819 3135 2855 omne
3175 2801 3441 2871 judicium

1857 2888 1999 2943 dedit
2032 2888 2175 2943 Filio
2221 2889 2422 2960 (Joan.
2453 2891 2549 2961 ν).
2595 2890 2774 2962 Atque
2818 2893 2893 2946 ita
2939 2901 3136 2946 caatera
3189 2892 3348 2963 (qua:
3386 2891 3439 2944 in

1857 2980 1963 3036 hoc
1999 2979 2236 3050 capitulo
2274 2981 2476 3052 scripta
2513 2981 2683 3053 sunt)
2731 2991 3154 3053 consequuntur,
3207 2984 3272 3040 de
3318 2982 3442 3052 qui-

1858 3072 1960 3128 bus
1991 3071 2105 3142 jam
2144 3076 2515 3133 tractavimus.
2565 3075 2744 3135 Unum
2780 3077 2951 3134 solum
2989 3087 3106 3144 est,
3138 3078 3281 3149 quod
3317 3077 3443 3132 huic

1859 3166 2152 3222 intellectui
2187 3167 2556 3225 difﬁcultatem
2591 3169 2744 3227 facit.
2787 3171 3067 3240 Quomodo
3096 3172 3269 3242 possit
3296 3179 3444 3226 recte

180 3265 396 3331 mundi,
430 3273 485 3321 et
512 3283 575 3321 ea
618 3269 946 3334 novissima,
995 3279 1137 3325 terra
1178 3269 1472 3333 invenitur,
1517 3273 1578 3323 ut
1613 3267 1753 3323 inci-
1780 3266 1827 3332 C
1861 3258 1966 3314 diei
1997 3262 2050 3314 in
2081 3261 2165 3315 Via
2195 3276 2314 3317 esse
2344 3277 2467 3317 cum
2496 3263 2750 3330 Christo.
2784 3263 2831 3319 Si
2860 3266 2963 3320 hoc
2999 3265 3118 3320 Ῑοεο
3158 3265 3274 3334 ipse
3302 3263 3445 3318 300i-

180 3354 294 3422 pias
325 3371 354 3410 a
383 3356 521 3410 caelo
540 3398 554 3421 ,
586 3359 874 3415 secundam
903 3375 1086 3414 aerem
1111 3375 1362 3415 numeres
1383 3401 1397 3422 ,
1424 3374 1619 3429 aquam
1649 3368 1757 3414 ter-

182 3443 344 3511 tiam,
395 3457 646 3516 quartam
691 3457 917 3504 terram.
967 3449 1160 3505 Potest
1207 3466 1337 3520 ergo
1374 3450 1759 3506 convenienter

179 3534 350 3590 videri
391 3536 638 3593 dictum:
683 3539 860 3594 Donec
901 3539 1070 3595 solvas
1112 3543 1452 3596 novissimum
1491 3541 1759 3612 quadran-

180 3635 280 3680 tem
301 3669 316 3693 ,
349 3629 402 3682 id
433 3641 544 3695 est,
579 3633 749 3688 donec
778 3634 896 3688 luas
926 3642 1138 3688 terrena
1174 3643 1416 3705 peccata.
1458 3633 1574 3690 Hoc
1614 3635 1758 3690 enim

177 3728 432 3784 peccator
461 3722 684 3776 audivit.
721 3722 882 3778 Terra
921 3741 1006 3790 es,
1045 3737 1092 3780 et
1132 3726 1187 3779 in
1227 3735 1420 3780 terram
1457 3727 1556 3781 ibis
1584 3724 1756 3798 (Gen.

180 3823 240 3861 tu
265 3808 306 3878 ).
339 3809 516 3865 Donec
549 3813 720 3868 solvas
757 3824 937 3870 autem
977 3817 1121 3888 quod
1159 3817 1364 3874 dictum
1405 3828 1521 3886 est,
1563 3819 1755 3887 miror,

178 3899 222 3953 si
267 3917 378 3956 non
418 3918 538 3958 eam
569 3907 833 3976 signiﬁcat
857 3923 1071 3978 poenam
1091 3950 1106 3976 ,
1138 3925 1258 3979 quae
1282 3920 1507 3967 vocatur
1532 3919 1754 3967 acterna.

181 3992 334 4049 Unde
366 3997 512 4052 enim
542 3999 773 4054 solvitur
801 3999 932 4056 illud
962 4002 1233 4070 debitum,
1265 4003 1358 4058 ubi
1383 4003 1494 4075 jam
1523 4019 1631 4060 non
1661 4004 1759 4059 da-

186 4092 269 4138 tur
297 4087 596 4155 paenitendi
626 4098 680 4145 et
709 4093 1008 4148 correctius
1035 4093 1251 4149 vivendi
1280 4092 1430 4150 locus
1456 4094 1479 4147 ?
1504 4092 1582 4148 Ita
1612 4093 1758 4149 enim

181 4171 407 4231 fortasse
438 4176 528 4232 hic
556 4179 789 4248 positum
818 4190 901 4236 est
938 4183 1100 4237 donec
1141 4181 1312 4237 solvas
1333 4223 1348 4249 ,
1390 4185 1660 4254 quomodo
1703 4184 1757 4238 in

183 4262 297 4329 illo,
327 4265 419 4320 ubi
452 4267 655 4324 dictum
684 4280 767 4326 est
797 4291 809 4326 :
843 4272 978 4328 Sede
1003 4292 1035 4327 a
1061 4274 1260 4328 dextris
1288 4275 1446 4340 meis,
1482 4275 1646 4330 donec
1667 4291 1762 4344 po-

183 4369 299 4407 nam
344 4359 801 4416 omnes'inimicos
847 4373 964 4417 tuos
1009 4365 1104 4418 sub
1146 4365 1362 4436 pedibus
1407 4366 1514 4420 tuis
1561 4363 1757 4438 (Psal.

181 4446 324 4517 cur).
374 4446 497 4502 Non
544 4450 687 4505 enim
728 4468 851 4506 cum
899 4452 1099 4508 fuerint
1146 4455 1352 4509 inimici
1393 4455 1494 4511 sub
1535 4455 1762 4525 pedibus

183 4536 368 4602 pusiti,
410 4539 621 4596 desinet
662 4541 749 4596 ille
788 4543 974 4598 sedere
1022 4545 1091 4598 ad
1131 4545 1430 4600 dexteram.
1475 4545 1584 4600 Aut
1628 4546 1761 4600 illud

1860 3351 2090 3422 piendus
2145 3361 2230 3406 est
2277 3353 2619 3409 adversarius
2672 3354 2996 3423 impiorum,
3051 3354 3139 3409 cui
3186 3353 3446 3421 jubemur

1863 3441 1972 3496 cito
2009 3441 2378 3509 reconciliari,
2421 3445 2527 3499 nisi
2560 3444 2699 3500 forte
2734 3445 2860 3515 quia
2909 3446 3026 3515 ipse
3078 3445 3277 3514 ubique
3327 3452 3441 3508 est,

1860 3547 1961 3587 nos
1993 3541 2176 3589 autem
2203 3550 2327 3590 cum
2358 3535 2414 3589 in
2445 3535 2548 3591 hac
2580 3535 2665 3589 via
2709 3551 2927 3602 sumus,
2960 3550 3082 3590 cum
3123 3535 3214 3590 illo
3255 3535 3442 3604 utique

1862 3639 2068 3679 sumus.
2110 3625 2172 3681 Si
2211 3627 2490 3681 ascendero
2528 3627 2584 3680 in
2621 3625 2835 3692 caelum,
2870 3627 3082 3697 inquit,
3123 3636 3177 3680 tu
3205 3625 3314 3679 illic
3352 3642 3404 3678 es
3427 3667 3440 3691 ,

1860 3716 1906 3770 si
1944 3717 2256 3773 descendero
2281 3722 2348 3773 ad
2375 3719 2660 3789 infernum,
2694 3720 2860 3786 ades;
2889 3721 2935 3774 si
2966 3721 3213 3789 recipiam
3242 3735 3440 3790 pennas

1860 3825 2004 3862 meas
2037 3810 2094 3864 in
2130 3810 2418 3878 directum,
2459 3822 2506 3866 et
2543 3812 2788 3865 habitabo
2826 3812 2880 3865 in
2921 3813 3197 3865 novissimo
3246 3811 3439 3874 maris,

1861 3899 2050 3952 etenim
2092 3899 2218 3954 illuc
2252 3918 2440 3955 manus
2481 3911 2573 3955 tua
2614 3902 2831 3956 deducet
2860 3918 2972 3966 me,
3004 3912 3053 3956 et
3092 3900 3280 3956 tenebit
3318 3901 3444 3954 dea:-

1861 4004 1972 4049 tera
2003 4005 2094 4051 tua
2125 3996 2146 4068 (
2173 3997 2320 4052 Psal.
2350 4013 2590 4054 CXXXVIII
2616 3999 2656 4070 ).

1931 4086 2039 4142 Aut
2091 4087 2137 4142 si
2190 4103 2296 4144 non
2352 4090 2530 4158 placet
2585 4089 2780 4159 impios
2831 4089 2936 4145 dici
2987 4105 3108 4145 esse
3156 4104 3279 4145 cum
3333 4087 3444 4142 Deo

1862 4178 2212 4248 (quanquam
2250 4195 2519 4249 nusquam
2555 4196 2661 4236 non
2683 4187 2895 4252 .praasto
2929 4180 3000 4234 sit
3029 4179 3216 4249 Deus)
3251 4193 3442 4250 quem-

1862 4269 2154 4324 admodum
2215 4287 2322 4325 non
2387 4271 2620 4326 dicimus
2679 4286 2850 4327 uncos
2907 4286 3030 4327 esse
3086 4287 3211 4327 cum
3281 4271 3441 4334 luce,

1863 4360 2079 4414 tametsi
2137 4361 2323 4416 oculos
2378 4376 2570 4416 eorum
2626 4361 2718 4415 lux
2777 4362 3220 4424 circumfundat;
3275 4375 3444 4415 unum

1862 4451 2132 4522 reliquum
2173 4460 2257 4507 est
2280 4494 2294 4518 ,
2337 4462 2396 4508 ut
2434 4455 2523 4509 hic
2558 4454 2930 4509 adversarium
2969 4462 3298 4524 praeceptum
3348 4453 3446 4509 Dei

1863 4555 1984 4595 esse
2013 4541 2397 4613 intelligamus.
2430 4543 2567 4610 Quid
2597 4544 2742 4597 enim
2769 4544 2845 4597 sic
2874 4544 3192 4597 adversatur
3220 4554 3447 4610 peccare

182 4625 458 4696 Apostoli:
498 4630 712 4701 Oportet
752 4635 890 4688 enim
921 4634 1072 4689 illum
1111 4653 1358 4707 regnare,
1397 4638 1560 4692 donec
1598 4648 1757 4708 ponat

1865 4633 2205 4698 volentibus,
2238 4648 2401 4702 quam
2432 4642 2764 4702 prteccptum
2798 4633 2893 4686 Dci
2913 4673 2927 4697 ,
2962 4633 3017 4686 id
3044 4640 3158 4695 est,
3191 4631 3276 4684 lex
3306 4631 3443 4700 ejus,

185 4732 352 4774 omnes
397 4722 638 4776 inimicos
682 4741 806 4778 suos
849 4725 944 4778 sub
985 4726 1200 4796 pedibus
1238 4728 1348 4781 suis
1375 4727 1392 4797 (
1415 4727 1445 4780 Ι
1468 4727 1592 4782 Cor.
1621 4727 1755 4798 xv).

183 4802 293 4862 Non
323 4812 467 4866 enim
494 4827 616 4866 cum
648 4813 810 4884 positi
837 4813 1036 4869 fuerint
1059 4816 1254 4871 desinit
1278 4832 1524 4887 regnare.
1555 4816 1757 4883 Quem-

186 4895 466 4954 admodum
503 4916 633 4972 ergo
665 4901 738 4956 ibi
779 4903 1112 4974 intelligitur,
1147 4907 1214 4959 de
1244 4921 1350 4975 quo
1383 4905 1586 4961 dictum
1631 4913 1759 4960 est:

189 4983 392 5055 Oportet
438 4993 580 5045 enim
627 5009 844 5064 regnare
891 4995 1052 5050 donec
1095 5005 1254 5067 ponat
1303 5013 1478 5051 onmes
1517 4996 1762 5050 inimicos

188 5077 278 5129 sub
306 5081 524 5149 pedibus
552 5083 691 5147 suis,
721 5083 796 5137 ita
824 5085 914 5139 hic
955 5087 1128 5156 accipi
1174 5095 1384 5156 potest,
1415 5087 1481 5142 de
1519 5103 1626 5157 quo
1674 5086 1760 5142 di-

190 5175 328 5224 ctum
355 5183 481 5227 est:
513 5171 637 5226 Non
678 5172 816 5226 exies
853 5171 977 5225 inde
1015 5176 1179 5226 donec
1222 5177 1391 5225 solvas
1427 5177 1766 5230 novissimum

192 5262 531 5328 quadrantem
552 5305 566 5330 ,
600 5279 813 5334 semper
840 5279 947 5319 non
977 5264 1250 5319 exiturum
1279 5277 1433 5329 esse,
1467 5262 1595 5331 quia
1623 5276 1768 5316 sem—

190 5365 284 5418 per
324 5355 482 5410 solvit
519 5355 870 5410 novissimum
910 5356 1296 5424 quadrantem,
1326 5353 1455 5407 dum
1485 5341 1770 5423 sempiter-

196 5457 286 5499 nas
309 5462 498 5515 paenas
519 5455 857 5500 terrenornm
878 5454 1225 5513 peccatorum
1247 5445 1363 5499 luit.
1382 5443 1613 5511 Quidam
1636 5459 1768 5500 vero

195 5537 536 5602 quaerendum
563 5551 683 5592 esse
710 5536 872 5590 altius
896 5543 1221 5605 putaverunt
1247 5535 1370 5605 quis
1398 5542 1545 5590 esset
1569 5535 1762 5590 adver-

198 5625 366 5681 sarius
389 5628 478 5683 ille
502 5628 588 5683 cui
609 5625 864 5695 jubemur
887 5641 1008 5682 esse
1030 5627 1275 5684 benevoli
1298 5628 1409 5683 cito
1432 5642 1556 5682 cum
1579 5642 1766 5683 sumus

198 5728 314 5771 cum
354 5719 442 5775 illo
469 5720 523 5774 in
547 5720 635 5774 via
656 5760 670 5786 ,
701 5729 883 5774 utrum
914 5729 1059 5775 esset
1080 5721 1266 5786 homo,
1296 5737 1364 5774 an
1391 5719 1666 5786 diabolus,
1697 5736 1766 5775 an

200 5801 371 5873 Deus,
413 5823 482 5864 an
524 5820 852 5881 praeceptum
894 5809 1054 5877 ejus:
1106 5810 1202 5866 sed
1238 5810 1303 5866 de
1341 5811 1560 5867 homine
1604 5827 1765 5881 supra

590 5905 864 5968 PATROL.
897 5905 1090 5968 GVH.

1862 4731 1917 4778 et
1948 4721 2228 4791 Scriptura
2271 4724 2484 4787 divina,
2526 4741 2646 4792 qua:
2691 4725 2811 4776 data
2857 4731 2942 4774 est
2993 4720 3145 4774 nobis
3191 4721 3259 4775 ad
3305 4721 3446 4775 hanc

1862 4815 2032 4868 vitam
2051 4853 2065 4877 ,
2098 4821 2156 4866 ut
2185 4813 2256 4867 sit
2282 4812 2562 4866 nobiscum
2594 4814 2645 4866 in
2671 4811 2755 4865 via
2776 4852 2791 4877 ,
2819 4811 2904 4867 cui
2934 4829 3039 4867 non
3069 4822 3282 4883 oportet
3312 4830 3444 4869 con-

1869 4903 2168 4966 tradicere,
2198 4916 2267 4956 ne
2296 4915 2394 4955 nos
2428 4901 2607 4956 tradat
2629 4899 2800 4969 judici
2819 4943 2833 4968 ,
2866 4901 2960 4958 sed
2990 4903 3038 4957 ei
3071 4912 3284 4973 oportet
3314 4919 3446 4959 con-

1865 4991 2071 5047 sentire
2117 4991 2266 5045 cito?
2311 4991 2426 5046 Non
2467 4992 2609 5045 enim
2657 4993 2885 5061 quisque
2928 4995 3080 5048 novit
3121 4995 3338 5063 quando
3381 4995 3448 5049 de

1867 5083 1970 5137 hac
2007 5083 2118 5136 vita
2157 5091 2332 5136 exeat.
2382 5081 2515 5148 Quis
2566 5092 2745 5137 autem
2796 5084 3065 5138 consentit
3115 5083 3444 5153 Scriptum,

1867 5171 1971 5224 nisi
2010 5172 2101 5240 qui
2139 5171 2266 5239 legit
2300 5178 2355 5224 et
2393 5172 2585 5224 audit?
2620 5173 2707 5241 pie
2745 5171 2996 5227 deferens
3021 5174 3071 5227 ei
3103 5174 3314 5229 culmen
3351 5193 3448 5231 au-

1868 5258 2174 5322 ctoritatis,
2219 5267 2278 5313 ut
2314 5262 2456 5329 quod
2490 5261 2742 5331 intelligit
2779 5277 2884 5316 non
2924 5274 3146 5333 propter
3179 5265 3282 5322 hoc
3319 5268 3446 5322 ode-

1869 5348 1971 5412 rit,
2004 5350 2147 5418 quod
2184 5351 2424 5419 peccatis
2457 5352 2569 5406 suis
2600 5353 2874 5407 adversari
2911 5355 3108 5422 sentit,
3141 5357 3236 5412 sed
3270 5359 3444 5430 magis

1870 5441 2057 5510 diligat
2082 5443 2476 5512 correptionem
2507 5459 2659 5498 suam
2690 5453 2743 5497 et
2774 5445 3030 5515 gaudeat,
3061 5447 3203 5516 quod
3240 5449 3446 5505 morbis

1869 5534 2010 5599 suis,
2042 5537 2211 5589 donec
2239 5542 2514 5600 sanentur,
2545 5551 2650 5590 non
2679 5546 2944 5606 parcetur.

1942 5627 2176 5680 Audistis
2209 5629 2331 5697 quia
2367 5628 2562 5682 dictum
2600 5640 2672 5684 est
2722 5631 2952 5702 antiquis
2974 5646 2994 5684 :
3045 5633 3170 5688 Non
3220 5634 3445 5688 masc/ta—

1873 5715 2026 5771 beris.
2071 5716 2184 5787 Ego
2225 5728 2397 5771 autem
2427 5719 2545 5773 dico
2588 5721 2723 5776 vobis
2765 5725 2888 5793 quia
2928 5727 3095 5779 omnis
3138 5727 3227 5796 qui
3265 5725 3448 5779 viderit

1874 5807 2145 5863 mulierem
2168 5809 2237 5863 ad
2263 5811 2725 5882 concupiscendum
2752 5832 2864 5870 eam
2882 5856 2896 5883 ,
2918 5817 3033 5886 jam
3063 5817 3344 5871 mwchatus
3367 5825 3447 5870 est

2935 5911 3012 5970 26
