  <div class='ocr_page' id='page_1' title='image "/cluster/home/n/w/nwhite01/storage/ocr_20150623/107/hvd.32044015466832/411.png"; bbox 0 0 3914 6452; ppageno 0'>
   <div class='ocr_carea' id='block_1_1' title="bbox 488 436 590 494">
    <p class='ocr_par' dir='ltr' id='par_1_1' title="bbox 488 436 590 494">
     <span class='ocr_line' id='line_1_1' title="bbox 488 436 590 494; baseline -0.02 0"><span class='ocrx_word' id='word_1_1' title='bbox 488 436 590 494; x_wconf 77' lang='grc'><strong>811</strong></span> 
     </span>
    </p>
   </div>
   <div class='ocr_carea' id='block_1_2' title="bbox 1132 420 3085 493">
    <p class='ocr_par' dir='ltr' id='par_1_2' title="bbox 1132 420 3085 493">
     <span class='ocr_line' id='line_1_2' title="bbox 1132 420 3085 493; baseline -0.002 -2"><span class='ocrx_word' id='word_1_2' title='bbox 1132 437 1195 491; x_wconf 81' lang='lat' dir='ltr'><strong>n.</strong></span> <span class='ocrx_word' id='word_1_3' title='bbox 1237 432 1496 492; x_wconf 64' lang='lat' dir='ltr'><strong>unum</strong></span> <span class='ocrx_word' id='word_1_4' title='bbox 1532 435 1755 493; x_wconf 66' lang='lat' dir='ltr'><strong>nsum</strong></span> <span class='ocrx_word' id='word_1_5' title='bbox 1789 420 2110 491; x_wconf 64' lang='lat' dir='ltr'><strong>suum.</strong></span> <span class='ocrx_word' id='word_1_6' title='bbox 2148 426 2461 491; x_wconf 67' lang='lat' dir='ltr'><strong>uocum.</strong></span> <span class='ocrx_word' id='word_1_7' title='bbox 2494 428 2789 492; x_wconf 66' lang='lat' dir='ltr'><strong>omnum</strong></span> <span class='ocrx_word' id='word_1_8' title='bbox 2823 430 3004 490; x_wconf 81' lang='lat' dir='ltr'><strong>PARS</strong></span> <span class='ocrx_word' id='word_1_9' title='bbox 3040 431 3085 488; x_wconf 84' lang='grc' dir='ltr'><strong>ι.</strong></span> 
     </span>
    </p>
   </div>
   <div class='ocr_carea' id='block_1_3' title="bbox 3648 432 3757 492">
    <p class='ocr_par' dir='ltr' id='par_1_3' title="bbox 3648 432 3757 492">
     <span class='ocr_line' id='line_1_3' title="bbox 3648 432 3757 492; baseline 0.009 -1"><span class='ocrx_word' id='word_1_10' title='bbox 3648 432 3757 492; x_wconf 68' lang='grc'><strong>812</strong></span> 
     </span>
    </p>
   </div>
   <div class='ocr_carea' id='block_1_4' title="bbox 482 542 3751 622">
    <p class='ocr_par' dir='ltr' id='par_1_4' title="bbox 482 542 3751 622">
     <span class='ocr_line' id='line_1_4' title="bbox 482 542 3751 622; baseline -0.001 -15"><span class='ocrx_word' id='word_1_11' title='bbox 482 569 599 606; x_wconf 87' lang='lat' dir='ltr'><strong>eam</strong></span> <span class='ocrx_word' id='word_1_12' title='bbox 634 553 693 607; x_wconf 79' lang='lat' dir='ltr'><strong>in</strong></span> <span class='ocrx_word' id='word_1_13' title='bbox 734 551 889 606; x_wconf 89' lang='lat' dir='ltr'><strong>corde</strong></span> <span class='ocrx_word' id='word_1_14' title='bbox 931 565 1048 605; x_wconf 83' lang='lat' dir='ltr'><strong>suo.</strong></span> <span class='ocrx_word' id='word_1_15' title='bbox 1085 548 1304 622; x_wconf 64' lang='lat' dir='ltr'><strong>May.)</strong></span> <span class='ocrx_word' id='word_1_16' title='bbox 1339 548 1552 605; x_wconf 84' lang='lat' dir='ltr'><strong>Justitia</strong></span> <span class='ocrx_word' id='word_1_17' title='bbox 1588 563 1719 620; x_wconf 84' lang='lat' dir='ltr'><strong>ergo</strong></span> <span class='ocrx_word' id='word_1_18' title='bbox 1754 549 1935 604; x_wconf 84' lang='lat' dir='ltr'><strong>minor</strong></span> <span class='ocrx_word' id='word_1_19' title='bbox 1967 555 2052 603; x_wconf 91' lang='lat' dir='ltr'><strong>est</strong></span> <span class='ocrx_word' id='word_1_20' title='bbox 2076 548 2129 610; x_wconf 74' lang='grc' dir='ltr'>Α</span> <span class='ocrx_word' id='word_1_21' title='bbox 2153 552 2202 600; x_wconf 88' lang='lat' dir='ltr'><strong>et</strong></span> <span class='ocrx_word' id='word_1_22' title='bbox 2240 546 2438 617; x_wconf 80' lang='lat' dir='ltr'><strong>projtce</strong></span> <span class='ocrx_word' id='word_1_23' title='bbox 2483 544 2576 601; x_wconf 84' lang='lat' dir='ltr'><strong>abs</strong></span> <span class='ocrx_word' id='word_1_24' title='bbox 2604 552 2674 602; x_wconf 88' lang='lat' dir='ltr'><strong>te.</strong></span> <span class='ocrx_word' id='word_1_25' title='bbox 2714 542 2940 617; x_wconf 70' lang='lat' dir='ltr'><strong>Expedit</strong></span> <span class='ocrx_word' id='word_1_26' title='bbox 2962 545 3099 601; x_wconf 78' lang='lat' dir='ltr'><strong>enim</strong></span> <span class='ocrx_word' id='word_1_27' title='bbox 3129 545 3223 600; x_wconf 82' lang='lat' dir='ltr'><strong>tibi</strong></span> <span class='ocrx_word' id='word_1_28' title='bbox 3253 552 3315 600; x_wconf 88' lang='lat' dir='ltr'><strong>ut</strong></span> <span class='ocrx_word' id='word_1_29' title='bbox 3349 556 3534 617; x_wconf 81' lang='lat' dir='ltr'><strong>pereat</strong></span> <span class='ocrx_word' id='word_1_30' title='bbox 3582 563 3751 603; x_wconf 63' lang='lat' dir='ltr'><strong>una</strong></span> 
     </span>
    </p>
   </div>
   <div class='ocr_carea' id='block_1_5' title="bbox 482 639 2052 711">
    <p class='ocr_par' dir='ltr' id='par_1_5' title="bbox 482 639 2052 711">
     <span class='ocr_line' id='line_1_5' title="bbox 482 639 2052 711; baseline -0.001 -15"><span class='ocrx_word' id='word_1_31' title='bbox 482 656 591 696; x_wconf 90' lang='lat' dir='ltr'><strong>non</strong></span> <span class='ocrx_word' id='word_1_32' title='bbox 626 639 890 696; x_wconf 69' lang='lat' dir='ltr'><strong>moechari</strong></span> <span class='ocrx_word' id='word_1_33' title='bbox 937 653 1223 711; x_wconf 82' lang='lat' dir='ltr'><strong>corporum</strong></span> <span class='ocrx_word' id='word_1_34' title='bbox 1260 640 1635 710; x_wconf 74' lang='lat' dir='ltr'><strong>conjunctione</strong></span> <span class='ocrx_word' id='word_1_35' title='bbox 1659 680 1675 708; x_wconf 93' lang='lat'><strong>,</strong></span> <span class='ocrx_word' id='word_1_36' title='bbox 1709 639 1917 711; x_wconf 78' lang='lat' dir='ltr'><strong>iustitia</strong></span> <span class='ocrx_word' id='word_1_37' title='bbox 1952 655 2052 694; x_wconf 92' lang='lat' dir='ltr'><strong>au-</strong></span> 
     </span>
    </p>
   </div>
   <div class='ocr_carea' id='block_1_6' title="bbox 485 728 2052 807">
    <p class='ocr_par' dir='ltr' id='par_1_6' title="bbox 485 728 2052 807">
     <span class='ocr_line' id='line_1_6' title="bbox 485 728 2052 807; baseline 0.001 -22"><span class='ocrx_word' id='word_1_38' title='bbox 485 738 593 785; x_wconf 90' lang='lat' dir='ltr'><strong>tem</strong></span> <span class='ocrx_word' id='word_1_39' title='bbox 641 729 814 800; x_wconf 80' lang='lat' dir='ltr'><strong>major</strong></span> <span class='ocrx_word' id='word_1_40' title='bbox 853 738 938 784; x_wconf 88' lang='lat' dir='ltr'><strong>est</strong></span> <span class='ocrx_word' id='word_1_41' title='bbox 978 730 1131 801; x_wconf 92' lang='lat' dir='ltr'><strong>regni</strong></span> <span class='ocrx_word' id='word_1_42' title='bbox 1174 730 1272 786; x_wconf 87' lang='lat' dir='ltr'><strong>Dei</strong></span> <span class='ocrx_word' id='word_1_43' title='bbox 1316 746 1423 785; x_wconf 90' lang='lat' dir='ltr'><strong>non</strong></span> <span class='ocrx_word' id='word_1_44' title='bbox 1467 731 1731 807; x_wconf 80' lang='lat' dir='ltr'><strong>mtechari</strong></span> <span class='ocrx_word' id='word_1_45' title='bbox 1772 728 1831 789; x_wconf 88' lang='lat' dir='ltr'><strong>in</strong></span> <span class='ocrx_word' id='word_1_46' title='bbox 1869 730 2052 787; x_wconf 88' lang='lat' dir='ltr'><strong>corde.</strong></span> 
     </span>
    </p>
   </div>
   <div class='ocr_carea' id='block_1_7' title="bbox 483 817 2052 891">
    <p class='ocr_par' dir='ltr' id='par_1_7' title="bbox 483 817 2052 891">
     <span class='ocr_line' id='line_1_7' title="bbox 483 817 2052 891; baseline 0.003 -19"><span class='ocrx_word' id='word_1_47' title='bbox 483 818 648 873; x_wconf 75' lang='lat' dir='ltr'><strong>Multo</strong></span> <span class='ocrx_word' id='word_1_48' title='bbox 695 817 909 876; x_wconf 83' lang='lat' dir='ltr'><strong>facilius</strong></span> <span class='ocrx_word' id='word_1_49' title='bbox 955 818 1192 876; x_wconf 77' lang='lat' dir='ltr'><strong>custodit</strong></span> <span class='ocrx_word' id='word_1_50' title='bbox 1230 835 1303 875; x_wconf 91' lang='lat' dir='ltr'><strong>ne</strong></span> <span class='ocrx_word' id='word_1_51' title='bbox 1350 819 1652 876; x_wconf 88' lang='lat' dir='ltr'><strong>moechetur</strong></span> <span class='ocrx_word' id='word_1_52' title='bbox 1700 821 1756 876; x_wconf 91' lang='lat' dir='ltr'><strong>in</strong></span> <span class='ocrx_word' id='word_1_53' title='bbox 1796 835 2052 891; x_wconf 89' lang='lat' dir='ltr'><strong>corpore,</strong></span> 
     </span>
    </p>
   </div>
   <div class='ocr_carea' id='block_1_8' title="bbox 482 909 2055 983">
    <p class='ocr_par' dir='ltr' id='par_1_8' title="bbox 482 909 2055 983">
     <span class='ocr_line' id='line_1_8' title="bbox 482 909 2055 983; baseline 0.002 -20"><span class='ocrx_word' id='word_1_54' title='bbox 482 909 727 981; x_wconf 81' lang='lat' dir='ltr'><strong>quisquis</strong></span> <span class='ocrx_word' id='word_1_55' title='bbox 754 924 862 966; x_wconf 92' lang='lat' dir='ltr'><strong>non</strong></span> <span class='ocrx_word' id='word_1_56' title='bbox 889 910 1195 966; x_wconf 80' lang='lat' dir='ltr'><strong>mtechatur</strong></span> <span class='ocrx_word' id='word_1_57' title='bbox 1227 910 1286 966; x_wconf 90' lang='lat' dir='ltr'><strong>in</strong></span> <span class='ocrx_word' id='word_1_58' title='bbox 1323 912 1506 966; x_wconf 91' lang='lat' dir='ltr'><strong>corde.</strong></span> <span class='ocrx_word' id='word_1_59' title='bbox 1534 910 1670 967; x_wconf 80' lang='lat' dir='ltr'><strong>illud</strong></span> <span class='ocrx_word' id='word_1_60' title='bbox 1703 924 1831 983; x_wconf 85' lang='lat' dir='ltr'><strong>ergo</strong></span> <span class='ocrx_word' id='word_1_61' title='bbox 1859 910 2055 967; x_wconf 86' lang='lat' dir='ltr'><strong>contir-</strong></span> 
     </span>
    </p>
   </div>
   <div class='ocr_carea' id='block_1_9' title="bbox 484 999 2051 1079">
    <p class='ocr_par' dir='ltr' id='par_1_9' title="bbox 484 999 2051 1079">
     <span class='ocr_line' id='line_1_9' title="bbox 484 999 2051 1079; baseline 0.002 -26"><span class='ocrx_word' id='word_1_62' title='bbox 484 999 685 1066; x_wconf 82' lang='lat' dir='ltr'><strong>mavit,</strong></span> <span class='ocrx_word' id='word_1_63' title='bbox 856 1000 961 1056; x_wconf 85' lang='lat' dir='ltr'><strong>hoc</strong></span> <span class='ocrx_word' id='word_1_64' title='bbox 993 1001 1292 1073; x_wconf 70' lang='lat' dir='ltr'><strong>pmoepit:</strong></span> <span class='ocrx_word' id='word_1_65' title='bbox 1332 1000 1456 1055; x_wconf 83' lang='lat' dir='ltr'><strong>Non</strong></span> <span class='ocrx_word' id='word_1_66' title='bbox 1488 1003 1603 1056; x_wconf 84' lang='lat' dir='ltr'><strong>veni</strong></span> <span class='ocrx_word' id='word_1_67' title='bbox 1632 1001 1791 1072; x_wconf 88' lang='lat' dir='ltr'><strong>legem</strong></span> <span class='ocrx_word' id='word_1_68' title='bbox 1823 1001 2051 1069; x_wconf 83' lang='lat' dir='ltr'><strong>solvere,</strong></span> 
     </span>
    </p>
   </div>
   <div class='ocr_carea' id='block_1_10' title="bbox 478 1080 2054 1165">
    <p class='ocr_par' dir='ltr' id='par_1_10' title="bbox 478 1080 2054 1165">
     <span class='ocr_line' id='line_1_10' title="bbox 478 1080 2054 1165; baseline 0.003 -18"><span class='ocrx_word' id='word_1_69' title='bbox 478 1093 571 1147; x_wconf 88' lang='lat' dir='ltr'><strong>sed</strong></span> <span class='ocrx_word' id='word_1_70' title='bbox 604 1092 911 1164; x_wconf 75' lang='lat' dir='ltr'><strong>adimplere.</strong></span> <span class='ocrx_word' id='word_1_71' title='bbox 948 1092 1099 1149; x_wconf 85' lang='lat' dir='ltr'><strong>Sane</strong></span> <span class='ocrx_word' id='word_1_72' title='bbox 1130 1080 1581 1150; x_wconf 86' lang='lat' dir='ltr'><strong>considerandum</strong></span> <span class='ocrx_word' id='word_1_73' title='bbox 1615 1102 1726 1159; x_wconf 89' lang='lat' dir='ltr'><strong>est,</strong></span> <span class='ocrx_word' id='word_1_74' title='bbox 1764 1093 1908 1165; x_wconf 89' lang='lat' dir='ltr'><strong>quod</strong></span> <span class='ocrx_word' id='word_1_75' title='bbox 1945 1109 2054 1151; x_wconf 88' lang='lat' dir='ltr'><strong>non</strong></span> 
     </span>
    </p>
   </div>
   <div class='ocr_carea' id='block_1_11' title="bbox 480 1181 2054 1255">
    <p class='ocr_par' dir='ltr' id='par_1_11' title="bbox 480 1181 2054 1255">
     <span class='ocr_line' id='line_1_11' title="bbox 480 1181 2054 1255; baseline 0.001 -18"><span class='ocrx_word' id='word_1_76' title='bbox 480 1182 657 1238; x_wconf 82' lang='lat' dir='ltr'><strong>dixit:</strong></span> <span class='ocrx_word' id='word_1_77' title='bbox 691 1181 883 1240; x_wconf 84' lang='lat' dir='ltr'><strong>Omnis</strong></span> <span class='ocrx_word' id='word_1_78' title='bbox 908 1182 1010 1254; x_wconf 82' lang='lat' dir='ltr'><strong>qui</strong></span> <span class='ocrx_word' id='word_1_79' title='bbox 1060 1185 1396 1255; x_wconf 77' lang='lat' dir='ltr'><strong>concupierit</strong></span> <span class='ocrx_word' id='word_1_80' title='bbox 1442 1184 1726 1240; x_wconf 87' lang='lat' dir='ltr'><strong>mulierem</strong></span> <span class='ocrx_word' id='word_1_81' title='bbox 1753 1225 1768 1250; x_wconf 96' lang='lat'><strong>,</strong></span> <span class='ocrx_word' id='word_1_82' title='bbox 1819 1185 1912 1240; x_wconf 90' lang='lat' dir='ltr'><strong>sed</strong></span> <span class='ocrx_word' id='word_1_83' title='bbox 1949 1183 2054 1250; x_wconf 83' lang='lat' dir='ltr'><strong>Qui</strong></span> 
     </span>
    </p>
   </div>
   <div class='ocr_carea' id='block_1_12' title="bbox 480 1273 2052 1345">
    <p class='ocr_par' dir='ltr' id='par_1_12' title="bbox 480 1273 2052 1345">
     <span class='ocr_line' id='line_1_12' title="bbox 480 1273 2052 1345; baseline 0.001 -18"><span class='ocrx_word' id='word_1_84' title='bbox 480 1273 666 1327; x_wconf 82' lang='lat' dir='ltr'><strong>viderit</strong></span> <span class='ocrx_word' id='word_1_85' title='bbox 706 1273 982 1329; x_wconf 79' lang='lat' dir='ltr'><strong>mulierem</strong></span> <span class='ocrx_word' id='word_1_86' title='bbox 1024 1273 1095 1329; x_wconf 89' lang='lat' dir='ltr'><strong>ad</strong></span> <span class='ocrx_word' id='word_1_87' title='bbox 1136 1274 1601 1345; x_wconf 72' lang='lat' dir='ltr'><strong>concupiscendum</strong></span> <span class='ocrx_word' id='word_1_88' title='bbox 1645 1291 1790 1340; x_wconf 89' lang='lat' dir='ltr'><strong>eam,</strong></span> <span class='ocrx_word' id='word_1_89' title='bbox 1837 1274 1893 1329; x_wconf 89' lang='lat' dir='ltr'><strong>id</strong></span> <span class='ocrx_word' id='word_1_90' title='bbox 1937 1282 2052 1342; x_wconf 89' lang='lat' dir='ltr'><strong>est,</strong></span> 
     </span>
    </p>
   </div>
   <div class='ocr_carea' id='block_1_13' title="bbox 481 1366 2051 1437">
    <p class='ocr_par' dir='ltr' id='par_1_13' title="bbox 481 1366 2051 1437">
     <span class='ocr_line' id='line_1_13' title="bbox 481 1366 2051 1437; baseline -0.001 -15"><span class='ocrx_word' id='word_1_91' title='bbox 481 1367 587 1423; x_wconf 90' lang='lat' dir='ltr'><strong>hoc</strong></span> <span class='ocrx_word' id='word_1_92' title='bbox 633 1366 743 1423; x_wconf 86' lang='lat' dir='ltr'><strong>line</strong></span> <span class='ocrx_word' id='word_1_93' title='bbox 793 1376 851 1424; x_wconf 90' lang='lat' dir='ltr'><strong>et</strong></span> <span class='ocrx_word' id='word_1_94' title='bbox 899 1366 1082 1424; x_wconf 89' lang='lat' dir='ltr'><strong>animo</strong></span> <span class='ocrx_word' id='word_1_95' title='bbox 1131 1368 1458 1433; x_wconf 89' lang='lat' dir='ltr'><strong>attenderit,</strong></span> <span class='ocrx_word' id='word_1_96' title='bbox 1510 1376 1570 1421; x_wconf 89' lang='lat' dir='ltr'><strong>ut</strong></span> <span class='ocrx_word' id='word_1_97' title='bbox 1621 1382 1742 1422; x_wconf 87' lang='lat' dir='ltr'><strong>eam</strong></span> <span class='ocrx_word' id='word_1_98' title='bbox 1796 1366 2051 1437; x_wconf 87' lang='lat' dir='ltr'><strong>concupi-</strong></span> 
     </span>
    </p>
   </div>
   <div class='ocr_carea' id='block_1_14' title="bbox 479 1455 2049 1527">
    <p class='ocr_par' dir='ltr' id='par_1_14' title="bbox 479 1455 2049 1527">
     <span class='ocr_line' id='line_1_14' title="bbox 479 1455 2049 1527; baseline 0.002 -17"><span class='ocrx_word' id='word_1_99' title='bbox 479 1463 618 1510; x_wconf 86' lang='lat' dir='ltr'><strong>scat.</strong></span> <span class='ocrx_word' id='word_1_100' title='bbox 647 1455 802 1523; x_wconf 86' lang='lat' dir='ltr'><strong>Quod</strong></span> <span class='ocrx_word' id='word_1_101' title='bbox 824 1455 940 1527; x_wconf 84' lang='lat' dir='ltr'><strong>jam</strong></span> <span class='ocrx_word' id='word_1_102' title='bbox 962 1471 1072 1514; x_wconf 87' lang='lat' dir='ltr'><strong>non</strong></span> <span class='ocrx_word' id='word_1_103' title='bbox 1098 1466 1184 1515; x_wconf 90' lang='lat' dir='ltr'><strong>est</strong></span> <span class='ocrx_word' id='word_1_104' title='bbox 1210 1457 1417 1513; x_wconf 76' lang='lat' dir='ltr'><strong>titillari</strong></span> <span class='ocrx_word' id='word_1_105' title='bbox 1444 1457 1803 1514; x_wconf 90' lang='lat' dir='ltr'><strong>delectatione</strong></span> <span class='ocrx_word' id='word_1_106' title='bbox 1841 1458 2049 1527; x_wconf 89' lang='lat' dir='ltr'><strong>carnis,</strong></span> 
     </span>
    </p>
   </div>
   <div class='ocr_carea' id='block_1_15' title="bbox 482 1545 2055 1616">
    <p class='ocr_par' dir='ltr' id='par_1_15' title="bbox 482 1545 2055 1616">
     <span class='ocr_line' id='line_1_15' title="bbox 482 1545 2055 1616; baseline 0.001 -16"><span class='ocrx_word' id='word_1_107' title='bbox 482 1546 578 1600; x_wconf 85' lang='lat' dir='ltr'><strong>sed</strong></span> <span class='ocrx_word' id='word_1_108' title='bbox 608 1545 772 1616; x_wconf 91' lang='lat' dir='ltr'><strong>plane</strong></span> <span class='ocrx_word' id='word_1_109' title='bbox 798 1546 1106 1604; x_wconf 81' lang='lat' dir='ltr'><strong>consentire</strong></span> <span class='ocrx_word' id='word_1_110' title='bbox 1140 1546 1381 1613; x_wconf 83' lang='lat' dir='ltr'><strong>libidini,</strong></span> <span class='ocrx_word' id='word_1_111' title='bbox 1412 1548 1488 1602; x_wconf 88' lang='lat' dir='ltr'><strong>ita</strong></span> <span class='ocrx_word' id='word_1_112' title='bbox 1515 1556 1575 1603; x_wconf 90' lang='lat' dir='ltr'><strong>ut</strong></span> <span class='ocrx_word' id='word_1_113' title='bbox 1601 1562 1709 1602; x_wconf 92' lang='lat' dir='ltr'><strong>non</strong></span> <span class='ocrx_word' id='word_1_114' title='bbox 1750 1546 2055 1603; x_wconf 82' lang='lat' dir='ltr'><strong>refrenetur</strong></span> 
     </span>
    </p>
   </div>
   <div class='ocr_carea' id='block_1_16' title="bbox 482 1635 2054 1711">
    <p class='ocr_par' dir='ltr' id='par_1_16' title="bbox 482 1635 2054 1711">
     <span class='ocr_line' id='line_1_16' title="bbox 482 1635 2054 1711; baseline 0.003 -22"><span class='ocrx_word' id='word_1_115' title='bbox 482 1635 701 1691; x_wconf 83' lang='lat' dir='ltr'><strong>illicitos</strong></span> <span class='ocrx_word' id='word_1_116' title='bbox 736 1637 1040 1711; x_wconf 70' lang='lat' dir='ltr'><strong>appetitus,</strong></span> <span class='ocrx_word' id='word_1_117' title='bbox 1079 1637 1174 1694; x_wconf 88' lang='lat' dir='ltr'><strong>sed</strong></span> <span class='ocrx_word' id='word_1_118' title='bbox 1211 1636 1256 1694; x_wconf 90' lang='lat' dir='ltr'><strong>si</strong></span> <span class='ocrx_word' id='word_1_119' title='bbox 1294 1635 1523 1694; x_wconf 81' lang='lat' dir='ltr'><strong>facultas</strong></span> <span class='ocrx_word' id='word_1_120' title='bbox 1558 1636 1685 1693; x_wconf 88' lang='lat' dir='ltr'><strong>data</strong></span> <span class='ocrx_word' id='word_1_121' title='bbox 1722 1637 1916 1705; x_wconf 86' lang='lat' dir='ltr'><strong>fuerit,</strong></span> <span class='ocrx_word' id='word_1_122' title='bbox 1957 1651 2054 1709; x_wconf 86' lang='lat' dir='ltr'><strong>pa-</strong></span> 
     </span>
    </p>
   </div>
   <div class='ocr_carea' id='block_1_17' title="bbox 482 1725 2049 1785">
    <p class='ocr_par' dir='ltr' id='par_1_17' title="bbox 482 1725 2049 1785">
     <span class='ocr_line' id='line_1_17' title="bbox 482 1725 2049 1785; baseline 0.003 -7"><span class='ocrx_word' id='word_1_123' title='bbox 482 1725 671 1781; x_wconf 86' lang='lat' dir='ltr'><strong>rietur.</strong></span> <span class='ocrx_word' id='word_1_124' title='bbox 704 1726 766 1781; x_wconf 76' lang='lat' dir='ltr'><strong>in</strong></span> <span class='ocrx_word' id='word_1_125' title='bbox 800 1726 888 1783; x_wconf 89' lang='lat' dir='ltr'><strong>his</strong></span> <span class='ocrx_word' id='word_1_126' title='bbox 914 1735 1096 1783; x_wconf 84' lang='lat' dir='ltr'><strong>autem</strong></span> <span class='ocrx_word' id='word_1_127' title='bbox 1136 1728 1347 1785; x_wconf 85' lang='lat' dir='ltr'><strong>duobus</strong></span> <span class='ocrx_word' id='word_1_128' title='bbox 1370 1729 1536 1784; x_wconf 83' lang='lat' dir='ltr'><strong>talem</strong></span> <span class='ocrx_word' id='word_1_129' title='bbox 1563 1726 1924 1783; x_wconf 68' lang='lat' dir='ltr'><strong>diderentiam</strong></span> <span class='ocrx_word' id='word_1_130' title='bbox 1952 1742 2049 1783; x_wconf 90' lang='lat' dir='ltr'><strong>ve-</strong></span> 
     </span>
    </p>
   </div>
   <div class='ocr_carea' id='block_1_18' title="bbox 2155 635 3751 712">
    <p class='ocr_par' dir='ltr' id='par_1_18' title="bbox 2155 635 3751 712">
     <span class='ocr_line' id='line_1_18' title="bbox 2155 635 3751 712; baseline 0.002 -22"><span class='ocrx_word' id='word_1_131' title='bbox 2155 635 2501 693; x_wconf 89' lang='lat' dir='ltr'><strong>membrorum</strong></span> <span class='ocrx_word' id='word_1_132' title='bbox 2525 647 2735 693; x_wconf 86' lang='lat' dir='ltr'><strong>tuorum</strong></span> <span class='ocrx_word' id='word_1_133' title='bbox 2772 655 2931 712; x_wconf 84' lang='lat' dir='ltr'><strong>quam</strong></span> <span class='ocrx_word' id='word_1_134' title='bbox 2955 646 3119 693; x_wconf 88' lang='lat' dir='ltr'><strong>totum</strong></span> <span class='ocrx_word' id='word_1_135' title='bbox 3156 654 3344 709; x_wconf 74' lang='lat' dir='ltr'><strong>corpus</strong></span> <span class='ocrx_word' id='word_1_136' title='bbox 3366 647 3522 692; x_wconf 84' lang='lat' dir='ltr'><strong>tuum</strong></span> <span class='ocrx_word' id='word_1_137' title='bbox 3566 640 3751 693; x_wconf 80' lang='lat' dir='ltr'><strong>mitts—-</strong></span> 
     </span>
    </p>
   </div>
   <div class='ocr_carea' id='block_1_19' title="bbox 2154 729 3747 811">
    <p class='ocr_par' dir='ltr' id='par_1_19' title="bbox 2154 729 3747 811">
     <span class='ocr_line' id='line_1_19' title="bbox 2154 729 3747 811; baseline 0.004 -29"><span class='ocrx_word' id='word_1_138' title='bbox 2154 738 2242 783; x_wconf 87' lang='lat' dir='ltr'><strong>tur</strong></span> <span class='ocrx_word' id='word_1_139' title='bbox 2260 730 2316 783; x_wconf 82' lang='lat' dir='ltr'><strong>in</strong></span> <span class='ocrx_word' id='word_1_140' title='bbox 2334 730 2642 800; x_wconf 78' lang='lat' dir='ltr'><strong>gehennam.</strong></span> <span class='ocrx_word' id='word_1_141' title='bbox 2669 729 2810 798; x_wconf 82' lang='lat' dir='ltr'><strong>Quia</strong></span> <span class='ocrx_word' id='word_1_142' title='bbox 2850 734 3013 800; x_wconf 80' lang='lat' dir='ltr'><strong>supra</strong></span> <span class='ocrx_word' id='word_1_143' title='bbox 3040 730 3108 785; x_wconf 88' lang='lat' dir='ltr'><strong>de</strong></span> <span class='ocrx_word' id='word_1_144' title='bbox 3131 731 3583 811; x_wconf 81' lang='lat' dir='ltr'><strong>concupiscentia</strong></span> <span class='ocrx_word' id='word_1_145' title='bbox 3627 747 3747 788; x_wconf 85' lang='lat' dir='ltr'><strong>mu-</strong></span> 
     </span>
    </p>
   </div>
   <div class='ocr_carea' id='block_1_20' title="bbox 2151 814 3745 894">
    <p class='ocr_par' dir='ltr' id='par_1_20' title="bbox 2151 814 3745 894">
     <span class='ocr_line' id='line_1_20' title="bbox 2151 814 3745 894; baseline 0.004 -19"><span class='ocrx_word' id='word_1_146' title='bbox 2151 814 2301 877; x_wconf 88' lang='lat' dir='ltr'><strong>lieris</strong></span> <span class='ocrx_word' id='word_1_147' title='bbox 2320 821 2552 891; x_wconf 80' lang='lat' dir='ltr'><strong>dixerat,</strong></span> <span class='ocrx_word' id='word_1_148' title='bbox 2597 828 2745 879; x_wconf 88' lang='lat' dir='ltr'><strong>recte</strong></span> <span class='ocrx_word' id='word_1_149' title='bbox 2768 837 2913 878; x_wconf 89' lang='lat' dir='ltr'><strong>nunc</strong></span> <span class='ocrx_word' id='word_1_150' title='bbox 2935 819 3314 894; x_wconf 83' lang='lat' dir='ltr'><strong>cogitationem</strong></span> <span class='ocrx_word' id='word_1_151' title='bbox 3333 832 3394 880; x_wconf 88' lang='lat' dir='ltr'><strong>et</strong></span> <span class='ocrx_word' id='word_1_152' title='bbox 3429 840 3669 881; x_wconf 87' lang='lat' dir='ltr'><strong>sensum</strong></span> <span class='ocrx_word' id='word_1_153' title='bbox 3694 826 3745 881; x_wconf 86' lang='lat' dir='ltr'><strong>in</strong></span> 
     </span>
    </p>
   </div>
   <div class='ocr_carea' id='block_1_21' title="bbox 2153 913 3745 991">
    <p class='ocr_par' dir='ltr' id='par_1_21' title="bbox 2153 913 3745 991">
     <span class='ocr_line' id='line_1_21' title="bbox 2153 913 3745 991; baseline 0 -18"><span class='ocrx_word' id='word_1_154' title='bbox 2153 913 2367 983; x_wconf 84' lang='lat' dir='ltr'><strong>diversa</strong></span> <span class='ocrx_word' id='word_1_155' title='bbox 2391 915 2702 971; x_wconf 81' lang='lat' dir='ltr'><strong>volitantem</strong></span> <span class='ocrx_word' id='word_1_156' title='bbox 2743 915 3070 991; x_wconf 84' lang='lat' dir='ltr'><strong>nuncupavit</strong></span> <span class='ocrx_word' id='word_1_157' title='bbox 3109 914 3345 977; x_wconf 86' lang='lat' dir='ltr'><strong>oculum.</strong></span> <span class='ocrx_word' id='word_1_158' title='bbox 3392 913 3508 971; x_wconf 88' lang='lat' dir='ltr'><strong>Per</strong></span> <span class='ocrx_word' id='word_1_159' title='bbox 3549 916 3745 973; x_wconf 83' lang='lat' dir='ltr'><strong>dexte-</strong></span> 
     </span>
    </p>
   </div>
   <div class='ocr_carea' id='block_1_22' title="bbox 2152 1004 3744 1078">
    <p class='ocr_par' dir='ltr' id='par_1_22' title="bbox 2152 1004 3744 1078">
     <span class='ocr_line' id='line_1_22' title="bbox 2152 1004 3744 1078; baseline 0.003 -20"><span class='ocrx_word' id='word_1_160' title='bbox 2152 1010 2268 1059; x_wconf 82' lang='lat' dir='ltr'><strong>ram</strong></span> <span class='ocrx_word' id='word_1_161' title='bbox 2301 1013 2481 1061; x_wconf 90' lang='lat' dir='ltr'><strong>autem</strong></span> <span class='ocrx_word' id='word_1_162' title='bbox 2502 1014 2558 1062; x_wconf 92' lang='lat' dir='ltr'><strong>et</strong></span> <span class='ocrx_word' id='word_1_163' title='bbox 2583 1015 2811 1063; x_wconf 80' lang='lat' dir='ltr'><strong>caeteras</strong></span> <span class='ocrx_word' id='word_1_164' title='bbox 2834 1004 3077 1077; x_wconf 74' lang='lat' dir='ltr'><strong>corpOris</strong></span> <span class='ocrx_word' id='word_1_165' title='bbox 3098 1015 3301 1078; x_wconf 88' lang='lat' dir='ltr'><strong>partes,</strong></span> <span class='ocrx_word' id='word_1_166' title='bbox 3327 1007 3645 1067; x_wconf 78' lang='lat' dir='ltr'><strong>voluntatis</strong></span> <span class='ocrx_word' id='word_1_167' title='bbox 3671 1018 3744 1062; x_wconf 81' lang='lat' dir='ltr'><strong>at-</strong></span> 
     </span>
    </p>
   </div>
   <div class='ocr_carea' id='block_1_23' title="bbox 2153 1096 3746 1169">
    <p class='ocr_par' dir='ltr' id='par_1_23' title="bbox 2153 1096 3746 1169">
     <span class='ocr_line' id='line_1_23' title="bbox 2153 1096 3746 1169; baseline 0.003 -18"><span class='ocrx_word' id='word_1_168' title='bbox 2153 1110 2259 1169; x_wconf 90' lang='lat' dir='ltr'><strong>que</strong></span> <span class='ocrx_word' id='word_1_169' title='bbox 2304 1096 2591 1153; x_wconf 84' lang='lat' dir='ltr'><strong>affectuum</strong></span> <span class='ocrx_word' id='word_1_170' title='bbox 2619 1097 2770 1153; x_wconf 89' lang='lat' dir='ltr'><strong>initia</strong></span> <span class='ocrx_word' id='word_1_171' title='bbox 2797 1099 3255 1165; x_wconf 86' lang='lat' dir='ltr'><strong>demonstrantur,</strong></span> <span class='ocrx_word' id='word_1_172' title='bbox 3282 1105 3344 1153; x_wconf 92' lang='lat' dir='ltr'><strong>ut</strong></span> <span class='ocrx_word' id='word_1_173' title='bbox 3366 1098 3523 1169; x_wconf 83' lang='lat' dir='ltr'><strong>quod</strong></span> <span class='ocrx_word' id='word_1_174' title='bbox 3570 1109 3746 1156; x_wconf 80' lang='lat' dir='ltr'><strong>mente</strong></span> 
     </span>
    </p>
   </div>
   <div class='ocr_carea' id='block_1_24' title="bbox 2152 1188 3749 1262">
    <p class='ocr_par' dir='ltr' id='par_1_24' title="bbox 2152 1188 3749 1262">
     <span class='ocr_line' id='line_1_24' title="bbox 2152 1188 3749 1262; baseline 0 -16"><span class='ocrx_word' id='word_1_175' title='bbox 2152 1191 2497 1262; x_wconf 90' lang='lat' dir='ltr'><strong>concepimus</strong></span> <span class='ocrx_word' id='word_1_176' title='bbox 2519 1206 2589 1247; x_wconf 91' lang='lat' dir='ltr'><strong>ne</strong></span> <span class='ocrx_word' id='word_1_177' title='bbox 2612 1204 2778 1261; x_wconf 89' lang='lat' dir='ltr'><strong>opere</strong></span> <span class='ocrx_word' id='word_1_178' title='bbox 2805 1188 3192 1262; x_wconf 89' lang='lat' dir='ltr'><strong>compleamus,</strong></span> <span class='ocrx_word' id='word_1_179' title='bbox 3221 1188 3536 1245; x_wconf 83' lang='lat' dir='ltr'><strong>cavendum</strong></span> <span class='ocrx_word' id='word_1_180' title='bbox 3559 1198 3667 1251; x_wconf 85' lang='lat' dir='ltr'><strong>est,</strong></span> <span class='ocrx_word' id='word_1_181' title='bbox 3689 1206 3749 1246; x_wconf 86' lang='lat' dir='ltr'><strong>ne</strong></span> 
     </span>
    </p>
   </div>
   <div class='ocr_carea' id='block_1_25' title="bbox 2153 1279 3747 1355">
    <p class='ocr_par' dir='ltr' id='par_1_25' title="bbox 2153 1279 3747 1355">
     <span class='ocr_line' id='line_1_25' title="bbox 2153 1279 3747 1355; baseline 0.001 -19"><span class='ocrx_word' id='word_1_182' title='bbox 2153 1281 2295 1353; x_wconf 91' lang='lat' dir='ltr'><strong>quod</strong></span> <span class='ocrx_word' id='word_1_183' title='bbox 2321 1284 2375 1337; x_wconf 88' lang='lat' dir='ltr'><strong>in</strong></span> <span class='ocrx_word' id='word_1_184' title='bbox 2396 1281 2555 1339; x_wconf 90' lang='lat' dir='ltr'><strong>nobis</strong></span> <span class='ocrx_word' id='word_1_185' title='bbox 2572 1282 2835 1355; x_wconf 89' lang='lat' dir='ltr'><strong>optimum</strong></span> <span class='ocrx_word' id='word_1_186' title='bbox 2868 1290 2952 1338; x_wconf 92' lang='lat' dir='ltr'><strong>est</strong></span> <span class='ocrx_word' id='word_1_187' title='bbox 2978 1282 3088 1337; x_wconf 90' lang='lat' dir='ltr'><strong>cito</strong></span> <span class='ocrx_word' id='word_1_188' title='bbox 3112 1281 3331 1337; x_wconf 86' lang='lat' dir='ltr'><strong>labatur</strong></span> <span class='ocrx_word' id='word_1_189' title='bbox 3353 1281 3411 1336; x_wconf 87' lang='lat' dir='ltr'><strong>in</strong></span> <span class='ocrx_word' id='word_1_190' title='bbox 3439 1280 3671 1335; x_wconf 79' lang='lat' dir='ltr'><strong>vitium.</strong></span> <span class='ocrx_word' id='word_1_191' title='bbox 3695 1279 3747 1337; x_wconf 82' lang='lat' dir='ltr'><strong>Si</strong></span> 
     </span>
    </p>
   </div>
   <div class='ocr_carea' id='block_1_26' title="bbox 2153 1372 3746 1439">
    <p class='ocr_par' dir='ltr' id='par_1_26' title="bbox 2153 1372 3746 1439">
     <span class='ocr_line' id='line_1_26' title="bbox 2153 1372 3746 1439; baseline -0.002 -10"><span class='ocrx_word' id='word_1_192' title='bbox 2153 1375 2299 1430; x_wconf 88' lang='lat' dir='ltr'><strong>enim</strong></span> <span class='ocrx_word' id='word_1_193' title='bbox 2342 1377 2532 1432; x_wconf 81' lang='lat' dir='ltr'><strong>dexter</strong></span> <span class='ocrx_word' id='word_1_194' title='bbox 2553 1372 2741 1431; x_wconf 90' lang='lat' dir='ltr'><strong>oculus</strong></span> <span class='ocrx_word' id='word_1_195' title='bbox 2779 1381 2835 1430; x_wconf 92' lang='lat' dir='ltr'><strong>et</strong></span> <span class='ocrx_word' id='word_1_196' title='bbox 2870 1373 3089 1430; x_wconf 88' lang='lat' dir='ltr'><strong>dextera</strong></span> <span class='ocrx_word' id='word_1_197' title='bbox 3114 1387 3305 1429; x_wconf 90' lang='lat' dir='ltr'><strong>manus</strong></span> <span class='ocrx_word' id='word_1_198' title='bbox 3349 1372 3746 1439; x_wconf 58' lang='lat' dir='ltr'><strong>scandalizat</strong></span> 
     </span>
    </p>
   </div>
   <div class='ocr_carea' id='block_1_27' title="bbox 2152 1460 3748 1537">
    <p class='ocr_par' dir='ltr' id='par_1_27' title="bbox 2152 1460 3748 1537">
     <span class='ocr_line' id='line_1_27' title="bbox 2152 1460 3748 1537; baseline -0.003 -17"><span class='ocrx_word' id='word_1_199' title='bbox 2152 1474 2356 1537; x_wconf 90' lang='lat' dir='ltr'><strong>quanto</strong></span> <span class='ocrx_word' id='word_1_200' title='bbox 2382 1464 2557 1537; x_wconf 86' lang='lat' dir='ltr'><strong>magis</strong></span> <span class='ocrx_word' id='word_1_201' title='bbox 2580 1479 2645 1522; x_wconf 90' lang='lat' dir='ltr'><strong>ea</strong></span> <span class='ocrx_word' id='word_1_202' title='bbox 2683 1479 2804 1536; x_wconf 65' lang='lat' dir='ltr'><strong>quae</strong></span> <span class='ocrx_word' id='word_1_203' title='bbox 2828 1465 2885 1520; x_wconf 92' lang='lat' dir='ltr'><strong>in</strong></span> <span class='ocrx_word' id='word_1_204' title='bbox 2908 1465 3063 1520; x_wconf 91' lang='lat' dir='ltr'><strong>nobis</strong></span> <span class='ocrx_word' id='word_1_205' title='bbox 3101 1463 3320 1521; x_wconf 87' lang='lat' dir='ltr'><strong>sinistra</strong></span> <span class='ocrx_word' id='word_1_206' title='bbox 3349 1461 3529 1519; x_wconf 76' lang='lat' dir='ltr'><strong>sunt?</strong></span> <span class='ocrx_word' id='word_1_207' title='bbox 3554 1460 3617 1518; x_wconf 86' lang='lat' dir='ltr'><strong>Si</strong></span> <span class='ocrx_word' id='word_1_208' title='bbox 3639 1462 3748 1516; x_wconf 75' lang='lat' dir='ltr'><strong>aui-</strong></span> 
     </span>
    </p>
   </div>
   <div class='ocr_carea' id='block_1_28' title="bbox 2153 1553 3745 1629">
    <p class='ocr_par' dir='ltr' id='par_1_28' title="bbox 2153 1553 3745 1629">
     <span class='ocr_line' id='line_1_28' title="bbox 2153 1553 3745 1629; baseline -0.003 -17"><span class='ocrx_word' id='word_1_209' title='bbox 2153 1572 2241 1612; x_wconf 90' lang='lat' dir='ltr'><strong>ma</strong></span> <span class='ocrx_word' id='word_1_210' title='bbox 2285 1557 2508 1623; x_wconf 86' lang='lat' dir='ltr'><strong>labitur,</strong></span> <span class='ocrx_word' id='word_1_211' title='bbox 2534 1564 2735 1629; x_wconf 87' lang='lat' dir='ltr'><strong>quanto</strong></span> <span class='ocrx_word' id='word_1_212' title='bbox 2757 1555 2880 1628; x_wconf 87' lang='lat' dir='ltr'><strong>plus</strong></span> <span class='ocrx_word' id='word_1_213' title='bbox 2927 1570 3143 1627; x_wconf 88' lang='lat' dir='ltr'><strong>corpus,</strong></span> <span class='ocrx_word' id='word_1_214' title='bbox 3169 1554 3311 1626; x_wconf 89' lang='lat' dir='ltr'><strong>quod</strong></span> <span class='ocrx_word' id='word_1_215' title='bbox 3362 1553 3436 1610; x_wconf 78' lang='lat' dir='ltr'><strong>ad</strong></span> <span class='ocrx_word' id='word_1_216' title='bbox 3464 1561 3745 1625; x_wconf 78' lang='lat' dir='ltr'><strong>peccatu-</strong></span> 
     </span>
    </p>
   </div>
   <div class='ocr_carea' id='block_1_29' title="bbox 2140 1645 3745 1718">
    <p class='ocr_par' dir='ltr' id='par_1_29' title="bbox 2140 1645 3745 1718">
     <span class='ocr_line' id='line_1_29' title="bbox 2140 1645 3745 1718; baseline -0.002 -18"><span class='ocrx_word' id='word_1_217' title='bbox 2140 1646 2474 1718; x_wconf 81' lang='lat' dir='ltr'><strong>proclivius?</strong></span> <span class='ocrx_word' id='word_1_218' title='bbox 2499 1645 2679 1717; x_wconf 62' lang='lat' dir='ltr'><strong>(Aug)</strong></span> <span class='ocrx_word' id='word_1_219' title='bbox 2698 1646 2920 1702; x_wconf 85' lang='lat' dir='ltr'><strong>Videtur</strong></span> <span class='ocrx_word' id='word_1_220' title='bbox 2944 1645 3076 1700; x_wconf 88' lang='lat' dir='ltr'><strong>mihi</strong></span> <span class='ocrx_word' id='word_1_221' title='bbox 3100 1659 3206 1700; x_wconf 90' lang='lat' dir='ltr'><strong>non</strong></span> <span class='ocrx_word' id='word_1_222' title='bbox 3232 1645 3553 1715; x_wconf 78' lang='lat' dir='ltr'><strong>incongrue</strong></span> <span class='ocrx_word' id='word_1_223' title='bbox 3580 1645 3745 1715; x_wconf 81' lang='lat' dir='ltr'><strong>accipi</strong></span> 
     </span>
    </p>
   </div>
   <div class='ocr_carea' id='block_1_30' title="bbox 2152 1734 3743 1803">
    <p class='ocr_par' dir='ltr' id='par_1_30' title="bbox 2152 1734 3743 1803">
     <span class='ocr_line' id='line_1_30' title="bbox 2152 1734 3743 1803; baseline -0.003 -8"><span class='ocrx_word' id='word_1_224' title='bbox 2152 1738 2347 1795; x_wconf 77' lang='lat' dir='ltr'><strong>debere</strong></span> <span class='ocrx_word' id='word_1_225' title='bbox 2372 1739 2475 1794; x_wconf 92' lang='lat' dir='ltr'><strong>hoc</strong></span> <span class='ocrx_word' id='word_1_226' title='bbox 2498 1737 2616 1794; x_wconf 88' lang='lat' dir='ltr'><strong>loco</strong></span> <span class='ocrx_word' id='word_1_227' title='bbox 2637 1736 2870 1803; x_wconf 92' lang='lat' dir='ltr'><strong>oculum,</strong></span> <span class='ocrx_word' id='word_1_228' title='bbox 2886 1736 3290 1793; x_wconf 87' lang='lat' dir='ltr'><strong>dilectissimum</strong></span> <span class='ocrx_word' id='word_1_229' title='bbox 3318 1736 3598 1792; x_wconf 85' lang='lat' dir='ltr'><strong>amicum.</strong></span> <span class='ocrx_word' id='word_1_230' title='bbox 3624 1734 3743 1790; x_wconf 70' lang='lat' dir='ltr'><strong>Nam</strong></span> 
     </span>
    </p>
   </div>
   <div class='ocr_carea' id='block_1_31' title="bbox 470 1819 3744 1901">
    <p class='ocr_par' dir='ltr' id='par_1_31' title="bbox 470 1819 3744 1901">
     <span class='ocr_line' id='line_1_31' title="bbox 470 1819 3744 1901; baseline 0.002 -22"><span class='ocrx_word' id='word_1_231' title='bbox 470 1825 618 1873; x_wconf 64' lang='lat' dir='ltr'><strong>teres</strong></span> <span class='ocrx_word' id='word_1_232' title='bbox 650 1827 973 1888; x_wconf 76' lang='lat' dir='ltr'><strong>posuerunt,</strong></span> <span class='ocrx_word' id='word_1_233' title='bbox 1004 1819 1149 1891; x_wconf 82' lang='lat' dir='ltr'><strong>quod</strong></span> <span class='ocrx_word' id='word_1_234' title='bbox 1188 1819 1419 1875; x_wconf 63' lang='lat' dir='ltr'><strong>alterum</strong></span> <span class='ocrx_word' id='word_1_235' title='bbox 1445 1820 1891 1892; x_wconf 67' lang='grc' dir='ltr'><strong>ριόριεδὶοηθιη,</strong></span> <span class='ocrx_word' id='word_1_236' title='bbox 1919 1820 2052 1876; x_wconf 66' lang='lat' dir='ltr'><strong>alle-</strong></span> <span class='ocrx_word' id='word_1_237' title='bbox 2090 1900 2093 1901; x_wconf 17' lang='grc' dir='ltr'><em>ν</em></span> <span class='ocrx_word' id='word_1_238' title='bbox 2152 1831 2258 1887; x_wconf 86' lang='lat' dir='ltr'><strong>hoc</strong></span> <span class='ocrx_word' id='word_1_239' title='bbox 2301 1837 2387 1887; x_wconf 89' lang='lat' dir='ltr'><strong>est</strong></span> <span class='ocrx_word' id='word_1_240' title='bbox 2424 1830 2608 1901; x_wconf 88' lang='lat' dir='ltr'><strong>utique</strong></span> <span class='ocrx_word' id='word_1_241' title='bbox 2653 1828 2796 1900; x_wconf 90' lang='lat' dir='ltr'><strong>quod</strong></span> <span class='ocrx_word' id='word_1_242' title='bbox 2820 1831 3124 1884; x_wconf 86' lang='lat' dir='ltr'><strong>membrum</strong></span> <span class='ocrx_word' id='word_1_243' title='bbox 3165 1837 3313 1884; x_wconf 90' lang='lat' dir='ltr'><strong>recte</strong></span> <span class='ocrx_word' id='word_1_244' title='bbox 3341 1830 3744 1900; x_wconf 59' lang='lat' dir='ltr'><strong>possimus»—</strong></span> 
     </span>
    </p>
   </div>
   <div class='ocr_carea' id='block_1_32' title="bbox 471 1900 3745 1995">
    <p class='ocr_par' dir='ltr' id='par_1_32' title="bbox 471 1900 3745 1995">
     <span class='ocr_line' id='line_1_32' title="bbox 471 1900 3745 1995; baseline 0.004 -35"><span class='ocrx_word' id='word_1_245' title='bbox 471 1921 593 1961; x_wconf 83' lang='lat' dir='ltr'><strong>rum</strong></span> <span class='ocrx_word' id='word_1_246' title='bbox 621 1922 751 1965; x_wconf 85' lang='lat' dir='ltr'><strong>vero</strong></span> <span class='ocrx_word' id='word_1_247' title='bbox 775 1909 1085 1981; x_wconf 80' lang='lat' dir='ltr'><strong>passionem</strong></span> <span class='ocrx_word' id='word_1_248' title='bbox 1116 1909 1535 1967; x_wconf 79' lang='lat' dir='ltr'><strong>nominaverint.</strong></span> <span class='ocrx_word' id='word_1_249' title='bbox 1566 1908 1713 1966; x_wconf 84' lang='lat' dir='ltr'><strong>inter</strong></span> <span class='ocrx_word' id='word_1_250' title='bbox 1742 1910 2049 1982; x_wconf 87' lang='lat' dir='ltr'><strong>passionem</strong></span> <span class='ocrx_word' id='word_1_251' title='bbox 2076 1900 2126 1965; x_wconf 89' lang='lat' dir='ltr'><strong>B</strong></span> <span class='ocrx_word' id='word_1_252' title='bbox 2151 1921 2372 1995; x_wconf 62' lang='lat' dir='ltr'><strong>penam,</strong></span> <span class='ocrx_word' id='word_1_253' title='bbox 2401 1923 2546 1995; x_wconf 73' lang='lat' dir='ltr'><strong>quod</strong></span> <span class='ocrx_word' id='word_1_254' title='bbox 2571 1924 2917 1979; x_wconf 64' lang='lat' dir='ltr'><strong>vehementer</strong></span> <span class='ocrx_word' id='word_1_255' title='bbox 2956 1919 3247 1993; x_wconf 72' lang='lat' dir='ltr'><strong>diligimus,</strong></span> <span class='ocrx_word' id='word_1_256' title='bbox 3271 1931 3327 1976; x_wconf 82' lang='lat' dir='ltr'><strong>et</strong></span> <span class='ocrx_word' id='word_1_257' title='bbox 3354 1920 3553 1992; x_wconf 81' lang='lat' dir='ltr'><strong>ipsum</strong></span> <span class='ocrx_word' id='word_1_258' title='bbox 3585 1921 3745 1977; x_wconf 82' lang='lat' dir='ltr'><strong>oonsi-</strong></span> 
     </span>
    </p>
   </div>
   <div class='ocr_carea' id='block_1_33' title="bbox 470 2004 2049 2076">
    <p class='ocr_par' dir='ltr' id='par_1_33' title="bbox 470 2004 2049 2076">
     <span class='ocr_line' id='line_1_33' title="bbox 470 2004 2049 2076; baseline 0.004 -21"><span class='ocrx_word' id='word_1_259' title='bbox 470 2009 654 2057; x_wconf 84' lang='lat' dir='ltr'><strong>autem</strong></span> <span class='ocrx_word' id='word_1_260' title='bbox 674 2011 731 2058; x_wconf 79' lang='lat' dir='ltr'><strong>et</strong></span> <span class='ocrx_word' id='word_1_261' title='bbox 750 2004 1159 2076; x_wconf 88' lang='lat' dir='ltr'><strong>propassionem</strong></span> <span class='ocrx_word' id='word_1_262' title='bbox 1178 2005 1287 2062; x_wconf 84' lang='lat' dir='ltr'><strong>hoc</strong></span> <span class='ocrx_word' id='word_1_263' title='bbox 1302 2004 1537 2061; x_wconf 84' lang='lat' dir='ltr'><strong>interest</strong></span> <span class='ocrx_word' id='word_1_264' title='bbox 1556 2045 1572 2072; x_wconf 92' lang='lat'><strong>,</strong></span> <span class='ocrx_word' id='word_1_265' title='bbox 1595 2006 1737 2076; x_wconf 92' lang='lat' dir='ltr'><strong>quod</strong></span> <span class='ocrx_word' id='word_1_266' title='bbox 1756 2005 1939 2076; x_wconf 89' lang='lat' dir='ltr'><strong>passio</strong></span> <span class='ocrx_word' id='word_1_267' title='bbox 1965 2020 2049 2061; x_wconf 90' lang='lat' dir='ltr'><strong>re-</strong></span> 
     </span>
    </p>
   </div>
   <div class='ocr_carea' id='block_1_34' title="bbox 469 2094 2058 2171">
    <p class='ocr_par' dir='ltr' id='par_1_34' title="bbox 469 2094 2058 2171">
     <span class='ocr_line' id='line_1_34' title="bbox 469 2094 2058 2171; baseline 0.003 -22"><span class='ocrx_word' id='word_1_268' title='bbox 469 2100 693 2164; x_wconf 78' lang='lat' dir='ltr'><strong>putatur</strong></span> <span class='ocrx_word' id='word_1_269' title='bbox 720 2097 777 2151; x_wconf 87' lang='lat' dir='ltr'><strong>in</strong></span> <span class='ocrx_word' id='word_1_270' title='bbox 800 2096 932 2153; x_wconf 90' lang='lat' dir='ltr'><strong>vitio</strong></span> <span class='ocrx_word' id='word_1_271' title='bbox 947 2139 962 2163; x_wconf 90' lang='lat'><strong>,</strong></span> <span class='ocrx_word' id='word_1_272' title='bbox 991 2098 1301 2171; x_wconf 86' lang='lat' dir='ltr'><strong>propassio,</strong></span> <span class='ocrx_word' id='word_1_273' title='bbox 1330 2096 1460 2156; x_wconf 84' lang='lat' dir='ltr'><strong>licet</strong></span> <span class='ocrx_word' id='word_1_274' title='bbox 1481 2094 1693 2170; x_wconf 88' lang='lat' dir='ltr'><strong>culpam</strong></span> <span class='ocrx_word' id='word_1_275' title='bbox 1715 2097 1936 2165; x_wconf 82' lang='lat' dir='ltr'><strong>habeat,</strong></span> <span class='ocrx_word' id='word_1_276' title='bbox 1966 2094 2058 2153; x_wconf 88' lang='lat' dir='ltr'><strong>ta-&#39;</strong></span> 
     </span>
    </p>
   </div>
   <div class='ocr_carea' id='block_1_35' title="bbox 470 2188 2048 2261">
    <p class='ocr_par' dir='ltr' id='par_1_35' title="bbox 470 2188 2048 2261">
     <span class='ocr_line' id='line_1_35' title="bbox 470 2188 2048 2261; baseline 0.004 -24"><span class='ocrx_word' id='word_1_277' title='bbox 470 2197 600 2238; x_wconf 85' lang='lat' dir='ltr'><strong>men</strong></span> <span class='ocrx_word' id='word_1_278' title='bbox 637 2199 745 2241; x_wconf 92' lang='lat' dir='ltr'><strong>non</strong></span> <span class='ocrx_word' id='word_1_279' title='bbox 779 2192 997 2243; x_wconf 85' lang='lat' dir='ltr'><strong>tenetur</strong></span> <span class='ocrx_word' id='word_1_280' title='bbox 1022 2188 1078 2243; x_wconf 90' lang='lat' dir='ltr'><strong>in</strong></span> <span class='ocrx_word' id='word_1_281' title='bbox 1107 2188 1356 2246; x_wconf 88' lang='lat' dir='ltr'><strong>crimine.</strong></span> <span class='ocrx_word' id='word_1_282' title='bbox 1396 2188 1541 2261; x_wconf 87' lang='lat' dir='ltr'><strong>Ergo</strong></span> <span class='ocrx_word' id='word_1_283' title='bbox 1569 2191 1661 2261; x_wconf 86' lang='lat' dir='ltr'><strong>qui</strong></span> <span class='ocrx_word' id='word_1_284' title='bbox 1699 2190 1895 2245; x_wconf 88' lang='lat' dir='ltr'><strong>viderit</strong></span> <span class='ocrx_word' id='word_1_285' title='bbox 1929 2204 2048 2245; x_wconf 87' lang='lat' dir='ltr'><strong>mu-</strong></span> 
     </span>
    </p>
   </div>
   <div class='ocr_carea' id='block_1_36' title="bbox 466 2275 2050 2354">
    <p class='ocr_par' dir='ltr' id='par_1_36' title="bbox 466 2275 2050 2354">
     <span class='ocr_line' id='line_1_36' title="bbox 466 2275 2050 2354; baseline 0.003 -21"><span class='ocrx_word' id='word_1_286' title='bbox 466 2275 654 2334; x_wconf 88' lang='lat' dir='ltr'><strong>lierem</strong></span> <span class='ocrx_word' id='word_1_287' title='bbox 678 2287 733 2335; x_wconf 89' lang='lat' dir='ltr'><strong>et</strong></span> <span class='ocrx_word' id='word_1_288' title='bbox 756 2280 938 2337; x_wconf 89' lang='lat' dir='ltr'><strong>anima</strong></span> <span class='ocrx_word' id='word_1_289' title='bbox 966 2281 1084 2354; x_wconf 82' lang='lat' dir='ltr'><strong>ejus</strong></span> <span class='ocrx_word' id='word_1_290' title='bbox 1106 2279 1274 2338; x_wconf 87' lang='lat' dir='ltr'><strong>fuerit</strong></span> <span class='ocrx_word' id='word_1_291' title='bbox 1303 2281 1517 2338; x_wconf 88' lang='lat' dir='ltr'><strong>titillata</strong></span> <span class='ocrx_word' id='word_1_292' title='bbox 1535 2322 1550 2348; x_wconf 93' lang='lat'><strong>,</strong></span> <span class='ocrx_word' id='word_1_293' title='bbox 1580 2281 1671 2337; x_wconf 87' lang='lat' dir='ltr'><strong>hic</strong></span> <span class='ocrx_word' id='word_1_294' title='bbox 1696 2281 2050 2353; x_wconf 90' lang='lat' dir='ltr'><strong>propassione</strong></span> 
     </span>
    </p>
   </div>
   <div class='ocr_carea' id='block_1_37' title="bbox 465 2372 2049 2448">
    <p class='ocr_par' dir='ltr' id='par_1_37' title="bbox 465 2372 2049 2448">
     <span class='ocr_line' id='line_1_37' title="bbox 465 2372 2049 2448; baseline 0.004 -23"><span class='ocrx_word' id='word_1_295' title='bbox 465 2385 754 2440; x_wconf 87' lang='lat' dir='ltr'><strong>percussus</strong></span> <span class='ocrx_word' id='word_1_296' title='bbox 780 2383 883 2429; x_wconf 90' lang='lat' dir='ltr'><strong>est.</strong></span> <span class='ocrx_word' id='word_1_297' title='bbox 911 2372 970 2429; x_wconf 88' lang='lat' dir='ltr'><strong>Si</strong></span> <span class='ocrx_word' id='word_1_298' title='bbox 995 2390 1125 2431; x_wconf 86' lang='lat' dir='ltr'><strong>vero</strong></span> <span class='ocrx_word' id='word_1_299' title='bbox 1152 2374 1520 2440; x_wconf 89' lang='lat' dir='ltr'><strong>consenserit,</strong></span> <span class='ocrx_word' id='word_1_300' title='bbox 1550 2382 1606 2429; x_wconf 89' lang='lat' dir='ltr'><strong>et</strong></span> <span class='ocrx_word' id='word_1_301' title='bbox 1633 2374 1699 2430; x_wconf 92' lang='lat' dir='ltr'><strong>de</strong></span> <span class='ocrx_word' id='word_1_302' title='bbox 1726 2376 2049 2448; x_wconf 78' lang='lat' dir='ltr'><strong>cogitatione</strong></span> 
     </span>
    </p>
   </div>
   <div class='ocr_carea' id='block_1_38' title="bbox 468 2457 2051 2537">
    <p class='ocr_par' dir='ltr' id='par_1_38' title="bbox 468 2457 2051 2537">
     <span class='ocr_line' id='line_1_38' title="bbox 468 2457 2051 2537; baseline 0.005 -24"><span class='ocrx_word' id='word_1_303' title='bbox 468 2457 722 2516; x_wconf 77' lang='lat' dir='ltr'><strong>aﬂ‘ectum</strong></span> <span class='ocrx_word' id='word_1_304' title='bbox 744 2460 968 2530; x_wconf 90' lang='lat' dir='ltr'><strong>fecerit,</strong></span> <span class='ocrx_word' id='word_1_305' title='bbox 992 2463 1134 2520; x_wconf 88' lang='lat' dir='ltr'><strong>sicut</strong></span> <span class='ocrx_word' id='word_1_306' title='bbox 1157 2466 1420 2537; x_wconf 87' lang='lat' dir='ltr'><strong>scriptum</strong></span> <span class='ocrx_word' id='word_1_307' title='bbox 1440 2475 1523 2521; x_wconf 90' lang='lat' dir='ltr'><strong>est</strong></span> <span class='ocrx_word' id='word_1_308' title='bbox 1544 2466 1601 2520; x_wconf 92' lang='lat' dir='ltr'><strong>in</strong></span> <span class='ocrx_word' id='word_1_309' title='bbox 1620 2465 1789 2521; x_wconf 88' lang='lat' dir='ltr'><strong>David</strong></span> <span class='ocrx_word' id='word_1_310' title='bbox 1812 2481 1826 2521; x_wconf 88' lang='lat'><strong>:</strong></span> <span class='ocrx_word' id='word_1_311' title='bbox 1854 2465 2051 2522; x_wconf 85' lang='lat' dir='ltr'><strong>Trans-</strong></span> 
     </span>
    </p>
   </div>
   <div class='ocr_carea' id='block_1_39' title="bbox 463 2553 2051 2633">
    <p class='ocr_par' dir='ltr' id='par_1_39' title="bbox 463 2553 2051 2633">
     <span class='ocr_line' id='line_1_39' title="bbox 463 2553 2051 2633; baseline 0.006 -26"><span class='ocrx_word' id='word_1_312' title='bbox 463 2553 636 2609; x_wconf 83' lang='lat' dir='ltr'><strong>ierunt</strong></span> <span class='ocrx_word' id='word_1_313' title='bbox 674 2556 731 2611; x_wconf 87' lang='lat' dir='ltr'><strong>in</strong></span> <span class='ocrx_word' id='word_1_314' title='bbox 774 2558 1020 2627; x_wconf 77' lang='lat' dir='ltr'><strong>affectum</strong></span> <span class='ocrx_word' id='word_1_315' title='bbox 1048 2559 1222 2614; x_wconf 81' lang='lat' dir='ltr'><strong>cordis</strong></span> <span class='ocrx_word' id='word_1_316' title='bbox 1254 2555 1446 2631; x_wconf 82' lang='lat' dir='ltr'><strong>(Psal.</strong></span> <span class='ocrx_word' id='word_1_317' title='bbox 1472 2575 1621 2616; x_wconf 78' lang='lat' dir='ltr'><strong>Lxxn</strong></span> <span class='ocrx_word' id='word_1_318' title='bbox 1642 2559 1663 2632; x_wconf 89' lang='lat'><strong>)</strong></span> <span class='ocrx_word' id='word_1_319' title='bbox 1687 2600 1703 2627; x_wconf 91' lang='lat'><strong>,</strong></span> <span class='ocrx_word' id='word_1_320' title='bbox 1735 2559 1803 2617; x_wconf 90' lang='lat' dir='ltr'><strong>de</strong></span> <span class='ocrx_word' id='word_1_321' title='bbox 1826 2575 2051 2633; x_wconf 85' lang='lat' dir='ltr'><strong>propas-</strong></span> 
     </span>
    </p>
   </div>
   <div class='ocr_carea' id='block_1_40' title="bbox 465 2648 2049 2724">
    <p class='ocr_par' dir='ltr' id='par_1_40' title="bbox 465 2648 2049 2724">
     <span class='ocr_line' id='line_1_40' title="bbox 465 2648 2049 2724; baseline 0.004 -22"><span class='ocrx_word' id='word_1_322' title='bbox 465 2648 619 2704; x_wconf 90' lang='lat' dir='ltr'><strong>sione</strong></span> <span class='ocrx_word' id='word_1_323' title='bbox 653 2650 906 2706; x_wconf 87' lang='lat' dir='ltr'><strong>transivit</strong></span> <span class='ocrx_word' id='word_1_324' title='bbox 940 2652 1008 2708; x_wconf 91' lang='lat' dir='ltr'><strong>ad</strong></span> <span class='ocrx_word' id='word_1_325' title='bbox 1035 2652 1365 2724; x_wconf 83' lang='lat' dir='ltr'><strong>passionem.</strong></span> <span class='ocrx_word' id='word_1_326' title='bbox 1404 2653 1473 2710; x_wconf 87' lang='lat' dir='ltr'><strong>Et</strong></span> <span class='ocrx_word' id='word_1_327' title='bbox 1503 2653 1632 2711; x_wconf 89' lang='lat' dir='ltr'><strong>huic</strong></span> <span class='ocrx_word' id='word_1_328' title='bbox 1661 2669 1771 2709; x_wconf 90' lang='lat' dir='ltr'><strong>non</strong></span> <span class='ocrx_word' id='word_1_329' title='bbox 1799 2650 2049 2709; x_wconf 84' lang='lat' dir='ltr'><strong>voluntas</strong></span> 
     </span>
    </p>
   </div>
   <div class='ocr_carea' id='block_1_41' title="bbox 463 2740 2050 2816">
    <p class='ocr_par' dir='ltr' id='par_1_41' title="bbox 463 2740 2050 2816">
     <span class='ocr_line' id='line_1_41' title="bbox 463 2740 2050 2816; baseline 0.003 -22"><span class='ocrx_word' id='word_1_330' title='bbox 463 2740 674 2809; x_wconf 87' lang='lat' dir='ltr'><strong>peccati</strong></span> <span class='ocrx_word' id='word_1_331' title='bbox 704 2741 883 2808; x_wconf 89' lang='lat' dir='ltr'><strong>deest,</strong></span> <span class='ocrx_word' id='word_1_332' title='bbox 916 2743 1012 2799; x_wconf 90' lang='lat' dir='ltr'><strong>sed</strong></span> <span class='ocrx_word' id='word_1_333' title='bbox 1042 2744 1278 2800; x_wconf 90' lang='lat' dir='ltr'><strong>occasio.</strong></span> <span class='ocrx_word' id='word_1_334' title='bbox 1312 2742 1632 2816; x_wconf 88' lang='lat' dir='ltr'><strong>Quicunque</strong></span> <span class='ocrx_word' id='word_1_335' title='bbox 1657 2744 1823 2816; x_wconf 82' lang='lat' dir='ltr'><strong>igitur</strong></span> <span class='ocrx_word' id='word_1_336' title='bbox 1852 2742 2050 2799; x_wconf 87' lang='lat' dir='ltr'><strong>viderit</strong></span> 
     </span>
    </p>
   </div>
   <div class='ocr_carea' id='block_1_42' title="bbox 462 2829 2049 2905">
    <p class='ocr_par' dir='ltr' id='par_1_42' title="bbox 462 2829 2049 2905">
     <span class='ocr_line' id='line_1_42' title="bbox 462 2829 2049 2905; baseline 0.005 -23"><span class='ocrx_word' id='word_1_337' title='bbox 462 2829 748 2887; x_wconf 85' lang='lat' dir='ltr'><strong>mulierem</strong></span> <span class='ocrx_word' id='word_1_338' title='bbox 778 2834 846 2888; x_wconf 89' lang='lat' dir='ltr'><strong>ad</strong></span> <span class='ocrx_word' id='word_1_339' title='bbox 873 2835 1364 2905; x_wconf 90' lang='lat' dir='ltr'><strong>concupiscendum</strong></span> <span class='ocrx_word' id='word_1_340' title='bbox 1386 2876 1402 2902; x_wconf 97' lang='lat'><strong>,</strong></span> <span class='ocrx_word' id='word_1_341' title='bbox 1441 2836 1496 2891; x_wconf 92' lang='lat' dir='ltr'><strong>id</strong></span> <span class='ocrx_word' id='word_1_342' title='bbox 1533 2843 1652 2902; x_wconf 88' lang='lat' dir='ltr'><strong>est,</strong></span> <span class='ocrx_word' id='word_1_343' title='bbox 1692 2834 1738 2891; x_wconf 85' lang='lat' dir='ltr'><strong>si</strong></span> <span class='ocrx_word' id='word_1_344' title='bbox 1773 2835 1855 2891; x_wconf 88' lang='lat' dir='ltr'><strong>sic</strong></span> <span class='ocrx_word' id='word_1_345' title='bbox 1891 2849 2049 2903; x_wconf 83' lang='lat' dir='ltr'><strong>aspe-</strong></span> 
     </span>
    </p>
   </div>
   <div class='ocr_carea' id='block_1_43' title="bbox 458 2920 2048 2996">
    <p class='ocr_par' dir='ltr' id='par_1_43' title="bbox 458 2920 2048 2996">
     <span class='ocr_line' id='line_1_43' title="bbox 458 2920 2048 2996; baseline 0.007 -22"><span class='ocrx_word' id='word_1_346' title='bbox 458 2920 634 2987; x_wconf 90' lang='lat' dir='ltr'><strong>xerit,</strong></span> <span class='ocrx_word' id='word_1_347' title='bbox 660 2930 720 2976; x_wconf 91' lang='lat' dir='ltr'><strong>ut</strong></span> <span class='ocrx_word' id='word_1_348' title='bbox 742 2923 1127 2994; x_wconf 89' lang='lat' dir='ltr'><strong>concupiscat,</strong></span> <span class='ocrx_word' id='word_1_349' title='bbox 1156 2933 1218 2979; x_wconf 85' lang='lat' dir='ltr'><strong>ut</strong></span> <span class='ocrx_word' id='word_1_350' title='bbox 1246 2923 1428 2981; x_wconf 89' lang='lat' dir='ltr'><strong>facere</strong></span> <span class='ocrx_word' id='word_1_351' title='bbox 1455 2923 1872 2996; x_wconf 88' lang='lat' dir='ltr'><strong>disponat,-iste</strong></span> <span class='ocrx_word' id='word_1_352' title='bbox 1900 2934 2048 2985; x_wconf 81' lang='lat' dir='ltr'><strong>recte</strong></span> 
     </span>
    </p>
   </div>
   <div class='ocr_carea' id='block_1_44' title="bbox 457 3014 2049 3092">
    <p class='ocr_par' dir='ltr' id='par_1_44' title="bbox 457 3014 2049 3092">
     <span class='ocr_line' id='line_1_44' title="bbox 457 3014 2049 3092; baseline 0.005 -25"><span class='ocrx_word' id='word_1_353' title='bbox 457 3014 742 3069; x_wconf 72' lang='lat' dir='ltr'><strong>machatus</strong></span> <span class='ocrx_word' id='word_1_354' title='bbox 786 3032 901 3071; x_wconf 90' lang='lat' dir='ltr'><strong>eam</strong></span> <span class='ocrx_word' id='word_1_355' title='bbox 943 3016 1146 3073; x_wconf 88' lang='lat' dir='ltr'><strong>dicitur</strong></span> <span class='ocrx_word' id='word_1_356' title='bbox 1187 3019 1244 3075; x_wconf 81' lang='lat' dir='ltr'><strong>in</strong></span> <span class='ocrx_word' id='word_1_357' title='bbox 1285 3018 1442 3074; x_wconf 88' lang='lat' dir='ltr'><strong>corde</strong></span> <span class='ocrx_word' id='word_1_358' title='bbox 1481 3034 1599 3074; x_wconf 86' lang='lat' dir='ltr'><strong>suo.</strong></span> <span class='ocrx_word' id='word_1_359' title='bbox 1640 3017 1863 3092; x_wconf 84' lang='lat' dir='ltr'><strong>(Aug.)</strong></span> <span class='ocrx_word' id='word_1_360' title='bbox 1895 3017 2049 3076; x_wconf 85' lang='lat' dir='ltr'><strong>Sicut</strong></span> 
     </span>
    </p>
   </div>
   <div class='ocr_carea' id='block_1_45' title="bbox 457 3106 2045 3189">
    <p class='ocr_par' dir='ltr' id='par_1_45' title="bbox 457 3106 2045 3189">
     <span class='ocr_line' id='line_1_45' title="bbox 457 3106 2045 3189; baseline 0.006 -29"><span class='ocrx_word' id='word_1_361' title='bbox 457 3119 589 3177; x_wconf 87' lang='lat' dir='ltr'><strong>ergo</strong></span> <span class='ocrx_word' id='word_1_362' title='bbox 618 3106 793 3163; x_wconf 86' lang='lat' dir='ltr'><strong>tribus</strong></span> <span class='ocrx_word' id='word_1_363' title='bbox 822 3109 1080 3180; x_wconf 86' lang='lat' dir='ltr'><strong>gradibus</strong></span> <span class='ocrx_word' id='word_1_364' title='bbox 1127 3110 1193 3167; x_wconf 87' lang='lat' dir='ltr'><strong>ad</strong></span> <span class='ocrx_word' id='word_1_365' title='bbox 1236 3120 1520 3181; x_wconf 86' lang='lat' dir='ltr'><strong>peccatum</strong></span> <span class='ocrx_word' id='word_1_366' title='bbox 1564 3112 1882 3189; x_wconf 88' lang='lat' dir='ltr'><strong>pervenitur</strong></span> <span class='ocrx_word' id='word_1_367' title='bbox 1921 3128 2045 3183; x_wconf 85' lang='lat' dir='ltr'><strong>sug-</strong></span> 
     </span>
    </p>
   </div>
   <div class='ocr_carea' id='block_1_46' title="bbox 457 3194 2042 3273">
    <p class='ocr_par' dir='ltr' id='par_1_46' title="bbox 457 3194 2042 3273">
     <span class='ocr_line' id='line_1_46' title="bbox 457 3194 2042 3273; baseline 0.006 -24"><span class='ocrx_word' id='word_1_368' title='bbox 457 3194 703 3268; x_wconf 88' lang='lat' dir='ltr'><strong>gestione</strong></span> <span class='ocrx_word' id='word_1_369' title='bbox 726 3239 743 3265; x_wconf 96' lang='lat'><strong>,</strong></span> <span class='ocrx_word' id='word_1_370' title='bbox 775 3197 1136 3257; x_wconf 86' lang='lat' dir='ltr'><strong>delectatione</strong></span> <span class='ocrx_word' id='word_1_371' title='bbox 1154 3242 1170 3268; x_wconf 95' lang='lat'><strong>,</strong></span> <span class='ocrx_word' id='word_1_372' title='bbox 1200 3201 1589 3270; x_wconf 90' lang='lat' dir='ltr'><strong>consensione,</strong></span> <span class='ocrx_word' id='word_1_373' title='bbox 1622 3201 1702 3257; x_wconf 89' lang='lat' dir='ltr'><strong>ita</strong></span> <span class='ocrx_word' id='word_1_374' title='bbox 1732 3201 1888 3258; x_wconf 88' lang='lat' dir='ltr'><strong>istius</strong></span> <span class='ocrx_word' id='word_1_375' title='bbox 1916 3217 2042 3273; x_wconf 90' lang='lat' dir='ltr'><strong>pec-</strong></span> 
     </span>
    </p>
   </div>
   <div class='ocr_carea' id='block_1_47' title="bbox 2148 2011 3741 2085">
    <p class='ocr_par' dir='ltr' id='par_1_47' title="bbox 2148 2011 3741 2085">
     <span class='ocr_line' id='line_1_47' title="bbox 2148 2011 3741 2085; baseline -0.001 -17"><span class='ocrx_word' id='word_1_376' title='bbox 2148 2013 2386 2079; x_wconf 89' lang='lat' dir='ltr'><strong>liarium,</strong></span> <span class='ocrx_word' id='word_1_377' title='bbox 2413 2014 2540 2085; x_wconf 87' lang='lat' dir='ltr'><strong>quia</strong></span> <span class='ocrx_word' id='word_1_378' title='bbox 2574 2013 2762 2071; x_wconf 87' lang='lat' dir='ltr'><strong>oculus</strong></span> <span class='ocrx_word' id='word_1_379' title='bbox 2791 2022 2876 2070; x_wconf 90' lang='lat' dir='ltr'><strong>est</strong></span> <span class='ocrx_word' id='word_1_380' title='bbox 2918 2021 3179 2083; x_wconf 84' lang='lat' dir='ltr'><strong>tanquam</strong></span> <span class='ocrx_word' id='word_1_381' title='bbox 3199 2011 3605 2068; x_wconf 81' lang='lat' dir='ltr'><strong>demonstrans</strong></span> <span class='ocrx_word' id='word_1_382' title='bbox 3636 2011 3741 2067; x_wconf 80' lang='lat' dir='ltr'><strong>iter.</strong></span> 
     </span>
    </p>
   </div>
   <div class='ocr_carea' id='block_1_48' title="bbox 2149 2103 3743 2175">
    <p class='ocr_par' dir='ltr' id='par_1_48' title="bbox 2149 2103 3743 2175">
     <span class='ocr_line' id='line_1_48' title="bbox 2149 2103 3743 2175; baseline -0.001 -15"><span class='ocrx_word' id='word_1_383' title='bbox 2149 2104 2217 2160; x_wconf 87' lang='lat' dir='ltr'><strong>Et</strong></span> <span class='ocrx_word' id='word_1_384' title='bbox 2236 2106 2293 2160; x_wconf 93' lang='lat' dir='ltr'><strong>in</strong></span> <span class='ocrx_word' id='word_1_385' title='bbox 2321 2104 2485 2161; x_wconf 88' lang='lat' dir='ltr'><strong>rebus</strong></span> <span class='ocrx_word' id='word_1_386' title='bbox 2508 2105 2723 2172; x_wconf 85' lang='lat' dir='ltr'><strong>divinis,</strong></span> <span class='ocrx_word' id='word_1_387' title='bbox 2746 2104 2876 2175; x_wconf 87' lang='lat' dir='ltr'><strong>quia</strong></span> <span class='ocrx_word' id='word_1_388' title='bbox 2904 2103 3096 2160; x_wconf 89' lang='lat' dir='ltr'><strong>dexter</strong></span> <span class='ocrx_word' id='word_1_389' title='bbox 3118 2111 3205 2159; x_wconf 87' lang='lat' dir='ltr'><strong>est</strong></span> <span class='ocrx_word' id='word_1_390' title='bbox 3226 2144 3243 2169; x_wconf 86' lang='lat'><strong>,</strong></span> <span class='ocrx_word' id='word_1_391' title='bbox 3297 2110 3365 2158; x_wconf 88' lang='lat' dir='ltr'><strong>ut</strong></span> <span class='ocrx_word' id='word_1_392' title='bbox 3413 2103 3650 2159; x_wconf 77' lang='lat' dir='ltr'><strong>sinister</strong></span> <span class='ocrx_word' id='word_1_393' title='bbox 3686 2106 3743 2159; x_wconf 72' lang='lat' dir='ltr'><strong>sit</strong></span> 
     </span>
    </p>
   </div>
   <div class='ocr_carea' id='block_1_49' title="bbox 2149 2194 3743 2268">
    <p class='ocr_par' dir='ltr' id='par_1_49' title="bbox 2149 2194 3743 2268">
     <span class='ocr_line' id='line_1_49' title="bbox 2149 2194 3743 2268; baseline -0.001 -15"><span class='ocrx_word' id='word_1_394' title='bbox 2149 2197 2381 2254; x_wconf 90' lang='lat' dir='ltr'><strong>dilectus</strong></span> <span class='ocrx_word' id='word_1_395' title='bbox 2406 2198 2624 2268; x_wconf 89' lang='lat' dir='ltr'><strong>quidem</strong></span> <span class='ocrx_word' id='word_1_396' title='bbox 2666 2194 3031 2263; x_wconf 89' lang='lat' dir='ltr'><strong>consiliarius,</strong></span> <span class='ocrx_word' id='word_1_397' title='bbox 3059 2195 3151 2252; x_wconf 90' lang='lat' dir='ltr'><strong>sed</strong></span> <span class='ocrx_word' id='word_1_398' title='bbox 3194 2197 3253 2251; x_wconf 90' lang='lat' dir='ltr'><strong>in</strong></span> <span class='ocrx_word' id='word_1_399' title='bbox 3303 2195 3485 2251; x_wconf 86' lang='lat' dir='ltr'><strong>rebus</strong></span> <span class='ocrx_word' id='word_1_400' title='bbox 3532 2196 3743 2252; x_wconf 83' lang='lat' dir='ltr'><strong>terrenis</strong></span> 
     </span>
    </p>
   </div>
   <div class='ocr_carea' id='block_1_50' title="bbox 2146 2282 3743 2359">
    <p class='ocr_par' dir='ltr' id='par_1_50' title="bbox 2146 2282 3743 2359">
     <span class='ocr_line' id='line_1_50' title="bbox 2146 2282 3743 2359; baseline -0.003 -15"><span class='ocrx_word' id='word_1_401' title='bbox 2146 2289 2217 2344; x_wconf 87' lang='lat' dir='ltr'><strong>ad</strong></span> <span class='ocrx_word' id='word_1_402' title='bbox 2239 2287 2616 2345; x_wconf 86' lang='lat' dir='ltr'><strong>necessitatem</strong></span> <span class='ocrx_word' id='word_1_403' title='bbox 2637 2287 2879 2358; x_wconf 89' lang='lat' dir='ltr'><strong>corporis</strong></span> <span class='ocrx_word' id='word_1_404' title='bbox 2903 2282 3324 2359; x_wconf 87' lang='lat' dir='ltr'><strong>pertinentibus.</strong></span> <span class='ocrx_word' id='word_1_405' title='bbox 3356 2282 3447 2341; x_wconf 86' lang='lat' dir='ltr'><strong>De</strong></span> <span class='ocrx_word' id='word_1_406' title='bbox 3470 2300 3591 2355; x_wconf 85' lang='lat' dir='ltr'><strong>quo</strong></span> <span class='ocrx_word' id='word_1_407' title='bbox 3611 2300 3743 2340; x_wconf 82' lang='lat' dir='ltr'><strong>scan-</strong></span> 
     </span>
    </p>
   </div>
   <div class='ocr_carea' id='block_1_51' title="bbox 2150 2376 3740 2451">
    <p class='ocr_par' dir='ltr' id='par_1_51' title="bbox 2150 2376 3740 2451">
     <span class='ocr_line' id='line_1_51' title="bbox 2150 2376 3740 2451; baseline -0.005 -13"><span class='ocrx_word' id='word_1_408' title='bbox 2150 2381 2417 2438; x_wconf 86' lang='lat' dir='ltr'><strong>dalizante</strong></span> <span class='ocrx_word' id='word_1_409' title='bbox 2439 2379 2767 2451; x_wconf 82' lang='lat' dir='ltr'><strong>superﬂuum</strong></span> <span class='ocrx_word' id='word_1_410' title='bbox 2791 2387 2911 2436; x_wconf 88' lang='lat' dir='ltr'><strong>erat</strong></span> <span class='ocrx_word' id='word_1_411' title='bbox 2934 2379 3135 2444; x_wconf 86' lang='lat' dir='ltr'><strong>dicere,</strong></span> <span class='ocrx_word' id='word_1_412' title='bbox 3163 2376 3635 2449; x_wconf 82' lang='lat' dir='ltr'><strong>quandoquidem</strong></span> <span class='ocrx_word' id='word_1_413' title='bbox 3660 2391 3740 2430; x_wconf 75' lang='lat' dir='ltr'><strong>nec</strong></span> 
     </span>
    </p>
   </div>
   <div class='ocr_carea' id='block_1_52' title="bbox 2150 2468 3740 2543">
    <p class='ocr_par' dir='ltr' id='par_1_52' title="bbox 2150 2468 3740 2543">
     <span class='ocr_line' id='line_1_52' title="bbox 2150 2468 3740 2543; baseline -0.004 -14"><span class='ocrx_word' id='word_1_414' title='bbox 2150 2473 2339 2529; x_wconf 91' lang='lat' dir='ltr'><strong>dextro</strong></span> <span class='ocrx_word' id='word_1_415' title='bbox 2364 2470 2694 2543; x_wconf 82' lang='lat' dir='ltr'><strong>parcendum</strong></span> <span class='ocrx_word' id='word_1_416' title='bbox 2718 2469 2810 2527; x_wconf 89' lang='lat' dir='ltr'><strong>sit.</strong></span> <span class='ocrx_word' id='word_1_417' title='bbox 2853 2471 2913 2526; x_wconf 89' lang='lat' dir='ltr'><strong>lu</strong></span> <span class='ocrx_word' id='word_1_418' title='bbox 2940 2471 3103 2527; x_wconf 88' lang='lat' dir='ltr'><strong>rebus</strong></span> <span class='ocrx_word' id='word_1_419' title='bbox 3126 2476 3310 2524; x_wconf 78' lang='lat' dir='ltr'><strong>autem</strong></span> <span class='ocrx_word' id='word_1_420' title='bbox 3336 2468 3562 2523; x_wconf 80' lang='lat' dir='ltr'><strong>divinis</strong></span> <span class='ocrx_word' id='word_1_421' title='bbox 3587 2468 3740 2523; x_wconf 83' lang='lat' dir='ltr'><strong>consi-</strong></span> 
     </span>
    </p>
   </div>
   <div class='ocr_carea' id='block_1_53' title="bbox 2146 2556 3738 2632">
    <p class='ocr_par' dir='ltr' id='par_1_53' title="bbox 2146 2556 3738 2632">
     <span class='ocr_line' id='line_1_53' title="bbox 2146 2556 3738 2632; baseline -0.002 -14"><span class='ocrx_word' id='word_1_422' title='bbox 2146 2562 2335 2621; x_wconf 87' lang='lat' dir='ltr'><strong>liarius</strong></span> <span class='ocrx_word' id='word_1_423' title='bbox 2360 2562 2730 2620; x_wconf 87' lang='lat' dir='ltr'><strong>scandalizans</strong></span> <span class='ocrx_word' id='word_1_424' title='bbox 2770 2570 2873 2630; x_wconf 89' lang='lat' dir='ltr'><strong>est,</strong></span> <span class='ocrx_word' id='word_1_425' title='bbox 2897 2562 2943 2618; x_wconf 91' lang='lat' dir='ltr'><strong>si</strong></span> <span class='ocrx_word' id='word_1_426' title='bbox 2998 2560 3052 2616; x_wconf 88' lang='lat' dir='ltr'><strong>in</strong></span> <span class='ocrx_word' id='word_1_427' title='bbox 3094 2556 3335 2632; x_wconf 84' lang='lat' dir='ltr'><strong>aliquam</strong></span> <span class='ocrx_word' id='word_1_428' title='bbox 3388 2560 3738 2632; x_wconf 69' lang='lat' dir='ltr'><strong>perniciosae</strong></span> 
     </span>
    </p>
   </div>
   <div class='ocr_carea' id='block_1_54' title="bbox 2144 2653 3741 2735">
    <p class='ocr_par' dir='ltr' id='par_1_54' title="bbox 2144 2653 3741 2735">
     <span class='ocr_line' id='line_1_54' title="bbox 2144 2653 3741 2735; baseline -0.003 -21"><span class='ocrx_word' id='word_1_429' title='bbox 2144 2657 2398 2714; x_wconf 83' lang='lat' dir='ltr'><strong>haeresim</strong></span> <span class='ocrx_word' id='word_1_430' title='bbox 2427 2657 2645 2713; x_wconf 90' lang='lat' dir='ltr'><strong>nomine</strong></span> <span class='ocrx_word' id='word_1_431' title='bbox 2682 2654 2959 2730; x_wconf 78' lang='lat' dir='ltr'><strong>religionis</strong></span> <span class='ocrx_word' id='word_1_432' title='bbox 3004 2662 3168 2735; x_wconf 89' lang='lat' dir='ltr'><strong>atque</strong></span> <span class='ocrx_word' id='word_1_433' title='bbox 3216 2653 3499 2727; x_wconf 63' lang='lat' dir='ltr'><strong>doctrinae</strong></span> <span class='ocrx_word' id='word_1_434' title='bbox 3540 2663 3741 2711; x_wconf 77' lang='lat' dir='ltr'><strong>conatur</strong></span> 
     </span>
    </p>
   </div>
   <div class='ocr_carea' id='block_1_55' title="bbox 2144 2749 2424 2805">
    <p class='ocr_par' dir='ltr' id='par_1_55' title="bbox 2144 2749 2424 2805">
     <span class='ocr_line' id='line_1_55' title="bbox 2144 2749 2424 2805; baseline -0.004 -1"><span class='ocrx_word' id='word_1_435' title='bbox 2144 2749 2424 2805; x_wconf 88' lang='lat' dir='ltr'><strong>inducere.</strong></span> 
     </span>
    </p>
   </div>
   <div class='ocr_carea' id='block_1_56' title="bbox 2219 2836 3738 2903">
    <p class='ocr_par' dir='ltr' id='par_1_56' title="bbox 2219 2836 3738 2903">
     <span class='ocr_line' id='line_1_56' title="bbox 2219 2836 3738 2903; baseline -0.003 -8"><span class='ocrx_word' id='word_1_436' title='bbox 2219 2840 2289 2895; x_wconf 86' lang='lat' dir='ltr'><strong>Et</strong></span> <span class='ocrx_word' id='word_1_437' title='bbox 2312 2842 2359 2897; x_wconf 85' lang='lat' dir='ltr'><strong>si</strong></span> <span class='ocrx_word' id='word_1_438' title='bbox 2403 2842 2589 2897; x_wconf 72' lang='lat' dir='ltr'><strong>dextra</strong></span> <span class='ocrx_word' id='word_1_439' title='bbox 2614 2854 2803 2895; x_wconf 87' lang='lat' dir='ltr'><strong>manus</strong></span> <span class='ocrx_word' id='word_1_440' title='bbox 2831 2846 2924 2894; x_wconf 87' lang='lat' dir='ltr'><strong>tua</strong></span> <span class='ocrx_word' id='word_1_441' title='bbox 2952 2837 3308 2903; x_wconf 81' lang='lat' dir='ltr'><strong>scandalizat,</strong></span> <span class='ocrx_word' id='word_1_442' title='bbox 3332 2836 3607 2893; x_wconf 73' lang='lat' dir='ltr'><strong>abscinde</strong></span> <span class='ocrx_word' id='word_1_443' title='bbox 3625 2852 3738 2899; x_wconf 72' lang='lat' dir='ltr'><strong>ean,</strong></span> 
     </span>
    </p>
   </div>
   <div class='ocr_carea' id='block_1_57' title="bbox 2145 2932 3743 3005">
    <p class='ocr_par' dir='ltr' id='par_1_57' title="bbox 2145 2932 3743 3005">
     <span class='ocr_line' id='line_1_57' title="bbox 2145 2932 3743 3005; baseline -0.002 -17"><span class='ocrx_word' id='word_1_444' title='bbox 2145 2944 2195 2988; x_wconf 88' lang='lat' dir='ltr'><strong>et</strong></span> <span class='ocrx_word' id='word_1_445' title='bbox 2226 2934 2424 3005; x_wconf 86' lang='lat' dir='ltr'><strong>prajice</strong></span> <span class='ocrx_word' id='word_1_446' title='bbox 2445 2934 2537 2988; x_wconf 85' lang='lat' dir='ltr'><strong>abs</strong></span> <span class='ocrx_word' id='word_1_447' title='bbox 2579 2943 2649 2988; x_wconf 90' lang='lat' dir='ltr'><strong>te.</strong></span> <span class='ocrx_word' id='word_1_448' title='bbox 2682 2932 2909 3003; x_wconf 68' lang='lat' dir='ltr'><strong>Expedit</strong></span> <span class='ocrx_word' id='word_1_449' title='bbox 2948 2934 3086 2988; x_wconf 81' lang='lat' dir='ltr'><strong>enim</strong></span> <span class='ocrx_word' id='word_1_450' title='bbox 3131 2933 3227 2987; x_wconf 77' lang='lat' dir='ltr'><strong>tibi</strong></span> <span class='ocrx_word' id='word_1_451' title='bbox 3266 2938 3323 2986; x_wconf 84' lang='lat' dir='ltr'><strong>ut</strong></span> <span class='ocrx_word' id='word_1_452' title='bbox 3369 2941 3566 3003; x_wconf 78' lang='lat' dir='ltr'><strong>pereat</strong></span> <span class='ocrx_word' id='word_1_453' title='bbox 3598 2947 3743 2985; x_wconf 78' lang='grc' dir='ltr'>ιικιι</span> 
     </span>
    </p>
   </div>
   <div class='ocr_carea' id='block_1_58' title="bbox 2145 3024 3743 3096">
    <p class='ocr_par' dir='ltr' id='par_1_58' title="bbox 2145 3024 3743 3096">
     <span class='ocr_line' id='line_1_58' title="bbox 2145 3024 3743 3096; baseline -0.002 -17"><span class='ocrx_word' id='word_1_454' title='bbox 2145 3026 2491 3081; x_wconf 81' lang='lat' dir='ltr'><strong>membrorum</strong></span> <span class='ocrx_word' id='word_1_455' title='bbox 2517 3035 2750 3092; x_wconf 88' lang='lat' dir='ltr'><strong>tuorum,</strong></span> <span class='ocrx_word' id='word_1_456' title='bbox 2773 3040 2931 3096; x_wconf 87' lang='lat' dir='ltr'><strong>quam</strong></span> <span class='ocrx_word' id='word_1_457' title='bbox 2969 3034 3137 3079; x_wconf 81' lang='lat' dir='ltr'><strong>totum</strong></span> <span class='ocrx_word' id='word_1_458' title='bbox 3164 3040 3357 3095; x_wconf 87' lang='lat' dir='ltr'><strong>corpus</strong></span> <span class='ocrx_word' id='word_1_459' title='bbox 3404 3035 3564 3078; x_wconf 74' lang='lat' dir='ltr'><strong>tuum</strong></span> <span class='ocrx_word' id='word_1_460' title='bbox 3586 3035 3668 3078; x_wconf 83' lang='lat' dir='ltr'><strong>eat</strong></span> <span class='ocrx_word' id='word_1_461' title='bbox 3694 3024 3743 3076; x_wconf 75' lang='lat' dir='ltr'><strong>is</strong></span> 
     </span>
    </p>
   </div>
   <div class='ocr_carea' id='block_1_59' title="bbox 2143 3115 3745 3188">
    <p class='ocr_par' dir='ltr' id='par_1_59' title="bbox 2143 3115 3745 3188">
     <span class='ocr_line' id='line_1_59' title="bbox 2143 3115 3745 3188; baseline 0.001 -18"><span class='ocrx_word' id='word_1_462' title='bbox 2143 3116 2449 3188; x_wconf 80' lang='lat' dir='ltr'><strong>gehennam.</strong></span> <span class='ocrx_word' id='word_1_463' title='bbox 2478 3116 2621 3187; x_wconf 84' lang='lat' dir='ltr'><strong>Ergo</strong></span> <span class='ocrx_word' id='word_1_464' title='bbox 2654 3126 2709 3172; x_wconf 88' lang='lat' dir='ltr'><strong>et</strong></span> <span class='ocrx_word' id='word_1_465' title='bbox 2755 3116 2979 3172; x_wconf 84' lang='lat' dir='ltr'><strong>dextera</strong></span> <span class='ocrx_word' id='word_1_466' title='bbox 3005 3131 3196 3171; x_wconf 89' lang='lat' dir='ltr'><strong>manus</strong></span> <span class='ocrx_word' id='word_1_467' title='bbox 3222 3116 3502 3186; x_wconf 89' lang='lat' dir='ltr'><strong>accipitur</strong></span> <span class='ocrx_word' id='word_1_468' title='bbox 3527 3115 3745 3171; x_wconf 69' lang='lat' dir='ltr'><strong>dilectu</strong></span> 
     </span>
    </p>
   </div>
   <div class='ocr_carea' id='block_1_60' title="bbox 2143 3206 3746 3280">
    <p class='ocr_par' dir='ltr' id='par_1_60' title="bbox 2143 3206 3746 3280">
     <span class='ocr_line' id='line_1_60' title="bbox 2143 3206 3746 3280; baseline -0.001 -16"><span class='ocrx_word' id='word_1_469' title='bbox 2143 3206 2385 3278; x_wconf 71' lang='lat' dir='ltr'><strong>adiutor,</strong></span> <span class='ocrx_word' id='word_1_470' title='bbox 2411 3217 2465 3265; x_wconf 90' lang='lat' dir='ltr'><strong>et</strong></span> <span class='ocrx_word' id='word_1_471' title='bbox 2488 3210 2741 3266; x_wconf 86' lang='lat' dir='ltr'><strong>minister</strong></span> <span class='ocrx_word' id='word_1_472' title='bbox 2764 3211 2819 3266; x_wconf 91' lang='lat' dir='ltr'><strong>in</strong></span> <span class='ocrx_word' id='word_1_473' title='bbox 2847 3210 3047 3266; x_wconf 82' lang='lat' dir='ltr'><strong>divinis</strong></span> <span class='ocrx_word' id='word_1_474' title='bbox 3070 3208 3349 3280; x_wconf 84' lang='lat' dir='ltr'><strong>operibus.</strong></span> <span class='ocrx_word' id='word_1_475' title='bbox 3386 3209 3525 3263; x_wconf 82' lang='lat' dir='ltr'><strong>Nam</strong></span> <span class='ocrx_word' id='word_1_476' title='bbox 3552 3223 3746 3279; x_wconf 83' lang='lat' dir='ltr'><strong>quem-</strong></span> 
     </span>
    </p>
   </div>
   <div class='ocr_carea' id='block_1_61' title="bbox 453 3268 3744 3373">
    <p class='ocr_par' dir='ltr' id='par_1_61' title="bbox 453 3268 3744 3373">
     <span class='ocr_line' id='line_1_61' title="bbox 453 3268 3744 3373; baseline 0.004 -33"><span class='ocrx_word' id='word_1_477' title='bbox 453 3285 562 3341; x_wconf 88' lang='lat' dir='ltr'><strong>cati</strong></span> <span class='ocrx_word' id='word_1_478' title='bbox 606 3294 719 3344; x_wconf 86' lang='lat' dir='ltr'><strong>tres</strong></span> <span class='ocrx_word' id='word_1_479' title='bbox 766 3297 892 3345; x_wconf 86' lang='lat' dir='ltr'><strong>sunt</strong></span> <span class='ocrx_word' id='word_1_480' title='bbox 939 3288 1297 3348; x_wconf 58' lang='lat' dir='ltr'><strong>differentiae:</strong></span> <span class='ocrx_word' id='word_1_481' title='bbox 1340 3293 1401 3348; x_wconf 93' lang='lat' dir='ltr'><strong>in</strong></span> <span class='ocrx_word' id='word_1_482' title='bbox 1444 3268 1640 3360; x_wconf 87' lang='lat' dir='ltr'><strong>corde,</strong></span> <span class='ocrx_word' id='word_1_483' title='bbox 1670 3293 1727 3348; x_wconf 92' lang='lat' dir='ltr'><strong>in</strong></span> <span class='ocrx_word' id='word_1_484' title='bbox 1768 3268 1951 3361; x_wconf 35' lang='lat' dir='ltr'><strong>facto;</strong></span> <span class='ocrx_word' id='word_1_485' title='bbox 1982 3295 2039 3351; x_wconf 90' lang='lat' dir='ltr'><strong>in</strong></span> <span class='ocrx_word' id='word_1_486' title='bbox 2064 3268 2112 3335; x_wconf 67' lang='grc' dir='ltr'><strong>θ</strong></span> <span class='ocrx_word' id='word_1_487' title='bbox 2142 3268 2431 3356; x_wconf 73' lang='lat' dir='ltr'><strong>admodum</strong></span> <span class='ocrx_word' id='word_1_488' title='bbox 2456 3300 2511 3356; x_wconf 89' lang='lat' dir='ltr'><strong>in</strong></span> <span class='ocrx_word' id='word_1_489' title='bbox 2539 3301 2697 3358; x_wconf 91' lang='lat' dir='ltr'><strong>oculo</strong></span> <span class='ocrx_word' id='word_1_490' title='bbox 2747 3268 3155 3373; x_wconf 79' lang='lat' dir='ltr'><strong>contemplatio,</strong></span> <span class='ocrx_word' id='word_1_491' title='bbox 3184 3300 3265 3355; x_wconf 91' lang='lat' dir='ltr'><strong>sic</strong></span> <span class='ocrx_word' id='word_1_492' title='bbox 3310 3302 3365 3355; x_wconf 90' lang='lat' dir='ltr'><strong>in</strong></span> <span class='ocrx_word' id='word_1_493' title='bbox 3411 3268 3593 3354; x_wconf 72' lang='lat' dir='ltr'><strong>manu</strong></span> <span class='ocrx_word' id='word_1_494' title='bbox 3610 3299 3744 3354; x_wconf 82' lang='lat' dir='ltr'><strong>actio</strong></span> 
     </span>
    </p>
   </div>
   <div class='ocr_carea' id='block_1_62' title="bbox 454 3382 3735 3462">
    <p class='ocr_par' dir='ltr' id='par_1_62' title="bbox 454 3382 3735 3462">
     <span class='ocr_line' id='line_1_62' title="bbox 454 3382 3735 3462; baseline 0.003 -28"><span class='ocrx_word' id='word_1_495' title='bbox 454 3382 873 3449; x_wconf 83' lang='lat' dir='ltr'><strong>consuetudine,</strong></span> <span class='ocrx_word' id='word_1_496' title='bbox 916 3393 1175 3455; x_wconf 84' lang='lat' dir='ltr'><strong>tanquam</strong></span> <span class='ocrx_word' id='word_1_497' title='bbox 1212 3395 1325 3441; x_wconf 91' lang='lat' dir='ltr'><strong>tres</strong></span> <span class='ocrx_word' id='word_1_498' title='bbox 1359 3395 1583 3447; x_wconf 87' lang='lat' dir='ltr'><strong>mortes.</strong></span> <span class='ocrx_word' id='word_1_499' title='bbox 1628 3385 1747 3443; x_wconf 86' lang='lat' dir='ltr'><strong>Una</strong></span> <span class='ocrx_word' id='word_1_500' title='bbox 1788 3387 1944 3458; x_wconf 88' lang='lat' dir='ltr'><strong>quasi</strong></span> <span class='ocrx_word' id='word_1_501' title='bbox 1982 3387 2040 3444; x_wconf 90' lang='lat' dir='ltr'><strong>in</strong></span> <span class='ocrx_word' id='word_1_502' title='bbox 2143 3401 2288 3445; x_wconf 89' lang='lat' dir='ltr'><strong>recte</strong></span> <span class='ocrx_word' id='word_1_503' title='bbox 2313 3390 2648 3462; x_wconf 83' lang='lat' dir='ltr'><strong>intelligitur.</strong></span> <span class='ocrx_word' id='word_1_504' title='bbox 2678 3390 2751 3448; x_wconf 91' lang='lat' dir='ltr'><strong>Ut</strong></span> <span class='ocrx_word' id='word_1_505' title='bbox 2780 3391 2999 3447; x_wconf 88' lang='lat' dir='ltr'><strong>sinistra</strong></span> <span class='ocrx_word' id='word_1_506' title='bbox 3049 3404 3244 3446; x_wconf 90' lang='lat' dir='ltr'><strong>manus</strong></span> <span class='ocrx_word' id='word_1_507' title='bbox 3295 3390 3646 3461; x_wconf 83' lang='lat' dir='ltr'><strong>intelligatur</strong></span> <span class='ocrx_word' id='word_1_508' title='bbox 3686 3390 3735 3443; x_wconf 84' lang='lat' dir='ltr'><strong>in</strong></span> 
     </span>
    </p>
   </div>
   <div class='ocr_carea' id='block_1_63' title="bbox 457 3466 3740 3553">
    <p class='ocr_par' dir='ltr' id='par_1_63' title="bbox 457 3466 3740 3553">
     <span class='ocr_line' id='line_1_63' title="bbox 457 3466 3740 3553; baseline 0.004 -31"><span class='ocrx_word' id='word_1_509' title='bbox 457 3466 652 3537; x_wconf 89' lang='lat' dir='ltr'><strong>domo,</strong></span> <span class='ocrx_word' id='word_1_510' title='bbox 682 3471 737 3528; x_wconf 91' lang='lat' dir='ltr'><strong>id</strong></span> <span class='ocrx_word' id='word_1_511' title='bbox 766 3481 883 3541; x_wconf 89' lang='lat' dir='ltr'><strong>est,</strong></span> <span class='ocrx_word' id='word_1_512' title='bbox 932 3490 1057 3531; x_wconf 89' lang='lat' dir='ltr'><strong>cum</strong></span> <span class='ocrx_word' id='word_1_513' title='bbox 1104 3476 1161 3531; x_wconf 93' lang='lat' dir='ltr'><strong>in</strong></span> <span class='ocrx_word' id='word_1_514' title='bbox 1194 3478 1374 3533; x_wconf 79' lang='lat' dir='ltr'><strong>‘corde</strong></span> <span class='ocrx_word' id='word_1_515' title='bbox 1418 3477 1755 3534; x_wconf 87' lang='lat' dir='ltr'><strong>consentitur</strong></span> <span class='ocrx_word' id='word_1_516' title='bbox 1805 3477 2035 3535; x_wconf 89' lang='lat' dir='ltr'><strong>libidini.</strong></span> <span class='ocrx_word' id='word_1_517' title='bbox 2139 3481 2411 3550; x_wconf 90' lang='lat' dir='ltr'><strong>operibus,</strong></span> <span class='ocrx_word' id='word_1_518' title='bbox 2430 3497 2549 3553; x_wconf 73' lang='lat' dir='ltr'><strong>qua:</strong></span> <span class='ocrx_word' id='word_1_519' title='bbox 2572 3480 2699 3537; x_wconf 90' lang='lat' dir='ltr'><strong>huic</strong></span> <span class='ocrx_word' id='word_1_520' title='bbox 2723 3482 2847 3538; x_wconf 81' lang='lat' dir='ltr'><strong>vitae</strong></span> <span class='ocrx_word' id='word_1_521' title='bbox 2869 3482 3080 3552; x_wconf 87' lang='lat' dir='ltr'><strong>corpori</strong></span> <span class='ocrx_word' id='word_1_522' title='bbox 3097 3491 3225 3538; x_wconf 89' lang='lat' dir='ltr'><strong>sunt</strong></span> <span class='ocrx_word' id='word_1_523' title='bbox 3250 3482 3605 3536; x_wconf 86' lang='lat' dir='ltr'><strong>necessaria.</strong></span> <span class='ocrx_word' id='word_1_524' title='bbox 3627 3479 3740 3536; x_wconf 82' lang='lat' dir='ltr'><strong>Pus.</strong></span> 
     </span>
    </p>
   </div>
   <div class='ocr_carea' id='block_1_64' title="bbox 452 3560 3738 3644">
    <p class='ocr_par' dir='ltr' id='par_1_64' title="bbox 452 3560 3738 3644">
     <span class='ocr_line' id='line_1_64' title="bbox 452 3560 3738 3644; baseline 0.003 -30"><span class='ocrx_word' id='word_1_525' title='bbox 452 3560 673 3630; x_wconf 87' lang='lat' dir='ltr'><strong>Altera,</strong></span> <span class='ocrx_word' id='word_1_526' title='bbox 714 3561 826 3631; x_wconf 89' lang='lat' dir='ltr'><strong>jam</strong></span> <span class='ocrx_word' id='word_1_527' title='bbox 870 3567 1079 3637; x_wconf 89' lang='lat' dir='ltr'><strong>prolata</strong></span> <span class='ocrx_word' id='word_1_528' title='bbox 1122 3569 1275 3639; x_wconf 89' lang='lat' dir='ltr'><strong>quasi</strong></span> <span class='ocrx_word' id='word_1_529' title='bbox 1319 3577 1476 3625; x_wconf 81' lang='lat' dir='ltr'><strong>extra</strong></span> <span class='ocrx_word' id='word_1_530' title='bbox 1517 3578 1764 3641; x_wconf 87' lang='lat' dir='ltr'><strong>portam,</strong></span> <span class='ocrx_word' id='word_1_531' title='bbox 1813 3588 1936 3627; x_wconf 91' lang='lat' dir='ltr'><strong>cum</strong></span> <span class='ocrx_word' id='word_1_532' title='bbox 1981 3572 2037 3627; x_wconf 89' lang='lat' dir='ltr'><strong>in</strong></span> <span class='ocrx_word' id='word_1_533' title='bbox 2139 3587 2324 3629; x_wconf 91' lang='lat' dir='ltr'><strong>sumus</strong></span> <span class='ocrx_word' id='word_1_534' title='bbox 2349 3588 2564 3644; x_wconf 85' lang='lat' dir='ltr'><strong>quoque</strong></span> <span class='ocrx_word' id='word_1_535' title='bbox 2589 3573 2645 3628; x_wconf 90' lang='lat' dir='ltr'><strong>in</strong></span> <span class='ocrx_word' id='word_1_536' title='bbox 2670 3574 2861 3629; x_wconf 86' lang='lat' dir='ltr'><strong>dextro</strong></span> <span class='ocrx_word' id='word_1_537' title='bbox 2893 3573 3070 3638; x_wconf 89' lang='lat' dir='ltr'><strong>oculo,</strong></span> <span class='ocrx_word' id='word_1_538' title='bbox 3097 3581 3151 3628; x_wconf 90' lang='lat' dir='ltr'><strong>et</strong></span> <span class='ocrx_word' id='word_1_539' title='bbox 3182 3573 3373 3629; x_wconf 86' lang='lat' dir='ltr'><strong>dextra</strong></span> <span class='ocrx_word' id='word_1_540' title='bbox 3408 3571 3738 3636; x_wconf 83' lang='lat' dir='ltr'><strong>manu,fn—</strong></span> 
     </span>
    </p>
   </div>
   <div class='ocr_carea' id='block_1_65' title="bbox 455 3651 2037 3727">
    <p class='ocr_par' dir='ltr' id='par_1_65' title="bbox 455 3651 2037 3727">
     <span class='ocr_line' id='line_1_65' title="bbox 455 3651 2037 3727; baseline 0.008 -21"><span class='ocrx_word' id='word_1_541' title='bbox 455 3651 657 3709; x_wconf 84' lang='lat' dir='ltr'><strong>factum</strong></span> <span class='ocrx_word' id='word_1_542' title='bbox 698 3657 942 3727; x_wconf 86' lang='lat' dir='ltr'><strong>procedit</strong></span> <span class='ocrx_word' id='word_1_543' title='bbox 980 3661 1245 3715; x_wconf 89' lang='lat' dir='ltr'><strong>assensio.</strong></span> <span class='ocrx_word' id='word_1_544' title='bbox 1285 3660 1470 3716; x_wconf 86' lang='lat' dir='ltr'><strong>Tertio</strong></span> <span class='ocrx_word' id='word_1_545' title='bbox 1508 3676 1633 3716; x_wconf 90' lang='lat' dir='ltr'><strong>cum</strong></span> <span class='ocrx_word' id='word_1_546' title='bbox 1662 3662 1715 3716; x_wconf 90' lang='lat' dir='ltr'><strong>vi</strong></span> <span class='ocrx_word' id='word_1_547' title='bbox 1746 3672 2037 3719; x_wconf 86' lang='lat' dir='ltr'><strong>consuetu-</strong></span> 
     </span>
    </p>
   </div>
   <div class='ocr_carea' id='block_1_66' title="bbox 450 3748 2031 3825">
    <p class='ocr_par' dir='ltr' id='par_1_66' title="bbox 450 3748 2031 3825">
     <span class='ocr_line' id='line_1_66' title="bbox 450 3748 2031 3825; baseline 0.003 -20"><span class='ocrx_word' id='word_1_548' title='bbox 450 3748 592 3807; x_wconf 77' lang='lat' dir='ltr'><strong>dinis</strong></span> <span class='ocrx_word' id='word_1_549' title='bbox 622 3748 778 3806; x_wconf 64' lang='lat' dir='ltr'><strong>male?</strong></span> <span class='ocrx_word' id='word_1_550' title='bbox 807 3758 1067 3823; x_wconf 90' lang='lat' dir='ltr'><strong>tanquam</strong></span> <span class='ocrx_word' id='word_1_551' title='bbox 1094 3752 1236 3809; x_wconf 90' lang='lat' dir='ltr'><strong>mole</strong></span> <span class='ocrx_word' id='word_1_552' title='bbox 1262 3761 1478 3810; x_wconf 87' lang='lat' dir='ltr'><strong>terrena</strong></span> <span class='ocrx_word' id='word_1_553' title='bbox 1504 3755 1772 3825; x_wconf 88' lang='lat' dir='ltr'><strong>premitur</strong></span> <span class='ocrx_word' id='word_1_554' title='bbox 1800 3754 2031 3821; x_wconf 86' lang='lat' dir='ltr'><strong>animus,</strong></span> 
     </span>
    </p>
   </div>
   <div class='ocr_carea' id='block_1_67' title="bbox 446 3843 2037 3923">
    <p class='ocr_par' dir='ltr' id='par_1_67' title="bbox 446 3843 2037 3923">
     <span class='ocr_line' id='line_1_67' title="bbox 446 3843 2037 3923; baseline 0.004 -27"><span class='ocrx_word' id='word_1_555' title='bbox 446 3843 601 3912; x_wconf 90' lang='lat' dir='ltr'><strong>quasi</strong></span> <span class='ocrx_word' id='word_1_556' title='bbox 634 3844 691 3899; x_wconf 90' lang='lat' dir='ltr'><strong>in</strong></span> <span class='ocrx_word' id='word_1_557' title='bbox 719 3846 968 3918; x_wconf 87' lang='lat' dir='ltr'><strong>sepulcro</strong></span> <span class='ocrx_word' id='word_1_558' title='bbox 988 3846 1102 3917; x_wconf 85' lang='lat' dir='ltr'><strong>jam</strong></span> <span class='ocrx_word' id='word_1_559' title='bbox 1133 3856 1349 3920; x_wconf 87' lang='lat' dir='ltr'><strong>puteus.</strong></span> <span class='ocrx_word' id='word_1_560' title='bbox 1382 3845 1510 3917; x_wconf 80' lang='lat' dir='ltr'><strong>Quae</strong></span> <span class='ocrx_word' id='word_1_561' title='bbox 1539 3847 1641 3901; x_wconf 90' lang='lat' dir='ltr'><strong>tria</strong></span> <span class='ocrx_word' id='word_1_562' title='bbox 1670 3862 1868 3923; x_wconf 84' lang='lat' dir='ltr'><strong>genera</strong></span> <span class='ocrx_word' id='word_1_563' title='bbox 1895 3862 2037 3903; x_wconf 88' lang='lat' dir='ltr'><strong>mor-</strong></span> 
     </span>
    </p>
   </div>
   <div class='ocr_carea' id='block_1_68' title="bbox 448 3934 2037 4013">
    <p class='ocr_par' dir='ltr' id='par_1_68' title="bbox 448 3934 2037 4013">
     <span class='ocr_line' id='line_1_68' title="bbox 448 3934 2037 4013; baseline 0.006 -27"><span class='ocrx_word' id='word_1_564' title='bbox 448 3939 665 3990; x_wconf 91' lang='lat' dir='ltr'><strong>tuorum</strong></span> <span class='ocrx_word' id='word_1_565' title='bbox 690 3934 859 3993; x_wconf 90' lang='lat' dir='ltr'><strong>Deum</strong></span> <span class='ocrx_word' id='word_1_566' title='bbox 886 3940 1238 3997; x_wconf 89' lang='lat' dir='ltr'><strong>resuscitasse</strong></span> <span class='ocrx_word' id='word_1_567' title='bbox 1261 3940 1506 4013; x_wconf 89' lang='lat' dir='ltr'><strong>quisquis</strong></span> <span class='ocrx_word' id='word_1_568' title='bbox 1530 3939 1883 4012; x_wconf 82' lang='lat' dir='ltr'><strong>Evangelium</strong></span> <span class='ocrx_word' id='word_1_569' title='bbox 1906 3939 2037 4012; x_wconf 86' lang='lat' dir='ltr'><strong>legit</strong></span> 
     </span>
    </p>
   </div>
   <div class='ocr_carea' id='block_1_69' title="bbox 448 4029 2035 4106">
    <p class='ocr_par' dir='ltr' id='par_1_69' title="bbox 448 4029 2035 4106">
     <span class='ocr_line' id='line_1_69' title="bbox 448 4029 2035 4106; baseline 0.004 -24"><span class='ocrx_word' id='word_1_570' title='bbox 448 4030 717 4097; x_wconf 85' lang='lat' dir='ltr'><strong>agnoscit.</strong></span> <span class='ocrx_word' id='word_1_571' title='bbox 768 4030 836 4084; x_wconf 86' lang='lat' dir='ltr'><strong>Et</strong></span> <span class='ocrx_word' id='word_1_572' title='bbox 880 4029 1114 4089; x_wconf 79' lang='lat' dir='ltr'><strong>fortasse</strong></span> <span class='ocrx_word' id='word_1_573' title='bbox 1159 4035 1470 4089; x_wconf 89' lang='lat' dir='ltr'><strong>considerat</strong></span> <span class='ocrx_word' id='word_1_574' title='bbox 1516 4051 1653 4106; x_wconf 88' lang='lat' dir='ltr'><strong>quas</strong></span> <span class='ocrx_word' id='word_1_575' title='bbox 1700 4031 2035 4091; x_wconf 72' lang='lat' dir='ltr'><strong>dillcrentias</strong></span> 
     </span>
    </p>
   </div>
   <div class='ocr_carea' id='block_1_70' title="bbox 444 4114 2030 4192">
    <p class='ocr_par' dir='ltr' id='par_1_70' title="bbox 444 4114 2030 4192">
     <span class='ocr_line' id='line_1_70' title="bbox 444 4114 2030 4192; baseline 0.008 -22"><span class='ocrx_word' id='word_1_576' title='bbox 444 4114 647 4173; x_wconf 86' lang='lat' dir='ltr'><strong>habeat</strong></span> <span class='ocrx_word' id='word_1_577' title='bbox 670 4116 836 4175; x_wconf 89' lang='lat' dir='ltr'><strong>etiam</strong></span> <span class='ocrx_word' id='word_1_578' title='bbox 863 4122 979 4192; x_wconf 90' lang='lat' dir='ltr'><strong>ipsa</strong></span> <span class='ocrx_word' id='word_1_579' title='bbox 1005 4139 1110 4179; x_wconf 86' lang='lat' dir='ltr'><strong>vox</strong></span> <span class='ocrx_word' id='word_1_580' title='bbox 1136 4125 1531 4192; x_wconf 88' lang='lat' dir='ltr'><strong>resnscitantis,</strong></span> <span class='ocrx_word' id='word_1_581' title='bbox 1560 4142 1683 4181; x_wconf 90' lang='lat' dir='ltr'><strong>cum</strong></span> <span class='ocrx_word' id='word_1_582' title='bbox 1707 4125 1834 4181; x_wconf 88' lang='lat' dir='ltr'><strong>alibi</strong></span> <span class='ocrx_word' id='word_1_583' title='bbox 1860 4126 2030 4182; x_wconf 88' lang='lat' dir='ltr'><strong>dicit:</strong></span> 
     </span>
    </p>
   </div>
   <div class='ocr_carea' id='block_1_71' title="bbox 450 4202 2029 4287">
    <p class='ocr_par' dir='ltr' id='par_1_71' title="bbox 450 4202 2029 4287">
     <span class='ocr_line' id='line_1_71' title="bbox 450 4202 2029 4287; baseline 0.009 -30"><span class='ocrx_word' id='word_1_584' title='bbox 450 4202 667 4274; x_wconf 78' lang='lat' dir='ltr'><strong>Puella,</strong></span> <span class='ocrx_word' id='word_1_585' title='bbox 698 4226 854 4282; x_wconf 88' lang='lat' dir='ltr'><strong>surge</strong></span> <span class='ocrx_word' id='word_1_586' title='bbox 897 4211 1114 4282; x_wconf 79' lang='lat' dir='ltr'><strong>(Matth.</strong></span> <span class='ocrx_word' id='word_1_587' title='bbox 1143 4214 1242 4287; x_wconf 69' lang='grc' dir='ltr'><strong>ιι).</strong></span> <span class='ocrx_word' id='word_1_588' title='bbox 1274 4212 1415 4271; x_wconf 85' lang='lat' dir='ltr'><strong>Alibi</strong></span> <span class='ocrx_word' id='word_1_589' title='bbox 1443 4234 1455 4268; x_wconf 89' lang='lat'><strong>:</strong></span> <span class='ocrx_word' id='word_1_590' title='bbox 1488 4215 1725 4282; x_wconf 75' lang='lat' dir='ltr'><strong>Iuvenis,</strong></span> <span class='ocrx_word' id='word_1_591' title='bbox 1756 4216 1873 4270; x_wconf 79' lang='lat' dir='ltr'><strong>dico</strong></span> <span class='ocrx_word' id='word_1_592' title='bbox 1902 4218 2029 4286; x_wconf 81' lang='lat' dir='ltr'><strong>tibi,</strong></span> 
     </span>
    </p>
   </div>
   <div class='ocr_carea' id='block_1_72' title="bbox 450 4295 2031 4375">
    <p class='ocr_par' dir='ltr' id='par_1_72' title="bbox 450 4295 2031 4375">
     <span class='ocr_line' id='line_1_72' title="bbox 450 4295 2031 4375; baseline 0.009 -27"><span class='ocrx_word' id='word_1_593' title='bbox 450 4311 605 4365; x_wconf 83' lang='lat' dir='ltr'><strong>surge</strong></span> <span class='ocrx_word' id='word_1_594' title='bbox 643 4295 816 4369; x_wconf 89' lang='lat' dir='ltr'><strong>(Luc.</strong></span> <span class='ocrx_word' id='word_1_595' title='bbox 846 4300 983 4373; x_wconf 84' lang='lat' dir='ltr'><strong>vn).</strong></span> <span class='ocrx_word' id='word_1_596' title='bbox 1020 4301 1160 4358; x_wconf 84' lang='lat' dir='ltr'><strong>Alibi</strong></span> <span class='ocrx_word' id='word_1_597' title='bbox 1198 4302 1477 4359; x_wconf 89' lang='lat' dir='ltr'><strong>infremuit</strong></span> <span class='ocrx_word' id='word_1_598' title='bbox 1506 4306 1559 4359; x_wconf 90' lang='lat' dir='ltr'><strong>in</strong></span> <span class='ocrx_word' id='word_1_599' title='bbox 1592 4307 1783 4375; x_wconf 89' lang='lat' dir='ltr'><strong>spiritu</strong></span> <span class='ocrx_word' id='word_1_600' title='bbox 1803 4348 1817 4374; x_wconf 89' lang='lat'><strong>,</strong></span> <span class='ocrx_word' id='word_1_601' title='bbox 1848 4316 1905 4363; x_wconf 91' lang='lat' dir='ltr'><strong>et</strong></span> <span class='ocrx_word' id='word_1_602' title='bbox 1937 4307 2031 4365; x_wconf 82' lang='lat' dir='ltr'><strong>lle-</strong></span> 
     </span>
    </p>
   </div>
   <div class='ocr_carea' id='block_1_73' title="bbox 445 4388 2029 4473">
    <p class='ocr_par' dir='ltr' id='par_1_73' title="bbox 445 4388 2029 4473">
     <span class='ocr_line' id='line_1_73' title="bbox 445 4388 2029 4473; baseline 0.01 -32"><span class='ocrx_word' id='word_1_603' title='bbox 445 4388 557 4453; x_wconf 87' lang='lat' dir='ltr'><strong>vit,</strong></span> <span class='ocrx_word' id='word_1_604' title='bbox 598 4397 654 4445; x_wconf 90' lang='lat' dir='ltr'><strong>et</strong></span> <span class='ocrx_word' id='word_1_605' title='bbox 688 4405 880 4448; x_wconf 88' lang='lat' dir='ltr'><strong>rursus</strong></span> <span class='ocrx_word' id='word_1_606' title='bbox 910 4392 1161 4461; x_wconf 90' lang='lat' dir='ltr'><strong>fremuit,</strong></span> <span class='ocrx_word' id='word_1_607' title='bbox 1197 4404 1253 4451; x_wconf 88' lang='lat' dir='ltr'><strong>et</strong></span> <span class='ocrx_word' id='word_1_608' title='bbox 1288 4405 1410 4468; x_wconf 91' lang='lat' dir='ltr'><strong>post</strong></span> <span class='ocrx_word' id='word_1_609' title='bbox 1440 4397 1636 4454; x_wconf 86' lang='lat' dir='ltr'><strong>deinde</strong></span> <span class='ocrx_word' id='word_1_610' title='bbox 1666 4414 1799 4455; x_wconf 87' lang='lat' dir='ltr'><strong>voce</strong></span> <span class='ocrx_word' id='word_1_611' title='bbox 1830 4416 2029 4473; x_wconf 84' lang='lat' dir='ltr'><strong>magna</strong></span> 
     </span>
    </p>
   </div>
   <div class='ocr_carea' id='block_1_74' title="bbox 443 4477 2028 4565">
    <p class='ocr_par' dir='ltr' id='par_1_74' title="bbox 443 4477 2028 4565">
     <span class='ocr_line' id='line_1_74' title="bbox 443 4477 2028 4565; baseline 0.009 -33"><span class='ocrx_word' id='word_1_612' title='bbox 443 4477 809 4537; x_wconf 82' lang='lat' dir='ltr'><strong>exclamavit:</strong></span> <span class='ocrx_word' id='word_1_613' title='bbox 853 4481 1089 4552; x_wconf 74' lang='lat' dir='ltr'><strong>Lazare,</strong></span> <span class='ocrx_word' id='word_1_614' title='bbox 1130 4486 1244 4540; x_wconf 87' lang='lat' dir='ltr'><strong>veni</strong></span> <span class='ocrx_word' id='word_1_615' title='bbox 1284 4486 1429 4557; x_wconf 82' lang='lat' dir='ltr'><strong>foras</strong></span> <span class='ocrx_word' id='word_1_616' title='bbox 1475 4486 1681 4561; x_wconf 85' lang='lat' dir='ltr'><strong>(Joan.</strong></span> <span class='ocrx_word' id='word_1_617' title='bbox 1710 4489 1831 4565; x_wconf 75' lang='grc' dir='ltr'><strong>ιι).</strong></span> <span class='ocrx_word' id='word_1_618' title='bbox 1885 4491 2028 4560; x_wconf 88' lang='lat' dir='ltr'><strong>Qua-</strong></span> 
     </span>
    </p>
   </div>
   <div class='ocr_carea' id='block_1_75' title="bbox 438 4576 2021 4657">
    <p class='ocr_par' dir='ltr' id='par_1_75' title="bbox 438 4576 2021 4657">
     <span class='ocr_line' id='line_1_75' title="bbox 438 4576 2021 4657; baseline 0.013 -35"><span class='ocrx_word' id='word_1_619' title='bbox 438 4579 659 4641; x_wconf 89' lang='lat' dir='ltr'><strong>pr0pter</strong></span> <span class='ocrx_word' id='word_1_620' title='bbox 717 4576 936 4632; x_wconf 89' lang='lat' dir='ltr'><strong>nomine</strong></span> <span class='ocrx_word' id='word_1_621' title='bbox 989 4579 1419 4648; x_wconf 75' lang='lat' dir='ltr'><strong>mtechantium,</strong></span> <span class='ocrx_word' id='word_1_622' title='bbox 1476 4582 1569 4654; x_wconf 93' lang='lat' dir='ltr'><strong>qui</strong></span> <span class='ocrx_word' id='word_1_623' title='bbox 1622 4583 1727 4639; x_wconf 90' lang='lat' dir='ltr'><strong>hoc</strong></span> <span class='ocrx_word' id='word_1_624' title='bbox 1782 4585 2021 4657; x_wconf 88' lang='lat' dir='ltr'><strong>capitulo</strong></span> 
     </span>
    </p>
   </div>
   <div class='ocr_carea' id='block_1_76' title="bbox 2137 3663 3737 3736">
    <p class='ocr_par' dir='ltr' id='par_1_76' title="bbox 2137 3663 3737 3736">
     <span class='ocr_line' id='line_1_76' title="bbox 2137 3663 3737 3736; baseline 0 -18"><span class='ocrx_word' id='word_1_625' title='bbox 2137 3671 2304 3731; x_wconf 90' lang='lat' dir='ltr'><strong>trum,</strong></span> <span class='ocrx_word' id='word_1_626' title='bbox 2328 3672 2383 3719; x_wconf 91' lang='lat' dir='ltr'><strong>et</strong></span> <span class='ocrx_word' id='word_1_627' title='bbox 2405 3665 2611 3729; x_wconf 84' lang='lat' dir='ltr'><strong>uxoris,</strong></span> <span class='ocrx_word' id='word_1_628' title='bbox 2642 3673 2697 3721; x_wconf 91' lang='lat' dir='ltr'><strong>et</strong></span> <span class='ocrx_word' id='word_1_629' title='bbox 2719 3665 3035 3732; x_wconf 88' lang='lat' dir='ltr'><strong>liberorum,</strong></span> <span class='ocrx_word' id='word_1_630' title='bbox 3062 3673 3226 3736; x_wconf 89' lang='lat' dir='ltr'><strong>atque</strong></span> <span class='ocrx_word' id='word_1_631' title='bbox 3249 3663 3497 3719; x_wconf 74' lang='lat' dir='ltr'><strong>afﬁnium</strong></span> <span class='ocrx_word' id='word_1_632' title='bbox 3524 3674 3585 3718; x_wconf 87' lang='lat' dir='ltr'><strong>et</strong></span> <span class='ocrx_word' id='word_1_633' title='bbox 3620 3679 3737 3735; x_wconf 87' lang='lat' dir='ltr'><strong>pro-</strong></span> 
     </span>
    </p>
   </div>
   <div class='ocr_carea' id='block_1_77' title="bbox 2134 3755 3739 3828">
    <p class='ocr_par' dir='ltr' id='par_1_77' title="bbox 2134 3755 3739 3828">
     <span class='ocr_line' id='line_1_77' title="bbox 2134 3755 3739 3828; baseline 0.001 -19"><span class='ocrx_word' id='word_1_634' title='bbox 2134 3755 2462 3828; x_wconf 88' lang='lat' dir='ltr'><strong>pinquorum</strong></span> <span class='ocrx_word' id='word_1_635' title='bbox 2491 3756 2793 3827; x_wconf 85' lang='lat' dir='ltr'><strong>intelligere</strong></span> <span class='ocrx_word' id='word_1_636' title='bbox 2832 3756 3077 3813; x_wconf 83' lang='lat' dir='ltr'><strong>affectus.</strong></span> <span class='ocrx_word' id='word_1_637' title='bbox 3123 3756 3271 3825; x_wconf 92' lang='lat' dir='ltr'><strong>Quos</strong></span> <span class='ocrx_word' id='word_1_638' title='bbox 3305 3756 3352 3811; x_wconf 90' lang='lat' dir='ltr'><strong>si</strong></span> <span class='ocrx_word' id='word_1_639' title='bbox 3377 3758 3450 3811; x_wconf 86' lang='lat' dir='ltr'><strong>ad</strong></span> <span class='ocrx_word' id='word_1_640' title='bbox 3492 3765 3739 3811; x_wconf 82' lang='lat' dir='ltr'><strong>contem-</strong></span> 
     </span>
    </p>
   </div>
   <div class='ocr_carea' id='block_1_78' title="bbox 2134 3848 3741 3921">
    <p class='ocr_par' dir='ltr' id='par_1_78' title="bbox 2134 3848 3741 3921">
     <span class='ocr_line' id='line_1_78' title="bbox 2134 3848 3741 3921; baseline 0.001 -19"><span class='ocrx_word' id='word_1_641' title='bbox 2134 3848 2390 3920; x_wconf 88' lang='lat' dir='ltr'><strong>plandam</strong></span> <span class='ocrx_word' id='word_1_642' title='bbox 2413 3865 2599 3905; x_wconf 89' lang='lat' dir='ltr'><strong>veram</strong></span> <span class='ocrx_word' id='word_1_643' title='bbox 2622 3849 2799 3906; x_wconf 90' lang='lat' dir='ltr'><strong>lucem</strong></span> <span class='ocrx_word' id='word_1_644' title='bbox 2823 3851 2979 3907; x_wconf 91' lang='lat' dir='ltr'><strong>nobis</strong></span> <span class='ocrx_word' id='word_1_645' title='bbox 3005 3850 3394 3921; x_wconf 87' lang='lat' dir='ltr'><strong>impedimento</strong></span> <span class='ocrx_word' id='word_1_646' title='bbox 3421 3863 3548 3905; x_wconf 88' lang='lat' dir='ltr'><strong>esse</strong></span> <span class='ocrx_word' id='word_1_647' title='bbox 3569 3848 3741 3903; x_wconf 75' lang='lat' dir='ltr'><strong>cerni—</strong></span> 
     </span>
    </p>
   </div>
   <div class='ocr_carea' id='block_1_79' title="bbox 2134 3940 3739 4016">
    <p class='ocr_par' dir='ltr' id='par_1_79' title="bbox 2134 3940 3739 4016">
     <span class='ocr_line' id='line_1_79' title="bbox 2134 3940 3739 4016; baseline -0.001 -20"><span class='ocrx_word' id='word_1_648' title='bbox 2134 3957 2275 4008; x_wconf 90' lang='lat' dir='ltr'><strong>mus,</strong></span> <span class='ocrx_word' id='word_1_649' title='bbox 2293 3940 2555 4000; x_wconf 88' lang='lat' dir='ltr'><strong>debemus</strong></span> <span class='ocrx_word' id='word_1_650' title='bbox 2579 3951 2833 4000; x_wconf 90' lang='lat' dir='ltr'><strong>truncare</strong></span> <span class='ocrx_word' id='word_1_651' title='bbox 2859 3943 3166 4000; x_wconf 85' lang='lat' dir='ltr'><strong>istiusmodi</strong></span> <span class='ocrx_word' id='word_1_652' title='bbox 3193 3943 3590 4016; x_wconf 85' lang='lat' dir='ltr'><strong>portiones,ne</strong></span> <span class='ocrx_word' id='word_1_653' title='bbox 3614 3942 3739 3995; x_wconf 84' lang='lat' dir='ltr'><strong>dum</strong></span> 
     </span>
    </p>
   </div>
   <div class='ocr_carea' id='block_1_80' title="bbox 2134 4034 3736 4109">
    <p class='ocr_par' dir='ltr' id='par_1_80' title="bbox 2134 4034 3736 4109">
     <span class='ocr_line' id='line_1_80' title="bbox 2134 4034 3736 4109; baseline -0.001 -20"><span class='ocrx_word' id='word_1_654' title='bbox 2134 4035 2381 4105; x_wconf 82' lang='lat' dir='ltr'><strong>volumus</strong></span> <span class='ocrx_word' id='word_1_655' title='bbox 2408 4043 2636 4093; x_wconf 63' lang='lat' dir='ltr'><strong>cteteros</strong></span> <span class='ocrx_word' id='word_1_656' title='bbox 2663 4035 3006 4104; x_wconf 81' lang='lat' dir='ltr'><strong>lucrifacere,</strong></span> <span class='ocrx_word' id='word_1_657' title='bbox 3034 4036 3135 4106; x_wconf 90' lang='lat' dir='ltr'><strong>ipsi</strong></span> <span class='ocrx_word' id='word_1_658' title='bbox 3160 4034 3216 4089; x_wconf 89' lang='lat' dir='ltr'><strong>in</strong></span> <span class='ocrx_word' id='word_1_659' title='bbox 3246 4043 3518 4093; x_wconf 77' lang='lat' dir='ltr'><strong>aeternum</strong></span> <span class='ocrx_word' id='word_1_660' title='bbox 3538 4048 3736 4109; x_wconf 81' lang='lat' dir='ltr'><strong>perea-</strong></span> 
     </span>
    </p>
   </div>
   <div class='ocr_carea' id='block_1_81' title="bbox 2132 4122 3737 4198">
    <p class='ocr_par' dir='ltr' id='par_1_81' title="bbox 2132 4122 3737 4198">
     <span class='ocr_line' id='line_1_81' title="bbox 2132 4122 3737 4198; baseline -0.005 -12"><span class='ocrx_word' id='word_1_661' title='bbox 2132 4147 2273 4186; x_wconf 89' lang='lat' dir='ltr'><strong>mus.</strong></span> <span class='ocrx_word' id='word_1_662' title='bbox 2317 4129 2471 4187; x_wconf 89' lang='lat' dir='ltr'><strong>Unde</strong></span> <span class='ocrx_word' id='word_1_663' title='bbox 2512 4129 2710 4186; x_wconf 87' lang='lat' dir='ltr'><strong>dicitur</strong></span> <span class='ocrx_word' id='word_1_664' title='bbox 2750 4138 2804 4186; x_wconf 89' lang='lat' dir='ltr'><strong>et</strong></span> <span class='ocrx_word' id='word_1_665' title='bbox 2841 4130 2908 4185; x_wconf 93' lang='lat' dir='ltr'><strong>de</strong></span> <span class='ocrx_word' id='word_1_666' title='bbox 2955 4126 3238 4185; x_wconf 88' lang='lat' dir='ltr'><strong>sacerdote</strong></span> <span class='ocrx_word' id='word_1_667' title='bbox 3275 4140 3480 4198; x_wconf 88' lang='lat' dir='ltr'><strong>magno</strong></span> <span class='ocrx_word' id='word_1_668' title='bbox 3510 4165 3529 4191; x_wconf 92' lang='lat'><strong>,</strong></span> <span class='ocrx_word' id='word_1_669' title='bbox 3589 4122 3737 4192; x_wconf 78' lang='lat' dir='ltr'><strong>cujus</strong></span> 
     </span>
    </p>
   </div>
   <div class='ocr_carea' id='block_1_82' title="bbox 2131 4219 3734 4290">
    <p class='ocr_par' dir='ltr' id='par_1_82' title="bbox 2131 4219 3734 4290">
     <span class='ocr_line' id='line_1_82' title="bbox 2131 4219 3734 4290; baseline -0.005 -13"><span class='ocrx_word' id='word_1_670' title='bbox 2131 4223 2315 4278; x_wconf 87' lang='lat' dir='ltr'><strong>anima</strong></span> <span class='ocrx_word' id='word_1_671' title='bbox 2345 4221 2443 4277; x_wconf 89' lang='lat' dir='ltr'><strong>Dei</strong></span> <span class='ocrx_word' id='word_1_672' title='bbox 2478 4221 2648 4278; x_wconf 88' lang='lat' dir='ltr'><strong>cultui</strong></span> <span class='ocrx_word' id='word_1_673' title='bbox 2693 4220 2944 4278; x_wconf 87' lang='lat' dir='ltr'><strong>dedicata</strong></span> <span class='ocrx_word' id='word_1_674' title='bbox 2997 4228 3116 4277; x_wconf 90' lang='lat' dir='ltr'><strong>est:</strong></span> <span class='ocrx_word' id='word_1_675' title='bbox 3148 4219 3327 4290; x_wconf 85' lang='lat' dir='ltr'><strong>Supra</strong></span> <span class='ocrx_word' id='word_1_676' title='bbox 3371 4228 3609 4275; x_wconf 71' lang='lat' dir='ltr'><strong>matrem</strong></span> <span class='ocrx_word' id='word_1_677' title='bbox 3634 4258 3651 4281; x_wconf 91' lang='lat'><strong>,</strong></span> <span class='ocrx_word' id='word_1_678' title='bbox 3690 4224 3734 4269; x_wconf 81' lang='lat' dir='ltr'><strong>et</strong></span> 
     </span>
    </p>
   </div>
   <div class='ocr_carea' id='block_1_83' title="bbox 2127 4307 3731 4385">
    <p class='ocr_par' dir='ltr' id='par_1_83' title="bbox 2127 4307 3731 4385">
     <span class='ocr_line' id='line_1_83' title="bbox 2127 4307 3731 4385; baseline -0.003 -18"><span class='ocrx_word' id='word_1_679' title='bbox 2127 4323 2348 4385; x_wconf 84' lang='lat' dir='ltr'><strong>patrem,</strong></span> <span class='ocrx_word' id='word_1_680' title='bbox 2375 4323 2423 4367; x_wconf 88' lang='lat' dir='ltr'><strong>et</strong></span> <span class='ocrx_word' id='word_1_681' title='bbox 2462 4310 2624 4382; x_wconf 74' lang='lat' dir='ltr'><strong>ﬁlios,</strong></span> <span class='ocrx_word' id='word_1_682' title='bbox 2649 4329 2753 4366; x_wconf 87' lang='lat' dir='ltr'><strong>non</strong></span> <span class='ocrx_word' id='word_1_683' title='bbox 2778 4310 3043 4383; x_wconf 84' lang='lat' dir='ltr'><strong>polluetur</strong></span> <span class='ocrx_word' id='word_1_684' title='bbox 3087 4309 3274 4383; x_wconf 69' lang='lat' dir='ltr'><strong>(Leuit.</strong></span> <span class='ocrx_word' id='word_1_685' title='bbox 3308 4308 3427 4379; x_wconf 73' lang='lat' dir='ltr'><strong>xxi)</strong></span> <span class='ocrx_word' id='word_1_686' title='bbox 3457 4349 3474 4374; x_wconf 95' lang='lat'><strong>,</strong></span> <span class='ocrx_word' id='word_1_687' title='bbox 3520 4307 3581 4363; x_wconf 87' lang='lat' dir='ltr'><strong>id</strong></span> <span class='ocrx_word' id='word_1_688' title='bbox 3634 4316 3731 4371; x_wconf 71' lang='lat' dir='ltr'><strong>est,</strong></span> 
     </span>
    </p>
   </div>
   <div class='ocr_carea' id='block_1_84' title="bbox 2128 4397 3717 4474">
    <p class='ocr_par' dir='ltr' id='par_1_84' title="bbox 2128 4397 3717 4474">
     <span class='ocr_line' id='line_1_84' title="bbox 2128 4397 3717 4474; baseline -0.001 -17"><span class='ocrx_word' id='word_1_689' title='bbox 2128 4403 2332 4458; x_wconf 89' lang='lat' dir='ltr'><strong>nullum</strong></span> <span class='ocrx_word' id='word_1_690' title='bbox 2357 4400 2609 4461; x_wconf 72' lang='lat' dir='ltr'><strong>allectum</strong></span> <span class='ocrx_word' id='word_1_691' title='bbox 2639 4403 2797 4470; x_wconf 84' lang='lat' dir='ltr'><strong>sciet,</strong></span> <span class='ocrx_word' id='word_1_692' title='bbox 2824 4402 2932 4459; x_wconf 89' lang='lat' dir='ltr'><strong>nisi</strong></span> <span class='ocrx_word' id='word_1_693' title='bbox 2963 4402 3083 4474; x_wconf 87' lang='lat' dir='ltr'><strong>ejus</strong></span> <span class='ocrx_word' id='word_1_694' title='bbox 3117 4398 3271 4472; x_wconf 84' lang='lat' dir='ltr'><strong>cujus</strong></span> <span class='ocrx_word' id='word_1_695' title='bbox 3303 4397 3478 4455; x_wconf 89' lang='lat' dir='ltr'><strong>cultui</strong></span> <span class='ocrx_word' id='word_1_696' title='bbox 3523 4399 3717 4456; x_wconf 66' lang='lat' dir='ltr'><strong>dedit:</strong></span> 
     </span>
    </p>
   </div>
   <div class='ocr_carea' id='block_1_85' title="bbox 2131 4502 2351 4553">
    <p class='ocr_par' dir='ltr' id='par_1_85' title="bbox 2131 4502 2351 4553">
     <span class='ocr_line' id='line_1_85' title="bbox 2131 4502 2351 4553; baseline -0.018 -2"><span class='ocrx_word' id='word_1_697' title='bbox 2131 4502 2217 4551; x_wconf 86' lang='lat' dir='ltr'><strong>tus</strong></span> <span class='ocrx_word' id='word_1_698' title='bbox 2248 4502 2351 4553; x_wconf 91' lang='lat' dir='ltr'><strong>est.</strong></span> 
     </span>
    </p>
   </div>
   <div class='ocr_carea' id='block_1_86' title="bbox 2197 4582 3726 4655">
    <p class='ocr_par' dir='ltr' id='par_1_86' title="bbox 2197 4582 3726 4655">
     <span class='ocr_line' id='line_1_86' title="bbox 2197 4582 3726 4655; baseline -0.001 -16"><span class='ocrx_word' id='word_1_699' title='bbox 2197 4583 2406 4639; x_wconf 77' lang='lat' dir='ltr'><strong>Dictum</strong></span> <span class='ocrx_word' id='word_1_700' title='bbox 2449 4593 2525 4641; x_wconf 86' lang='lat' dir='ltr'><strong>est</strong></span> <span class='ocrx_word' id='word_1_701' title='bbox 2581 4593 2801 4640; x_wconf 90' lang='lat' dir='ltr'><strong>autem:</strong></span> <span class='ocrx_word' id='word_1_702' title='bbox 2840 4582 3150 4655; x_wconf 78' lang='lat' dir='ltr'><strong>Quicunque</strong></span> <span class='ocrx_word' id='word_1_703' title='bbox 3194 4582 3458 4638; x_wconf 76' lang='lat' dir='ltr'><strong>dimiserit</strong></span> <span class='ocrx_word' id='word_1_704' title='bbox 3508 4598 3726 4638; x_wconf 67' lang='lat' dir='ltr'><strong>uxorem</strong></span> 
     </span>
    </p>
   </div>
   <div class='ocr_carea' id='block_1_87' title="bbox 440 4634 3723 4748">
    <p class='ocr_par' dir='ltr' id='par_1_87' title="bbox 440 4634 3723 4748">
     <span class='ocr_line' id='line_1_87' title="bbox 440 4634 3723 4748; baseline 0.006 -36"><span class='ocrx_word' id='word_1_705' title='bbox 440 4673 950 4733; x_wconf 88' lang='lat' dir='ltr'><strong>commemorantur,</strong></span> <span class='ocrx_word' id='word_1_706' title='bbox 1000 4683 1218 4726; x_wconf 89' lang='lat' dir='ltr'><strong>omnem</strong></span> <span class='ocrx_word' id='word_1_707' title='bbox 1260 4634 1533 4729; x_wconf 65' lang='lat' dir='ltr'><strong>carnalem</strong></span> <span class='ocrx_word' id='word_1_708' title='bbox 1577 4682 1633 4730; x_wconf 91' lang='lat' dir='ltr'><strong>et</strong></span> <span class='ocrx_word' id='word_1_709' title='bbox 1671 4634 2018 4734; x_wconf 63' lang='lat' dir='ltr'><strong>libidinosam</strong></span> <span class='ocrx_word' id='word_1_710' title='bbox 2043 4634 2100 4701; x_wconf 66' lang='grc' dir='ltr'><strong><em>Β</em></strong></span> <span class='ocrx_word' id='word_1_711' title='bbox 2122 4695 2296 4740; x_wconf 85' lang='lat' dir='ltr'><strong>suam,</strong></span> <span class='ocrx_word' id='word_1_712' title='bbox 2321 4677 2408 4732; x_wconf 89' lang='lat' dir='ltr'><strong>det</strong></span> <span class='ocrx_word' id='word_1_713' title='bbox 2453 4676 2536 4733; x_wconf 82' lang='lat' dir='ltr'><strong>illi</strong></span> <span class='ocrx_word' id='word_1_714' title='bbox 2564 4676 2799 4732; x_wconf 81' lang='lat' dir='ltr'><strong>libellum</strong></span> <span class='ocrx_word' id='word_1_715' title='bbox 2829 4634 3076 4748; x_wconf 46' lang='lat' dir='ltr'><strong>repudii:</strong></span> <span class='ocrx_word' id='word_1_716' title='bbox 3108 4676 3382 4747; x_wconf 90' lang='lat' dir='ltr'><strong>Scriptum</strong></span> <span class='ocrx_word' id='word_1_717' title='bbox 3409 4675 3608 4746; x_wconf 86' lang='lat' dir='ltr'><strong>itaque</strong></span> <span class='ocrx_word' id='word_1_718' title='bbox 3652 4684 3723 4731; x_wconf 70' lang='lat' dir='ltr'><strong>est</strong></span> 
     </span>
    </p>
   </div>
   <div class='ocr_carea' id='block_1_88' title="bbox 362 4734 2015 4832">
    <p class='ocr_par' dir='ltr' id='par_1_88' title="bbox 362 4734 2015 4832">
     <span class='ocr_line' id='line_1_88' title="bbox 362 4734 2015 4832; baseline 0.014 -28"><span class='ocrx_word' id='word_1_719' title='bbox 362 4734 373 4789; x_wconf 77' lang='grc' dir='ltr'>ἰ</span> <span class='ocrx_word' id='word_1_720' title='bbox 439 4750 936 4821; x_wconf 89' lang='lat' dir='ltr'><strong>concupiscentiam</strong></span> <span class='ocrx_word' id='word_1_721' title='bbox 988 4770 1201 4824; x_wconf 88' lang='lat' dir='ltr'><strong>oportet</strong></span> <span class='ocrx_word' id='word_1_722' title='bbox 1249 4764 1495 4832; x_wconf 82' lang='lat' dir='ltr'><strong>intelligi.</strong></span> <span class='ocrx_word' id='word_1_723' title='bbox 1548 4764 1685 4819; x_wconf 90' lang='lat' dir='ltr'><strong>Cum</strong></span> <span class='ocrx_word' id='word_1_724' title='bbox 1723 4768 1866 4823; x_wconf 89' lang='lat' dir='ltr'><strong>enim</strong></span> <span class='ocrx_word' id='word_1_725' title='bbox 1904 4779 2015 4827; x_wconf 89' lang='lat' dir='ltr'><strong>tam</strong></span> 
     </span>
    </p>
   </div>
   <div class='ocr_carea' id='block_1_89' title="bbox 441 4838 2013 4928">
    <p class='ocr_par' dir='ltr' id='par_1_89' title="bbox 441 4838 2013 4928">
     <span class='ocr_line' id='line_1_89' title="bbox 441 4838 2013 4928; baseline 0.013 -35"><span class='ocrx_word' id='word_1_726' title='bbox 441 4839 659 4896; x_wconf 89' lang='lat' dir='ltr'><strong>assidue</strong></span> <span class='ocrx_word' id='word_1_727' title='bbox 689 4838 1047 4898; x_wconf 89' lang='lat' dir='ltr'><strong>idololatriam</strong></span> <span class='ocrx_word' id='word_1_728' title='bbox 1079 4844 1494 4904; x_wconf 81' lang='lat' dir='ltr'><strong>fornicationem</strong></span> <span class='ocrx_word' id='word_1_729' title='bbox 1520 4850 1803 4924; x_wconf 87' lang='lat' dir='ltr'><strong>Scriptura</strong></span> <span class='ocrx_word' id='word_1_730' title='bbox 1833 4858 2013 4928; x_wconf 89' lang='lat' dir='ltr'><strong>dicat,</strong></span> 
     </span>
    </p>
   </div>
   <div class='ocr_carea' id='block_1_90' title="bbox 438 4928 2018 5005">
    <p class='ocr_par' dir='ltr' id='par_1_90' title="bbox 438 4928 2018 5005">
     <span class='ocr_line' id='line_1_90' title="bbox 438 4928 2018 5005; baseline 0.014 -22"><span class='ocrx_word' id='word_1_731' title='bbox 438 4928 638 4985; x_wconf 90' lang='lat' dir='ltr'><strong>Paulus</strong></span> <span class='ocrx_word' id='word_1_732' title='bbox 676 4939 858 4989; x_wconf 87' lang='lat' dir='ltr'><strong>autem</strong></span> <span class='ocrx_word' id='word_1_733' title='bbox 901 4934 1174 5005; x_wconf 87' lang='lat' dir='ltr'><strong>apostolus</strong></span> <span class='ocrx_word' id='word_1_734' title='bbox 1221 4940 1505 4996; x_wconf 88' lang='lat' dir='ltr'><strong>avaritiam</strong></span> <span class='ocrx_word' id='word_1_735' title='bbox 1555 4943 1874 5004; x_wconf 77' lang='lat' dir='ltr'><strong>idololatriae</strong></span> <span class='ocrx_word' id='word_1_736' title='bbox 1918 4965 2018 5005; x_wconf 91' lang='lat' dir='ltr'><strong>no-</strong></span> 
     </span>
    </p>
   </div>
   <div class='ocr_carea' id='block_1_91' title="bbox 437 5021 2016 5111">
    <p class='ocr_par' dir='ltr' id='par_1_91' title="bbox 437 5021 2016 5111">
     <span class='ocr_line' id='line_1_91' title="bbox 437 5021 2016 5111; baseline 0.013 -36"><span class='ocrx_word' id='word_1_737' title='bbox 437 5021 582 5077; x_wconf 90' lang='lat' dir='ltr'><strong>mine</strong></span> <span class='ocrx_word' id='word_1_738' title='bbox 612 5023 872 5093; x_wconf 86' lang='lat' dir='ltr'><strong>appellet,</strong></span> <span class='ocrx_word' id='word_1_739' title='bbox 906 5025 1029 5095; x_wconf 89' lang='lat' dir='ltr'><strong>quis</strong></span> <span class='ocrx_word' id='word_1_740' title='bbox 1057 5026 1261 5083; x_wconf 88' lang='lat' dir='ltr'><strong>dubitet</strong></span> <span class='ocrx_word' id='word_1_741' title='bbox 1286 5044 1503 5089; x_wconf 89' lang='lat' dir='ltr'><strong>omnem</strong></span> <span class='ocrx_word' id='word_1_742' title='bbox 1534 5034 1730 5090; x_wconf 88' lang='lat' dir='ltr'><strong>malam</strong></span> <span class='ocrx_word' id='word_1_743' title='bbox 1759 5038 2016 5111; x_wconf 87' lang='lat' dir='ltr'><strong>concupi-</strong></span> 
     </span>
    </p>
   </div>
   <div class='ocr_carea' id='block_1_92' title="bbox 434 5114 2010 5199">
    <p class='ocr_par' dir='ltr' id='par_1_92' title="bbox 434 5114 2010 5199">
     <span class='ocr_line' id='line_1_92' title="bbox 434 5114 2010 5199; baseline 0.012 -33"><span class='ocrx_word' id='word_1_744' title='bbox 434 5114 694 5169; x_wconf 88' lang='lat' dir='ltr'><strong>scentiam</strong></span> <span class='ocrx_word' id='word_1_745' title='bbox 719 5124 865 5171; x_wconf 89' lang='lat' dir='ltr'><strong>recte</strong></span> <span class='ocrx_word' id='word_1_746' title='bbox 888 5115 1305 5176; x_wconf 83' lang='lat' dir='ltr'><strong>fornicationem</strong></span> <span class='ocrx_word' id='word_1_747' title='bbox 1328 5123 1541 5189; x_wconf 86' lang='lat' dir='ltr'><strong>vocari,</strong></span> <span class='ocrx_word' id='word_1_748' title='bbox 1568 5128 1782 5195; x_wconf 89' lang='lat' dir='ltr'><strong>quando</strong></span> <span class='ocrx_word' id='word_1_749' title='bbox 1808 5131 2010 5199; x_wconf 88' lang='lat' dir='ltr'><strong>anima,</strong></span> 
     </span>
    </p>
   </div>
   <div class='ocr_carea' id='block_1_93' title="bbox 433 5202 2008 5285">
    <p class='ocr_par' dir='ltr' id='par_1_93' title="bbox 433 5202 2008 5285">
     <span class='ocr_line' id='line_1_93' title="bbox 433 5202 2008 5285; baseline 0.011 -31"><span class='ocrx_word' id='word_1_750' title='bbox 433 5202 678 5271; x_wconf 77' lang='lat' dir='ltr'><strong>neglecta</strong></span> <span class='ocrx_word' id='word_1_751' title='bbox 728 5206 1006 5277; x_wconf 89' lang='lat' dir='ltr'><strong>superiore</strong></span> <span class='ocrx_word' id='word_1_752' title='bbox 1054 5207 1204 5280; x_wconf 89' lang='lat' dir='ltr'><strong>lege,</strong></span> <span class='ocrx_word' id='word_1_753' title='bbox 1257 5226 1361 5282; x_wconf 86' lang='lat' dir='ltr'><strong>qua</strong></span> <span class='ocrx_word' id='word_1_754' title='bbox 1414 5214 1639 5285; x_wconf 89' lang='lat' dir='ltr'><strong>regitur,</strong></span> <span class='ocrx_word' id='word_1_755' title='bbox 1692 5217 2008 5277; x_wconf 80' lang='lat' dir='ltr'><strong>inferiorum</strong></span> 
     </span>
    </p>
   </div>
   <div class='ocr_carea' id='block_1_94' title="bbox 434 5298 2014 5376">
    <p class='ocr_par' dir='ltr' id='par_1_94' title="bbox 434 5298 2014 5376">
     <span class='ocr_line' id='line_1_94' title="bbox 434 5298 2014 5376; baseline 0.011 -32"><span class='ocrx_word' id='word_1_756' title='bbox 434 5301 749 5349; x_wconf 87' lang='lat' dir='ltr'><strong>naturarum</strong></span> <span class='ocrx_word' id='word_1_757' title='bbox 782 5298 923 5369; x_wconf 91' lang='lat' dir='ltr'><strong>turpi</strong></span> <span class='ocrx_word' id='word_1_758' title='bbox 962 5299 1271 5369; x_wconf 82' lang='lat' dir='ltr'><strong>voluntate,</strong></span> <span class='ocrx_word' id='word_1_759' title='bbox 1301 5303 1459 5373; x_wconf 87' lang='lat' dir='ltr'><strong>quasi</strong></span> <span class='ocrx_word' id='word_1_760' title='bbox 1495 5304 1779 5373; x_wconf 89' lang='lat' dir='ltr'><strong>mercede,</strong></span> <span class='ocrx_word' id='word_1_761' title='bbox 1812 5308 2014 5376; x_wconf 89' lang='lat' dir='ltr'><strong>prosti-</strong></span> 
     </span>
    </p>
   </div>
   <div class='ocr_carea' id='block_1_95' title="bbox 435 5386 2009 5463">
    <p class='ocr_par' dir='ltr' id='par_1_95' title="bbox 435 5386 2009 5463">
     <span class='ocr_line' id='line_1_95' title="bbox 435 5386 2009 5463; baseline 0.011 -31"><span class='ocrx_word' id='word_1_762' title='bbox 435 5387 549 5433; x_wconf 91' lang='lat' dir='ltr'><strong>tuta</strong></span> <span class='ocrx_word' id='word_1_763' title='bbox 576 5386 984 5456; x_wconf 80' lang='lat' dir='ltr'><strong>corrumpitur?</strong></span> <span class='ocrx_word' id='word_1_764' title='bbox 1012 5386 1081 5442; x_wconf 84' lang='lat' dir='ltr'><strong>Et</strong></span> <span class='ocrx_word' id='word_1_765' title='bbox 1109 5389 1229 5445; x_wconf 87' lang='lat' dir='ltr'><strong>ideo</strong></span> <span class='ocrx_word' id='word_1_766' title='bbox 1268 5390 1513 5463; x_wconf 85' lang='lat' dir='ltr'><strong>quisquis</strong></span> <span class='ocrx_word' id='word_1_767' title='bbox 1551 5392 1825 5448; x_wconf 89' lang='lat' dir='ltr'><strong>carnalem</strong></span> <span class='ocrx_word' id='word_1_768' title='bbox 1865 5394 2009 5450; x_wconf 88' lang='lat' dir='ltr'><strong>dele-</strong></span> 
     </span>
    </p>
   </div>
   <div class='ocr_carea' id='block_1_96' title="bbox 430 5469 2011 5540">
    <p class='ocr_par' dir='ltr' id='par_1_96' title="bbox 430 5469 2011 5540">
     <span class='ocr_line' id='line_1_96' title="bbox 430 5469 2011 5540; baseline 0.008 -15"><span class='ocrx_word' id='word_1_769' title='bbox 430 5469 728 5527; x_wconf 71' lang='lat' dir='ltr'><strong>Ctationem</strong></span> <span class='ocrx_word' id='word_1_770' title='bbox 758 5476 1013 5531; x_wconf 88' lang='lat' dir='ltr'><strong>adversus</strong></span> <span class='ocrx_word' id='word_1_771' title='bbox 1042 5490 1246 5534; x_wconf 89' lang='lat' dir='ltr'><strong>rectam</strong></span> <span class='ocrx_word' id='word_1_772' title='bbox 1276 5480 1608 5536; x_wconf 86' lang='lat' dir='ltr'><strong>voluntatem</strong></span> <span class='ocrx_word' id='word_1_773' title='bbox 1638 5497 1793 5537; x_wconf 88' lang='lat' dir='ltr'><strong>suam</strong></span> <span class='ocrx_word' id='word_1_774' title='bbox 1835 5483 2011 5540; x_wconf 86' lang='lat' dir='ltr'><strong>rebel-</strong></span> 
     </span>
    </p>
   </div>
   <div class='ocr_carea' id='block_1_97' title="bbox 428 5558 2007 5643">
    <p class='ocr_par' dir='ltr' id='par_1_97' title="bbox 428 5558 2007 5643">
     <span class='ocr_line' id='line_1_97' title="bbox 428 5558 2007 5643; baseline 0.009 -27"><span class='ocrx_word' id='word_1_775' title='bbox 428 5558 545 5617; x_wconf 89' lang='lat' dir='ltr'><strong>lare</strong></span> <span class='ocrx_word' id='word_1_776' title='bbox 570 5561 761 5628; x_wconf 79' lang='lat' dir='ltr'><strong>sentit,</strong></span> <span class='ocrx_word' id='word_1_777' title='bbox 792 5566 1059 5625; x_wconf 78' lang='lat' dir='ltr'><strong>exclamet</strong></span> <span class='ocrx_word' id='word_1_778' title='bbox 1080 5567 1311 5642; x_wconf 86' lang='lat' dir='ltr'><strong>lugendo</strong></span> <span class='ocrx_word' id='word_1_779' title='bbox 1328 5613 1343 5640; x_wconf 95' lang='lat'><strong>,</strong></span> <span class='ocrx_word' id='word_1_780' title='bbox 1372 5572 1626 5643; x_wconf 89' lang='lat' dir='ltr'><strong>imploret</strong></span> <span class='ocrx_word' id='word_1_781' title='bbox 1651 5573 2007 5631; x_wconf 88' lang='lat' dir='ltr'><strong>consolatoris</strong></span> 
     </span>
    </p>
   </div>
   <div class='ocr_carea' id='block_1_98' title="bbox 427 5652 2007 5735">
    <p class='ocr_par' dir='ltr' id='par_1_98' title="bbox 427 5652 2007 5735">
     <span class='ocr_line' id='line_1_98' title="bbox 427 5652 2007 5735; baseline 0.011 -28"><span class='ocrx_word' id='word_1_782' title='bbox 427 5653 543 5709; x_wconf 85' lang='lat' dir='ltr'><strong>veri</strong></span> <span class='ocrx_word' id='word_1_783' title='bbox 593 5652 805 5710; x_wconf 88' lang='lat' dir='ltr'><strong>Domini</strong></span> <span class='ocrx_word' id='word_1_784' title='bbox 851 5657 1053 5716; x_wconf 89' lang='lat' dir='ltr'><strong>Christi</strong></span> <span class='ocrx_word' id='word_1_785' title='bbox 1101 5662 1380 5718; x_wconf 82' lang='lat' dir='ltr'><strong>auxilium.</strong></span> <span class='ocrx_word' id='word_1_786' title='bbox 1431 5663 1543 5721; x_wconf 85' lang='lat' dir='ltr'><strong>Nec</strong></span> <span class='ocrx_word' id='word_1_787' title='bbox 1575 5680 1777 5735; x_wconf 90' lang='lat' dir='ltr'><strong>parvus</strong></span> <span class='ocrx_word' id='word_1_788' title='bbox 1812 5673 1897 5722; x_wconf 91' lang='lat' dir='ltr'><strong>est</strong></span> <span class='ocrx_word' id='word_1_789' title='bbox 1933 5668 2007 5724; x_wconf 89' lang='lat' dir='ltr'><strong>ad</strong></span> 
     </span>
    </p>
   </div>
   <div class='ocr_carea' id='block_1_99' title="bbox 426 5740 1907 5824">
    <p class='ocr_par' dir='ltr' id='par_1_99' title="bbox 426 5740 1907 5824">
     <span class='ocr_line' id='line_1_99' title="bbox 426 5740 1907 5824; baseline 0.01 -25"><span class='ocrx_word' id='word_1_790' title='bbox 426 5740 814 5800; x_wconf 84' lang='lat' dir='ltr'><strong>beatitudinem</strong></span> <span class='ocrx_word' id='word_1_791' title='bbox 842 5760 1121 5818; x_wconf 89' lang='lat' dir='ltr'><strong>accessus,</strong></span> <span class='ocrx_word' id='word_1_792' title='bbox 1153 5754 1389 5824; x_wconf 84' lang='lat' dir='ltr'><strong>cognitio</strong></span> <span class='ocrx_word' id='word_1_793' title='bbox 1414 5755 1747 5814; x_wconf 84' lang='lat' dir='ltr'><strong>infelicitatis</strong></span> <span class='ocrx_word' id='word_1_794' title='bbox 1775 5772 1907 5814; x_wconf 75' lang='lat' dir='ltr'><strong>suae.</strong></span> 
     </span>
    </p>
   </div>
   <div class='ocr_carea' id='block_1_100' title="bbox 497 5835 2000 5920">
    <p class='ocr_par' dir='ltr' id='par_1_100' title="bbox 497 5835 2000 5920">
     <span class='ocr_line' id='line_1_100' title="bbox 497 5835 2000 5920; baseline 0.011 -29"><span class='ocrx_word' id='word_1_795' title='bbox 497 5838 650 5905; x_wconf 78' lang='lat' dir='ltr'><strong>Quod</strong></span> <span class='ocrx_word' id='word_1_796' title='bbox 675 5838 721 5894; x_wconf 77' lang='lat' dir='ltr'><strong>si</strong></span> <span class='ocrx_word' id='word_1_797' title='bbox 742 5838 927 5897; x_wconf 89' lang='lat' dir='ltr'><strong>oculus</strong></span> <span class='ocrx_word' id='word_1_798' title='bbox 951 5850 1070 5899; x_wconf 80' lang='lat' dir='ltr'><strong>tuus</strong></span> <span class='ocrx_word' id='word_1_799' title='bbox 1094 5844 1275 5903; x_wconf 69' lang='lat' dir='ltr'><strong>dexter</strong></span> <span class='ocrx_word' id='word_1_800' title='bbox 1296 5848 1620 5907; x_wconf 76' lang='lat' dir='ltr'><strong>scandalizat</strong></span> <span class='ocrx_word' id='word_1_801' title='bbox 1648 5858 1721 5920; x_wconf 83' lang='lat' dir='ltr'><strong>te,</strong></span> <span class='ocrx_word' id='word_1_802' title='bbox 1739 5835 1861 5910; x_wconf 64' lang='lat' dir='ltr'><strong>erue</strong></span> <span class='ocrx_word' id='word_1_803' title='bbox 1881 5868 2000 5909; x_wconf 82' lang='lat' dir='ltr'><strong>eum</strong></span> 
     </span>
    </p>
   </div>
   <div class='ocr_carea' id='block_1_101' title="bbox 2119 4763 3726 4837">
    <p class='ocr_par' dir='ltr' id='par_1_101' title="bbox 2119 4763 3726 4837">
     <span class='ocr_line' id='line_1_101' title="bbox 2119 4763 3726 4837; baseline -0.003 -14"><span class='ocrx_word' id='word_1_804' title='bbox 2119 4767 2199 4823; x_wconf 84' lang='lat' dir='ltr'><strong>sic</strong></span> <span class='ocrx_word' id='word_1_805' title='bbox 2223 4767 2278 4822; x_wconf 87' lang='lat' dir='ltr'><strong>in</strong></span> <span class='ocrx_word' id='word_1_806' title='bbox 2306 4766 2723 4823; x_wconf 87' lang='lat' dir='ltr'><strong>Deuteronomio</strong></span> <span class='ocrx_word' id='word_1_807' title='bbox 2754 4786 2767 4821; x_wconf 88' lang='lat'><strong>:</strong></span> <span class='ocrx_word' id='word_1_808' title='bbox 2802 4764 2866 4822; x_wconf 80' lang='lat' dir='ltr'><strong>Si</strong></span> <span class='ocrx_word' id='word_1_809' title='bbox 2890 4763 3146 4837; x_wconf 78' lang='lat' dir='ltr'><strong>acceperit</strong></span> <span class='ocrx_word' id='word_1_810' title='bbox 3193 4764 3349 4819; x_wconf 82' lang='lat' dir='ltr'><strong>homo</strong></span> <span class='ocrx_word' id='word_1_811' title='bbox 3377 4781 3644 4831; x_wconf 69' lang='lat' dir='ltr'><strong>uxorem,</strong></span> <span class='ocrx_word' id='word_1_812' title='bbox 3682 4777 3726 4818; x_wconf 77' lang='lat' dir='ltr'><strong>et</strong></span> 
     </span>
    </p>
   </div>
   <div class='ocr_carea' id='block_1_102' title="bbox 2119 4856 3727 4929">
    <p class='ocr_par' dir='ltr' id='par_1_102' title="bbox 2119 4856 3727 4929">
     <span class='ocr_line' id='line_1_102' title="bbox 2119 4856 3727 4929; baseline -0.001 -18"><span class='ocrx_word' id='word_1_813' title='bbox 2119 4857 2359 4912; x_wconf 83' lang='lat' dir='ltr'><strong>habuerit</strong></span> <span class='ocrx_word' id='word_1_814' title='bbox 2379 4875 2515 4927; x_wconf 87' lang='lat' dir='ltr'><strong>eam,</strong></span> <span class='ocrx_word' id='word_1_815' title='bbox 2539 4868 2590 4914; x_wconf 85' lang='lat' dir='ltr'><strong>et</strong></span> <span class='ocrx_word' id='word_1_816' title='bbox 2609 4875 2713 4913; x_wconf 89' lang='lat' dir='ltr'><strong>non</strong></span> <span class='ocrx_word' id='word_1_817' title='bbox 2730 4859 2983 4913; x_wconf 76' lang='lat' dir='ltr'><strong>invenerit</strong></span> <span class='ocrx_word' id='word_1_818' title='bbox 3006 4858 3234 4929; x_wconf 82' lang='lat' dir='ltr'><strong>gratiam</strong></span> <span class='ocrx_word' id='word_1_819' title='bbox 3256 4866 3377 4911; x_wconf 86' lang='lat' dir='ltr'><strong>ante</strong></span> <span class='ocrx_word' id='word_1_820' title='bbox 3397 4856 3585 4911; x_wconf 84' lang='lat' dir='ltr'><strong>oculos</strong></span> <span class='ocrx_word' id='word_1_821' title='bbox 3618 4859 3727 4923; x_wconf 73' lang='lat' dir='ltr'><strong>eius</strong></span> 
     </span>
    </p>
   </div>
   <div class='ocr_carea' id='block_1_103' title="bbox 2116 4946 3724 5025">
    <p class='ocr_par' dir='ltr' id='par_1_103' title="bbox 2116 4946 3724 5025">
     <span class='ocr_line' id='line_1_103' title="bbox 2116 4946 3724 5025; baseline 0.001 -22"><span class='ocrx_word' id='word_1_822' title='bbox 2116 4961 2328 5021; x_wconf 87' lang='lat' dir='ltr'><strong>propter</strong></span> <span class='ocrx_word' id='word_1_823' title='bbox 2349 4950 2580 5025; x_wconf 82' lang='lat' dir='ltr'><strong>aliquam</strong></span> <span class='ocrx_word' id='word_1_824' title='bbox 2610 4951 2913 5018; x_wconf 72' lang='lat' dir='ltr'><strong>foeditatem,</strong></span> <span class='ocrx_word' id='word_1_825' title='bbox 2943 4950 3131 5006; x_wconf 78' lang='lat' dir='ltr'><strong>scribet</strong></span> <span class='ocrx_word' id='word_1_826' title='bbox 3163 4946 3399 5004; x_wconf 82' lang='lat' dir='ltr'><strong>libellum</strong></span> <span class='ocrx_word' id='word_1_827' title='bbox 3420 4949 3660 5018; x_wconf 75' lang='lat' dir='ltr'><strong>repudii,</strong></span> <span class='ocrx_word' id='word_1_828' title='bbox 3681 4962 3724 5004; x_wconf 69' lang='grc' dir='ltr'><em>α</em></span> 
     </span>
    </p>
   </div>
   <div class='ocr_carea' id='block_1_104' title="bbox 2117 5039 3721 5110">
    <p class='ocr_par' dir='ltr' id='par_1_104' title="bbox 2117 5039 3721 5110">
     <span class='ocr_line' id='line_1_104' title="bbox 2117 5039 3721 5110; baseline 0.002 -17"><span class='ocrx_word' id='word_1_829' title='bbox 2117 5039 2263 5095; x_wconf 84' lang='lat' dir='ltr'><strong>dabit</strong></span> <span class='ocrx_word' id='word_1_830' title='bbox 2299 5041 2355 5096; x_wconf 80' lang='lat' dir='ltr'><strong>in</strong></span> <span class='ocrx_word' id='word_1_831' title='bbox 2388 5060 2548 5098; x_wconf 88' lang='lat' dir='ltr'><strong>manu</strong></span> <span class='ocrx_word' id='word_1_832' title='bbox 2578 5042 2750 5110; x_wconf 82' lang='lat' dir='ltr'><strong>illius,</strong></span> <span class='ocrx_word' id='word_1_833' title='bbox 2796 5052 2843 5097; x_wconf 88' lang='lat' dir='ltr'><strong>et</strong></span> <span class='ocrx_word' id='word_1_834' title='bbox 2874 5042 3105 5097; x_wconf 79' lang='lat' dir='ltr'><strong>dimittet</strong></span> <span class='ocrx_word' id='word_1_835' title='bbox 3154 5058 3272 5097; x_wconf 91' lang='lat' dir='ltr'><strong>eam</strong></span> <span class='ocrx_word' id='word_1_836' title='bbox 3308 5040 3378 5095; x_wconf 80' lang='lat' dir='ltr'><strong>de</strong></span> <span class='ocrx_word' id='word_1_837' title='bbox 3409 5039 3578 5097; x_wconf 76' lang='lat' dir='ltr'><strong>domo</strong></span> <span class='ocrx_word' id='word_1_838' title='bbox 3602 5059 3721 5106; x_wconf 71' lang='lat' dir='ltr'><strong>sua,</strong></span> 
     </span>
    </p>
   </div>
   <div class='ocr_carea' id='block_1_105' title="bbox 2115 5129 3724 5205">
    <p class='ocr_par' dir='ltr' id='par_1_105' title="bbox 2115 5129 3724 5205">
     <span class='ocr_line' id='line_1_105' title="bbox 2115 5129 3724 5205; baseline 0 -18"><span class='ocrx_word' id='word_1_839' title='bbox 2115 5140 2221 5188; x_wconf 87' lang='lat' dir='ltr'><strong>etc.</strong></span> <span class='ocrx_word' id='word_1_840' title='bbox 2252 5132 2432 5205; x_wconf 87' lang='lat' dir='ltr'><strong>(Deut.</strong></span> <span class='ocrx_word' id='word_1_841' title='bbox 2460 5132 2632 5205; x_wconf 76' lang='lat' dir='ltr'><strong>xxw).</strong></span> <span class='ocrx_word' id='word_1_842' title='bbox 2686 5133 2746 5188; x_wconf 91' lang='lat' dir='ltr'><strong>ln</strong></span> <span class='ocrx_word' id='word_1_843' title='bbox 2790 5133 3078 5199; x_wconf 80' lang='lat' dir='ltr'><strong>posteriori</strong></span> <span class='ocrx_word' id='word_1_844' title='bbox 3106 5145 3234 5185; x_wconf 89' lang='lat' dir='ltr'><strong>vero</strong></span> <span class='ocrx_word' id='word_1_845' title='bbox 3261 5138 3416 5201; x_wconf 87' lang='lat' dir='ltr'><strong>parte</strong></span> <span class='ocrx_word' id='word_1_846' title='bbox 3444 5129 3621 5186; x_wconf 86' lang='lat' dir='ltr'><strong>istum</strong></span> <span class='ocrx_word' id='word_1_847' title='bbox 3650 5130 3724 5187; x_wconf 88' lang='lat' dir='ltr'><strong>lo-</strong></span> 
     </span>
    </p>
   </div>
   <div class='ocr_carea' id='block_1_106' title="bbox 2113 5216 3714 5292">
    <p class='ocr_par' dir='ltr' id='par_1_106' title="bbox 2113 5216 3714 5292">
     <span class='ocr_line' id='line_1_106' title="bbox 2113 5216 3714 5292; baseline 0.003 -18"><span class='ocrx_word' id='word_1_848' title='bbox 2113 5235 2236 5274; x_wconf 86' lang='lat' dir='ltr'><strong>cum</strong></span> <span class='ocrx_word' id='word_1_849' title='bbox 2263 5224 2475 5288; x_wconf 88' lang='lat' dir='ltr'><strong>plenius</strong></span> <span class='ocrx_word' id='word_1_850' title='bbox 2505 5216 2755 5275; x_wconf 85' lang='lat' dir='ltr'><strong>Salvator</strong></span> <span class='ocrx_word' id='word_1_851' title='bbox 2781 5219 3021 5290; x_wconf 86' lang='lat' dir='ltr'><strong>exponit.</strong></span> <span class='ocrx_word' id='word_1_852' title='bbox 3048 5219 3203 5289; x_wconf 89' lang='lat' dir='ltr'><strong>Quod</strong></span> <span class='ocrx_word' id='word_1_853' title='bbox 3232 5216 3442 5292; x_wconf 81' lang='lat' dir='ltr'><strong>Moyses</strong></span> <span class='ocrx_word' id='word_1_854' title='bbox 3470 5221 3714 5279; x_wconf 68' lang='lat' dir='ltr'><strong>libellum</strong></span> 
     </span>
    </p>
   </div>
   <div class='ocr_carea' id='block_1_107' title="bbox 2113 5306 3717 5385">
    <p class='ocr_par' dir='ltr' id='par_1_107' title="bbox 2113 5306 3717 5385">
     <span class='ocr_line' id='line_1_107' title="bbox 2113 5306 3717 5385; baseline 0.004 -22"><span class='ocrx_word' id='word_1_855' title='bbox 2113 5309 2323 5380; x_wconf 89' lang='lat' dir='ltr'><strong>repudii</strong></span> <span class='ocrx_word' id='word_1_856' title='bbox 2366 5306 2484 5364; x_wconf 83' lang='lat' dir='ltr'><strong>dari</strong></span> <span class='ocrx_word' id='word_1_857' title='bbox 2527 5308 2755 5379; x_wconf 83' lang='lat' dir='ltr'><strong>jusserit</strong></span> <span class='ocrx_word' id='word_1_858' title='bbox 2783 5321 2996 5385; x_wconf 88' lang='lat' dir='ltr'><strong>propter</strong></span> <span class='ocrx_word' id='word_1_859' title='bbox 3034 5310 3288 5366; x_wconf 78' lang='lat' dir='ltr'><strong>duritiam</strong></span> <span class='ocrx_word' id='word_1_860' title='bbox 3330 5311 3515 5369; x_wconf 75' lang='lat' dir='ltr'><strong>cordis</strong></span> <span class='ocrx_word' id='word_1_861' title='bbox 3548 5313 3717 5369; x_wconf 51' lang='lat' dir='ltr'><strong>mali.</strong></span> 
     </span>
    </p>
   </div>
   <div class='ocr_carea' id='block_1_108' title="bbox 2112 5399 3715 5468">
    <p class='ocr_par' dir='ltr' id='par_1_108' title="bbox 2112 5399 3715 5468">
     <span class='ocr_line' id='line_1_108' title="bbox 2112 5399 3715 5468; baseline 0.002 -13"><span class='ocrx_word' id='word_1_862' title='bbox 2112 5408 2311 5468; x_wconf 90' lang='lat' dir='ltr'><strong>torum,</strong></span> <span class='ocrx_word' id='word_1_863' title='bbox 2337 5415 2446 5454; x_wconf 91' lang='lat' dir='ltr'><strong>non</strong></span> <span class='ocrx_word' id='word_1_864' title='bbox 2468 5399 2753 5465; x_wconf 86' lang='lat' dir='ltr'><strong>discidium</strong></span> <span class='ocrx_word' id='word_1_865' title='bbox 2783 5401 3106 5468; x_wconf 89' lang='lat' dir='ltr'><strong>concedens,</strong></span> <span class='ocrx_word' id='word_1_866' title='bbox 3132 5401 3226 5457; x_wconf 88' lang='lat' dir='ltr'><strong>sed</strong></span> <span class='ocrx_word' id='word_1_867' title='bbox 3259 5400 3520 5460; x_wconf 87' lang='lat' dir='ltr'><strong>auferens</strong></span> <span class='ocrx_word' id='word_1_868' title='bbox 3544 5403 3715 5459; x_wconf 84' lang='lat' dir='ltr'><strong>homi-</strong></span> 
     </span>
    </p>
   </div>
   <div class='ocr_carea' id='block_1_109' title="bbox 2116 5490 3713 5571">
    <p class='ocr_par' dir='ltr' id='par_1_109' title="bbox 2116 5490 3713 5571">
     <span class='ocr_line' id='line_1_109' title="bbox 2116 5490 3713 5571; baseline 0.004 -24"><span class='ocrx_word' id='word_1_869' title='bbox 2116 5491 2335 5547; x_wconf 89' lang='lat' dir='ltr'><strong>cidium.</strong></span> <span class='ocrx_word' id='word_1_870' title='bbox 2366 5490 2532 5551; x_wconf 79' lang='lat' dir='ltr'><strong>Multo</strong></span> <span class='ocrx_word' id='word_1_871' title='bbox 2553 5492 2695 5548; x_wconf 86' lang='lat' dir='ltr'><strong>enim</strong></span> <span class='ocrx_word' id='word_1_872' title='bbox 2714 5492 2905 5555; x_wconf 89' lang='lat' dir='ltr'><strong>melius</strong></span> <span class='ocrx_word' id='word_1_873' title='bbox 2929 5501 3034 5559; x_wconf 89' lang='lat' dir='ltr'><strong>est,</strong></span> <span class='ocrx_word' id='word_1_874' title='bbox 3056 5492 3185 5550; x_wconf 87' lang='lat' dir='ltr'><strong>licet</strong></span> <span class='ocrx_word' id='word_1_875' title='bbox 3228 5492 3547 5571; x_wconf 85' lang='lat' dir='ltr'><strong>lugubrem,</strong></span> <span class='ocrx_word' id='word_1_876' title='bbox 3578 5510 3713 5553; x_wconf 80' lang='lat' dir='ltr'><strong>eve-</strong></span> 
     </span>
    </p>
   </div>
   <div class='ocr_carea' id='block_1_110' title="bbox 2113 5580 3708 5659">
    <p class='ocr_par' dir='ltr' id='par_1_110' title="bbox 2113 5580 3708 5659">
     <span class='ocr_line' id='line_1_110' title="bbox 2113 5580 3708 5659; baseline 0.003 -24"><span class='ocrx_word' id='word_1_877' title='bbox 2113 5581 2236 5637; x_wconf 88' lang='lat' dir='ltr'><strong>nire</strong></span> <span class='ocrx_word' id='word_1_878' title='bbox 2261 5580 2609 5649; x_wconf 87' lang='lat' dir='ltr'><strong>discordiam,</strong></span> <span class='ocrx_word' id='word_1_879' title='bbox 2630 5598 2791 5659; x_wconf 83' lang='lat' dir='ltr'><strong>quam</strong></span> <span class='ocrx_word' id='word_1_880' title='bbox 2823 5599 2925 5654; x_wconf 90' lang='lat' dir='ltr'><strong>per</strong></span> <span class='ocrx_word' id='word_1_881' title='bbox 2955 5584 3138 5640; x_wconf 89' lang='lat' dir='ltr'><strong>odium</strong></span> <span class='ocrx_word' id='word_1_882' title='bbox 3167 5586 3490 5659; x_wconf 81' lang='lat' dir='ltr'><strong>sanguinem</strong></span> <span class='ocrx_word' id='word_1_883' title='bbox 3528 5586 3708 5642; x_wconf 68' lang='lat' dir='ltr'><strong>fundi.</strong></span> 
     </span>
    </p>
   </div>
   <div class='ocr_carea' id='block_1_111' title="bbox 2181 5671 3697 5750">
    <p class='ocr_par' dir='ltr' id='par_1_111' title="bbox 2181 5671 3697 5750">
     <span class='ocr_line' id='line_1_111' title="bbox 2181 5671 3697 5750; baseline 0.005 -23"><span class='ocrx_word' id='word_1_884' title='bbox 2181 5671 2296 5744; x_wconf 86' lang='lat' dir='ltr'><strong>Ego</strong></span> <span class='ocrx_word' id='word_1_885' title='bbox 2325 5684 2501 5730; x_wconf 87' lang='lat' dir='ltr'><strong>autem</strong></span> <span class='ocrx_word' id='word_1_886' title='bbox 2519 5674 2637 5730; x_wconf 80' lang='lat' dir='ltr'><strong>dico</strong></span> <span class='ocrx_word' id='word_1_887' title='bbox 2656 5676 2799 5731; x_wconf 79' lang='lat' dir='ltr'><strong>vobis</strong></span> <span class='ocrx_word' id='word_1_888' title='bbox 2824 5676 2950 5747; x_wconf 81' lang='lat' dir='ltr'><strong>quia</strong></span> <span class='ocrx_word' id='word_1_889' title='bbox 2972 5677 3141 5733; x_wconf 72' lang='lat' dir='ltr'><strong>omnis</strong></span> <span class='ocrx_word' id='word_1_890' title='bbox 3162 5679 3253 5750; x_wconf 77' lang='lat' dir='ltr'><strong>qui</strong></span> <span class='ocrx_word' id='word_1_891' title='bbox 3280 5677 3543 5734; x_wconf 81' lang='lat' dir='ltr'><strong>dimiserit</strong></span> <span class='ocrx_word' id='word_1_892' title='bbox 3568 5696 3697 5735; x_wconf 70' lang='lat' dir='ltr'><strong>uxo-</strong></span> 
     </span>
    </p>
   </div>
   <div class='ocr_carea' id='block_1_112' title="bbox 2111 5765 3705 5841">
    <p class='ocr_par' dir='ltr' id='par_1_112' title="bbox 2111 5765 3705 5841">
     <span class='ocr_line' id='line_1_112' title="bbox 2111 5765 3705 5841; baseline 0.006 -25"><span class='ocrx_word' id='word_1_893' title='bbox 2111 5778 2218 5817; x_wconf 89' lang='lat' dir='ltr'><strong>rem</strong></span> <span class='ocrx_word' id='word_1_894' title='bbox 2234 5780 2406 5833; x_wconf 84' lang='lat' dir='ltr'><strong>suam,</strong></span> <span class='ocrx_word' id='word_1_895' title='bbox 2433 5775 2646 5835; x_wconf 72' lang='lat' dir='ltr'><strong>excepta</strong></span> <span class='ocrx_word' id='word_1_896' title='bbox 2676 5765 3036 5835; x_wconf 82' lang='lat' dir='ltr'><strong>fornicationis</strong></span> <span class='ocrx_word' id='word_1_897' title='bbox 3063 5785 3245 5837; x_wconf 83' lang='lat' dir='ltr'><strong>causa,</strong></span> <span class='ocrx_word' id='word_1_898' title='bbox 3274 5768 3404 5841; x_wconf 74' lang='lat' dir='ltr'><strong>facit</strong></span> <span class='ocrx_word' id='word_1_899' title='bbox 3423 5786 3544 5825; x_wconf 72' lang='lat' dir='ltr'><strong>eam</strong></span> <span class='ocrx_word' id='word_1_900' title='bbox 3567 5787 3705 5825; x_wconf 68' lang='lat' dir='ltr'><strong>mc-</strong></span> 
     </span>
    </p>
   </div>
   <div class='ocr_carea' id='block_1_113' title="bbox 2109 5853 3703 5940">
    <p class='ocr_par' dir='ltr' id='par_1_113' title="bbox 2109 5853 3703 5940">
     <span class='ocr_line' id='line_1_113' title="bbox 2109 5853 3703 5940; baseline 0.004 -33"><span class='ocrx_word' id='word_1_901' title='bbox 2109 5853 2276 5922; x_wconf 83' lang='lat' dir='ltr'><strong>chari,</strong></span> <span class='ocrx_word' id='word_1_902' title='bbox 2305 5862 2351 5909; x_wconf 87' lang='lat' dir='ltr'><strong>et</strong></span> <span class='ocrx_word' id='word_1_903' title='bbox 2394 5853 2485 5925; x_wconf 84' lang='lat' dir='ltr'><strong>qui</strong></span> <span class='ocrx_word' id='word_1_904' title='bbox 2538 5855 2809 5912; x_wconf 79' lang='lat' dir='ltr'><strong>dimissam</strong></span> <span class='ocrx_word' id='word_1_905' title='bbox 2857 5857 3103 5929; x_wconf 63' lang='lat' dir='ltr'><strong>duxerit,</strong></span> <span class='ocrx_word' id='word_1_906' title='bbox 3156 5858 3436 5919; x_wconf 81' lang='lat' dir='ltr'><strong>adulterat.</strong></span> <span class='ocrx_word' id='word_1_907' title='bbox 3501 5861 3703 5940; x_wconf 67' lang='grc' dir='ltr'><strong>(Δις.)</strong></span> 
     </span>
    </p>
   </div>
  </div>
