3914 6448
164 448 268 512 813

1110 428 1459 516 causam.
1500 456 1569 515 lN
1606 456 2037 519 manuum.
2077 486 2150 505 ι-
2184 460 2312 519 LIB.
2353 461 2416 521 ιι.

3309 473 3415 532 814

161 572 335 629 Multae
357 579 514 628 erant
545 572 601 628 in
624 573 744 647 lege
777 577 949 633 veteri
987 592 1165 633 cauete
1188 594 1387 636 uxores
1408 576 1730 638 dimittendi.
1760 582 1815 643 Α
1839 595 1870 635 a
1898 580 2094 652 quibus
2120 578 2413 654 diliguntur
2449 584 2698 649 oderunt,
2735 585 2873 641 sicut
2896 584 3156 644 luxuriosi
3189 589 3284 647 ﬁli
3322 609 3419 664 pa-

159 664 416 719 Dominus
444 674 620 719 autem
647 666 701 721 in
732 666 1022 740 Evangelio
1047 669 1217 726 solam
1258 686 1477 728 causam
1503 671 1737 729 fornica-

158 755 320 812 tionis
344 757 577 826 excepit.
607 756 843 813 Caateras
869 773 1000 814 vero
1028 761 1310 818 universas
1342 763 1650 830 molestias,
1689 764 1736 820 si

159 860 275 916 quae
307 845 447 902 forte
474 848 799 912 exstiterint,
837 845 993 915 jubet
1028 863 1129 918 pro
1180 848 1287 907 ﬁde
1321 850 1588 924 conjugali
1616 893 1631 919 ,
1680 860 1738 907 et

156 955 253 1012 pro
307 940 560 996 castitate
611 940 824 996 fortiter
866 942 1143 998 sustineri.
1175 943 1247 999 Et
1290 947 1563 1000 machum
1609 945 1739 1000 dicit

156 1033 315 1087 etiam
341 1032 518 1086 virum
549 1032 639 1102 qui
672 1048 794 1088 eam
824 1032 1040 1089 duxerit
1064 1048 1185 1103 qua:
1222 1034 1399 1090 soluta
1426 1043 1514 1090 est
1539 1049 1571 1089 a
1592 1034 1731 1089 viro.

154 1122 317 1194 Cujus
345 1123 423 1178 rei
455 1123 730 1192 apostolus
779 1123 975 1180 Paulus
1009 1125 1300 1180 terminum
1324 1126 1577 1180 ostendit.
1599 1123 1736 1192 Quia

156 1214 343 1269 tandiu
385 1214 783 1270 observandum
834 1216 965 1272 dicit
1007 1217 1246 1287 quandiu
1290 1216 1378 1271 vir
1414 1215 1532 1286 ejus
1579 1218 1731 1272 vivit.

154 1305 246 1361 lllo
304 1316 487 1362 autem
541 1316 754 1364 mortuo
809 1308 900 1364 dat
947 1309 1182 1365 nubendi
1237 1308 1530 1365 licentiam.
1582 1308 1736 1365 Hanc

152 1396 316 1452 etiam
344 1396 587 1469 regulam
624 1399 740 1470 ipse
767 1399 962 1465 tenuit,
980 1407 1038 1455 et
1061 1400 1118 1455 in
1143 1415 1208 1456 ea
1244 1414 1351 1455 non
1375 1416 1534 1456 suum
1558 1402 1737 1457 consi-

156 1486 301 1550 lium,
324 1487 472 1542 sicut
507 1496 562 1543 et
590 1488 644 1544 in
684 1490 959 1545 nonnullis
1006 1489 1247 1557 monitis,
1276 1490 1372 1546 sed
1405 1499 1736 1573 praeceptum

155 1578 364 1635 Domini
393 1577 636 1649 jubentis
680 1582 935 1647 ostendit,
960 1592 1085 1637 eum
1136 1582 1214 1638 ait
1237 1600 1250 1636 :
1277 1581 1373 1638 Eis
1411 1592 1584 1639 autem
1618 1599 1736 1655 qua

155 1682 325 1743 nupta
348 1682 470 1729 sunt
501 1674 746 1745 prtecipio
773 1686 877 1730 non
904 1690 1020 1746 ego,
1044 1676 1136 1731 sed
1162 1675 1444 1743 Dominus,
1465 1674 1735 1732 mulierem

154 1780 186 1817 a
208 1764 320 1819 viro
345 1782 450 1820 non
474 1765 759 1833 discedere,
776 1767 912 1839 quod
932 1768 977 1823 si
1008 1768 1324 1835 discesserit,
1351 1784 1566 1824 manere
1582 1769 1736 1824 innu-

151 1862 315 1922 ptam,
340 1865 433 1910 aut
459 1857 565 1911 vim
596 1872 694 1912 suo
724 1858 1067 1925 reconciliari,
1091 1868 1142 1913 et
1187 1859 1268 1915 vir
1305 1874 1607 1915 uxoremne
1650 1860 1734 1915 di-

1840 682 2021 728 rentes
2048 675 2373 731 coercitores
2416 674 2645 732 luxuria:
2686 691 2815 732 suae.
2845 678 3102 734 Ascendit
3139 694 3270 754 ergo
3320 683 3419 739 ali-

1839 779 1999 834 quem
2023 766 2269 836 gradum,
2293 765 2386 834 qui
2410 766 2714 835 proximum
2744 766 2939 839 diligit,
2970 771 3216 838 quamvis
3239 773 3416 830 adhuc

1837 854 2012 909 oderit
2038 854 2334 909 inimicum.
2366 854 2497 926 Ejus
2525 863 2703 913 autem
2749 857 3005 929 imperio,
3033 861 3125 931 qui
3166 862 3315 918 venit
3340 862 3415 919 le-

1837 960 1959 1016 gem
1991 945 2233 1015 implere,
2265 961 2373 1001 non
2410 946 2619 1002 solvere
2642 988 2658 1013 ,
2706 948 2950 1023 perﬁciet
2989 951 3420 1009 benevolentiam

1835 1043 1892 1091 et
1915 1035 2322 1107 benignitatem,
2346 1050 2469 1092 eum
2495 1052 2617 1093 eam
2644 1052 2819 1109 usque
2850 1042 2914 1096 ad
2942 1041 3145 1098 inimici
3178 1044 3419 1101 dilectio—

1836 1142 1960 1182 nem
1978 1129 2311 1203 perduxerit.
2334 1127 2466 1184 Nam
2493 1130 2583 1185 ille
2608 1132 2823 1202 gradus,
2852 1135 3096 1203 quamvis
3123 1136 3414 1194 tionnullus

1835 1217 1929 1285 sit,
1955 1226 2065 1273 tam
2086 1220 2344 1290 parvulus
2371 1229 2457 1276 est
2481 1230 2682 1287 tamen,
2701 1230 2759 1277 ut
2780 1238 2902 1278 cum
2926 1224 3228 1296 publicanis
3251 1227 3415 1284 etiam

1834 1308 2007 1383 possit
2026 1322 2148 1365 esse
2175 1312 2498 1366 mmmunis.
2535 1309 2645 1367 Nec
2675 1314 2818 1382 quod
2843 1314 2897 1367 in
2926 1313 3043 1385 lege
3062 1316 3263 1373 dictum
3286 1327 3371 1375 est
3397 1337 3412 1373 :

1837 1395 2026 1454 Oderis
2066 1399 2335 1455 inimicum
2356 1410 2524 1468 tuum,
2552 1412 2658 1458 vox
2694 1401 2934 1472 iubentis
2966 1407 3279 1477 accipienda
3306 1417 3413 1479 est,

1835 1490 1933 1547 sed
1959 1493 2324 1563 permittentis
2346 1492 2583 1551 inﬁrmo.

2453 1605 2682 1665 CAPUT
2718 1606 2807 1664 Vl.

1837 1694 1916 1759 De
1941 1696 2265 1772 elemosyna
2290 1699 2653 1779 facienda,_de
2696 1703 2897 1779 orando
2929 1704 3064 1779 Deo,
3089 1704 3155 1773 de
3199 1706 3418 1771 vitanda

2316 1771 2579 1843 hypocrisi
2608 1781 2656 1826 et
2694 1775 2935 1829 avaritia.

1909 1859 2000 1935 [1.]
2038 1860 2298 1917 Attendite
2326 1878 2395 1916 an
2411 1863 2676 1933 justitiam
2706 1874 2933 1920 vestram
2981 1866 3193 1935 faciatis
3238 1884 3417 1925 coram

151 1947 324 2000 mittat
375 1946 430 2018 (Ι
456 1946 580 2002 Cor.
622 1948 745 2021 vn),
774 1936 935 2006 credo
967 1950 1129 2005 simili
1167 1950 1365 2018 forma,
1396 1958 1458 2006 ut
1498 1951 1546 2007 si
1575 1952 1731 2007 dimi-
1758 1936 1808 2004 Β
1834 1952 2151 2020 hominibus,
2183 1962 2240 2007 ut
2272 1952 2552 2009 videamini
2582 1954 2648 2009 ab
2672 1955 2768 2011 eis.
2798 1954 2857 2011 In
2896 1959 3264 2029 superioribus
3287 1974 3416 2037 ergo

148 2036 303 2102 serit,
329 2052 440 2091 non
460 2037 623 2094 ducat
646 2038 827 2105 aliam,
850 2048 944 2095 aut
962 2041 1343 2097 reconcilietur
1383 2042 1540 2097 uxori
1560 2083 1576 2109 ,
1609 2042 1731 2099 ﬁeri

145 2123 296 2180 claim
330 2136 512 2198 potest
545 2137 609 2185 ut
629 2129 870 2186 dimittat
892 2144 1117 2188 uxorem
1139 2147 1305 2189 causa
1333 2131 1731 2203 fornicationis,

146 2228 311 2286 quam
353 2219 614 2277 Dominus
661 2231 941 2294 exceptam
969 2237 1089 2280 esse
1135 2225 1324 2280 voluit.
1371 2223 1492 2281 1am
1530 2240 1657 2281 vero
1683 2226 1733 2282 si

1835 2047 1902 2104 de
1926 2047 2295 2104 misericordia
2322 2048 2641 2115 exhibenda,
2661 2059 2720 2105 ut
2743 2048 2918 2108 bonus
2944 2061 2999 2107 et
3016 2053 3138 2124 pius
3160 2055 3419 2131 magister

1836 2151 2107 2216 praecepta
2128 2143 2292 2198 dedit.
2321 2140 2475 2199 Nunc
2500 2158 2630 2200 vero
2662 2143 2730 2201 de
2750 2148 2933 2203 cordis
2958 2146 3219 2204 munditia
3248 2190 3264 2216 ,
3311 2150 3416 2205 hoc

1833 2240 1917 2287 est
1940 2232 2080 2287 oculi
2108 2232 2251 2288 illius
2283 2246 2391 2303 quo
2419 2233 2630 2291 videtur
2667 2232 2838 2302 Deus,
2877 2236 2992 2309 ipsa
3024 2239 3235 2299 Veritas
3267 2240 3419 2294 audi-

147 2323 246 2363 nec
271 2309 347 2365 illi
379 2312 586 2367 nubere
618 2313 934 2370 conceditur
974 2331 1006 2370 a
1034 2332 1143 2389 quo
1187 2318 1514 2383 recesserit,
1556 2332 1732 2389 neque

145 2400 273 2471 huic
296 2401 523 2460 alteram
548 2406 747 2462 ducere
774 2408 896 2463 viva
919 2424 1090 2465 uxore
1125 2424 1287 2480 quam
1314 2412 1537 2477 dimisit,
1561 2410 1731 2467 multo
1832 2416 1935 2473 diae
1956 2431 2121 2487 opera
2143 2417 2282 2489 apud
2309 2414 2597 2473 Dominum
2619 2419 2952 2489 probantur,
3002 2420 3050 2475 si
3088 2420 3318 2491 simplici
3364 2428 3418 2477 et

146 2495 324 2552 minus
348 2496 433 2553 fas
464 2504 547 2555 est
568 2498 751 2556 illicita
776 2516 900 2558 cum
923 2502 1254 2573 quibuslibet
1273 2513 1457 2576 stupra
1481 2504 1731 2560 commit-
1831 2508 2033 2564 munda
2078 2508 2375 2565 intentione
2422 2509 2767 2565 exhibentur.
2809 2510 3094 2578 Attendite,
3126 2510 3325 2584 inquit,
3355 2528 3420 2567 ne

145 2597 278 2644 tere.
314 2582 567 2647 Beatiora
600 2606 730 2650 sane
773 2594 1020 2666 conjugis
1064 2595 1356 2666 judieanda
1400 2602 1560 2665 sunt,
1608 2610 1731 2668 qua:
1821 2597 2091 2670 justitiam
2112 2606 2336 2653 vestram
2370 2596 2583 2668 faciatis
2608 2612 2787 2655 coram
2808 2601 3127 2671 hominibus,
3156 2582 3217 2656 ui
3240 2603 3418 2657 videa-

145 2680 256 2736 sive
282 2683 409 2739 ﬁliis
445 2687 783 2765 proceandis,
812 2688 930 2744 sive
969 2689 1133 2745 etiam
1187 2690 1291 2745 ista
1316 2696 1533 2746 terrena
1578 2690 1732 2763 p’role
1830 2688 1961 2742 mini
1995 2687 2060 2741 ab
2095 2688 2192 2742 eis.
2219 2687 2276 2743 ld
2314 2695 2416 2754 est,
2442 2698 2628 2744 cavete
2652 2691 2759 2746 hoc
2786 2691 2969 2746 animo
2994 2698 3181 2747 tenere
3206 2698 3266 2745 ut
3289 2707 3413 2747 cum

145 2782 474 2847 contempta,
500 2778 892 2834 continentiam
916 2780 1061 2835 inter
1086 2795 1146 2836 se
1174 2780 1292 2851 pari
1318 2796 1586 2837 corisensu
1615 2796 1730 2838 ser-
1824 2777 1973 2848 iuste
2006 2778 2221 2844 vivatis,
2251 2778 2365 2833 sive
2402 2778 2606 2849 aliquid
2655 2779 2782 2835 boni
2826 2783 3007 2850 operis
3050 2781 3297 2846 faciatis,
3338 2781 3415 2836 ibi

142 2878 269 2919 vare
292 2866 591 2935 potuerint,
620 2869 753 2940 quia
784 2885 961 2941 neque
989 2881 1179 2927 contra
1222 2870 1356 2928 illud
1398 2881 1728 2944 praeceptum
1828 2866 2031 2926 bonum
2047 2878 2287 2925 vestrum
2308 2868 2675 2936 constituatis,
2706 2878 2767 2925 ut
2788 2885 2885 2927 vos
2903 2869 3121 2926 videant
3143 2870 3413 2936 homines,

142 2951 220 3020 ﬁt,
249 2969 357 3024 quo
384 2955 650 3013 Dominus
690 2958 888 3014 dimitti
917 2960 1201 3032 conjugem
1244 2969 1418 3028 vetat,
1445 2976 1553 3018 non
1584 2962 1729 3017 enim
1830 2959 2045 3031 illisque
2066 2960 2348 3033 placeatis,
2374 2959 2696 3033 laudemque
2716 2960 2788 3017 ab
2814 2960 2895 3015 eis
2930 2961 3176 3033 accipere
3202 2975 3415 3037 quaera-

1833 2335 1981 2383 tores
2015 2340 2142 2381 suos
2172 2325 2407 2381 instruit.
2452 2325 2587 2401 Quia
2615 2325 2690 2382 ita
2735 2324 3071 2385 solummodo
3105 2330 3416 2387 misericor-

145 3046 382 3116 dimntit,
408 3052 661 3122 qui‘cum
699 3067 762 3108 ea
794 3068 905 3110 non
951 3054 1264 3122 carnaliter,
1295 3056 1388 3112 sed
1416 3054 1730 3126 spiritaliter
1826 3050 1921 3117 tis,
1945 3058 2003 3106 et
2017 3050 2086 3106 ob
2122 3049 2240 3107 haec
2258 3064 2406 3108 vera:
2429 3050 2699 3109 mercedis
2721 3047 2901 3107 fructu
2935 3050 3241 3124 privemini.
3267 3050 3421 3110 Unde
3506 3116 3515 3123 _

143 3141 291 3196 vivit.
314 3141 385 3198 Et
424 3143 556 3200 illud
583 3153 833 3201 servatur
853 3147 996 3217 quod
1018 3161 1119 3217 per
1144 3146 1461 3219 Apostolum
1487 3147 1686 3204 dicitur
1708 3165 1724 3203 :
1828 3146 1887 3201 'et
1918 3143 2207 3200 subditur:

147 3228 422 3304 Reliquum
437 3245 513 3291 est
541 3246 598 3291 ut
624 3236 714 3310 qui
743 3238 931 3293 habent
954 3238 1330 3312 uxores,quasi
1359 3254 1465 3295 non
1478 3238 1726 3295 habentes
1767 3305 1800 3312 _
1901 3232 2111 3307 Alioqui
2144 3234 2433 3291 mercedem
2470 3250 2579 3291 non
2602 3231 2858 3292 habebitis
2904 3235 3046 3309 apud
3081 3228 3298 3291 Patrem
3326 3251 3417 3291 ve-

145 3324 265 3379 sint.
295 3325 474 3382 Movet
507 3305 689 3384 autem
714 3329 802 3385 hic
823 3330 1107 3400 quosdam,
1145 3305 1289 3401 quod
1323 3329 1430 3386 alio
1456 3329 1581 3387 loco
1612 3331 1729 3402 ipse
1753 3305 1800 3372 α
1830 3305 2135 3400 ιιηιηιιᾳιιὶ
2162 3329 2217 3383 in
2257 3327 2398 3385 uelis
2448 3335 2543 3384 est.
2595 3326 2700 3399 Qui
2739 3330 2885 3387 enim
2923 3305 3143 3385 inanem
3176 3328 3419 3386 favorem

147 3412 406 3474 Dominus
428 3419 593 3475 dicit:
626 3418 875 3493 Quisquis
914 3423 1050 3476 venit
1080 3422 1149 3476 ad
1170 3434 1273 3488 tne,
1299 3430 1346 3477 et
1372 3436 1476 3478 non
1498 3422 1606 3478 odit
1629 3438 1728 3493 pa—
1830 3417 1976 3491 vulgi
1998 3418 2265 3488 sequitur,
2292 3427 2391 3474 aut
2436 3416 2626 3476 laudes
2646 3417 2715 3476 ab
2740 3418 3050 3475 hominibus
3078 3418 3288 3489 quaerit,
3315 3417 3422 3473 hoc

146 3513 272 3559 trem
291 3506 1174 3575 suum,etmatrem,etu:corem,et
1202 3511 1362 3581 ﬁlios,
1378 3521 1427 3567 et
1449 3511 1728 3582 fratres,“
1828 3510 2010 3581 ipsum
2056 3510 2402 3580 deputabitur
2439 3509 2516 3565 1111
2570 3524 2673 3581 pro
2722 3509 3003 3577 mercede,
3044 3508 3197 3578 cujus
3234 3520 3421 3564 amore

146 3599 597 3670 sorores,insuper
624 3609 672 3655 et
702 3601 932 3655 animam
957 3618 1249 3669 suam,non
1268 3612 1435 3674 potest
1464 3618 1609 3658 meus
1621 3619 1730 3658 esse
1828 3599 1971 3657 bona
1995 3615 2163 3670 opera
2192 3598 2389 3657 fecisse
2414 3599 2659 3667 videtur;
2685 3599 2783 3657 sed
2820 3599 2960 3673 apud
2991 3598 3279 3656 Dominum
3298 3600 3419 3655 sine

151 3688 770 3763 disciputusiLuc.nv).
802 3691 986 3749 Videri
1013 3694 1158 3750 enim
1186 3703 1367 3765 potest
1396 3695 1729 3751 contrarium
1829 3690 2081 3746 mercede
2121 3699 2224 3758 est,
2255 3691 2385 3762 quia
2434 3703 2544 3747 non
2585 3706 2685 3762 pro
2732 3689 2876 3747 illius
2907 3706 3121 3756 amore,
3171 3706 3273 3747 nec
3318 3706 3418 3763 pro

146 3779 327 3834 minus
354 3780 800 3853 intelligentibus,
823 3783 964 3853 quod
994 3786 1081 3841 hic
1095 3794 1242 3841 vetat
1262 3784 1460 3842 dimitti
1482 3801 1726 3853 uxorem,
1831 3790 2049 3837 aeternae
2074 3783 2199 3836 vita:
2222 3781 2490 3837 desiderio
2514 3781 2718 3851 aliquid
2738 3779 2932 3838 fecisse
2952 3782 3245 3837 invenitur.
3262 3781 3419 3837 Unde

145 3879 374 3939 excepta
397 3887 556 3928 causa
576 3872 1056 3931 fornicationis.Et
1074 3874 1200 3933 alibi
1225 3877 1543 3950 discipulum
1570 3892 1728 3933 suum
1830 3879 1886 3926 Et
1905 3871 1961 3925 in
1980 3870 2090 3926 alio
2115 3871 2235 3927 loco
2263 3871 2427 3927 fatuae
2453 3872 2693 3943 virgines
2722 3872 2999 3943 lampades
3040 3887 3285 3939 ornasse,
3318 3871 3414 3929 sed

146 3969 308 4030 negat
339 3976 461 4018 esse
481 3979 640 4034 posse
661 3980 986 4035 quemquam
1019 3966 1111 4036 qui
1138 3981 1247 4022 non
1278 3966 1457 4022 oderit
1478 3981 1726 4023 uxorem.
1826 3961 2011 4016 oleum
2040 3962 2095 4016 in
2112 3962 2197 4018 eis
2220 3978 2327 4018 non
2352 3963 2556 4019 habere
2584 3963 2965 4019 describuntur
3006 3960 3220 4035 (Matth.
3259 3960 3413 4035 xxv).

148 4049 296 4118 Quod
321 4054 365 4109 si
403 4064 625 4125 propter
656 4058 1003 4113 concubitum
1040 4059 1239 4115 dixerit
1261 4075 1371 4116 non
1415 4059 1580 4116 etiam
1627 4074 1729 4130 pa~
1828 4054 1969 4123 Quia
2009 4056 2241 4111 nitorem
2283 4055 2487 4127 gloriae,
2515 4058 2677 4128 quem
2720 4054 3022 4112 forinsecus
3051 4053 3415 4125 quaesierunt}

150 4148 301 4209 trem,
333 4152 389 4200 et
438 4154 687 4213 matnem,
718 4156 773 4203 et
807 4147 1034 4215 fratres,
1083 4150 1137 4205 in
1186 4149 1377 4205 eadem
1419 4150 1730 4205 conditione
1830 4146 1976 4201 intra
1992 4147 2571 4202 cordisconscientiam
2598 4147 2999 4204 noncontinere
3018 4152 3409 4202 monstrantur.

147 4248 278 4301 opus
300 4244 422 4289 erat
446 4251 667 4306 ponere.
692 4237 852 4310 Ergo,
868 4254 1031 4311 quam
1048 4255 1234 4296 verum
1260 4248 1345 4295 est
1366 4242 1493 4311 quia
1511 4256 1731 4311 regnum
1831 4236 1900 4291 Et
1927 4238 1997 4293 ob
2035 4238 2139 4294 hoc
2182 4238 2379 4295 merito
2400 4239 2469 4294 ab
2491 4239 2680 4295 aeterni
2704 4239 2866 4310 Regis
2898 4239 3098 4308 nuptiis
3135 4238 3416 4308 pulsantes

150 4321 393 4379 caelorum
451 4326 555 4380 vim
610 4328 850 4397 patitur,
914 4338 962 4383 et
1021 4328 1231 4385 violenti
1288 4329 1543 4399 diripiunt
1596 4328 1730 4382 illud
1826 4328 2051 4399 januam
2111 4328 2481 4399 repelluntur,
2537 4329 2665 4398 quia
2714 4329 2863 4383 illum
2914 4344 3077 4398 quem
3132 4329 3411 4384 absentem

149 4413 357 4483 (Matth.
397 4415 499 4489 xi).
524 4418 737 4487 Quanta
762 4434 909 4475 enim
937 4436 990 4475 γι
1010 4436 1146 4491 opus
1163 4430 1249 4477 est
1276 4431 1338 4476 ut
1358 4422 1522 4478 homo
1546 4422 1733 4492 diligat
1830 4433 2017 4473 amare
2063 4418 2435 4487 neglexerunt,
2460 4428 2785 4488 praesentem
2808 4432 3033 4474 cernere
3056 4435 3166 4474 non
3192 4434 3410 4474 meren-

150 4502 415 4573 inimicos,
442 4515 499 4563 et
540 4509 719 4565 oderit
755 4520 983 4581 patrem,
1016 4516 1074 4566 et
1122 4520 1373 4576 matrem,
1397 4520 1454 4567 et
1489 4511 1648 4576 ﬁlios,
1676 4518 1733 4566 et
1831 4508 2092 4563 «italiam
2114 4509 2241 4564 illini
2256 4511 2400 4581 quod
2415 4509 2703 4579 Apostolus
2716 4511 2883 4564 dicit:
2908 4508 2967 4566 Si
2990 4510 3284 4564 hominibus
3306 4510 3421 4580 pla-

150 4590 355 4653 fratres.
390 4596 696 4669 Utrumque
719 4601 866 4655 enim
890 4601 1043 4671 jubet
1067 4602 1159 4672 qui
1188 4601 1257 4656 ad
1306 4616 1530 4673 regnum
1568 4601 1733 4657 coelo-
1834 4614 2023 4664 aerem,
2046 4595 2243 4654 Christi
2260 4614 2441 4653 servus
2466 4614 2570 4652 non
2597 4614 2762 4654 essent
2784 4597 2925 4669 (Gal.
2956 4597 3031 4669 r);
3070 4606 3126 4652 et
3145 4598 3249 4652 hoc
3269 4599 3414 4667 quod

152 4702 261 4742 rum
286 4699 469 4747 vocat.
502 4691 613 4748 Sed
652 4695 929 4765 proposita
962 4698 1190 4765 quaestio
1219 4701 1291 4751 ita
1327 4697 1570 4753 solvitur.
1619 4696 1728 4753 Re—
1755 4673 1808 4733 D
1834 4689 1888 4743 in
1918 4689 2026 4744 alio
2047 4688 2165 4744 loco
2193 4691 2305 4742 ait:
2339 4687 2489 4744 Sicut
2511 4697 2561 4742 et
2593 4704 2688 4758 ego
2708 4703 2801 4756 per
2825 4689 3001 4741 omnia
3028 4686 3269 4739 omnibus
3295 4685 3411 4755 pta-

153 4793 305 4846 gnum
326 4785 477 4839 enim
498 4794 783 4852 aeternum,
806 4803 914 4858 quo
935 4788 1225 4861 discipulos
1242 4805 1390 4852 suos.
1408 4804 1545 4862 quos
1566 4791 1730 4846 etiam

1838 4795 1924 4834 σου
1978 4778 2029 4851 (Ι
2070 4779 2193 4832 Cor.
2244 4778 2301 4850 ιι)
2329 4817 2346 4844 ,
2393 4779 2483 4845 qui
2536 4790 2643 4829 non
2692 4774 3029 4845 intelligunt,
3079 4778 3414 4833 contrarium

153 4865 338 4929 fratres
366 4875 627 4945 appellat,
655 4892 853 4934 vocare
898 4879 1148 4952 dignatus
1188 4889 1288 4945 est,
1313 4897 1421 4937 non
1447 4882 1610 4938 habet
1631 4883 1734 4937 bu-

151 4957 377 5027 iusmodi
429 4970 781 5027 necessitates
824 4973 1168 5045 temporales.
1221 4971 1347 5029 Non
1395 4982 1493 5040 est,
1538 4974 1733 5045 inquit,

157 5046 394 5122 Judteus,
414 5066 580 5127 neque
604 5057 839 5127 Graecus,
859 5076 1023 5134 neque
1056 5062 1346 5129 masculus,
1378 5081 1541 5134 neque
1585 5064 1736 5133 femi-

162 5153 244 5207 na,
265 5161 430 5218 neque
449 5160 649 5216 servus,
678 5166 841 5222 neque
890 5152 1040 5216 iiber,
1072 5154 1161 5204 sed
1192 5155 1369 5208 omnia
1398 5164 1447 5208 et
1470 5157 1526 5209 in
1565 5156 1735 5211 enuti-

164 5231 249 5290 bus
276 5234 518 5295 Christus
548 5239 691 5312 (Gal.
733 5240 838 5312 ιιι).
883 5241 951 5296 Et
1001 5241 1115 5312 ipse
1161 5240 1421 5297 Dominus
1463 5240 1632 5296 dicit:
1667 5239 1735 5296 In

166 5329 532 5384 resurrectione
572 5330 710 5384 enim
749 5342 910 5403 neque
944 5331 1157 5395 nubent,
1191 5345 1355 5401 neque
1394 5346 1585 5385 uxores
1628 5330 1734 5386 du-

167 5425 303 5482 cent,
368 5421 461 5475 sed
512 5430 664 5475 erant
712 5422 844 5475 sicut
899 5406 1070 5493 angeii
1122 5422 1179 5475 in
1222 5420 1365 5477 velis
1424 5420 1578 5494 (Luc.
1624 5434 1731 5488 xx;

170 5499 352 5565 κακὴ.
380 5511 539 5583 xm).
562 5510 796 5582 Oportet
833 5526 962 5584 ergo
1002 5520 1065 5565 ut
1106 5512 1357 5583 quisquis
1404 5511 1549 5568 illius
1585 5514 1736 5583 regni

168 5594 326 5655 vitam
341 5602 453 5674 jam
476 5603 569 5659 hic
592 5602 843 5659 inuitari
860 5602 1110 5673 yolnerit,
1132 5604 1313 5658 oderit
1328 5619 1438 5659 non
1466 5604 1612 5675 ipsos
1630 5604 1734 5658 ho-

171 5684 368 5758 mines,
413 5693 511 5750 sed
546 5694 681 5749 istas
709 5692 1135 5750 necessitudines
1164 5695 1510 5765 temporales,
1540 5695 1759 5767 quibus

174 5771 270 5833 ista
296 5796 415 5851 qua:
426 5786 725 5841 transitura
746 5793 834 5842 est
866 5785 976 5841 vita
1025 5785 1243 5842 fulcitur
1264 5829 1278 5855 ,
1322 5804 1443 5859 quae
1468 5788 1737 5844 nascendo

176 5875 329 5940 Mue
350 5877 634 5937 moriendo
660 5879 973 5950 peragitur:
1001 5879 1154 5935 multi
1183 5882 1426 5938 homines
1449 5883 1609 5937 etiam
1644 5897 1737 5938 eos

1833 4878 2059 4942 putant;
2090 4885 2214 4925 cum
2245 4867 2334 4923 ilic
2377 4882 2437 4924 se
2471 4866 2672 4923 dixerit
2696 4881 2804 4921 non
2830 4868 3047 4937 placere
3084 4869 3414 4937 hominibus,

1834 4963 1960 5033 quia
1986 4979 2095 5019 non
2138 4962 2257 5017 ideo
2286 4969 2434 5016 recte
2458 4959 2711 5027 faciebat,
2738 4969 2801 5015 ut
2826 4961 3063 5030 placeret
3084 4961 3412 5025 hominibus,

1836 5057 1931 5114 sed
1950 5068 2011 5110 ut
2039 5056 2164 5120 Deo,
2192 5055 2263 5110 ad
2304 5052 2457 5123 cujus
2502 5067 2740 5109 amorem
2768 5053 2933 5109 corda
2963 5053 3240 5106 hominem
3266 5052 3413 5107 vole-

1834 5146 1930 5205 bat
1942 5154 2372 5209 convertere,eo
2398 5144 2518 5214 ipso
2543 5158 2650 5213 quo
2674 5140 2920 5211 piaeebat
2939 5141 3269 5197 benti-ibus.
3295 5141 3412 5197 Sic-

1834 5242 1895 5287 ut
1939 5246 2069 5304 ergo
2096 5247 2204 5289 non
2224 5234 2459 5291 absurde
2487 5234 2797 5304 loqueretur
2827 5231 2923 5301 qui
2953 5232 3190 5287 diceret:
3226 5232 3283 5287 In
3314 5233 3415 5289 bac

1831 5339 1998 5397 spera
2024 5339 2131 5396 qua
2152 5340 2343 5381 navem
2366 5338 2577 5395 queam
2608 5339 2715 5379 non
2741 5338 2931 5379 navem
2964 5338 3174 5395 quem.
3202 5328 3298 5382 sed
3322 5343 3416 5398 pa-

1834 5419 2017 5483 triam,
2048 5419 2129 5473 sic
2148 5426 2204 5473 et
2227 5418 2513 5488 Apostolus
2538 5416 2925 5473 convenienter
2948 5416 3154 5471 diceret
3176 5436 3194 5471 :
3224 5418 3282 5474 in
3310 5420 3416 5475 hac

1839 5523 2002 5580 opera
2050 5523 2164 5579 qua
2208 5510 2518 5565 hominibus
2566 5509 2773 5578 placeo,
2804 5522 2911 5562 non
2966 5507 3293 5575 hominibus,
3320 5509 3417 5567 sed

1838 5601 2179 5671 lleoplaoeo.
2212 5602 2350 5669 Quia
2386 5617 2493 5657 non
2523 5603 2626 5657 hoc
2653 5610 2867 5673 appeto,
2899 5603 2993 5659 sed
3026 5602 3095 5658 ad
3123 5603 3175 5658 id
3213 5602 3413 5669 refero,

1841 5701 1901 5747 ut
1931 5708 2019 5749 me
2068 5695 2351 5752 imitentur
2389 5710 2526 5765 quos
2573 5694 2749 5751 salvos
2792 5693 2909 5750 ﬁeri
2948 5694 3092 5763 volo,
3117 5696 3242 5751 talus
3268 5695 3413 5749 enim

1837 5785 2075 5842 Iuniam
2099 5803 2207 5843 non
2236 5788 2415 5859 appeti
2446 5804 2474 5842 a
2502 5796 2647 5844 recte
2670 5787 2919 5856 faciente,
2949 5790 3042 5846 sed
3064 5790 3219 5858 sequi
3254 5789 3413 5843 debet

1840 5887 1990 5934 recte
2016 5879 2321 5943 ﬁdicinem,
2345 5887 2405 5933 ut
2445 5878 2520 5933 illi
2561 5878 2864 5949 proﬁciant,
2891 5881 2980 5950 qui
3008 5881 3171 5936 etiam
3210 5877 3415 5935 imitari
