  <div class='ocr_page' id='page_1' title='image "/cluster/home/n/w/nwhite01/storage/ocr_20150623/107/hvd.32044015466832/413.png"; bbox 0 0 3914 6464; ppageno 0'>
   <div class='ocr_carea' id='block_1_1' title="bbox 453 458 562 516">
    <p class='ocr_par' dir='ltr' id='par_1_1' title="bbox 453 458 562 516">
     <span class='ocr_line' id='line_1_1' title="bbox 453 458 562 516; baseline -0.028 0"><span class='ocrx_word' id='word_1_1' title='bbox 453 458 562 516; x_wconf 76' lang='grc'><strong>815</strong></span> 
     </span>
    </p>
   </div>
   <div class='ocr_carea' id='block_1_2' title="bbox 1103 433 2063 504">
    <p class='ocr_par' dir='ltr' id='par_1_2' title="bbox 1103 438 2063 504">
     <span class='ocr_line' id='line_1_2' title="bbox 1103 438 2063 504; baseline -0.008 -1"><span class='ocrx_word' id='word_1_2' title='bbox 1103 449 1166 504; x_wconf 90' lang='grc' dir='ltr'><strong>Β.</strong></span> <span class='ocrx_word' id='word_1_3' title='bbox 1210 446 1466 504; x_wconf 77' lang='grc' dir='ltr'><strong>ΒΑΒΑΝΙ</strong></span> <span class='ocrx_word' id='word_1_4' title='bbox 1504 441 1728 502; x_wconf 77' lang='lat' dir='ltr'><strong>MAUBI</strong></span> <span class='ocrx_word' id='word_1_5' title='bbox 1761 438 2063 498; x_wconf 80' lang='lat' dir='ltr'><strong>ARCHIEP</strong></span> 
     </span>
    </p>
   </div>
   <div class='ocr_carea' id='block_1_3' title="bbox 2173 433 3054 504">
    <p class='ocr_par' dir='ltr' id='par_1_3' title="bbox 2173 433 3054 497">
     <span class='ocr_line' id='line_1_3' title="bbox 2173 433 3054 497; baseline -0.008 -3"><span class='ocrx_word' id='word_1_6' title='bbox 2173 439 2437 497; x_wconf 67' lang='lat' dir='ltr'><strong>LOGUNT.</strong></span> <span class='ocrx_word' id='word_1_7' title='bbox 2473 433 2763 495; x_wconf 75' lang='lat' dir='ltr'><strong>OPERUM</strong></span> <span class='ocrx_word' id='word_1_8' title='bbox 2798 433 2978 489; x_wconf 78' lang='lat' dir='ltr'><strong>PARS</strong></span> <span class='ocrx_word' id='word_1_9' title='bbox 3011 433 3054 489; x_wconf 86' lang='grc' dir='ltr'><strong>Ι.</strong></span> 
     </span>
    </p>
   </div>
   <div class='ocr_carea' id='block_1_4' title="bbox 3652 423 3755 481">
    <p class='ocr_par' dir='ltr' id='par_1_4' title="bbox 3652 423 3755 481">
     <span class='ocr_line' id='line_1_4' title="bbox 3652 423 3755 481; baseline -0.049 1"><span class='ocrx_word' id='word_1_10' title='bbox 3652 423 3755 481; x_wconf 76' lang='grc' dir='ltr'><strong>8ιὸ</strong></span> 
     </span>
    </p>
   </div>
   <div class='ocr_carea' id='block_1_5' title="bbox 451 545 3756 644">
    <p class='ocr_par' dir='ltr' id='par_1_5' title="bbox 451 545 3756 644">
     <span class='ocr_line' id='line_1_5' title="bbox 451 545 3756 644; baseline -0.008 -16"><span class='ocrx_word' id='word_1_11' title='bbox 451 579 680 644; x_wconf 90' lang='lat' dir='ltr'><strong>possunt</strong></span> <span class='ocrx_word' id='word_1_12' title='bbox 700 567 843 641; x_wconf 92' lang='lat' dir='ltr'><strong>quod</strong></span> <span class='ocrx_word' id='word_1_13' title='bbox 865 563 1108 629; x_wconf 88' lang='lat' dir='ltr'><strong>laudant,</strong></span> <span class='ocrx_word' id='word_1_14' title='bbox 1130 578 1238 619; x_wconf 89' lang='lat' dir='ltr'><strong>non</strong></span> <span class='ocrx_word' id='word_1_15' title='bbox 1265 572 1326 618; x_wconf 94' lang='lat' dir='ltr'><strong>ut</strong></span> <span class='ocrx_word' id='word_1_16' title='bbox 1365 563 1455 618; x_wconf 89' lang='lat' dir='ltr'><strong>hic</strong></span> <span class='ocrx_word' id='word_1_17' title='bbox 1497 566 1652 633; x_wconf 85' lang='lat' dir='ltr'><strong>putet</strong></span> <span class='ocrx_word' id='word_1_18' title='bbox 1699 559 1903 632; x_wconf 88' lang='lat' dir='ltr'><strong>aliquid</strong></span> <span class='ocrx_word' id='word_1_19' title='bbox 1939 556 2042 613; x_wconf 82' lang='lat' dir='ltr'><strong>sibi</strong></span> <span class='ocrx_word' id='word_1_20' title='bbox 2067 558 2122 620; x_wconf 83' lang='grc' dir='ltr'><strong>Α</strong></span> <span class='ocrx_word' id='word_1_21' title='bbox 2144 558 2265 612; x_wconf 91' lang='lat' dir='ltr'><strong>erit.</strong></span> <span class='ocrx_word' id='word_1_22' title='bbox 2297 557 2537 628; x_wconf 78' lang='lat' dir='ltr'><strong>Simplex</strong></span> <span class='ocrx_word' id='word_1_23' title='bbox 2559 563 2744 612; x_wconf 89' lang='lat' dir='ltr'><strong>autem</strong></span> <span class='ocrx_word' id='word_1_24' title='bbox 2768 553 3036 626; x_wconf 89' lang='lat' dir='ltr'><strong>quomodo</strong></span> <span class='ocrx_word' id='word_1_25' title='bbox 3074 549 3200 615; x_wconf 89' lang='lat' dir='ltr'><strong>erit,</strong></span> <span class='ocrx_word' id='word_1_26' title='bbox 3225 549 3273 604; x_wconf 86' lang='lat' dir='ltr'><strong>si</strong></span> <span class='ocrx_word' id='word_1_27' title='bbox 3321 546 3544 604; x_wconf 75' lang='lat' dir='ltr'><strong>duolms</strong></span> <span class='ocrx_word' id='word_1_28' title='bbox 3582 545 3756 603; x_wconf 76' lang='lat' dir='ltr'><strong>domi-</strong></span> 
     </span>
    </p>
   </div>
   <div class='ocr_carea' id='block_1_6' title="bbox 453 653 1609 734">
    <p class='ocr_par' dir='ltr' id='par_1_6' title="bbox 453 653 1609 734">
     <span class='ocr_line' id='line_1_6' title="bbox 453 653 1609 734; baseline -0.011 -14"><span class='ocrx_word' id='word_1_29' title='bbox 453 678 548 720; x_wconf 88' lang='lat' dir='ltr'><strong>eos</strong></span> <span class='ocrx_word' id='word_1_30' title='bbox 574 660 828 734; x_wconf 76' lang='lat' dir='ltr'><strong>prodesse</strong></span> <span class='ocrx_word' id='word_1_31' title='bbox 855 672 1013 728; x_wconf 85' lang='lat' dir='ltr'><strong>quem</strong></span> <span class='ocrx_word' id='word_1_32' title='bbox 1044 655 1282 710; x_wconf 88' lang='lat' dir='ltr'><strong>laudant.</strong></span> <span class='ocrx_word' id='word_1_33' title='bbox 1314 653 1609 724; x_wconf 77' lang='lat' dir='ltr'><strong>Sequitur:</strong></span> 
     </span>
    </p>
   </div>
   <div class='ocr_carea' id='block_1_7' title="bbox 527 742 2043 822">
    <p class='ocr_par' dir='ltr' id='par_1_7' title="bbox 527 742 2043 822">
     <span class='ocr_line' id='line_1_7' title="bbox 527 742 2043 822; baseline -0.007 -15"><span class='ocrx_word' id='word_1_34' title='bbox 527 753 661 808; x_wconf 80' lang='lat' dir='ltr'><strong>Cum</strong></span> <span class='ocrx_word' id='word_1_35' title='bbox 688 766 808 822; x_wconf 86' lang='lat' dir='ltr'><strong>ergo</strong></span> <span class='ocrx_word' id='word_1_36' title='bbox 833 748 966 818; x_wconf 84' lang='lat' dir='ltr'><strong>facis</strong></span> <span class='ocrx_word' id='word_1_37' title='bbox 991 747 1392 817; x_wconf 85' lang='lat' dir='ltr'><strong>eleemosynam,</strong></span> <span class='ocrx_word' id='word_1_38' title='bbox 1419 744 1529 800; x_wconf 88' lang='lat' dir='ltr'><strong>noli</strong></span> <span class='ocrx_word' id='word_1_39' title='bbox 1564 742 1690 799; x_wconf 79' lang='lat' dir='ltr'><strong>tuba</strong></span> <span class='ocrx_word' id='word_1_40' title='bbox 1710 760 1896 799; x_wconf 88' lang='lat' dir='ltr'><strong>canere</strong></span> <span class='ocrx_word' id='word_1_41' title='bbox 1922 751 2043 797; x_wconf 90' lang='lat' dir='ltr'><strong>ante</strong></span> 
     </span>
    </p>
   </div>
   <div class='ocr_carea' id='block_1_8' title="bbox 455 833 2044 911">
    <p class='ocr_par' dir='ltr' id='par_1_8' title="bbox 455 833 2044 911">
     <span class='ocr_line' id='line_1_8' title="bbox 455 833 2044 911; baseline -0.01 -12"><span class='ocrx_word' id='word_1_42' title='bbox 455 857 526 910; x_wconf 86' lang='lat' dir='ltr'><strong>te,</strong></span> <span class='ocrx_word' id='word_1_43' title='bbox 553 845 688 898; x_wconf 88' lang='lat' dir='ltr'><strong>sicut</strong></span> <span class='ocrx_word' id='word_1_44' title='bbox 717 839 1002 911; x_wconf 61' lang='lat' dir='ltr'><strong>hypocrita!</strong></span> <span class='ocrx_word' id='word_1_45' title='bbox 1030 838 1231 908; x_wconf 85' lang='lat' dir='ltr'><strong>faciunt</strong></span> <span class='ocrx_word' id='word_1_46' title='bbox 1260 837 1315 889; x_wconf 93' lang='lat' dir='ltr'><strong>in</strong></span> <span class='ocrx_word' id='word_1_47' title='bbox 1343 833 1641 905; x_wconf 81' lang='lat' dir='ltr'><strong>synagogis,</strong></span> <span class='ocrx_word' id='word_1_48' title='bbox 1666 843 1716 886; x_wconf 93' lang='lat' dir='ltr'><strong>et</strong></span> <span class='ocrx_word' id='word_1_49' title='bbox 1738 834 1794 886; x_wconf 89' lang='lat' dir='ltr'><strong>in</strong></span> <span class='ocrx_word' id='word_1_50' title='bbox 1816 833 1961 896; x_wconf 84' lang='lat' dir='ltr'><strong>vicis,</strong></span> <span class='ocrx_word' id='word_1_51' title='bbox 1986 839 2044 883; x_wconf 87' lang='lat' dir='ltr'><strong>ut</strong></span> 
     </span>
    </p>
   </div>
   <div class='ocr_carea' id='block_1_9' title="bbox 455 925 2044 1004">
    <p class='ocr_par' dir='ltr' id='par_1_9' title="bbox 455 925 2044 1004">
     <span class='ocr_line' id='line_1_9' title="bbox 455 925 2044 1004; baseline -0.01 -13"><span class='ocrx_word' id='word_1_52' title='bbox 455 934 866 1004; x_wconf 77' lang='lat' dir='ltr'><strong>honoriﬁcentur</strong></span> <span class='ocrx_word' id='word_1_53' title='bbox 885 931 952 985; x_wconf 88' lang='lat' dir='ltr'><strong>ab</strong></span> <span class='ocrx_word' id='word_1_54' title='bbox 981 928 1295 983; x_wconf 84' lang='lat' dir='ltr'><strong>hominibus.</strong></span> <span class='ocrx_word' id='word_1_55' title='bbox 1327 927 1494 980; x_wconf 84' lang='lat' dir='ltr'><strong>Amen</strong></span> <span class='ocrx_word' id='word_1_56' title='bbox 1529 925 1647 978; x_wconf 83' lang='lat' dir='ltr'><strong><em>dico</em></strong></span> <span class='ocrx_word' id='word_1_57' title='bbox 1694 925 1835 978; x_wconf 81' lang='lat' dir='ltr'><strong>vobis</strong></span> <span class='ocrx_word' id='word_1_58' title='bbox 1855 965 1871 990; x_wconf 92' lang='lat'><strong>,</strong></span> <span class='ocrx_word' id='word_1_59' title='bbox 1904 939 2044 976; x_wconf 87' lang='lat' dir='ltr'><strong>rece-</strong></span> 
     </span>
    </p>
   </div>
   <div class='ocr_carea' id='block_1_10' title="bbox 452 1012 2042 1098">
    <p class='ocr_par' dir='ltr' id='par_1_10' title="bbox 452 1012 2042 1098">
     <span class='ocr_line' id='line_1_10' title="bbox 452 1012 2042 1098; baseline -0.009 -17"><span class='ocrx_word' id='word_1_60' title='bbox 452 1034 640 1098; x_wconf 87' lang='lat' dir='ltr'><strong>perunt</strong></span> <span class='ocrx_word' id='word_1_61' title='bbox 654 1022 942 1079; x_wconf 79' lang='lat' dir='ltr'><strong>mercedem</strong></span> <span class='ocrx_word' id='word_1_62' title='bbox 953 1038 1123 1076; x_wconf 85' lang='lat' dir='ltr'><strong>suam.</strong></span> <span class='ocrx_word' id='word_1_63' title='bbox 1146 1018 1288 1083; x_wconf 78' lang='lat' dir='ltr'><strong>Noli,</strong></span> <span class='ocrx_word' id='word_1_64' title='bbox 1304 1017 1499 1087; x_wconf 79' lang='lat' dir='ltr'><strong>inquit,</strong></span> <span class='ocrx_word' id='word_1_65' title='bbox 1518 1012 1665 1072; x_wconf 85' lang='lat' dir='ltr'><strong>velle</strong></span> <span class='ocrx_word' id='word_1_66' title='bbox 1682 1015 2042 1077; x_wconf 73' lang='lat' dir='ltr'><strong>innotescere,</strong></span> 
     </span>
    </p>
   </div>
   <div class='ocr_carea' id='block_1_11' title="bbox 454 1106 2046 1188">
    <p class='ocr_par' dir='ltr' id='par_1_11' title="bbox 454 1106 2046 1188">
     <span class='ocr_line' id='line_1_11' title="bbox 454 1106 2046 1188; baseline -0.01 -15"><span class='ocrx_word' id='word_1_67' title='bbox 454 1126 515 1172; x_wconf 92' lang='lat' dir='ltr'><strong>ut</strong></span> <span class='ocrx_word' id='word_1_68' title='bbox 538 1115 832 1188; x_wconf 67' lang='lat' dir='ltr'><strong>hypocrita:</strong></span> <span class='ocrx_word' id='word_1_69' title='bbox 858 1112 1230 1177; x_wconf 87' lang='lat' dir='ltr'><strong>simulatores,</strong></span> <span class='ocrx_word' id='word_1_70' title='bbox 1282 1118 1541 1178; x_wconf 90' lang='lat' dir='ltr'><strong>tanquam</strong></span> <span class='ocrx_word' id='word_1_71' title='bbox 1592 1106 2046 1176; x_wconf 66' lang='lat' dir='ltr'><strong>prtenuntiatores</strong></span> 
     </span>
    </p>
   </div>
   <div class='ocr_carea' id='block_1_12' title="bbox 453 1195 2044 1281">
    <p class='ocr_par' dir='ltr' id='par_1_12' title="bbox 453 1195 2044 1281">
     <span class='ocr_line' id='line_1_12' title="bbox 453 1195 2044 1281; baseline -0.011 -16"><span class='ocrx_word' id='word_1_72' title='bbox 453 1221 810 1281; x_wconf 88' lang='lat' dir='ltr'><strong>personarum</strong></span> <span class='ocrx_word' id='word_1_73' title='bbox 862 1205 1161 1261; x_wconf 86' lang='lat' dir='ltr'><strong>alienarum</strong></span> <span class='ocrx_word' id='word_1_74' title='bbox 1189 1245 1204 1270; x_wconf 93' lang='lat'><strong>,</strong></span> <span class='ocrx_word' id='word_1_75' title='bbox 1253 1203 1394 1258; x_wconf 85' lang='lat' dir='ltr'><strong>sicut</strong></span> <span class='ocrx_word' id='word_1_76' title='bbox 1418 1202 1473 1254; x_wconf 91' lang='lat' dir='ltr'><strong>in</strong></span> <span class='ocrx_word' id='word_1_77' title='bbox 1498 1198 1783 1254; x_wconf 84' lang='lat' dir='ltr'><strong>theatricis</strong></span> <span class='ocrx_word' id='word_1_78' title='bbox 1829 1195 2044 1250; x_wconf 85' lang='lat' dir='ltr'><strong>fabulis.</strong></span> 
     </span>
    </p>
   </div>
   <div class='ocr_carea' id='block_1_13' title="bbox 456 1286 2049 1368">
    <p class='ocr_par' dir='ltr' id='par_1_13' title="bbox 456 1286 2049 1368">
     <span class='ocr_line' id='line_1_13' title="bbox 456 1286 2049 1368; baseline -0.011 -12"><span class='ocrx_word' id='word_1_79' title='bbox 456 1301 576 1356; x_wconf 84' lang='lat' dir='ltr'><strong>Non</strong></span> <span class='ocrx_word' id='word_1_80' title='bbox 607 1300 753 1356; x_wconf 90' lang='lat' dir='ltr'><strong>enim</strong></span> <span class='ocrx_word' id='word_1_81' title='bbox 782 1297 875 1368; x_wconf 91' lang='lat' dir='ltr'><strong>qui</strong></span> <span class='ocrx_word' id='word_1_82' title='bbox 901 1296 1013 1368; x_wconf 90' lang='lat' dir='ltr'><strong>agit</strong></span> <span class='ocrx_word' id='word_1_83' title='bbox 1039 1303 1225 1365; x_wconf 89' lang='lat' dir='ltr'><strong>partes</strong></span> <span class='ocrx_word' id='word_1_84' title='bbox 1243 1291 1663 1364; x_wconf 75' lang='lat' dir='ltr'><strong>Agamemnonis</strong></span> <span class='ocrx_word' id='word_1_85' title='bbox 1701 1289 1756 1342; x_wconf 90' lang='lat' dir='ltr'><strong>in</strong></span> <span class='ocrx_word' id='word_1_86' title='bbox 1784 1286 2049 1355; x_wconf 58' lang='lat' dir='ltr'><strong>tragoedia</strong></span> 
     </span>
    </p>
   </div>
   <div class='ocr_carea' id='block_1_14' title="bbox 459 1375 2050 1467">
    <p class='ocr_par' dir='ltr' id='par_1_14' title="bbox 459 1375 2050 1467">
     <span class='ocr_line' id='line_1_14' title="bbox 459 1375 2050 1467; baseline -0.013 -18"><span class='ocrx_word' id='word_1_87' title='bbox 459 1393 635 1467; x_wconf 83' lang='lat' dir='ltr'><strong>(verbi</strong></span> <span class='ocrx_word' id='word_1_88' title='bbox 662 1389 884 1464; x_wconf 87' lang='lat' dir='ltr'><strong>gratia),</strong></span> <span class='ocrx_word' id='word_1_89' title='bbox 910 1388 1025 1444; x_wconf 86' lang='lat' dir='ltr'><strong>sive</strong></span> <span class='ocrx_word' id='word_1_90' title='bbox 1054 1385 1283 1455; x_wconf 81' lang='lat' dir='ltr'><strong>alicujus</strong></span> <span class='ocrx_word' id='word_1_91' title='bbox 1306 1385 1532 1440; x_wconf 86' lang='lat' dir='ltr'><strong>alterius</strong></span> <span class='ocrx_word' id='word_1_92' title='bbox 1556 1382 1622 1436; x_wconf 91' lang='lat' dir='ltr'><strong>ad</strong></span> <span class='ocrx_word' id='word_1_93' title='bbox 1654 1379 1937 1436; x_wconf 91' lang='lat' dir='ltr'><strong>historiam</strong></span> <span class='ocrx_word' id='word_1_94' title='bbox 1965 1375 2050 1431; x_wconf 89' lang='lat' dir='ltr'><strong>vel</strong></span> 
     </span>
    </p>
   </div>
   <div class='ocr_carea' id='block_1_15' title="bbox 459 1467 2047 1554">
    <p class='ocr_par' dir='ltr' id='par_1_15' title="bbox 459 1467 2047 1554">
     <span class='ocr_line' id='line_1_15' title="bbox 459 1467 2047 1554; baseline -0.013 -13"><span class='ocrx_word' id='word_1_95' title='bbox 459 1484 698 1541; x_wconf 82' lang='lat' dir='ltr'><strong>fabulam</strong></span> <span class='ocrx_word' id='word_1_96' title='bbox 723 1496 845 1554; x_wconf 84' lang='lat' dir='ltr'><strong>quae</strong></span> <span class='ocrx_word' id='word_1_97' title='bbox 873 1481 1053 1552; x_wconf 87' lang='lat' dir='ltr'><strong>agitur</strong></span> <span class='ocrx_word' id='word_1_98' title='bbox 1077 1477 1420 1549; x_wconf 86' lang='lat' dir='ltr'><strong>pertinentis,</strong></span> <span class='ocrx_word' id='word_1_99' title='bbox 1449 1489 1578 1530; x_wconf 90' lang='lat' dir='ltr'><strong>vere</strong></span> <span class='ocrx_word' id='word_1_100' title='bbox 1623 1472 1737 1542; x_wconf 92' lang='lat' dir='ltr'><strong>ipse</strong></span> <span class='ocrx_word' id='word_1_101' title='bbox 1786 1477 1871 1525; x_wconf 91' lang='lat' dir='ltr'><strong>est</strong></span> <span class='ocrx_word' id='word_1_102' title='bbox 1893 1509 1907 1533; x_wconf 96' lang='lat'><strong>,</strong></span> <span class='ocrx_word' id='word_1_103' title='bbox 1955 1467 2047 1521; x_wconf 88' lang='lat' dir='ltr'><strong>sed</strong></span> 
     </span>
    </p>
   </div>
   <div class='ocr_carea' id='block_1_16' title="bbox 460 1557 2048 1641">
    <p class='ocr_par' dir='ltr' id='par_1_16' title="bbox 460 1557 2048 1641">
     <span class='ocr_line' id='line_1_16' title="bbox 460 1557 2048 1641; baseline -0.013 -11"><span class='ocrx_word' id='word_1_104' title='bbox 460 1577 682 1631; x_wconf 82' lang='lat' dir='ltr'><strong>simulat</strong></span> <span class='ocrx_word' id='word_1_105' title='bbox 708 1587 852 1636; x_wconf 91' lang='lat' dir='ltr'><strong>eum,</strong></span> <span class='ocrx_word' id='word_1_106' title='bbox 892 1577 948 1626; x_wconf 90' lang='lat' dir='ltr'><strong>et</strong></span> <span class='ocrx_word' id='word_1_107' title='bbox 991 1569 1274 1641; x_wconf 85' lang='lat' dir='ltr'><strong>hypocrita</strong></span> <span class='ocrx_word' id='word_1_108' title='bbox 1300 1566 1519 1622; x_wconf 90' lang='lat' dir='ltr'><strong>dicitur.</strong></span> <span class='ocrx_word' id='word_1_109' title='bbox 1553 1561 1647 1618; x_wconf 90' lang='lat' dir='ltr'><strong>Sic</strong></span> <span class='ocrx_word' id='word_1_110' title='bbox 1683 1561 1738 1615; x_wconf 90' lang='lat' dir='ltr'><strong>in</strong></span> <span class='ocrx_word' id='word_1_111' title='bbox 1770 1557 2048 1621; x_wconf 87' lang='lat' dir='ltr'><strong>Ecclesiis,</strong></span> 
     </span>
    </p>
   </div>
   <div class='ocr_carea' id='block_1_17' title="bbox 459 1646 2052 1727">
    <p class='ocr_par' dir='ltr' id='par_1_17' title="bbox 459 1646 2052 1727">
     <span class='ocr_line' id='line_1_17' title="bbox 459 1646 2052 1727; baseline -0.01 -10"><span class='ocrx_word' id='word_1_112' title='bbox 459 1677 513 1717; x_wconf 85' lang='lat' dir='ltr'><strong>et</strong></span> <span class='ocrx_word' id='word_1_113' title='bbox 543 1670 601 1717; x_wconf 81' lang='lat' dir='ltr'><strong>In</strong></span> <span class='ocrx_word' id='word_1_114' title='bbox 624 1661 774 1718; x_wconf 88' lang='lat' dir='ltr'><strong>omni</strong></span> <span class='ocrx_word' id='word_1_115' title='bbox 800 1661 910 1715; x_wconf 88' lang='lat' dir='ltr'><strong>vita</strong></span> <span class='ocrx_word' id='word_1_116' title='bbox 944 1660 1199 1724; x_wconf 90' lang='lat' dir='ltr'><strong>humana,</strong></span> <span class='ocrx_word' id='word_1_117' title='bbox 1220 1657 1464 1727; x_wconf 89' lang='lat' dir='ltr'><strong>quisquis</strong></span> <span class='ocrx_word' id='word_1_118' title='bbox 1489 1653 1605 1708; x_wconf 87' lang='lat' dir='ltr'><strong>vult</strong></span> <span class='ocrx_word' id='word_1_119' title='bbox 1627 1667 1686 1708; x_wconf 91' lang='lat' dir='ltr'><strong>se</strong></span> <span class='ocrx_word' id='word_1_120' title='bbox 1711 1649 1886 1705; x_wconf 89' lang='lat' dir='ltr'><strong>videri</strong></span> <span class='ocrx_word' id='word_1_121' title='bbox 1907 1646 2052 1718; x_wconf 88' lang='lat' dir='ltr'><strong>quod</strong></span> 
     </span>
    </p>
   </div>
   <div class='ocr_carea' id='block_1_18' title="bbox 461 1745 2052 1824">
    <p class='ocr_par' dir='ltr' id='par_1_18' title="bbox 461 1745 2052 1824">
     <span class='ocr_line' id='line_1_18' title="bbox 461 1745 2052 1824; baseline -0.011 -15"><span class='ocrx_word' id='word_1_122' title='bbox 461 1769 570 1809; x_wconf 92' lang='lat' dir='ltr'><strong>non</strong></span> <span class='ocrx_word' id='word_1_123' title='bbox 602 1761 708 1819; x_wconf 88' lang='lat' dir='ltr'><strong>est,</strong></span> <span class='ocrx_word' id='word_1_124' title='bbox 744 1751 1027 1824; x_wconf 88' lang='lat' dir='ltr'><strong>hypocrita</strong></span> <span class='ocrx_word' id='word_1_125' title='bbox 1067 1758 1172 1816; x_wconf 89' lang='lat' dir='ltr'><strong>est,</strong></span> <span class='ocrx_word' id='word_1_126' title='bbox 1205 1748 1421 1804; x_wconf 86' lang='lat' dir='ltr'><strong>simulat</strong></span> <span class='ocrx_word' id='word_1_127' title='bbox 1449 1747 1594 1803; x_wconf 92' lang='lat' dir='ltr'><strong>enim</strong></span> <span class='ocrx_word' id='word_1_128' title='bbox 1641 1745 1848 1816; x_wconf 87' lang='lat' dir='ltr'><strong>justum</strong></span> <span class='ocrx_word' id='word_1_129' title='bbox 1874 1781 1888 1807; x_wconf 90' lang='lat'><strong>,</strong></span> <span class='ocrx_word' id='word_1_130' title='bbox 1944 1754 2052 1794; x_wconf 93' lang='lat' dir='ltr'><strong>non</strong></span> 
     </span>
    </p>
   </div>
   <div class='ocr_carea' id='block_1_19' title="bbox 461 1831 2052 1914">
    <p class='ocr_par' dir='ltr' id='par_1_19' title="bbox 461 1831 2052 1914">
     <span class='ocr_line' id='line_1_19' title="bbox 461 1831 2052 1914; baseline -0.009 -15"><span class='ocrx_word' id='word_1_131' title='bbox 461 1844 702 1910; x_wconf 74' lang='lat' dir='ltr'><strong>exhibet,</strong></span> <span class='ocrx_word' id='word_1_132' title='bbox 755 1844 881 1914; x_wconf 85' lang='lat' dir='ltr'><strong>quia</strong></span> <span class='ocrx_word' id='word_1_133' title='bbox 937 1850 1109 1896; x_wconf 91' lang='lat' dir='ltr'><strong>totum</strong></span> <span class='ocrx_word' id='word_1_134' title='bbox 1152 1841 1389 1896; x_wconf 84' lang='lat' dir='ltr'><strong>fructum</strong></span> <span class='ocrx_word' id='word_1_135' title='bbox 1454 1839 1509 1892; x_wconf 92' lang='lat' dir='ltr'><strong>in</strong></span> <span class='ocrx_word' id='word_1_136' title='bbox 1562 1835 1721 1890; x_wconf 88' lang='lat' dir='ltr'><strong>laude</strong></span> <span class='ocrx_word' id='word_1_137' title='bbox 1774 1831 2052 1888; x_wconf 90' lang='lat' dir='ltr'><strong>hominum</strong></span> 
     </span>
    </p>
   </div>
   <div class='ocr_carea' id='block_1_20' title="bbox 2143 645 3753 714">
    <p class='ocr_par' dir='ltr' id='par_1_20' title="bbox 2143 645 3753 714">
     <span class='ocr_line' id='line_1_20' title="bbox 2143 645 3753 714; baseline -0.007 -10"><span class='ocrx_word' id='word_1_138' title='bbox 2143 649 2232 704; x_wconf 91' lang='lat' dir='ltr'><strong>nis</strong></span> <span class='ocrx_word' id='word_1_139' title='bbox 2273 649 2496 714; x_wconf 85' lang='lat' dir='ltr'><strong>serviet,</strong></span> <span class='ocrx_word' id='word_1_140' title='bbox 2524 663 2626 703; x_wconf 89' lang='lat' dir='ltr'><strong>nec</strong></span> <span class='ocrx_word' id='word_1_141' title='bbox 2668 662 2778 703; x_wconf 88' lang='lat' dir='ltr'><strong>una</strong></span> <span class='ocrx_word' id='word_1_142' title='bbox 2811 645 3110 701; x_wconf 89' lang='lat' dir='ltr'><strong>intentione</strong></span> <span class='ocrx_word' id='word_1_143' title='bbox 3172 655 3356 697; x_wconf 89' lang='lat' dir='ltr'><strong>rerum</strong></span> <span class='ocrx_word' id='word_1_144' title='bbox 3407 647 3753 694; x_wconf 63' lang='lat' dir='ltr'><strong>internarum</strong></span> 
     </span>
    </p>
   </div>
   <div class='ocr_carea' id='block_1_21' title="bbox 2142 730 3756 809">
    <p class='ocr_par' dir='ltr' id='par_1_21' title="bbox 2142 730 3756 809">
     <span class='ocr_line' id='line_1_21' title="bbox 2142 730 3756 809; baseline -0.006 -17"><span class='ocrx_word' id='word_1_145' title='bbox 2142 737 2394 809; x_wconf 89' lang='lat' dir='ltr'><strong>puriﬁcet</strong></span> <span class='ocrx_word' id='word_1_146' title='bbox 2417 739 2589 794; x_wconf 90' lang='lat' dir='ltr'><strong>aciem</strong></span> <span class='ocrx_word' id='word_1_147' title='bbox 2617 752 2770 792; x_wconf 83' lang='lat' dir='ltr'><strong>suam</strong></span> <span class='ocrx_word' id='word_1_148' title='bbox 2796 778 2812 803; x_wconf 94' lang='lat'><strong>,</strong></span> <span class='ocrx_word' id='word_1_149' title='bbox 2855 735 2950 792; x_wconf 89' lang='lat' dir='ltr'><strong>sed</strong></span> <span class='ocrx_word' id='word_1_150' title='bbox 2997 748 3116 790; x_wconf 87' lang='lat' dir='ltr'><strong>eam</strong></span> <span class='ocrx_word' id='word_1_151' title='bbox 3169 730 3490 788; x_wconf 86' lang='lat' dir='ltr'><strong>mortalium</strong></span> <span class='ocrx_word' id='word_1_152' title='bbox 3531 744 3756 801; x_wconf 82' lang='lat' dir='ltr'><strong>quoque</strong></span> 
     </span>
    </p>
   </div>
   <div class='ocr_carea' id='block_1_22' title="bbox 2146 826 3270 902">
    <p class='ocr_par' dir='ltr' id='par_1_22' title="bbox 2146 826 3270 902">
     <span class='ocr_line' id='line_1_22' title="bbox 2146 826 3270 902; baseline -0.006 -16"><span class='ocrx_word' id='word_1_153' title='bbox 2146 831 2526 902; x_wconf 77' lang='lat' dir='ltr'><strong>fragiliumque</strong></span> <span class='ocrx_word' id='word_1_154' title='bbox 2550 847 2733 887; x_wconf 89' lang='lat' dir='ltr'><strong>rerum</strong></span> <span class='ocrx_word' id='word_1_155' title='bbox 2765 844 2949 885; x_wconf 89' lang='lat' dir='ltr'><strong>amore</strong></span> <span class='ocrx_word' id='word_1_156' title='bbox 2975 826 3270 883; x_wconf 85' lang='lat' dir='ltr'><strong>obnubilet.</strong></span> 
     </span>
    </p>
   </div>
   <div class='ocr_carea' id='block_1_23' title="bbox 2218 921 3754 993">
    <p class='ocr_par' dir='ltr' id='par_1_23' title="bbox 2218 921 3754 993">
     <span class='ocr_line' id='line_1_23' title="bbox 2218 921 3754 993; baseline -0.006 -12"><span class='ocrx_word' id='word_1_157' title='bbox 2218 927 2288 981; x_wconf 90' lang='lat' dir='ltr'><strong>Et</strong></span> <span class='ocrx_word' id='word_1_158' title='bbox 2317 945 2434 981; x_wconf 91' lang='lat' dir='ltr'><strong>cum</strong></span> <span class='ocrx_word' id='word_1_159' title='bbox 2461 928 2623 982; x_wconf 83' lang='lat' dir='ltr'><strong>oratis</strong></span> <span class='ocrx_word' id='word_1_160' title='bbox 2649 943 2754 981; x_wconf 90' lang='lat' dir='ltr'><strong>non</strong></span> <span class='ocrx_word' id='word_1_161' title='bbox 2780 925 2924 980; x_wconf 80' lang='lat' dir='ltr'><strong>eritis</strong></span> <span class='ocrx_word' id='word_1_162' title='bbox 2949 923 3086 978; x_wconf 82' lang='lat' dir='ltr'><strong>sicut</strong></span> <span class='ocrx_word' id='word_1_163' title='bbox 3106 923 3422 993; x_wconf 70' lang='lat' dir='ltr'><strong>hypocrita,</strong></span> <span class='ocrx_word' id='word_1_164' title='bbox 3450 921 3552 991; x_wconf 74' lang='lat' dir='ltr'><strong>qui</strong></span> <span class='ocrx_word' id='word_1_165' title='bbox 3575 932 3754 973; x_wconf 69' lang='lat' dir='ltr'><strong>meat</strong></span> 
     </span>
    </p>
   </div>
   <div class='ocr_carea' id='block_1_24' title="bbox 2147 1011 3752 1086">
    <p class='ocr_par' dir='ltr' id='par_1_24' title="bbox 2147 1011 3752 1086">
     <span class='ocr_line' id='line_1_24' title="bbox 2147 1011 3752 1086; baseline -0.006 -16"><span class='ocrx_word' id='word_1_166' title='bbox 2147 1018 2203 1070; x_wconf 89' lang='lat' dir='ltr'><strong>in</strong></span> <span class='ocrx_word' id='word_1_167' title='bbox 2222 1016 2501 1086; x_wconf 80' lang='lat' dir='ltr'><strong>synagogis</strong></span> <span class='ocrx_word' id='word_1_168' title='bbox 2528 1024 2578 1069; x_wconf 89' lang='lat' dir='ltr'><strong>et</strong></span> <span class='ocrx_word' id='word_1_169' title='bbox 2604 1017 2664 1070; x_wconf 90' lang='lat' dir='ltr'><strong>in</strong></span> <span class='ocrx_word' id='word_1_170' title='bbox 2697 1012 2904 1084; x_wconf 77' lang='lat' dir='ltr'><strong>angulis</strong></span> <span class='ocrx_word' id='word_1_171' title='bbox 2933 1011 3225 1084; x_wconf 81' lang='lat' dir='ltr'><strong>platearum</strong></span> <span class='ocrx_word' id='word_1_172' title='bbox 3249 1019 3455 1066; x_wconf 79' lang='lat' dir='ltr'><strong>stantes</strong></span> <span class='ocrx_word' id='word_1_173' title='bbox 3487 1025 3678 1073; x_wconf 76' lang='lat' dir='ltr'><strong>arare,</strong></span> <span class='ocrx_word' id='word_1_174' title='bbox 3706 1020 3752 1061; x_wconf 70' lang='lat' dir='ltr'><strong>at</strong></span> 
     </span>
    </p>
   </div>
   <div class='ocr_carea' id='block_1_25' title="bbox 2142 1095 3754 1171">
    <p class='ocr_par' dir='ltr' id='par_1_25' title="bbox 2142 1095 3754 1171">
     <span class='ocr_line' id='line_1_25' title="bbox 2142 1095 3754 1171; baseline -0.005 -8"><span class='ocrx_word' id='word_1_175' title='bbox 2142 1095 2422 1163; x_wconf 76' lang='lat' dir='ltr'><strong>videantur</strong></span> <span class='ocrx_word' id='word_1_176' title='bbox 2457 1108 2522 1162; x_wconf 89' lang='lat' dir='ltr'><strong>ab</strong></span> <span class='ocrx_word' id='word_1_177' title='bbox 2572 1107 2902 1171; x_wconf 84' lang='lat' dir='ltr'><strong>hominibus;</strong></span> <span class='ocrx_word' id='word_1_178' title='bbox 2949 1123 3100 1160; x_wconf 88' lang='lat' dir='ltr'><strong>amen</strong></span> <span class='ocrx_word' id='word_1_179' title='bbox 3128 1105 3245 1159; x_wconf 89' lang='lat' dir='ltr'><strong>dico</strong></span> <span class='ocrx_word' id='word_1_180' title='bbox 3271 1103 3418 1158; x_wconf 87' lang='lat' dir='ltr'><strong>vobis</strong></span> <span class='ocrx_word' id='word_1_181' title='bbox 3449 1115 3754 1170; x_wconf 69' lang='lat' dir='ltr'><strong>receperunt</strong></span> 
     </span>
    </p>
   </div>
   <div class='ocr_carea' id='block_1_26' title="bbox 2152 1195 3752 1269">
    <p class='ocr_par' dir='ltr' id='par_1_26' title="bbox 2152 1195 3752 1269">
     <span class='ocr_line' id='line_1_26' title="bbox 2152 1195 3752 1269; baseline -0.003 -18"><span class='ocrx_word' id='word_1_182' title='bbox 2152 1198 2442 1253; x_wconf 83' lang='lat' dir='ltr'><strong>mercedem</strong></span> <span class='ocrx_word' id='word_1_183' title='bbox 2468 1214 2642 1252; x_wconf 87' lang='lat' dir='ltr'><strong>suam.</strong></span> <span class='ocrx_word' id='word_1_184' title='bbox 2680 1197 2909 1269; x_wconf 72' lang='grc' dir='ltr'><strong>(Μωιι.)</strong></span> <span class='ocrx_word' id='word_1_185' title='bbox 2935 1195 3128 1268; x_wconf 87' lang='lat' dir='ltr'><strong>Anguli</strong></span> <span class='ocrx_word' id='word_1_186' title='bbox 3160 1195 3472 1264; x_wconf 84' lang='lat' dir='ltr'><strong>platearum</strong></span> <span class='ocrx_word' id='word_1_187' title='bbox 3503 1195 3752 1256; x_wconf 53' lang='lat' dir='ltr'><strong>summie</strong></span> 
     </span>
    </p>
   </div>
   <div class='ocr_carea' id='block_1_27' title="bbox 2148 1286 3752 1360">
    <p class='ocr_par' dir='ltr' id='par_1_27' title="bbox 2148 1286 3752 1360">
     <span class='ocr_line' id='line_1_27' title="bbox 2148 1286 3752 1360; baseline -0.003 -16"><span class='ocrx_word' id='word_1_188' title='bbox 2148 1291 2236 1345; x_wconf 88' lang='lat' dir='ltr'><strong>via</strong></span> <span class='ocrx_word' id='word_1_189' title='bbox 2258 1305 2356 1360; x_wconf 88' lang='lat' dir='ltr'><strong>per</strong></span> <span class='ocrx_word' id='word_1_190' title='bbox 2377 1299 2748 1344; x_wconf 88' lang='lat' dir='ltr'><strong>transversum</strong></span> <span class='ocrx_word' id='word_1_191' title='bbox 2764 1289 2984 1344; x_wconf 89' lang='lat' dir='ltr'><strong>alterius</strong></span> <span class='ocrx_word' id='word_1_192' title='bbox 3007 1288 3108 1342; x_wconf 62' lang='lat' dir='ltr'><strong>viae</strong></span> <span class='ocrx_word' id='word_1_193' title='bbox 3128 1287 3299 1353; x_wconf 85' lang='lat' dir='ltr'><strong>vadit,</strong></span> <span class='ocrx_word' id='word_1_194' title='bbox 3322 1295 3379 1341; x_wconf 92' lang='lat' dir='ltr'><strong>et</strong></span> <span class='ocrx_word' id='word_1_195' title='bbox 3405 1286 3752 1355; x_wconf 73' lang='lat' dir='ltr'><strong>quadrivium</strong></span> 
     </span>
    </p>
   </div>
   <div class='ocr_carea' id='block_1_28' title="bbox 2151 1378 3756 1437">
    <p class='ocr_par' dir='ltr' id='par_1_28' title="bbox 2151 1378 3756 1437">
     <span class='ocr_line' id='line_1_28' title="bbox 2151 1378 3756 1437; baseline -0.004 -1"><span class='ocrx_word' id='word_1_196' title='bbox 2151 1382 2346 1437; x_wconf 85' lang='lat' dir='ltr'><strong>reddit.</strong></span> <span class='ocrx_word' id='word_1_197' title='bbox 2365 1381 2482 1437; x_wconf 85' lang='lat' dir='ltr'><strong>Non</strong></span> <span class='ocrx_word' id='word_1_198' title='bbox 2495 1381 2642 1437; x_wconf 88' lang='lat' dir='ltr'><strong>enim</strong></span> <span class='ocrx_word' id='word_1_199' title='bbox 2665 1389 2719 1437; x_wconf 84' lang='lat' dir='ltr'><strong>te</strong></span> <span class='ocrx_word' id='word_1_200' title='bbox 2747 1381 2915 1436; x_wconf 89' lang='lat' dir='ltr'><strong>videri</strong></span> <span class='ocrx_word' id='word_1_201' title='bbox 2934 1381 3000 1434; x_wconf 90' lang='lat' dir='ltr'><strong>ab</strong></span> <span class='ocrx_word' id='word_1_202' title='bbox 3030 1379 3340 1435; x_wconf 90' lang='lat' dir='ltr'><strong>hominibus</strong></span> <span class='ocrx_word' id='word_1_203' title='bbox 3365 1378 3585 1432; x_wconf 87' lang='lat' dir='ltr'><strong>alicubi</strong></span> <span class='ocrx_word' id='word_1_204' title='bbox 3614 1392 3756 1430; x_wconf 80' lang='lat' dir='ltr'><strong>oran-</strong></span> 
     </span>
    </p>
   </div>
   <div class='ocr_carea' id='block_1_29' title="bbox 2152 1467 3754 1544">
    <p class='ocr_par' dir='ltr' id='par_1_29' title="bbox 2152 1467 3754 1544">
     <span class='ocr_line' id='line_1_29' title="bbox 2152 1467 3754 1544; baseline -0.005 -14"><span class='ocrx_word' id='word_1_205' title='bbox 2152 1483 2264 1530; x_wconf 90' lang='lat' dir='ltr'><strong>tem</strong></span> <span class='ocrx_word' id='word_1_206' title='bbox 2291 1475 2444 1531; x_wconf 80' lang='lat' dir='ltr'><strong>nefas</strong></span> <span class='ocrx_word' id='word_1_207' title='bbox 2464 1483 2570 1542; x_wconf 89' lang='lat' dir='ltr'><strong>est,</strong></span> <span class='ocrx_word' id='word_1_208' title='bbox 2598 1474 2691 1530; x_wconf 88' lang='lat' dir='ltr'><strong>sed</strong></span> <span class='ocrx_word' id='word_1_209' title='bbox 2720 1474 2842 1529; x_wconf 90' lang='lat' dir='ltr'><strong>ideo</strong></span> <span class='ocrx_word' id='word_1_210' title='bbox 2867 1474 2972 1529; x_wconf 93' lang='lat' dir='ltr'><strong>hoc</strong></span> <span class='ocrx_word' id='word_1_211' title='bbox 3000 1488 3180 1544; x_wconf 85' lang='lat' dir='ltr'><strong>agere,</strong></span> <span class='ocrx_word' id='word_1_212' title='bbox 3206 1480 3269 1526; x_wconf 91' lang='lat' dir='ltr'><strong>ut</strong></span> <span class='ocrx_word' id='word_1_213' title='bbox 3291 1470 3548 1525; x_wconf 87' lang='lat' dir='ltr'><strong>videaris</strong></span> <span class='ocrx_word' id='word_1_214' title='bbox 3579 1467 3654 1523; x_wconf 87' lang='lat' dir='ltr'><strong>ab</strong></span> <span class='ocrx_word' id='word_1_215' title='bbox 3679 1471 3754 1523; x_wconf 63' lang='lat' dir='ltr'><strong>ho»</strong></span> 
     </span>
    </p>
   </div>
   <div class='ocr_carea' id='block_1_30' title="bbox 2151 1561 3756 1635">
    <p class='ocr_par' dir='ltr' id='par_1_30' title="bbox 2151 1561 3756 1635">
     <span class='ocr_line' id='line_1_30' title="bbox 2151 1561 3756 1635; baseline -0.005 -14"><span class='ocrx_word' id='word_1_216' title='bbox 2151 1565 2406 1622; x_wconf 83' lang='lat' dir='ltr'><strong>minibus.</strong></span> <span class='ocrx_word' id='word_1_217' title='bbox 2426 1565 2496 1619; x_wconf 86' lang='lat' dir='ltr'><strong>Et</strong></span> <span class='ocrx_word' id='word_1_218' title='bbox 2519 1563 2792 1635; x_wconf 86' lang='lat' dir='ltr'><strong>superﬂuo</strong></span> <span class='ocrx_word' id='word_1_219' title='bbox 2822 1564 2983 1620; x_wconf 88' lang='lat' dir='ltr'><strong>toties</strong></span> <span class='ocrx_word' id='word_1_220' title='bbox 3011 1564 3204 1618; x_wconf 90' lang='lat' dir='ltr'><strong>eadem</strong></span> <span class='ocrx_word' id='word_1_221' title='bbox 3233 1561 3532 1625; x_wconf 88' lang='lat' dir='ltr'><strong>dicuntur,</strong></span> <span class='ocrx_word' id='word_1_222' title='bbox 3561 1561 3756 1615; x_wconf 59' lang='grc' dir='ltr'>σιωξῇ</span> 
     </span>
    </p>
   </div>
   <div class='ocr_carea' id='block_1_31' title="bbox 2151 1654 3752 1728">
    <p class='ocr_par' dir='ltr' id='par_1_31' title="bbox 2151 1654 3752 1728">
     <span class='ocr_line' id='line_1_31' title="bbox 2151 1654 3752 1728; baseline -0.004 -16"><span class='ocrx_word' id='word_1_223' title='bbox 2151 1657 2388 1727; x_wconf 65' lang='grc' dir='ltr'><strong>ιιηεοὶεηι</strong></span> <span class='ocrx_word' id='word_1_224' title='bbox 2417 1657 2602 1728; x_wconf 89' lang='lat' dir='ltr'><strong>regula</strong></span> <span class='ocrx_word' id='word_1_225' title='bbox 2634 1656 2984 1713; x_wconf 89' lang='lat' dir='ltr'><strong>custodienda</strong></span> <span class='ocrx_word' id='word_1_226' title='bbox 3005 1697 3023 1721; x_wconf 90' lang='lat'><strong>,</strong></span> <span class='ocrx_word' id='word_1_227' title='bbox 3066 1670 3173 1726; x_wconf 88' lang='lat' dir='ltr'><strong>qua</strong></span> <span class='ocrx_word' id='word_1_228' title='bbox 3201 1654 3497 1725; x_wconf 86' lang='lat' dir='ltr'><strong>cognitum</strong></span> <span class='ocrx_word' id='word_1_229' title='bbox 3523 1660 3638 1717; x_wconf 83' lang='lat' dir='ltr'><strong>est,</strong></span> <span class='ocrx_word' id='word_1_230' title='bbox 3667 1669 3752 1706; x_wconf 69' lang='lat' dir='ltr'><strong>non</strong></span> 
     </span>
    </p>
   </div>
   <div class='ocr_carea' id='block_1_32' title="bbox 2154 1744 3756 1812">
    <p class='ocr_par' dir='ltr' id='par_1_32' title="bbox 2154 1744 3756 1812">
     <span class='ocr_line' id='line_1_32' title="bbox 2154 1744 3756 1812; baseline -0.006 -4"><span class='ocrx_word' id='word_1_231' title='bbox 2154 1751 2257 1808; x_wconf 93' lang='lat' dir='ltr'><strong>sibi</strong></span> <span class='ocrx_word' id='word_1_232' title='bbox 2282 1760 2343 1805; x_wconf 91' lang='lat' dir='ltr'><strong>ut</strong></span> <span class='ocrx_word' id='word_1_233' title='bbox 2395 1751 2512 1806; x_wconf 61' lang='lat' dir='ltr'><strong>hare</strong></span> <span class='ocrx_word' id='word_1_234' title='bbox 2554 1750 2730 1806; x_wconf 89' lang='lat' dir='ltr'><strong>sciant</strong></span> <span class='ocrx_word' id='word_1_235' title='bbox 2780 1749 3029 1805; x_wconf 86' lang='lat' dir='ltr'><strong>homines</strong></span> <span class='ocrx_word' id='word_1_236' title='bbox 3061 1747 3508 1812; x_wconf 84' lang='lat' dir='ltr'><strong>formidandum,</strong></span> <span class='ocrx_word' id='word_1_237' title='bbox 3560 1754 3657 1799; x_wconf 88' lang='lat' dir='ltr'><strong>aut</strong></span> <span class='ocrx_word' id='word_1_238' title='bbox 3692 1744 3756 1798; x_wconf 78' lang='lat' dir='ltr'><strong>fl-</strong></span> 
     </span>
    </p>
   </div>
   <div class='ocr_carea' id='block_1_33' title="bbox 2156 1837 3754 1916">
    <p class='ocr_par' dir='ltr' id='par_1_33' title="bbox 2156 1837 3754 1916">
     <span class='ocr_line' id='line_1_33' title="bbox 2156 1837 3754 1916; baseline -0.007 -15"><span class='ocrx_word' id='word_1_239' title='bbox 2156 1845 2412 1916; x_wconf 87' lang='lat' dir='ltr'><strong>giendum</strong></span> <span class='ocrx_word' id='word_1_240' title='bbox 2437 1857 2581 1911; x_wconf 91' lang='lat' dir='ltr'><strong>esse,</strong></span> <span class='ocrx_word' id='word_1_241' title='bbox 2607 1844 2702 1899; x_wconf 92' lang='lat' dir='ltr'><strong>sed</strong></span> <span class='ocrx_word' id='word_1_242' title='bbox 2744 1843 2790 1899; x_wconf 92' lang='lat' dir='ltr'><strong>si</strong></span> <span class='ocrx_word' id='word_1_243' title='bbox 2825 1844 2931 1899; x_wconf 91' lang='lat' dir='ltr'><strong>hoc</strong></span> <span class='ocrx_word' id='word_1_244' title='bbox 2953 1842 3136 1896; x_wconf 89' lang='lat' dir='ltr'><strong>animo</strong></span> <span class='ocrx_word' id='word_1_245' title='bbox 3161 1839 3316 1906; x_wconf 92' lang='lat' dir='ltr'><strong>ﬁant,</strong></span> <span class='ocrx_word' id='word_1_246' title='bbox 3349 1847 3414 1894; x_wconf 89' lang='lat' dir='ltr'><strong>ut</strong></span> <span class='ocrx_word' id='word_1_247' title='bbox 3461 1837 3679 1892; x_wconf 77' lang='lat' dir='ltr'><strong>fructus</strong></span> <span class='ocrx_word' id='word_1_248' title='bbox 3713 1839 3754 1889; x_wconf 79' lang='lat' dir='ltr'><strong>in</strong></span> 
     </span>
    </p>
   </div>
   <div class='ocr_carea' id='block_1_34' title="bbox 461 1923 3756 2007">
    <p class='ocr_par' dir='ltr' id='par_1_34' title="bbox 461 1923 3756 2007">
     <span class='ocr_line' id='line_1_34' title="bbox 461 1923 3756 2007; baseline -0.008 0"><span class='ocrx_word' id='word_1_249' title='bbox 461 1936 638 2007; x_wconf 71' lang='grc' dir='ltr'><strong>Ροηίῑν</strong></span> <span class='ocrx_word' id='word_1_250' title='bbox 664 1950 826 2006; x_wconf 67' lang='lat' dir='ltr'><strong>quam</strong></span> <span class='ocrx_word' id='word_1_251' title='bbox 849 1942 1079 2005; x_wconf 74' lang='lat' dir='ltr'><strong>Possum</strong></span> <span class='ocrx_word' id='word_1_252' title='bbox 1096 1933 1262 1988; x_wconf 60' lang='lat' dir='ltr'><strong>etiam</strong></span> <span class='ocrx_word' id='word_1_253' title='bbox 1292 1929 1608 1986; x_wconf 70' lang='lat' dir='ltr'><strong>Simulames</strong></span> <span class='ocrx_word' id='word_1_254' title='bbox 1638 1924 1905 1994; x_wconf 67' lang='grc' dir='ltr'><strong>θεοίρθτθν</strong></span> <span class='ocrx_word' id='word_1_255' title='bbox 1930 1923 2058 1977; x_wconf 74' lang='lat' dir='ltr'><strong>dum</strong></span> <span class='ocrx_word' id='word_1_256' title='bbox 2085 1928 2134 1989; x_wconf 90' lang='grc' dir='ltr'><strong>Β</strong></span> <span class='ocrx_word' id='word_1_257' title='bbox 2161 1937 2242 1990; x_wconf 90' lang='lat' dir='ltr'><strong>eis</strong></span> <span class='ocrx_word' id='word_1_258' title='bbox 2292 1942 2639 2004; x_wconf 83' lang='lat' dir='ltr'><strong>exspectetur</strong></span> <span class='ocrx_word' id='word_1_259' title='bbox 2682 1932 2932 2003; x_wconf 86' lang='lat' dir='ltr'><strong>placendi</strong></span> <span class='ocrx_word' id='word_1_260' title='bbox 2976 1929 3306 1987; x_wconf 89' lang='lat' dir='ltr'><strong>hominibus.</strong></span> <span class='ocrx_word' id='word_1_261' title='bbox 3367 1927 3583 1984; x_wconf 79' lang='lat' dir='ltr'><strong>Servat</strong></span> <span class='ocrx_word' id='word_1_262' title='bbox 3616 1928 3756 1980; x_wconf 77' lang='lat' dir='ltr'><strong>etiam</strong></span> 
     </span>
    </p>
   </div>
   <div class='ocr_carea' id='block_1_35' title="bbox 463 2013 2058 2094">
    <p class='ocr_par' dir='ltr' id='par_1_35' title="bbox 463 2013 2058 2094">
     <span class='ocr_line' id='line_1_35' title="bbox 463 2013 2058 2094; baseline -0.009 -14"><span class='ocrx_word' id='word_1_263' title='bbox 463 2026 657 2080; x_wconf 79' lang='lat' dir='ltr'><strong>fallunt</strong></span> <span class='ocrx_word' id='word_1_264' title='bbox 681 2039 776 2080; x_wconf 89' lang='lat' dir='ltr'><strong>eos</strong></span> <span class='ocrx_word' id='word_1_265' title='bbox 801 2023 999 2094; x_wconf 90' lang='lat' dir='ltr'><strong>quibus</strong></span> <span class='ocrx_word' id='word_1_266' title='bbox 1034 2023 1285 2078; x_wconf 82' lang='lat' dir='ltr'><strong>videntur</strong></span> <span class='ocrx_word' id='word_1_267' title='bbox 1321 2020 1448 2076; x_wconf 91' lang='lat' dir='ltr'><strong>boni</strong></span> <span class='ocrx_word' id='word_1_268' title='bbox 1498 2019 1566 2073; x_wconf 92' lang='lat' dir='ltr'><strong>ab</strong></span> <span class='ocrx_word' id='word_1_269' title='bbox 1607 2017 1796 2086; x_wconf 88' lang='lat' dir='ltr'><strong>eisque</strong></span> <span class='ocrx_word' id='word_1_270' title='bbox 1832 2013 2058 2068; x_wconf 87' lang='lat' dir='ltr'><strong>laudan-</strong></span> 
     </span>
    </p>
   </div>
   <div class='ocr_carea' id='block_1_36' title="bbox 464 2109 2058 2190">
    <p class='ocr_par' dir='ltr' id='par_1_36' title="bbox 464 2109 2058 2190">
     <span class='ocr_line' id='line_1_36' title="bbox 464 2109 2058 2190; baseline -0.008 -17"><span class='ocrx_word' id='word_1_271' title='bbox 464 2126 575 2174; x_wconf 90' lang='lat' dir='ltr'><strong>tur.</strong></span> <span class='ocrx_word' id='word_1_272' title='bbox 603 2117 746 2190; x_wconf 91' lang='lat' dir='ltr'><strong>Ergo</strong></span> <span class='ocrx_word' id='word_1_273' title='bbox 771 2115 909 2173; x_wconf 90' lang='lat' dir='ltr'><strong>tales</strong></span> <span class='ocrx_word' id='word_1_274' title='bbox 938 2115 1007 2170; x_wconf 87' lang='lat' dir='ltr'><strong>ab</strong></span> <span class='ocrx_word' id='word_1_275' title='bbox 1039 2116 1343 2185; x_wconf 84' lang='lat' dir='ltr'><strong>inspectore</strong></span> <span class='ocrx_word' id='word_1_276' title='bbox 1374 2112 1554 2168; x_wconf 84' lang='lat' dir='ltr'><strong>cordis</strong></span> <span class='ocrx_word' id='word_1_277' title='bbox 1589 2111 1700 2166; x_wconf 85' lang='lat' dir='ltr'><strong>Deo</strong></span> <span class='ocrx_word' id='word_1_278' title='bbox 1749 2109 2058 2164; x_wconf 89' lang='lat' dir='ltr'><strong>mercedem</strong></span> 
     </span>
    </p>
   </div>
   <div class='ocr_carea' id='block_1_37' title="bbox 465 2198 2060 2278">
    <p class='ocr_par' dir='ltr' id='par_1_37' title="bbox 465 2198 2060 2278">
     <span class='ocr_line' id='line_1_37' title="bbox 465 2198 2060 2278; baseline -0.009 -12"><span class='ocrx_word' id='word_1_279' title='bbox 465 2227 575 2266; x_wconf 89' lang='lat' dir='ltr'><strong>non</strong></span> <span class='ocrx_word' id='word_1_280' title='bbox 606 2208 848 2278; x_wconf 90' lang='lat' dir='ltr'><strong>capiunt,</strong></span> <span class='ocrx_word' id='word_1_281' title='bbox 872 2207 968 2264; x_wconf 91' lang='lat' dir='ltr'><strong>sed</strong></span> <span class='ocrx_word' id='word_1_282' title='bbox 994 2205 1221 2261; x_wconf 73' lang='lat' dir='ltr'><strong>fallacia:</strong></span> <span class='ocrx_word' id='word_1_283' title='bbox 1266 2203 1608 2276; x_wconf 90' lang='lat' dir='ltr'><strong>supplicium.</strong></span> <span class='ocrx_word' id='word_1_284' title='bbox 1635 2200 1718 2255; x_wconf 78' lang='lat' dir='ltr'><strong>Ab</strong></span> <span class='ocrx_word' id='word_1_285' title='bbox 1748 2198 2060 2254; x_wconf 90' lang='lat' dir='ltr'><strong>hominibus</strong></span> 
     </span>
    </p>
   </div>
   <div class='ocr_carea' id='block_1_38' title="bbox 473 2288 2060 2368">
    <p class='ocr_par' dir='ltr' id='par_1_38' title="bbox 473 2288 2060 2368">
     <span class='ocr_line' id='line_1_38' title="bbox 473 2288 2060 2368; baseline -0.007 -15"><span class='ocrx_word' id='word_1_286' title='bbox 473 2307 679 2364; x_wconf 88' lang='lat' dir='ltr'><strong>autem,</strong></span> <span class='ocrx_word' id='word_1_287' title='bbox 703 2297 897 2368; x_wconf 88' lang='lat' dir='ltr'><strong>inquit,</strong></span> <span class='ocrx_word' id='word_1_288' title='bbox 934 2302 1296 2367; x_wconf 89' lang='lat' dir='ltr'><strong>perceperunt</strong></span> <span class='ocrx_word' id='word_1_289' title='bbox 1314 2293 1619 2349; x_wconf 85' lang='lat' dir='ltr'><strong>mercedem</strong></span> <span class='ocrx_word' id='word_1_290' title='bbox 1648 2288 2060 2358; x_wconf 86' lang='lat' dir='ltr'><strong>suam._Rectis-</strong></span> 
     </span>
    </p>
   </div>
   <div class='ocr_carea' id='block_1_39' title="bbox 471 2379 2064 2461">
    <p class='ocr_par' dir='ltr' id='par_1_39' title="bbox 471 2379 2064 2461">
     <span class='ocr_line' id='line_1_39' title="bbox 471 2379 2064 2461; baseline -0.009 -14"><span class='ocrx_word' id='word_1_291' title='bbox 471 2393 716 2461; x_wconf 89' lang='lat' dir='ltr'><strong>simeque</strong></span> <span class='ocrx_word' id='word_1_292' title='bbox 741 2391 807 2445; x_wconf 91' lang='lat' dir='ltr'><strong>de</strong></span> <span class='ocrx_word' id='word_1_293' title='bbox 841 2389 929 2444; x_wconf 91' lang='lat' dir='ltr'><strong>his</strong></span> <span class='ocrx_word' id='word_1_294' title='bbox 959 2389 1194 2458; x_wconf 57' lang='lat' dir='ltr'><strong>dicitur:</strong></span> <span class='ocrx_word' id='word_1_295' title='bbox 1226 2386 1484 2441; x_wconf 87' lang='lat' dir='ltr'><strong>Recedite</strong></span> <span class='ocrx_word' id='word_1_296' title='bbox 1513 2397 1674 2448; x_wconf 88' lang='lat' dir='ltr'><strong>ame,</strong></span> <span class='ocrx_word' id='word_1_297' title='bbox 1697 2381 1933 2452; x_wconf 86' lang='lat' dir='ltr'><strong>operarii</strong></span> <span class='ocrx_word' id='word_1_298' title='bbox 1968 2379 2064 2434; x_wconf 84' lang='lat' dir='ltr'><strong>do-</strong></span> 
     </span>
    </p>
   </div>
   <div class='ocr_carea' id='block_1_40' title="bbox 464 2471 2064 2550">
    <p class='ocr_par' dir='ltr' id='par_1_40' title="bbox 464 2471 2064 2550">
     <span class='ocr_line' id='line_1_40' title="bbox 464 2471 2064 2550; baseline -0.009 -11"><span class='ocrx_word' id='word_1_299' title='bbox 464 2485 588 2550; x_wconf 88' lang='lat' dir='ltr'><strong>losi,</strong></span> <span class='ocrx_word' id='word_1_300' title='bbox 621 2498 822 2540; x_wconf 87' lang='lat' dir='ltr'><strong>nomen</strong></span> <span class='ocrx_word' id='word_1_301' title='bbox 851 2497 1035 2537; x_wconf 91' lang='lat' dir='ltr'><strong>meum</strong></span> <span class='ocrx_word' id='word_1_302' title='bbox 1055 2479 1346 2545; x_wconf 88' lang='lat' dir='ltr'><strong>habuistis,</strong></span> <span class='ocrx_word' id='word_1_303' title='bbox 1374 2479 1468 2534; x_wconf 90' lang='lat' dir='ltr'><strong>sed</strong></span> <span class='ocrx_word' id='word_1_304' title='bbox 1501 2492 1666 2548; x_wconf 89' lang='lat' dir='ltr'><strong>opera</strong></span> <span class='ocrx_word' id='word_1_305' title='bbox 1689 2491 1810 2530; x_wconf 89' lang='lat' dir='ltr'><strong>mea</strong></span> <span class='ocrx_word' id='word_1_306' title='bbox 1852 2489 1958 2528; x_wconf 90' lang='lat' dir='ltr'><strong>non</strong></span> <span class='ocrx_word' id='word_1_307' title='bbox 1987 2471 2064 2525; x_wconf 83' lang='lat' dir='ltr'><strong>fe-</strong></span> 
     </span>
    </p>
   </div>
   <div class='ocr_carea' id='block_1_41' title="bbox 466 2567 2064 2644">
    <p class='ocr_par' dir='ltr' id='par_1_41' title="bbox 466 2567 2064 2644">
     <span class='ocr_line' id='line_1_41' title="bbox 466 2567 2064 2644; baseline -0.005 -14"><span class='ocrx_word' id='word_1_308' title='bbox 466 2575 641 2630; x_wconf 84' lang='lat' dir='ltr'><strong>cistis.</strong></span> <span class='ocrx_word' id='word_1_309' title='bbox 667 2573 751 2628; x_wconf 91' lang='lat' dir='ltr'><strong>llli</strong></span> <span class='ocrx_word' id='word_1_310' title='bbox 798 2587 927 2644; x_wconf 91' lang='lat' dir='ltr'><strong>ergo</strong></span> <span class='ocrx_word' id='word_1_311' title='bbox 966 2580 1325 2642; x_wconf 86' lang='lat' dir='ltr'><strong>perceperunt</strong></span> <span class='ocrx_word' id='word_1_312' title='bbox 1375 2569 1684 2626; x_wconf 90' lang='lat' dir='ltr'><strong>mercedem</strong></span> <span class='ocrx_word' id='word_1_313' title='bbox 1727 2581 1919 2631; x_wconf 90' lang='lat' dir='ltr'><strong>suam,</strong></span> <span class='ocrx_word' id='word_1_314' title='bbox 1973 2567 2064 2634; x_wconf 90' lang='lat' dir='ltr'><strong>qui</strong></span> 
     </span>
    </p>
   </div>
   <div class='ocr_carea' id='block_1_42' title="bbox 467 2655 2067 2736">
    <p class='ocr_par' dir='ltr' id='par_1_42' title="bbox 467 2655 2067 2736">
     <span class='ocr_line' id='line_1_42' title="bbox 467 2655 2067 2736; baseline -0.008 -14"><span class='ocrx_word' id='word_1_315' title='bbox 467 2681 577 2722; x_wconf 90' lang='lat' dir='ltr'><strong>non</strong></span> <span class='ocrx_word' id='word_1_316' title='bbox 610 2666 680 2721; x_wconf 93' lang='lat' dir='ltr'><strong>ob</strong></span> <span class='ocrx_word' id='word_1_317' title='bbox 707 2665 857 2720; x_wconf 89' lang='lat' dir='ltr'><strong>aliud</strong></span> <span class='ocrx_word' id='word_1_318' title='bbox 881 2663 1280 2736; x_wconf 87' lang='lat' dir='ltr'><strong>eleemosynam</strong></span> <span class='ocrx_word' id='word_1_319' title='bbox 1301 2660 1528 2727; x_wconf 81' lang='lat' dir='ltr'><strong>iaciunt,</strong></span> <span class='ocrx_word' id='word_1_320' title='bbox 1555 2658 1659 2714; x_wconf 89' lang='lat' dir='ltr'><strong>nisi</strong></span> <span class='ocrx_word' id='word_1_321' title='bbox 1679 2665 1741 2713; x_wconf 91' lang='lat' dir='ltr'><strong>ut</strong></span> <span class='ocrx_word' id='word_1_322' title='bbox 1766 2655 2067 2729; x_wconf 84' lang='lat' dir='ltr'><strong>gloriﬁcen-</strong></span> 
     </span>
    </p>
   </div>
   <div class='ocr_carea' id='block_1_43' title="bbox 466 2755 1000 2812">
    <p class='ocr_par' dir='ltr' id='par_1_43' title="bbox 466 2755 1000 2812">
     <span class='ocr_line' id='line_1_43' title="bbox 466 2755 1000 2812; baseline -0.002 -2"><span class='ocrx_word' id='word_1_323' title='bbox 466 2765 554 2812; x_wconf 91' lang='lat' dir='ltr'><strong>tur</strong></span> <span class='ocrx_word' id='word_1_324' title='bbox 582 2757 652 2811; x_wconf 89' lang='lat' dir='ltr'><strong>ab</strong></span> <span class='ocrx_word' id='word_1_325' title='bbox 671 2755 1000 2812; x_wconf 90' lang='lat' dir='ltr'><strong>hominibus.</strong></span> 
     </span>
    </p>
   </div>
   <div class='ocr_carea' id='block_1_44' title="bbox 537 2841 2064 2918">
    <p class='ocr_par' dir='ltr' id='par_1_44' title="bbox 537 2841 2064 2918">
     <span class='ocr_line' id='line_1_44' title="bbox 537 2841 2064 2918; baseline -0.007 -15"><span class='ocrx_word' id='word_1_326' title='bbox 537 2848 608 2902; x_wconf 88' lang='lat' dir='ltr'><strong>Te</strong></span> <span class='ocrx_word' id='word_1_327' title='bbox 642 2856 816 2903; x_wconf 90' lang='lat' dir='ltr'><strong>autem</strong></span> <span class='ocrx_word' id='word_1_328' title='bbox 868 2848 1094 2918; x_wconf 81' lang='lat' dir='ltr'><strong>faciente</strong></span> <span class='ocrx_word' id='word_1_329' title='bbox 1135 2848 1548 2918; x_wconf 76' lang='lat' dir='ltr'><strong>elemosynam,</strong></span> <span class='ocrx_word' id='word_1_330' title='bbox 1605 2845 1804 2899; x_wconf 85' lang='lat' dir='ltr'><strong>nesciat</strong></span> <span class='ocrx_word' id='word_1_331' title='bbox 1849 2841 2064 2896; x_wconf 86' lang='lat' dir='ltr'><strong>sinistra</strong></span> 
     </span>
    </p>
   </div>
   <div class='ocr_carea' id='block_1_45' title="bbox 464 2930 2061 3010">
    <p class='ocr_par' dir='ltr' id='par_1_45' title="bbox 464 2930 2061 3010">
     <span class='ocr_line' id='line_1_45' title="bbox 464 2930 2061 3010; baseline -0.006 -18"><span class='ocrx_word' id='word_1_332' title='bbox 464 2948 558 2993; x_wconf 83' lang='lat' dir='ltr'><strong>tua</strong></span> <span class='ocrx_word' id='word_1_333' title='bbox 578 2938 703 3010; x_wconf 88' lang='lat' dir='ltr'><strong>quid</strong></span> <span class='ocrx_word' id='word_1_334' title='bbox 731 2938 896 3008; x_wconf 80' lang='lat' dir='ltr'><strong>faciat</strong></span> <span class='ocrx_word' id='word_1_335' title='bbox 945 2938 1160 2992; x_wconf 75' lang='lat' dir='ltr'><strong>dextera</strong></span> <span class='ocrx_word' id='word_1_336' title='bbox 1193 2947 1305 2991; x_wconf 88' lang='lat' dir='ltr'><strong>tua.</strong></span> <span class='ocrx_word' id='word_1_337' title='bbox 1336 2936 1442 2990; x_wconf 85' lang='lat' dir='ltr'><strong>Alii</strong></span> <span class='ocrx_word' id='word_1_338' title='bbox 1469 2950 1600 3008; x_wconf 86' lang='lat' dir='ltr'><strong>ergo</strong></span> <span class='ocrx_word' id='word_1_339' title='bbox 1623 2935 1906 2990; x_wconf 86' lang='lat' dir='ltr'><strong>sinistram</strong></span> <span class='ocrx_word' id='word_1_340' title='bbox 1934 2930 2061 2985; x_wconf 88' lang='lat' dir='ltr'><strong>inﬁ-</strong></span> 
     </span>
    </p>
   </div>
   <div class='ocr_carea' id='block_1_46' title="bbox 463 3021 2064 3103">
    <p class='ocr_par' dir='ltr' id='par_1_46' title="bbox 463 3021 2064 3103">
     <span class='ocr_line' id='line_1_46' title="bbox 463 3021 2064 3103; baseline -0.004 -19"><span class='ocrx_word' id='word_1_341' title='bbox 463 3029 613 3086; x_wconf 88' lang='lat' dir='ltr'><strong>deles</strong></span> <span class='ocrx_word' id='word_1_342' title='bbox 637 3029 746 3086; x_wconf 91' lang='lat' dir='ltr'><strong>dici</strong></span> <span class='ocrx_word' id='word_1_343' title='bbox 777 3030 1088 3095; x_wconf 86' lang='lat' dir='ltr'><strong>credebant,</strong></span> <span class='ocrx_word' id='word_1_344' title='bbox 1127 3029 1218 3084; x_wconf 90' lang='lat' dir='ltr'><strong>alii</strong></span> <span class='ocrx_word' id='word_1_345' title='bbox 1235 3029 1561 3103; x_wconf 53' lang='lat' dir='ltr'><strong>,inimicum,</strong></span> <span class='ocrx_word' id='word_1_346' title='bbox 1607 3027 1702 3083; x_wconf 90' lang='lat' dir='ltr'><strong>sed</strong></span> <span class='ocrx_word' id='word_1_347' title='bbox 1741 3026 1874 3081; x_wconf 91' lang='lat' dir='ltr'><strong>mihi</strong></span> <span class='ocrx_word' id='word_1_348' title='bbox 1928 3021 2064 3078; x_wconf 87' lang='lat' dir='ltr'><strong>nihil</strong></span> 
     </span>
    </p>
   </div>
   <div class='ocr_carea' id='block_1_47' title="bbox 467 3117 2066 3194">
    <p class='ocr_par' dir='ltr' id='par_1_47' title="bbox 467 3117 2066 3194">
     <span class='ocr_line' id='line_1_47' title="bbox 467 3117 2066 3194; baseline -0.006 -16"><span class='ocrx_word' id='word_1_349' title='bbox 467 3122 892 3194; x_wconf 87' lang='lat' dir='ltr'><strong>consequentius</strong></span> <span class='ocrx_word' id='word_1_350' title='bbox 919 3122 1139 3176; x_wconf 88' lang='lat' dir='ltr'><strong>sinistra</strong></span> <span class='ocrx_word' id='word_1_351' title='bbox 1183 3121 1398 3176; x_wconf 89' lang='lat' dir='ltr'><strong>videtur</strong></span> <span class='ocrx_word' id='word_1_352' title='bbox 1421 3119 1748 3192; x_wconf 87' lang='lat' dir='ltr'><strong>signiﬁcare,</strong></span> <span class='ocrx_word' id='word_1_353' title='bbox 1779 3132 1941 3188; x_wconf 91' lang='lat' dir='ltr'><strong>quam</strong></span> <span class='ocrx_word' id='word_1_354' title='bbox 1987 3117 2066 3186; x_wconf 86' lang='lat' dir='ltr'><strong>ip-</strong></span> 
     </span>
    </p>
   </div>
   <div class='ocr_carea' id='block_1_48' title="bbox 467 3206 2066 3277">
    <p class='ocr_par' dir='ltr' id='par_1_48' title="bbox 467 3206 2066 3277">
     <span class='ocr_line' id='line_1_48' title="bbox 467 3206 2066 3277; baseline -0.005 -10"><span class='ocrx_word' id='word_1_355' title='bbox 467 3227 586 3267; x_wconf 91' lang='lat' dir='ltr'><strong>sam</strong></span> <span class='ocrx_word' id='word_1_356' title='bbox 618 3210 1035 3267; x_wconf 86' lang='lat' dir='ltr'><strong>delectationem</strong></span> <span class='ocrx_word' id='word_1_357' title='bbox 1075 3208 1271 3265; x_wconf 90' lang='lat' dir='ltr'><strong>laudis.</strong></span> <span class='ocrx_word' id='word_1_358' title='bbox 1325 3209 1560 3266; x_wconf 79' lang='lat' dir='ltr'><strong>Dextera</strong></span> <span class='ocrx_word' id='word_1_359' title='bbox 1587 3217 1769 3263; x_wconf 90' lang='lat' dir='ltr'><strong>autem</strong></span> <span class='ocrx_word' id='word_1_360' title='bbox 1796 3206 2066 3277; x_wconf 86' lang='lat' dir='ltr'><strong>signiﬁcat</strong></span> 
     </span>
    </p>
   </div>
   <div class='ocr_carea' id='block_1_49' title="bbox 2163 2019 3755 2098">
    <p class='ocr_par' dir='ltr' id='par_1_49' title="bbox 2163 2019 3755 2098">
     <span class='ocr_line' id='line_1_49' title="bbox 2163 2019 3755 2098; baseline -0.008 -16"><span class='ocrx_word' id='word_1_361' title='bbox 2163 2028 2280 2098; x_wconf 91' lang='lat' dir='ltr'><strong>ipse</strong></span> <span class='ocrx_word' id='word_1_362' title='bbox 2308 2026 2568 2083; x_wconf 91' lang='lat' dir='ltr'><strong>Dominus</strong></span> <span class='ocrx_word' id='word_1_363' title='bbox 2590 2027 2780 2081; x_wconf 89' lang='lat' dir='ltr'><strong>eadem</strong></span> <span class='ocrx_word' id='word_1_364' title='bbox 2816 2025 3000 2090; x_wconf 87' lang='lat' dir='ltr'><strong>verba,</strong></span> <span class='ocrx_word' id='word_1_365' title='bbox 3039 2038 3164 2079; x_wconf 92' lang='lat' dir='ltr'><strong>cum</strong></span> <span class='ocrx_word' id='word_1_366' title='bbox 3183 2021 3437 2091; x_wconf 75' lang='lat' dir='ltr'><strong>adiungit</strong></span> <span class='ocrx_word' id='word_1_367' title='bbox 3477 2019 3755 2076; x_wconf 80' lang='lat' dir='ltr'><strong>similiter;</strong></span> 
     </span>
    </p>
   </div>
   <div class='ocr_carea' id='block_1_50' title="bbox 2161 2110 3759 2185">
    <p class='ocr_par' dir='ltr' id='par_1_50' title="bbox 2161 2110 3759 2185">
     <span class='ocr_line' id='line_1_50' title="bbox 2161 2110 3759 2185; baseline -0.004 -15"><span class='ocrx_word' id='word_1_368' title='bbox 2161 2117 2328 2171; x_wconf 81' lang='lat' dir='ltr'><strong>Amen</strong></span> <span class='ocrx_word' id='word_1_369' title='bbox 2374 2117 2493 2171; x_wconf 87' lang='lat' dir='ltr'><strong>dico</strong></span> <span class='ocrx_word' id='word_1_370' title='bbox 2527 2116 2668 2171; x_wconf 87' lang='lat' dir='ltr'><strong>vobis</strong></span> <span class='ocrx_word' id='word_1_371' title='bbox 2703 2123 3004 2185; x_wconf 85' lang='lat' dir='ltr'><strong>receperunt</strong></span> <span class='ocrx_word' id='word_1_372' title='bbox 3062 2112 3359 2168; x_wconf 85' lang='lat' dir='ltr'><strong>mercedem</strong></span> <span class='ocrx_word' id='word_1_373' title='bbox 3415 2129 3604 2166; x_wconf 69' lang='lat' dir='ltr'><strong>suam.</strong></span> <span class='ocrx_word' id='word_1_374' title='bbox 3645 2110 3759 2164; x_wconf 72' lang='lat' dir='ltr'><strong>Hinc</strong></span> 
     </span>
    </p>
   </div>
   <div class='ocr_carea' id='block_1_51' title="bbox 2163 2205 3756 2278">
    <p class='ocr_par' dir='ltr' id='par_1_51' title="bbox 2163 2205 3756 2278">
     <span class='ocr_line' id='line_1_51' title="bbox 2163 2205 3756 2278; baseline -0.006 -15"><span class='ocrx_word' id='word_1_375' title='bbox 2163 2208 2454 2264; x_wconf 89' lang='lat' dir='ltr'><strong>ostendens</strong></span> <span class='ocrx_word' id='word_1_376' title='bbox 2499 2209 2613 2278; x_wconf 90' lang='lat' dir='ltr'><strong>ipse</strong></span> <span class='ocrx_word' id='word_1_377' title='bbox 2641 2205 2954 2277; x_wconf 89' lang='lat' dir='ltr'><strong>prohibere,</strong></span> <span class='ocrx_word' id='word_1_378' title='bbox 2985 2213 3044 2259; x_wconf 92' lang='lat' dir='ltr'><strong>ut</strong></span> <span class='ocrx_word' id='word_1_379' title='bbox 3086 2219 3151 2260; x_wconf 88' lang='lat' dir='ltr'><strong>ea</strong></span> <span class='ocrx_word' id='word_1_380' title='bbox 3190 2218 3414 2259; x_wconf 88' lang='lat' dir='ltr'><strong>merces</strong></span> <span class='ocrx_word' id='word_1_381' title='bbox 3466 2211 3756 2272; x_wconf 79' lang='lat' dir='ltr'><strong>appetatur,</strong></span> 
     </span>
    </p>
   </div>
   <div class='ocr_carea' id='block_1_52' title="bbox 2164 2292 3592 2369">
    <p class='ocr_par' dir='ltr' id='par_1_52' title="bbox 2164 2292 3592 2369">
     <span class='ocr_line' id='line_1_52' title="bbox 2164 2292 3592 2369; baseline -0.004 -16"><span class='ocrx_word' id='word_1_382' title='bbox 2164 2313 2272 2369; x_wconf 90' lang='lat' dir='ltr'><strong>qua</strong></span> <span class='ocrx_word' id='word_1_383' title='bbox 2302 2297 2449 2353; x_wconf 91' lang='lat' dir='ltr'><strong>stulti</strong></span> <span class='ocrx_word' id='word_1_384' title='bbox 2483 2297 2737 2369; x_wconf 85' lang='lat' dir='ltr'><strong>gaudent,</strong></span> <span class='ocrx_word' id='word_1_385' title='bbox 2763 2303 2825 2351; x_wconf 92' lang='lat' dir='ltr'><strong>ut</strong></span> <span class='ocrx_word' id='word_1_386' title='bbox 2843 2295 3130 2350; x_wconf 85' lang='lat' dir='ltr'><strong>laudentur</strong></span> <span class='ocrx_word' id='word_1_387' title='bbox 3154 2293 3223 2348; x_wconf 88' lang='lat' dir='ltr'><strong>ab</strong></span> <span class='ocrx_word' id='word_1_388' title='bbox 3251 2292 3592 2348; x_wconf 79' lang='lat' dir='ltr'><strong>hominibus.</strong></span> 
     </span>
    </p>
   </div>
   <div class='ocr_carea' id='block_1_53' title="bbox 2240 2383 3763 2448">
    <p class='ocr_par' dir='ltr' id='par_1_53' title="bbox 2240 2383 3763 2448">
     <span class='ocr_line' id='line_1_53' title="bbox 2240 2383 3763 2448; baseline -0.006 -4"><span class='ocrx_word' id='word_1_389' title='bbox 2240 2389 2319 2444; x_wconf 86' lang='lat' dir='ltr'><strong>Tu</strong></span> <span class='ocrx_word' id='word_1_390' title='bbox 2349 2400 2524 2444; x_wconf 90' lang='lat' dir='ltr'><strong>autem</strong></span> <span class='ocrx_word' id='word_1_391' title='bbox 2555 2406 2675 2444; x_wconf 86' lang='lat' dir='ltr'><strong>cum</strong></span> <span class='ocrx_word' id='word_1_392' title='bbox 2712 2388 2887 2442; x_wconf 83' lang='lat' dir='ltr'><strong>orabis</strong></span> <span class='ocrx_word' id='word_1_393' title='bbox 2924 2388 3066 2441; x_wconf 85' lang='lat' dir='ltr'><strong>intra</strong></span> <span class='ocrx_word' id='word_1_394' title='bbox 3103 2385 3161 2439; x_wconf 86' lang='lat' dir='ltr'><strong>in</strong></span> <span class='ocrx_word' id='word_1_395' title='bbox 3189 2383 3496 2440; x_wconf 72' lang='lat' dir='ltr'><strong>cubiculum</strong></span> <span class='ocrx_word' id='word_1_396' title='bbox 3525 2392 3700 2448; x_wconf 72' lang='lat' dir='ltr'><strong>tuum,</strong></span> <span class='ocrx_word' id='word_1_397' title='bbox 3724 2395 3763 2434; x_wconf 74' lang='lat' dir='ltr'><strong>et</strong></span> 
     </span>
    </p>
   </div>
   <div class='ocr_carea' id='block_1_54' title="bbox 2167 2469 3762 2546">
    <p class='ocr_par' dir='ltr' id='par_1_54' title="bbox 2167 2469 3762 2546">
     <span class='ocr_line' id='line_1_54' title="bbox 2167 2469 3762 2546; baseline -0.008 -10"><span class='ocrx_word' id='word_1_398' title='bbox 2167 2482 2347 2536; x_wconf 90' lang='lat' dir='ltr'><strong>clauso</strong></span> <span class='ocrx_word' id='word_1_399' title='bbox 2376 2482 2508 2536; x_wconf 85' lang='lat' dir='ltr'><strong>ostio</strong></span> <span class='ocrx_word' id='word_1_400' title='bbox 2530 2490 2644 2546; x_wconf 90' lang='lat' dir='ltr'><strong>tuo,</strong></span> <span class='ocrx_word' id='word_1_401' title='bbox 2672 2497 2768 2534; x_wconf 90' lang='lat' dir='ltr'><strong>ora</strong></span> <span class='ocrx_word' id='word_1_402' title='bbox 2791 2477 3008 2532; x_wconf 86' lang='lat' dir='ltr'><strong>Patrem</strong></span> <span class='ocrx_word' id='word_1_403' title='bbox 3031 2487 3177 2531; x_wconf 90' lang='lat' dir='ltr'><strong>tuum</strong></span> <span class='ocrx_word' id='word_1_404' title='bbox 3205 2478 3263 2530; x_wconf 92' lang='lat' dir='ltr'><strong>in</strong></span> <span class='ocrx_word' id='word_1_405' title='bbox 3285 2475 3579 2540; x_wconf 73' lang='lat' dir='ltr'><strong>absconso,</strong></span> <span class='ocrx_word' id='word_1_406' title='bbox 3605 2483 3652 2527; x_wconf 84' lang='lat' dir='ltr'><strong>et</strong></span> <span class='ocrx_word' id='word_1_407' title='bbox 3679 2469 3762 2523; x_wconf 74' lang='lat' dir='ltr'><strong>Pe-</strong></span> 
     </span>
    </p>
   </div>
   <div class='ocr_carea' id='block_1_55' title="bbox 2167 2564 3755 2644">
    <p class='ocr_par' dir='ltr' id='par_1_55' title="bbox 2167 2564 3755 2644">
     <span class='ocr_line' id='line_1_55' title="bbox 2167 2564 3755 2644; baseline -0.008 -16"><span class='ocrx_word' id='word_1_408' title='bbox 2167 2582 2246 2628; x_wconf 88' lang='lat' dir='ltr'><strong>tcr</strong></span> <span class='ocrx_word' id='word_1_409' title='bbox 2271 2582 2415 2641; x_wconf 83' lang='lat' dir='ltr'><strong>tuus,</strong></span> <span class='ocrx_word' id='word_1_410' title='bbox 2436 2573 2528 2644; x_wconf 87' lang='lat' dir='ltr'><strong>qui</strong></span> <span class='ocrx_word' id='word_1_411' title='bbox 2575 2572 2711 2626; x_wconf 88' lang='lat' dir='ltr'><strong>videt</strong></span> <span class='ocrx_word' id='word_1_412' title='bbox 2758 2571 2812 2624; x_wconf 89' lang='lat' dir='ltr'><strong>in</strong></span> <span class='ocrx_word' id='word_1_413' title='bbox 2841 2569 3167 2634; x_wconf 86' lang='lat' dir='ltr'><strong>abscondito,</strong></span> <span class='ocrx_word' id='word_1_414' title='bbox 3197 2567 3382 2623; x_wconf 84' lang='lat' dir='ltr'><strong>reddet</strong></span> <span class='ocrx_word' id='word_1_415' title='bbox 3427 2567 3553 2620; x_wconf 85' lang='lat' dir='ltr'><strong>tibi.</strong></span> <span class='ocrx_word' id='word_1_416' title='bbox 3584 2564 3755 2636; x_wconf 74' lang='grc' dir='ltr'><strong>(Ηξιτ.)</strong></span> 
     </span>
    </p>
   </div>
   <div class='ocr_carea' id='block_1_56' title="bbox 2165 2657 3758 2736">
    <p class='ocr_par' dir='ltr' id='par_1_56' title="bbox 2165 2657 3758 2736">
     <span class='ocr_line' id='line_1_56' title="bbox 2165 2657 3758 2736; baseline -0.008 -16"><span class='ocrx_word' id='word_1_417' title='bbox 2165 2665 2294 2722; x_wconf 72' lang='lat' dir='ltr'><strong>llaec</strong></span> <span class='ocrx_word' id='word_1_418' title='bbox 2347 2666 2568 2736; x_wconf 88' lang='lat' dir='ltr'><strong>quidem</strong></span> <span class='ocrx_word' id='word_1_419' title='bbox 2623 2664 2898 2720; x_wconf 89' lang='lat' dir='ltr'><strong>sententia</strong></span> <span class='ocrx_word' id='word_1_420' title='bbox 2947 2661 3198 2717; x_wconf 90' lang='lat' dir='ltr'><strong>similiter</strong></span> <span class='ocrx_word' id='word_1_421' title='bbox 3256 2660 3554 2715; x_wconf 87' lang='lat' dir='ltr'><strong>intellecta</strong></span> <span class='ocrx_word' id='word_1_422' title='bbox 3613 2657 3758 2712; x_wconf 79' lang='lat' dir='ltr'><strong>erudit</strong></span> 
     </span>
    </p>
   </div>
   <div class='ocr_carea' id='block_1_57' title="bbox 2163 2745 3757 2824">
    <p class='ocr_par' dir='ltr' id='par_1_57' title="bbox 2163 2745 3757 2824">
     <span class='ocr_line' id='line_1_57' title="bbox 2163 2745 3757 2824; baseline -0.008 -12"><span class='ocrx_word' id='word_1_423' title='bbox 2163 2757 2509 2822; x_wconf 89' lang='lat' dir='ltr'><strong>auditorem,</strong></span> <span class='ocrx_word' id='word_1_424' title='bbox 2558 2763 2619 2811; x_wconf 90' lang='lat' dir='ltr'><strong>ut</strong></span> <span class='ocrx_word' id='word_1_425' title='bbox 2665 2769 2863 2809; x_wconf 88' lang='lat' dir='ltr'><strong>vanam</strong></span> <span class='ocrx_word' id='word_1_426' title='bbox 2913 2754 3099 2808; x_wconf 91' lang='lat' dir='ltr'><strong>mundi</strong></span> <span class='ocrx_word' id='word_1_427' title='bbox 3143 2751 3380 2824; x_wconf 87' lang='lat' dir='ltr'><strong>gloriam</strong></span> <span class='ocrx_word' id='word_1_428' title='bbox 3432 2749 3633 2820; x_wconf 79' lang='lat' dir='ltr'><strong>fugiat.</strong></span> <span class='ocrx_word' id='word_1_429' title='bbox 3671 2745 3757 2800; x_wconf 74' lang='lat' dir='ltr'><strong>Sed</strong></span> 
     </span>
    </p>
   </div>
   <div class='ocr_carea' id='block_1_58' title="bbox 2165 2839 3756 2918">
    <p class='ocr_par' dir='ltr' id='par_1_58' title="bbox 2165 2839 3756 2918">
     <span class='ocr_line' id='line_1_58' title="bbox 2165 2839 3756 2918; baseline -0.009 -14"><span class='ocrx_word' id='word_1_430' title='bbox 2165 2850 2302 2905; x_wconf 90' lang='lat' dir='ltr'><strong>mihi</strong></span> <span class='ocrx_word' id='word_1_431' title='bbox 2332 2849 2547 2905; x_wconf 89' lang='lat' dir='ltr'><strong>videtur</strong></span> <span class='ocrx_word' id='word_1_432' title='bbox 2591 2848 2696 2902; x_wconf 92' lang='lat' dir='ltr'><strong>hoc</strong></span> <span class='ocrx_word' id='word_1_433' title='bbox 2735 2846 2909 2918; x_wconf 89' lang='lat' dir='ltr'><strong>magis</strong></span> <span class='ocrx_word' id='word_1_434' title='bbox 2935 2858 3057 2900; x_wconf 87' lang='lat' dir='ltr'><strong>esse</strong></span> <span class='ocrx_word' id='word_1_435' title='bbox 3086 2853 3451 2914; x_wconf 74' lang='lat' dir='ltr'><strong>przeceptum,</strong></span> <span class='ocrx_word' id='word_1_436' title='bbox 3489 2850 3555 2896; x_wconf 85' lang='lat' dir='ltr'><strong>ut</strong></span> <span class='ocrx_word' id='word_1_437' title='bbox 3584 2839 3756 2893; x_wconf 77' lang='lat' dir='ltr'><strong>inclusa</strong></span> 
     </span>
    </p>
   </div>
   <div class='ocr_carea' id='block_1_59' title="bbox 2164 2931 3758 3010">
    <p class='ocr_par' dir='ltr' id='par_1_59' title="bbox 2164 2931 3758 3010">
     <span class='ocr_line' id='line_1_59' title="bbox 2164 2931 3758 3010; baseline -0.009 -16"><span class='ocrx_word' id='word_1_438' title='bbox 2164 2939 2402 3010; x_wconf 90' lang='lat' dir='ltr'><strong>pectoris</strong></span> <span class='ocrx_word' id='word_1_439' title='bbox 2441 2937 2802 3008; x_wconf 81' lang='lat' dir='ltr'><strong>cogitatione,</strong></span> <span class='ocrx_word' id='word_1_440' title='bbox 2859 2934 3126 3004; x_wconf 89' lang='lat' dir='ltr'><strong>labiisque</strong></span> <span class='ocrx_word' id='word_1_441' title='bbox 3173 2931 3541 3002; x_wconf 87' lang='lat' dir='ltr'><strong>compressis,</strong></span> <span class='ocrx_word' id='word_1_442' title='bbox 3573 2941 3758 2983; x_wconf 68' lang='lat' dir='ltr'><strong>omnes</strong></span> 
     </span>
    </p>
   </div>
   <div class='ocr_carea' id='block_1_60' title="bbox 2167 3019 3758 3094">
    <p class='ocr_par' dir='ltr' id='par_1_60' title="bbox 2167 3019 3758 3094">
     <span class='ocr_line' id='line_1_60' title="bbox 2167 3019 3758 3094; baseline -0.006 -12"><span class='ocrx_word' id='word_1_443' title='bbox 2167 3027 2476 3083; x_wconf 90' lang='lat' dir='ltr'><strong>Dominum.</strong></span> <span class='ocrx_word' id='word_1_444' title='bbox 2497 3026 2650 3094; x_wconf 86' lang='lat' dir='ltr'><strong>Quod</strong></span> <span class='ocrx_word' id='word_1_445' title='bbox 2663 3024 2941 3080; x_wconf 88' lang='lat' dir='ltr'><strong>etAnnam</strong></span> <span class='ocrx_word' id='word_1_446' title='bbox 2969 3024 3023 3078; x_wconf 91' lang='lat' dir='ltr'><strong>in</strong></span> <span class='ocrx_word' id='word_1_447' title='bbox 3041 3023 3246 3094; x_wconf 81' lang='lat' dir='ltr'><strong>Regum</strong></span> <span class='ocrx_word' id='word_1_448' title='bbox 3272 3021 3568 3076; x_wconf 82' lang='lat' dir='ltr'><strong>volumine</strong></span> <span class='ocrx_word' id='word_1_449' title='bbox 3600 3019 3758 3073; x_wconf 74' lang='lat' dir='ltr'><strong>fecisse</strong></span> 
     </span>
    </p>
   </div>
   <div class='ocr_carea' id='block_1_61' title="bbox 2165 3114 3756 3192">
    <p class='ocr_par' dir='ltr' id='par_1_61' title="bbox 2165 3114 3756 3192">
     <span class='ocr_line' id='line_1_61' title="bbox 2165 3114 3756 3192; baseline -0.007 -18"><span class='ocrx_word' id='word_1_450' title='bbox 2165 3120 2396 3192; x_wconf 87' lang='lat' dir='ltr'><strong>legimus</strong></span> <span class='ocrx_word' id='word_1_451' title='bbox 2422 3140 2434 3173; x_wconf 90' lang='lat'><strong>:</strong></span> <span class='ocrx_word' id='word_1_452' title='bbox 2463 3119 2651 3184; x_wconf 87' lang='lat' dir='ltr'><strong>Labia,</strong></span> <span class='ocrx_word' id='word_1_453' title='bbox 2676 3118 2879 3188; x_wconf 90' lang='lat' dir='ltr'><strong>inquit,</strong></span> <span class='ocrx_word' id='word_1_454' title='bbox 2929 3116 3044 3187; x_wconf 85' lang='lat' dir='ltr'><strong>ejus</strong></span> <span class='ocrx_word' id='word_1_455' title='bbox 3083 3123 3288 3169; x_wconf 87' lang='lat' dir='ltr'><strong>tantum</strong></span> <span class='ocrx_word' id='word_1_456' title='bbox 3326 3114 3756 3174; x_wconf 58' lang='lat' dir='ltr'><strong>movebantur,“</strong></span> 
     </span>
    </p>
   </div>
   <div class='ocr_carea' id='block_1_62' title="bbox 2170 3202 3758 3280">
    <p class='ocr_par' dir='ltr' id='par_1_62' title="bbox 2170 3202 3758 3280">
     <span class='ocr_line' id='line_1_62' title="bbox 2170 3202 3758 3280; baseline -0.005 -13"><span class='ocrx_word' id='word_1_457' title='bbox 2170 3230 2269 3268; x_wconf 75' lang='lat' dir='ltr'><strong>vox</strong></span> <span class='ocrx_word' id='word_1_458' title='bbox 2292 3212 2436 3267; x_wconf 91' lang='lat' dir='ltr'><strong>illius</strong></span> <span class='ocrx_word' id='word_1_459' title='bbox 2467 3202 2572 3266; x_wconf 84' lang='lat' dir='ltr'><strong>non</strong></span> <span class='ocrx_word' id='word_1_460' title='bbox 2598 3210 2913 3265; x_wconf 86' lang='lat' dir='ltr'><strong>audiebatur</strong></span> <span class='ocrx_word' id='word_1_461' title='bbox 2936 3208 2984 3280; x_wconf 87' lang='grc' dir='ltr'><strong>(Ι</strong></span> <span class='ocrx_word' id='word_1_462' title='bbox 3020 3207 3143 3278; x_wconf 83' lang='lat' dir='ltr'><strong>Reg.</strong></span> <span class='ocrx_word' id='word_1_463' title='bbox 3179 3206 3239 3278; x_wconf 84' lang='grc' dir='ltr'><strong>ι).</strong></span> <span class='ocrx_word' id='word_1_464' title='bbox 3280 3206 3396 3261; x_wconf 85' lang='lat' dir='ltr'><strong>Ista</strong></span> <span class='ocrx_word' id='word_1_465' title='bbox 3425 3207 3606 3260; x_wconf 89' lang='lat' dir='ltr'><strong>etiam</strong></span> <span class='ocrx_word' id='word_1_466' title='bbox 3641 3203 3758 3259; x_wconf 81' lang='lat' dir='ltr'><strong>cubi-</strong></span> 
     </span>
    </p>
   </div>
   <div class='ocr_carea' id='block_1_63' title="bbox 463 3294 3760 3375">
    <p class='ocr_par' dir='ltr' id='par_1_63' title="bbox 463 3294 3760 3375">
     <span class='ocr_line' id='line_1_63' title="bbox 463 3294 3760 3375; baseline -0.003 -14"><span class='ocrx_word' id='word_1_467' title='bbox 463 3306 821 3361; x_wconf 90' lang='lat' dir='ltr'><strong>iutentionem</strong></span> <span class='ocrx_word' id='word_1_468' title='bbox 865 3303 1123 3375; x_wconf 91' lang='lat' dir='ltr'><strong>implendi</strong></span> <span class='ocrx_word' id='word_1_469' title='bbox 1153 3311 1425 3374; x_wconf 84' lang='lat' dir='ltr'><strong>praecepta</strong></span> <span class='ocrx_word' id='word_1_470' title='bbox 1468 3303 1669 3359; x_wconf 89' lang='lat' dir='ltr'><strong>divina.</strong></span> <span class='ocrx_word' id='word_1_471' title='bbox 1717 3300 1850 3356; x_wconf 91' lang='lat' dir='ltr'><strong>Cum</strong></span> <span class='ocrx_word' id='word_1_472' title='bbox 1885 3301 2070 3368; x_wconf 87' lang='lat' dir='ltr'><strong>itaque</strong></span> <span class='ocrx_word' id='word_1_473' title='bbox 2096 3294 2142 3359; x_wconf 90' lang='lat' dir='ltr'>C</span> <span class='ocrx_word' id='word_1_474' title='bbox 2175 3306 2292 3362; x_wconf 89' lang='lat' dir='ltr'><strong>cula</strong></span> <span class='ocrx_word' id='word_1_475' title='bbox 2321 3305 2376 3359; x_wconf 90' lang='lat' dir='ltr'><strong>in</strong></span> <span class='ocrx_word' id='word_1_476' title='bbox 2409 3303 2618 3375; x_wconf 90' lang='lat' dir='ltr'><strong>psalmo</strong></span> <span class='ocrx_word' id='word_1_477' title='bbox 2663 3302 3058 3374; x_wconf 87' lang='lat' dir='ltr'><strong>signiﬁcantur,</strong></span> <span class='ocrx_word' id='word_1_478' title='bbox 3086 3301 3178 3356; x_wconf 92' lang='lat' dir='ltr'><strong>ubi</strong></span> <span class='ocrx_word' id='word_1_479' title='bbox 3214 3299 3422 3355; x_wconf 89' lang='lat' dir='ltr'><strong>dicitur</strong></span> <span class='ocrx_word' id='word_1_480' title='bbox 3455 3318 3466 3353; x_wconf 91' lang='lat'>:</span> <span class='ocrx_word' id='word_1_481' title='bbox 3505 3299 3643 3365; x_wconf 66' lang='grc' dir='ltr'><strong>ριιω</strong></span> <span class='ocrx_word' id='word_1_482' title='bbox 3659 3297 3760 3350; x_wconf 69' lang='grc' dir='ltr'><strong>εἰέςύ-</strong></span> 
     </span>
    </p>
   </div>
   <div class='ocr_carea' id='block_1_64' title="bbox 465 3395 2067 3469">
    <p class='ocr_par' dir='ltr' id='par_1_64' title="bbox 465 3395 2067 3469">
     <span class='ocr_line' id='line_1_64' title="bbox 465 3395 2067 3469; baseline -0.006 -14"><span class='ocrx_word' id='word_1_483' title='bbox 465 3399 815 3455; x_wconf 82' lang='lat' dir='ltr'><strong>conscientiae</strong></span> <span class='ocrx_word' id='word_1_484' title='bbox 852 3397 1102 3452; x_wconf 83' lang='lat' dir='ltr'><strong>facientis</strong></span> <span class='ocrx_word' id='word_1_485' title='bbox 1131 3397 1530 3469; x_wconf 87' lang='lat' dir='ltr'><strong>eleemosynam</strong></span> <span class='ocrx_word' id='word_1_486' title='bbox 1557 3395 1752 3450; x_wconf 89' lang='lat' dir='ltr'><strong>miscet</strong></span> <span class='ocrx_word' id='word_1_487' title='bbox 1797 3409 1856 3449; x_wconf 86' lang='lat' dir='ltr'><strong>se</strong></span> <span class='ocrx_word' id='word_1_488' title='bbox 1899 3406 2067 3464; x_wconf 92' lang='lat' dir='ltr'><strong>appe--</strong></span> 
     </span>
    </p>
   </div>
   <div class='ocr_carea' id='block_1_65' title="bbox 467 3484 2068 3556">
    <p class='ocr_par' dir='ltr' id='par_1_65' title="bbox 467 3484 2068 3556">
     <span class='ocr_line' id='line_1_65' title="bbox 467 3484 2068 3556; baseline -0.005 -10"><span class='ocrx_word' id='word_1_489' title='bbox 467 3491 587 3546; x_wconf 91' lang='lat' dir='ltr'><strong>titio</strong></span> <span class='ocrx_word' id='word_1_490' title='bbox 611 3491 786 3546; x_wconf 82' lang='lat' dir='ltr'><strong>laudis</strong></span> <span class='ocrx_word' id='word_1_491' title='bbox 819 3491 1088 3556; x_wconf 66' lang='lat' dir='ltr'><strong>humanae,</strong></span> <span class='ocrx_word' id='word_1_492' title='bbox 1118 3489 1179 3542; x_wconf 93' lang='lat' dir='ltr'><strong>ﬁt</strong></span> <span class='ocrx_word' id='word_1_493' title='bbox 1207 3489 1429 3544; x_wconf 90' lang='lat' dir='ltr'><strong>sinistra</strong></span> <span class='ocrx_word' id='word_1_494' title='bbox 1455 3487 1673 3542; x_wconf 89' lang='lat' dir='ltr'><strong>conscia</strong></span> <span class='ocrx_word' id='word_1_495' title='bbox 1723 3487 1906 3556; x_wconf 90' lang='lat' dir='ltr'><strong>operis</strong></span> <span class='ocrx_word' id='word_1_496' title='bbox 1930 3484 2068 3539; x_wconf 83' lang='lat' dir='ltr'><strong>dex-</strong></span> 
     </span>
    </p>
   </div>
   <div class='ocr_carea' id='block_1_66' title="bbox 468 3577 2066 3653">
    <p class='ocr_par' dir='ltr' id='par_1_66' title="bbox 468 3577 2066 3653">
     <span class='ocr_line' id='line_1_66' title="bbox 468 3577 2066 3653; baseline -0.006 -15"><span class='ocrx_word' id='word_1_497' title='bbox 468 3591 621 3638; x_wconf 69' lang='lat' dir='ltr'><strong>teraa.</strong></span> <span class='ocrx_word' id='word_1_498' title='bbox 659 3581 878 3636; x_wconf 86' lang='lat' dir='ltr'><strong>Nesciat</strong></span> <span class='ocrx_word' id='word_1_499' title='bbox 927 3595 1060 3653; x_wconf 88' lang='lat' dir='ltr'><strong>ergo</strong></span> <span class='ocrx_word' id='word_1_500' title='bbox 1097 3581 1313 3635; x_wconf 87' lang='lat' dir='ltr'><strong>sinistra</strong></span> <span class='ocrx_word' id='word_1_501' title='bbox 1361 3589 1452 3632; x_wconf 91' lang='lat' dir='ltr'><strong>tua</strong></span> <span class='ocrx_word' id='word_1_502' title='bbox 1483 3579 1610 3650; x_wconf 88' lang='lat' dir='ltr'><strong>quid</strong></span> <span class='ocrx_word' id='word_1_503' title='bbox 1639 3579 1801 3648; x_wconf 80' lang='lat' dir='ltr'><strong>faciat</strong></span> <span class='ocrx_word' id='word_1_504' title='bbox 1845 3577 2066 3631; x_wconf 76' lang='lat' dir='ltr'><strong>dextera</strong></span> 
     </span>
    </p>
   </div>
   <div class='ocr_carea' id='block_1_67' title="bbox 469 3667 2071 3741">
    <p class='ocr_par' dir='ltr' id='par_1_67' title="bbox 469 3667 2071 3741">
     <span class='ocr_line' id='line_1_67' title="bbox 469 3667 2071 3741; baseline -0.002 -15"><span class='ocrx_word' id='word_1_505' title='bbox 469 3682 587 3741; x_wconf 83' lang='lat' dir='ltr'><strong>tua,</strong></span> <span class='ocrx_word' id='word_1_506' title='bbox 610 3673 665 3728; x_wconf 91' lang='lat' dir='ltr'><strong>id</strong></span> <span class='ocrx_word' id='word_1_507' title='bbox 690 3681 776 3728; x_wconf 90' lang='lat' dir='ltr'><strong>est</strong></span> <span class='ocrx_word' id='word_1_508' title='bbox 799 3713 814 3738; x_wconf 95' lang='lat'><strong>,</strong></span> <span class='ocrx_word' id='word_1_509' title='bbox 858 3687 968 3727; x_wconf 90' lang='lat' dir='ltr'><strong>non</strong></span> <span class='ocrx_word' id='word_1_510' title='bbox 1004 3687 1064 3727; x_wconf 93' lang='lat' dir='ltr'><strong>se</strong></span> <span class='ocrx_word' id='word_1_511' title='bbox 1099 3671 1328 3728; x_wconf 86' lang='lat' dir='ltr'><strong>misceat</strong></span> <span class='ocrx_word' id='word_1_512' title='bbox 1356 3669 1705 3726; x_wconf 73' lang='lat' dir='ltr'><strong>conscientia:</strong></span> <span class='ocrx_word' id='word_1_513' title='bbox 1741 3677 1847 3722; x_wconf 69' lang='lat' dir='ltr'><strong>tua:</strong></span> <span class='ocrx_word' id='word_1_514' title='bbox 1896 3667 2071 3722; x_wconf 91' lang='lat' dir='ltr'><strong>laudis</strong></span> 
     </span>
    </p>
   </div>
   <div class='ocr_carea' id='block_1_68' title="bbox 469 3758 2074 3835">
    <p class='ocr_par' dir='ltr' id='par_1_68' title="bbox 469 3758 2074 3835">
     <span class='ocr_line' id='line_1_68' title="bbox 469 3758 2074 3835; baseline -0.005 -15"><span class='ocrx_word' id='word_1_515' title='bbox 469 3766 725 3820; x_wconf 68' lang='lat' dir='ltr'><strong>humanae</strong></span> <span class='ocrx_word' id='word_1_516' title='bbox 765 3763 1048 3835; x_wconf 89' lang='lat' dir='ltr'><strong>appetitio,</strong></span> <span class='ocrx_word' id='word_1_517' title='bbox 1082 3778 1206 3818; x_wconf 92' lang='lat' dir='ltr'><strong>cum</strong></span> <span class='ocrx_word' id='word_1_518' title='bbox 1246 3762 1302 3816; x_wconf 92' lang='lat' dir='ltr'><strong>in</strong></span> <span class='ocrx_word' id='word_1_519' title='bbox 1329 3761 1671 3834; x_wconf 86' lang='lat' dir='ltr'><strong>eleemosyna</strong></span> <span class='ocrx_word' id='word_1_520' title='bbox 1707 3758 1957 3815; x_wconf 84' lang='lat' dir='ltr'><strong>facienda</strong></span> <span class='ocrx_word' id='word_1_521' title='bbox 1991 3758 2074 3812; x_wconf 82' lang='lat' dir='ltr'><strong>di-</strong></span> 
     </span>
    </p>
   </div>
   <div class='ocr_carea' id='block_1_69' title="bbox 470 3850 2074 3927">
    <p class='ocr_par' dir='ltr' id='par_1_69' title="bbox 470 3850 2074 3927">
     <span class='ocr_line' id='line_1_69' title="bbox 470 3850 2074 3927; baseline -0.004 -16"><span class='ocrx_word' id='word_1_522' title='bbox 470 3857 658 3911; x_wconf 85' lang='lat' dir='ltr'><strong>vinum</strong></span> <span class='ocrx_word' id='word_1_523' title='bbox 686 3864 1020 3927; x_wconf 74' lang='lat' dir='ltr'><strong>praeceptum</strong></span> <span class='ocrx_word' id='word_1_524' title='bbox 1057 3855 1340 3910; x_wconf 88' lang='lat' dir='ltr'><strong>contendis</strong></span> <span class='ocrx_word' id='word_1_525' title='bbox 1376 3854 1619 3924; x_wconf 89' lang='lat' dir='ltr'><strong>implere.</strong></span> <span class='ocrx_word' id='word_1_526' title='bbox 1655 3851 1723 3906; x_wconf 91' lang='lat' dir='ltr'><strong>Ut</strong></span> <span class='ocrx_word' id='word_1_527' title='bbox 1761 3853 1828 3906; x_wconf 88' lang='lat' dir='ltr'><strong>sit</strong></span> <span class='ocrx_word' id='word_1_528' title='bbox 1854 3850 2074 3905; x_wconf 90' lang='lat' dir='ltr'><strong>eleemo-</strong></span> 
     </span>
    </p>
   </div>
   <div class='ocr_carea' id='block_1_70' title="bbox 475 3941 2074 4020">
    <p class='ocr_par' dir='ltr' id='par_1_70' title="bbox 475 3941 2074 4020">
     <span class='ocr_line' id='line_1_70' title="bbox 475 3941 2074 4020; baseline -0.005 -16"><span class='ocrx_word' id='word_1_529' title='bbox 475 3967 606 4020; x_wconf 82' lang='lat' dir='ltr'><strong>syna</strong></span> <span class='ocrx_word' id='word_1_530' title='bbox 641 3957 733 4002; x_wconf 89' lang='lat' dir='ltr'><strong>tua</strong></span> <span class='ocrx_word' id='word_1_531' title='bbox 762 3947 820 4001; x_wconf 90' lang='lat' dir='ltr'><strong>in</strong></span> <span class='ocrx_word' id='word_1_532' title='bbox 843 3947 1170 4001; x_wconf 86' lang='lat' dir='ltr'><strong>abscondito.</strong></span> <span class='ocrx_word' id='word_1_533' title='bbox 1204 3946 1341 4014; x_wconf 82' lang='lat' dir='ltr'><strong>Quid</strong></span> <span class='ocrx_word' id='word_1_534' title='bbox 1375 3955 1458 4002; x_wconf 87' lang='lat' dir='ltr'><strong>est</strong></span> <span class='ocrx_word' id='word_1_535' title='bbox 1486 3947 1542 4000; x_wconf 91' lang='lat' dir='ltr'><strong>in</strong></span> <span class='ocrx_word' id='word_1_536' title='bbox 1587 3946 1924 4011; x_wconf 81' lang='lat' dir='ltr'><strong>abscondito,</strong></span> <span class='ocrx_word' id='word_1_537' title='bbox 1967 3941 2074 3998; x_wconf 89' lang='lat' dir='ltr'><strong>nisi</strong></span> 
     </span>
    </p>
   </div>
   <div class='ocr_carea' id='block_1_71' title="bbox 474 4036 2073 4108">
    <p class='ocr_par' dir='ltr' id='par_1_71' title="bbox 474 4036 2073 4108">
     <span class='ocr_line' id='line_1_71' title="bbox 474 4036 2073 4108; baseline -0.002 -16"><span class='ocrx_word' id='word_1_538' title='bbox 474 4041 531 4093; x_wconf 89' lang='lat' dir='ltr'><strong>in</strong></span> <span class='ocrx_word' id='word_1_539' title='bbox 558 4040 672 4108; x_wconf 89' lang='lat' dir='ltr'><strong>ipsa</strong></span> <span class='ocrx_word' id='word_1_540' title='bbox 693 4039 834 4092; x_wconf 90' lang='lat' dir='ltr'><strong>bona</strong></span> <span class='ocrx_word' id='word_1_541' title='bbox 857 4038 1212 4101; x_wconf 87' lang='lat' dir='ltr'><strong>conscientia,</strong></span> <span class='ocrx_word' id='word_1_542' title='bbox 1233 4052 1355 4106; x_wconf 65' lang='lat' dir='ltr'><strong>quae</strong></span> <span class='ocrx_word' id='word_1_543' title='bbox 1378 4037 1632 4092; x_wconf 89' lang='lat' dir='ltr'><strong>humanis</strong></span> <span class='ocrx_word' id='word_1_544' title='bbox 1651 4036 1822 4092; x_wconf 91' lang='lat' dir='ltr'><strong>oculis</strong></span> <span class='ocrx_word' id='word_1_545' title='bbox 1847 4037 2073 4091; x_wconf 91' lang='lat' dir='ltr'><strong>demon-</strong></span> 
     </span>
    </p>
   </div>
   <div class='ocr_carea' id='block_1_72' title="bbox 476 4128 2073 4198">
    <p class='ocr_par' dir='ltr' id='par_1_72' title="bbox 476 4128 2073 4198">
     <span class='ocr_line' id='line_1_72' title="bbox 476 4128 2073 4198; baseline 0.001 -17"><span class='ocrx_word' id='word_1_546' title='bbox 476 4129 639 4183; x_wconf 85' lang='lat' dir='ltr'><strong>strari</strong></span> <span class='ocrx_word' id='word_1_547' title='bbox 664 4142 769 4182; x_wconf 90' lang='lat' dir='ltr'><strong>non</strong></span> <span class='ocrx_word' id='word_1_548' title='bbox 793 4136 990 4197; x_wconf 89' lang='lat' dir='ltr'><strong>potest,</strong></span> <span class='ocrx_word' id='word_1_549' title='bbox 1024 4143 1124 4182; x_wconf 91' lang='lat' dir='ltr'><strong>nec</strong></span> <span class='ocrx_word' id='word_1_550' title='bbox 1174 4128 1356 4182; x_wconf 80' lang='lat' dir='ltr'><strong>verbis</strong></span> <span class='ocrx_word' id='word_1_551' title='bbox 1386 4129 1606 4198; x_wconf 91' lang='lat' dir='ltr'><strong>aperiri,</strong></span> <span class='ocrx_word' id='word_1_552' title='bbox 1639 4128 2073 4198; x_wconf 89' lang='lat' dir='ltr'><strong>quandoquidem</strong></span> 
     </span>
    </p>
   </div>
   <div class='ocr_carea' id='block_1_73' title="bbox 480 4219 1235 4276">
    <p class='ocr_par' dir='ltr' id='par_1_73' title="bbox 480 4219 1235 4276">
     <span class='ocr_line' id='line_1_73' title="bbox 480 4219 1235 4276; baseline -0.005 0"><span class='ocrx_word' id='word_1_553' title='bbox 480 4221 636 4276; x_wconf 90' lang='lat' dir='ltr'><strong>multi</strong></span> <span class='ocrx_word' id='word_1_554' title='bbox 663 4219 833 4274; x_wconf 90' lang='lat' dir='ltr'><strong>multa</strong></span> <span class='ocrx_word' id='word_1_555' title='bbox 861 4220 1235 4276; x_wconf 80' lang='lat' dir='ltr'><strong>mentiuntur?</strong></span> 
     </span>
    </p>
   </div>
   <div class='ocr_carea' id='block_1_74' title="bbox 553 4313 2075 4386">
    <p class='ocr_par' dir='ltr' id='par_1_74' title="bbox 553 4313 2075 4386">
     <span class='ocr_line' id='line_1_74' title="bbox 553 4313 2075 4386; baseline 0 -18"><span class='ocrx_word' id='word_1_556' title='bbox 553 4316 894 4385; x_wconf 81' lang='lat' dir='ltr'><strong>Quapropter</strong></span> <span class='ocrx_word' id='word_1_557' title='bbox 919 4315 964 4369; x_wconf 91' lang='lat' dir='ltr'><strong>si</strong></span> <span class='ocrx_word' id='word_1_558' title='bbox 994 4313 1219 4370; x_wconf 78' lang='lat' dir='ltr'><strong>dextera</strong></span> <span class='ocrx_word' id='word_1_559' title='bbox 1244 4313 1567 4384; x_wconf 86' lang='lat' dir='ltr'><strong>intrinsecus</strong></span> <span class='ocrx_word' id='word_1_560' title='bbox 1597 4315 1708 4386; x_wconf 88' lang='lat' dir='ltr'><strong>agit</strong></span> <span class='ocrx_word' id='word_1_561' title='bbox 1737 4314 1795 4368; x_wconf 90' lang='lat' dir='ltr'><strong>in</strong></span> <span class='ocrx_word' id='word_1_562' title='bbox 1843 4314 2075 4369; x_wconf 87' lang='lat' dir='ltr'><strong>abscon-</strong></span> 
     </span>
    </p>
   </div>
   <div class='ocr_carea' id='block_1_75' title="bbox 481 4404 2077 4475">
    <p class='ocr_par' dir='ltr' id='par_1_75' title="bbox 481 4404 2077 4475">
     <span class='ocr_line' id='line_1_75' title="bbox 481 4404 2077 4475; baseline 0.001 -17"><span class='ocrx_word' id='word_1_563' title='bbox 481 4405 616 4471; x_wconf 88' lang='lat' dir='ltr'><strong>dito,</strong></span> <span class='ocrx_word' id='word_1_564' title='bbox 646 4404 715 4459; x_wconf 88' lang='lat' dir='ltr'><strong>ad</strong></span> <span class='ocrx_word' id='word_1_565' title='bbox 753 4404 1032 4460; x_wconf 88' lang='lat' dir='ltr'><strong>sinistram</strong></span> <span class='ocrx_word' id='word_1_566' title='bbox 1084 4405 1361 4475; x_wconf 89' lang='lat' dir='ltr'><strong>pertinent</strong></span> <span class='ocrx_word' id='word_1_567' title='bbox 1401 4405 1584 4460; x_wconf 91' lang='lat' dir='ltr'><strong>omnia</strong></span> <span class='ocrx_word' id='word_1_568' title='bbox 1632 4404 1924 4470; x_wconf 83' lang='lat' dir='ltr'><strong>exteriora,</strong></span> <span class='ocrx_word' id='word_1_569' title='bbox 1957 4419 2077 4473; x_wconf 75' lang='lat' dir='ltr'><strong>quae</strong></span> 
     </span>
    </p>
   </div>
   <div class='ocr_carea' id='block_1_76' title="bbox 477 4497 2078 4571">
    <p class='ocr_par' dir='ltr' id='par_1_76' title="bbox 477 4497 2078 4571">
     <span class='ocr_line' id='line_1_76' title="bbox 477 4497 2078 4571; baseline 0.001 -19"><span class='ocrx_word' id='word_1_570' title='bbox 477 4506 604 4552; x_wconf 93' lang='lat' dir='ltr'><strong>sunt</strong></span> <span class='ocrx_word' id='word_1_571' title='bbox 632 4497 865 4553; x_wconf 89' lang='lat' dir='ltr'><strong>visibilia</strong></span> <span class='ocrx_word' id='word_1_572' title='bbox 903 4509 957 4554; x_wconf 90' lang='lat' dir='ltr'><strong>et</strong></span> <span class='ocrx_word' id='word_1_573' title='bbox 989 4498 1324 4570; x_wconf 89' lang='lat' dir='ltr'><strong>temporalia.</strong></span> <span class='ocrx_word' id='word_1_574' title='bbox 1357 4498 1439 4554; x_wconf 93' lang='lat' dir='ltr'><strong>Sit</strong></span> <span class='ocrx_word' id='word_1_575' title='bbox 1467 4514 1597 4571; x_wconf 84' lang='lat' dir='ltr'><strong>ergo</strong></span> <span class='ocrx_word' id='word_1_576' title='bbox 1619 4498 1959 4568; x_wconf 87' lang='lat' dir='ltr'><strong>eleemosyna</strong></span> <span class='ocrx_word' id='word_1_577' title='bbox 1985 4506 2078 4553; x_wconf 90' lang='lat' dir='ltr'><strong>tua</strong></span> 
     </span>
    </p>
   </div>
   <div class='ocr_carea' id='block_1_77' title="bbox 478 4589 2078 4666">
    <p class='ocr_par' dir='ltr' id='par_1_77' title="bbox 478 4589 2078 4666">
     <span class='ocr_line' id='line_1_77' title="bbox 478 4589 2078 4666; baseline 0.001 -22"><span class='ocrx_word' id='word_1_578' title='bbox 478 4592 532 4644; x_wconf 91' lang='lat' dir='ltr'><strong>in</strong></span> <span class='ocrx_word' id='word_1_579' title='bbox 563 4591 678 4661; x_wconf 92' lang='lat' dir='ltr'><strong>ipsa</strong></span> <span class='ocrx_word' id='word_1_580' title='bbox 701 4593 1033 4648; x_wconf 89' lang='lat' dir='ltr'><strong>conscientia</strong></span> <span class='ocrx_word' id='word_1_581' title='bbox 1057 4633 1073 4658; x_wconf 94' lang='lat'><strong>,</strong></span> <span class='ocrx_word' id='word_1_582' title='bbox 1113 4594 1207 4648; x_wconf 90' lang='lat' dir='ltr'><strong>ubi</strong></span> <span class='ocrx_word' id='word_1_583' title='bbox 1238 4593 1392 4648; x_wconf 90' lang='lat' dir='ltr'><strong>multi</strong></span> <span class='ocrx_word' id='word_1_584' title='bbox 1430 4593 1829 4666; x_wconf 87' lang='lat' dir='ltr'><strong>eleemosynam</strong></span> <span class='ocrx_word' id='word_1_585' title='bbox 1869 4589 2078 4647; x_wconf 81' lang='lat' dir='ltr'><strong>faciunt</strong></span> 
     </span>
    </p>
   </div>
   <div class='ocr_carea' id='block_1_78' title="bbox 2173 3391 3757 3461">
    <p class='ocr_par' dir='ltr' id='par_1_78' title="bbox 2173 3391 3757 3461">
     <span class='ocr_line' id='line_1_78' title="bbox 2173 3391 3757 3461; baseline -0.008 -8"><span class='ocrx_word' id='word_1_586' title='bbox 2173 3399 2238 3453; x_wconf 86' lang='lat' dir='ltr'><strong>tis</strong></span> <span class='ocrx_word' id='word_1_587' title='bbox 2273 3399 2327 3452; x_wconf 89' lang='lat' dir='ltr'><strong>in</strong></span> <span class='ocrx_word' id='word_1_588' title='bbox 2362 3396 2607 3451; x_wconf 88' lang='lat' dir='ltr'><strong>cordibus</strong></span> <span class='ocrx_word' id='word_1_589' title='bbox 2646 3396 2856 3461; x_wconf 82' lang='lat' dir='ltr'><strong>vestris,</strong></span> <span class='ocrx_word' id='word_1_590' title='bbox 2897 3404 2946 3449; x_wconf 90' lang='lat' dir='ltr'><strong>et</strong></span> <span class='ocrx_word' id='word_1_591' title='bbox 2994 3395 3050 3447; x_wconf 90' lang='lat' dir='ltr'><strong>in</strong></span> <span class='ocrx_word' id='word_1_592' title='bbox 3097 3391 3352 3446; x_wconf 69' lang='lat' dir='ltr'><strong>cubilibus</strong></span> <span class='ocrx_word' id='word_1_593' title='bbox 3404 3392 3601 3445; x_wconf 83' lang='lat' dir='ltr'><strong>vestris</strong></span> <span class='ocrx_word' id='word_1_594' title='bbox 3647 3404 3757 3441; x_wconf 68' lang='lat' dir='ltr'><strong>ceu-</strong></span> 
     </span>
    </p>
   </div>
   <div class='ocr_carea' id='block_1_79' title="bbox 2171 3479 3756 3560">
    <p class='ocr_par' dir='ltr' id='par_1_79' title="bbox 2171 3479 3756 3560">
     <span class='ocr_line' id='line_1_79' title="bbox 2171 3479 3756 3560; baseline -0.007 -17"><span class='ocrx_word' id='word_1_595' title='bbox 2171 3489 2466 3560; x_wconf 81' lang='lat' dir='ltr'><strong>pungimini</strong></span> <span class='ocrx_word' id='word_1_596' title='bbox 2491 3487 2666 3559; x_wconf 85' lang='lat' dir='ltr'><strong>(Psal.</strong></span> <span class='ocrx_word' id='word_1_597' title='bbox 2698 3487 2794 3559; x_wconf 86' lang='lat' dir='ltr'><strong>tv).</strong></span> <span class='ocrx_word' id='word_1_598' title='bbox 2825 3485 2892 3541; x_wconf 86' lang='lat' dir='ltr'><strong>Et</strong></span> <span class='ocrx_word' id='word_1_599' title='bbox 2919 3485 3099 3540; x_wconf 85' lang='lat' dir='ltr'><strong>clauso</strong></span> <span class='ocrx_word' id='word_1_600' title='bbox 3130 3484 3261 3538; x_wconf 85' lang='lat' dir='ltr'><strong>ostio</strong></span> <span class='ocrx_word' id='word_1_601' title='bbox 3291 3499 3415 3548; x_wconf 89' lang='lat' dir='ltr'><strong>ora,</strong></span> <span class='ocrx_word' id='word_1_602' title='bbox 3444 3482 3550 3546; x_wconf 85' lang='lat' dir='ltr'><strong>ait,</strong></span> <span class='ocrx_word' id='word_1_603' title='bbox 3574 3479 3756 3534; x_wconf 70' lang='lat' dir='ltr'><strong>Patren</strong></span> 
     </span>
    </p>
   </div>
   <div class='ocr_carea' id='block_1_80' title="bbox 2175 3582 2726 3636">
    <p class='ocr_par' dir='ltr' id='par_1_80' title="bbox 2175 3582 2726 3636">
     <span class='ocr_line' id='line_1_80' title="bbox 2175 3582 2726 3636; baseline 0 0"><span class='ocrx_word' id='word_1_604' title='bbox 2175 3593 2322 3636; x_wconf 88' lang='lat' dir='ltr'><strong>tuum</strong></span> <span class='ocrx_word' id='word_1_605' title='bbox 2358 3584 2415 3636; x_wconf 88' lang='lat' dir='ltr'><strong>in</strong></span> <span class='ocrx_word' id='word_1_606' title='bbox 2449 3582 2726 3636; x_wconf 86' lang='lat' dir='ltr'><strong>absconso.</strong></span> 
     </span>
    </p>
   </div>
   <div class='ocr_carea' id='block_1_81' title="bbox 2249 3668 3739 3738">
    <p class='ocr_par' dir='ltr' id='par_1_81' title="bbox 2249 3668 3739 3738">
     <span class='ocr_line' id='line_1_81' title="bbox 2249 3668 3739 3738; baseline -0.004 -12"><span class='ocrx_word' id='word_1_607' title='bbox 2249 3671 2447 3726; x_wconf 91' lang='lat' dir='ltr'><strong>Parum</strong></span> <span class='ocrx_word' id='word_1_608' title='bbox 2475 3681 2559 3728; x_wconf 90' lang='lat' dir='ltr'><strong>est</strong></span> <span class='ocrx_word' id='word_1_609' title='bbox 2581 3673 2788 3727; x_wconf 90' lang='lat' dir='ltr'><strong>intrare</strong></span> <span class='ocrx_word' id='word_1_610' title='bbox 2821 3672 2878 3726; x_wconf 91' lang='lat' dir='ltr'><strong>in</strong></span> <span class='ocrx_word' id='word_1_611' title='bbox 2905 3669 3152 3726; x_wconf 85' lang='lat' dir='ltr'><strong>cubicula</strong></span> <span class='ocrx_word' id='word_1_612' title='bbox 3178 3669 3224 3725; x_wconf 92' lang='lat' dir='ltr'><strong>si</strong></span> <span class='ocrx_word' id='word_1_613' title='bbox 3249 3668 3460 3725; x_wconf 90' lang='lat' dir='ltr'><strong>ostium</strong></span> <span class='ocrx_word' id='word_1_614' title='bbox 3480 3676 3668 3738; x_wconf 82' lang='lat' dir='ltr'><strong>pateat</strong></span> <span class='ocrx_word' id='word_1_615' title='bbox 3685 3669 3739 3720; x_wconf 78' lang='lat' dir='ltr'><strong>ita</strong></span> 
     </span>
    </p>
   </div>
   <div class='ocr_carea' id='block_1_82' title="bbox 2176 3758 3757 3836">
    <p class='ocr_par' dir='ltr' id='par_1_82' title="bbox 2176 3758 3757 3836">
     <span class='ocr_line' id='line_1_82' title="bbox 2176 3758 3757 3836; baseline -0.006 -15"><span class='ocrx_word' id='word_1_616' title='bbox 2176 3765 2422 3836; x_wconf 91' lang='lat' dir='ltr'><strong>portunis</strong></span> <span class='ocrx_word' id='word_1_617' title='bbox 2453 3763 2892 3836; x_wconf 86' lang='lat' dir='ltr'><strong>cogitationibus,</strong></span> <span class='ocrx_word' id='word_1_618' title='bbox 2925 3777 3024 3832; x_wconf 88' lang='lat' dir='ltr'><strong>per</strong></span> <span class='ocrx_word' id='word_1_619' title='bbox 3049 3762 3194 3832; x_wconf 92' lang='lat' dir='ltr'><strong>quod</strong></span> <span class='ocrx_word' id='word_1_620' title='bbox 3221 3761 3428 3816; x_wconf 89' lang='lat' dir='ltr'><strong>ostium</strong></span> <span class='ocrx_word' id='word_1_621' title='bbox 3458 3776 3519 3815; x_wconf 84' lang='lat' dir='ltr'><strong>ea</strong></span> <span class='ocrx_word' id='word_1_622' title='bbox 3548 3776 3674 3829; x_wconf 82' lang='lat' dir='ltr'><strong>qua:</strong></span> <span class='ocrx_word' id='word_1_623' title='bbox 3695 3758 3757 3812; x_wconf 79' lang='lat' dir='ltr'><strong>io-</strong></span> 
     </span>
    </p>
   </div>
   <div class='ocr_carea' id='block_1_83' title="bbox 2177 3852 3758 3925">
    <p class='ocr_par' dir='ltr' id='par_1_83' title="bbox 2177 3852 3758 3925">
     <span class='ocr_line' id='line_1_83' title="bbox 2177 3852 3758 3925; baseline -0.005 -15"><span class='ocrx_word' id='word_1_624' title='bbox 2177 3857 2254 3910; x_wconf 91' lang='lat' dir='ltr'><strong>ris</strong></span> <span class='ocrx_word' id='word_1_625' title='bbox 2280 3865 2404 3910; x_wconf 92' lang='lat' dir='ltr'><strong>sunt</strong></span> <span class='ocrx_word' id='word_1_626' title='bbox 2433 3856 2678 3925; x_wconf 89' lang='lat' dir='ltr'><strong>improbe</strong></span> <span class='ocrx_word' id='word_1_627' title='bbox 2723 3870 2781 3910; x_wconf 91' lang='lat' dir='ltr'><strong>se</strong></span> <span class='ocrx_word' id='word_1_628' title='bbox 2824 3855 3174 3925; x_wconf 85' lang='lat' dir='ltr'><strong>immergunt,</strong></span> <span class='ocrx_word' id='word_1_629' title='bbox 3207 3860 3262 3908; x_wconf 88' lang='lat' dir='ltr'><strong>et</strong></span> <span class='ocrx_word' id='word_1_630' title='bbox 3301 3852 3574 3906; x_wconf 83' lang='lat' dir='ltr'><strong>interiora</strong></span> <span class='ocrx_word' id='word_1_631' title='bbox 3605 3859 3758 3904; x_wconf 68' lang='lat' dir='ltr'><strong>nostra</strong></span> 
     </span>
    </p>
   </div>
   <div class='ocr_carea' id='block_1_84' title="bbox 2178 3945 3762 4020">
    <p class='ocr_par' dir='ltr' id='par_1_84' title="bbox 2178 3945 3762 4020">
     <span class='ocr_line' id='line_1_84' title="bbox 2178 3945 3762 4020; baseline -0.003 -20"><span class='ocrx_word' id='word_1_632' title='bbox 2178 3956 2455 4020; x_wconf 89' lang='lat' dir='ltr'><strong>appetunt.</strong></span> <span class='ocrx_word' id='word_1_633' title='bbox 2494 3947 2650 4002; x_wconf 89' lang='lat' dir='ltr'><strong>Foris</strong></span> <span class='ocrx_word' id='word_1_634' title='bbox 2673 3956 2851 4002; x_wconf 87' lang='lat' dir='ltr'><strong>autem</strong></span> <span class='ocrx_word' id='word_1_635' title='bbox 2876 3945 3112 4001; x_wconf 80' lang='lat' dir='ltr'><strong>diximus</strong></span> <span class='ocrx_word' id='word_1_636' title='bbox 3143 3961 3265 4002; x_wconf 91' lang='lat' dir='ltr'><strong>esse</strong></span> <span class='ocrx_word' id='word_1_637' title='bbox 3294 3945 3483 3999; x_wconf 89' lang='lat' dir='ltr'><strong>omnia</strong></span> <span class='ocrx_word' id='word_1_638' title='bbox 3517 3953 3762 4013; x_wconf 48' lang='lat' dir='ltr'><strong>tempore.</strong></span> 
     </span>
    </p>
   </div>
   <div class='ocr_carea' id='block_1_85' title="bbox 2177 4035 3760 4110">
    <p class='ocr_par' dir='ltr' id='par_1_85' title="bbox 2177 4035 3760 4110">
     <span class='ocr_line' id='line_1_85' title="bbox 2177 4035 3760 4110; baseline -0.004 -16"><span class='ocrx_word' id='word_1_639' title='bbox 2177 4039 2248 4095; x_wconf 92' lang='lat' dir='ltr'><strong>lia</strong></span> <span class='ocrx_word' id='word_1_640' title='bbox 2285 4048 2340 4095; x_wconf 89' lang='lat' dir='ltr'><strong>et</strong></span> <span class='ocrx_word' id='word_1_641' title='bbox 2369 4039 2627 4105; x_wconf 88' lang='lat' dir='ltr'><strong>visibilia,</strong></span> <span class='ocrx_word' id='word_1_642' title='bbox 2649 4055 2770 4110; x_wconf 72' lang='lat' dir='ltr'><strong>quae</strong></span> <span class='ocrx_word' id='word_1_643' title='bbox 2801 4053 2898 4109; x_wconf 91' lang='lat' dir='ltr'><strong>per</strong></span> <span class='ocrx_word' id='word_1_644' title='bbox 2919 4038 3139 4103; x_wconf 89' lang='lat' dir='ltr'><strong>ostium,</strong></span> <span class='ocrx_word' id='word_1_645' title='bbox 3170 4037 3224 4092; x_wconf 91' lang='lat' dir='ltr'><strong>id</strong></span> <span class='ocrx_word' id='word_1_646' title='bbox 3250 4045 3354 4102; x_wconf 91' lang='lat' dir='ltr'><strong>est,</strong></span> <span class='ocrx_word' id='word_1_647' title='bbox 3383 4052 3488 4107; x_wconf 87' lang='lat' dir='ltr'><strong>per</strong></span> <span class='ocrx_word' id='word_1_648' title='bbox 3508 4035 3760 4090; x_wconf 78' lang='lat' dir='ltr'><strong>carnalem</strong></span> 
     </span>
    </p>
   </div>
   <div class='ocr_carea' id='block_1_86' title="bbox 2179 4126 3760 4202">
    <p class='ocr_par' dir='ltr' id='par_1_86' title="bbox 2179 4126 3760 4202">
     <span class='ocr_line' id='line_1_86' title="bbox 2179 4126 3760 4202; baseline -0.006 -14"><span class='ocrx_word' id='word_1_649' title='bbox 2179 4147 2394 4188; x_wconf 92' lang='lat' dir='ltr'><strong>sensum</strong></span> <span class='ocrx_word' id='word_1_650' title='bbox 2429 4132 2482 4186; x_wconf 89' lang='lat' dir='ltr'><strong>in</strong></span> <span class='ocrx_word' id='word_1_651' title='bbox 2529 4131 2882 4202; x_wconf 85' lang='lat' dir='ltr'><strong>cogitationes</strong></span> <span class='ocrx_word' id='word_1_652' title='bbox 2922 4138 3138 4186; x_wconf 87' lang='lat' dir='ltr'><strong>nostras</strong></span> <span class='ocrx_word' id='word_1_653' title='bbox 3176 4137 3497 4200; x_wconf 84' lang='lat' dir='ltr'><strong>penetrant,</strong></span> <span class='ocrx_word' id='word_1_654' title='bbox 3522 4138 3586 4183; x_wconf 87' lang='lat' dir='ltr'><strong>et</strong></span> <span class='ocrx_word' id='word_1_655' title='bbox 3622 4126 3760 4180; x_wconf 70' lang='lat' dir='ltr'><strong>turbat</strong></span> 
     </span>
    </p>
   </div>
   <div class='ocr_carea' id='block_1_87' title="bbox 2180 4216 3761 4294">
    <p class='ocr_par' dir='ltr' id='par_1_87' title="bbox 2180 4216 3761 4294">
     <span class='ocr_line' id='line_1_87' title="bbox 2180 4216 3761 4294; baseline -0.008 -14"><span class='ocrx_word' id='word_1_656' title='bbox 2180 4240 2442 4281; x_wconf 90' lang='lat' dir='ltr'><strong>vanorum</strong></span> <span class='ocrx_word' id='word_1_657' title='bbox 2467 4224 2905 4294; x_wconf 85' lang='lat' dir='ltr'><strong>phantasmatum</strong></span> <span class='ocrx_word' id='word_1_658' title='bbox 2937 4220 3222 4277; x_wconf 87' lang='lat' dir='ltr'><strong>orantibus</strong></span> <span class='ocrx_word' id='word_1_659' title='bbox 3250 4218 3612 4289; x_wconf 87' lang='lat' dir='ltr'><strong>obstrepunt.</strong></span> <span class='ocrx_word' id='word_1_660' title='bbox 3635 4216 3761 4272; x_wconf 69' lang='lat' dir='ltr'><strong>Clan-</strong></span> 
     </span>
    </p>
   </div>
   <div class='ocr_carea' id='block_1_88' title="bbox 2181 4311 3761 4385">
    <p class='ocr_par' dir='ltr' id='par_1_88' title="bbox 2181 4311 3761 4385">
     <span class='ocr_line' id='line_1_88' title="bbox 2181 4311 3761 4385; baseline -0.006 -11"><span class='ocrx_word' id='word_1_661' title='bbox 2181 4316 2416 4374; x_wconf 89' lang='lat' dir='ltr'><strong>dendum</strong></span> <span class='ocrx_word' id='word_1_662' title='bbox 2438 4323 2522 4372; x_wconf 91' lang='lat' dir='ltr'><strong>est</strong></span> <span class='ocrx_word' id='word_1_663' title='bbox 2563 4331 2692 4385; x_wconf 88' lang='lat' dir='ltr'><strong>ergo</strong></span> <span class='ocrx_word' id='word_1_664' title='bbox 2717 4315 2950 4381; x_wconf 90' lang='lat' dir='ltr'><strong>ostium,</strong></span> <span class='ocrx_word' id='word_1_665' title='bbox 2981 4314 3036 4369; x_wconf 91' lang='lat' dir='ltr'><strong>id</strong></span> <span class='ocrx_word' id='word_1_666' title='bbox 3080 4325 3164 4370; x_wconf 87' lang='lat' dir='ltr'><strong>est</strong></span> <span class='ocrx_word' id='word_1_667' title='bbox 3202 4312 3409 4369; x_wconf 87' lang='lat' dir='ltr'><strong>carnali</strong></span> <span class='ocrx_word' id='word_1_668' title='bbox 3440 4313 3497 4366; x_wconf 84' lang='lat' dir='ltr'><strong>vi</strong></span> <span class='ocrx_word' id='word_1_669' title='bbox 3534 4311 3761 4367; x_wconf 79' lang='lat' dir='ltr'><strong>resisten-</strong></span> 
     </span>
    </p>
   </div>
   <div class='ocr_carea' id='block_1_89' title="bbox 2183 4402 3760 4478">
    <p class='ocr_par' dir='ltr' id='par_1_89' title="bbox 2183 4402 3760 4478">
     <span class='ocr_line' id='line_1_89' title="bbox 2183 4402 3760 4478; baseline -0.004 -14"><span class='ocrx_word' id='word_1_670' title='bbox 2183 4410 2330 4475; x_wconf 90' lang='lat' dir='ltr'><strong>dum,</strong></span> <span class='ocrx_word' id='word_1_671' title='bbox 2378 4415 2440 4463; x_wconf 91' lang='lat' dir='ltr'><strong>ut</strong></span> <span class='ocrx_word' id='word_1_672' title='bbox 2461 4407 2638 4464; x_wconf 92' lang='lat' dir='ltr'><strong>oratio</strong></span> <span class='ocrx_word' id='word_1_673' title='bbox 2671 4405 2933 4478; x_wconf 87' lang='lat' dir='ltr'><strong>spiritalis</strong></span> <span class='ocrx_word' id='word_1_674' title='bbox 2963 4405 3228 4477; x_wconf 87' lang='lat' dir='ltr'><strong>dirigatur</strong></span> <span class='ocrx_word' id='word_1_675' title='bbox 3259 4404 3328 4460; x_wconf 89' lang='lat' dir='ltr'><strong>ad</strong></span> <span class='ocrx_word' id='word_1_676' title='bbox 3371 4402 3638 4470; x_wconf 86' lang='lat' dir='ltr'><strong>Patrem,</strong></span> <span class='ocrx_word' id='word_1_677' title='bbox 3670 4417 3760 4470; x_wconf 66' lang='lat' dir='ltr'><strong>qua</strong></span> 
     </span>
    </p>
   </div>
   <div class='ocr_carea' id='block_1_90' title="bbox 2183 4493 3759 4563">
    <p class='ocr_par' dir='ltr' id='par_1_90' title="bbox 2183 4493 3759 4563">
     <span class='ocr_line' id='line_1_90' title="bbox 2183 4493 3759 4563; baseline -0.007 -8"><span class='ocrx_word' id='word_1_678' title='bbox 2183 4501 2256 4555; x_wconf 91' lang='lat' dir='ltr'><strong>sit</strong></span> <span class='ocrx_word' id='word_1_679' title='bbox 2282 4500 2337 4555; x_wconf 92' lang='lat' dir='ltr'><strong>in</strong></span> <span class='ocrx_word' id='word_1_680' title='bbox 2365 4499 2571 4555; x_wconf 91' lang='lat' dir='ltr'><strong>intimis</strong></span> <span class='ocrx_word' id='word_1_681' title='bbox 2598 4499 2798 4563; x_wconf 91' lang='lat' dir='ltr'><strong>cordis,</strong></span> <span class='ocrx_word' id='word_1_682' title='bbox 2832 4498 2924 4552; x_wconf 90' lang='lat' dir='ltr'><strong>ubi</strong></span> <span class='ocrx_word' id='word_1_683' title='bbox 2953 4505 3140 4552; x_wconf 89' lang='lat' dir='ltr'><strong>oratur</strong></span> <span class='ocrx_word' id='word_1_684' title='bbox 3165 4497 3327 4551; x_wconf 90' lang='lat' dir='ltr'><strong>Pater</strong></span> <span class='ocrx_word' id='word_1_685' title='bbox 3355 4497 3409 4550; x_wconf 92' lang='lat' dir='ltr'><strong>in</strong></span> <span class='ocrx_word' id='word_1_686' title='bbox 3439 4493 3759 4550; x_wconf 78' lang='lat' dir='ltr'><strong>abscondito.</strong></span> 
     </span>
    </p>
   </div>
   <div class='ocr_carea' id='block_1_91' title="bbox 2185 4583 3763 4668">
    <p class='ocr_par' dir='ltr' id='par_1_91' title="bbox 2185 4583 3763 4668">
     <span class='ocr_line' id='line_1_91' title="bbox 2185 4583 3763 4668; baseline -0.006 -22"><span class='ocrx_word' id='word_1_687' title='bbox 2185 4591 2255 4646; x_wconf 85' lang='lat' dir='ltr'><strong>Et</strong></span> <span class='ocrx_word' id='word_1_688' title='bbox 2292 4591 2476 4658; x_wconf 89' lang='lat' dir='ltr'><strong>Pater,</strong></span> <span class='ocrx_word' id='word_1_689' title='bbox 2505 4591 2701 4661; x_wconf 88' lang='lat' dir='ltr'><strong>inquit,</strong></span> <span class='ocrx_word' id='word_1_690' title='bbox 2725 4600 2908 4656; x_wconf 77' lang='lat' dir='ltr'><strong>vester,</strong></span> <span class='ocrx_word' id='word_1_691' title='bbox 2939 4590 3040 4668; x_wconf 67' lang='lat' dir='ltr'><strong>qui~</strong></span> <span class='ocrx_word' id='word_1_692' title='bbox 3066 4589 3200 4643; x_wconf 86' lang='lat' dir='ltr'><strong>videt</strong></span> <span class='ocrx_word' id='word_1_693' title='bbox 3233 4589 3288 4641; x_wconf 90' lang='lat' dir='ltr'><strong>in</strong></span> <span class='ocrx_word' id='word_1_694' title='bbox 3310 4587 3652 4648; x_wconf 81' lang='lat' dir='ltr'><strong>abscondito,</strong></span> <span class='ocrx_word' id='word_1_695' title='bbox 3676 4583 3763 4638; x_wconf 60' lang='lat' dir='ltr'><strong>red-</strong></span> 
     </span>
    </p>
   </div>
   <div class='ocr_carea' id='block_1_92' title="bbox 479 4651 3755 4754">
    <p class='ocr_par' dir='ltr' id='par_1_92' title="bbox 479 4651 3755 4754">
     <span class='ocr_line' id='line_1_92' title="bbox 479 4651 3755 4754; baseline -0.001 -21"><span class='ocrx_word' id='word_1_696' title='bbox 479 4682 619 4736; x_wconf 86' lang='lat' dir='ltr'><strong>hona</strong></span> <span class='ocrx_word' id='word_1_697' title='bbox 646 4681 940 4750; x_wconf 85' lang='lat' dir='ltr'><strong>voluntate,</strong></span> <span class='ocrx_word' id='word_1_698' title='bbox 966 4684 1135 4738; x_wconf 89' lang='lat' dir='ltr'><strong>etiam</strong></span> <span class='ocrx_word' id='word_1_699' title='bbox 1167 4685 1212 4738; x_wconf 91' lang='lat' dir='ltr'><strong>si</strong></span> <span class='ocrx_word' id='word_1_700' title='bbox 1243 4651 1727 4754; x_wconf 40' lang='lat' dir='ltr'><strong>pecuniam,vel&#39;si</strong></span> <span class='ocrx_word' id='word_1_701' title='bbox 1752 4684 1880 4754; x_wconf 86' lang='lat' dir='ltr'><strong>quid</strong></span> <span class='ocrx_word' id='word_1_702' title='bbox 1903 4685 2072 4749; x_wconf 90' lang='lat' dir='ltr'><strong>aliud,</strong></span> <span class='ocrx_word' id='word_1_703' title='bbox 2102 4651 2156 4709; x_wconf 75' lang='lat' dir='ltr'><strong>D</strong></span> <span class='ocrx_word' id='word_1_704' title='bbox 2181 4685 2268 4738; x_wconf 89' lang='lat' dir='ltr'><strong>det</strong></span> <span class='ocrx_word' id='word_1_705' title='bbox 2305 4651 2472 4738; x_wconf 49' lang='lat' dir='ltr'><strong>vobis:</strong></span> <span class='ocrx_word' id='word_1_706' title='bbox 2495 4683 2563 4736; x_wconf 83' lang='lat' dir='ltr'><strong>Et</strong></span> <span class='ocrx_word' id='word_1_707' title='bbox 2582 4651 2698 4737; x_wconf 76' lang='lat' dir='ltr'><strong>hoc</strong></span> <span class='ocrx_word' id='word_1_708' title='bbox 2729 4651 2910 4737; x_wconf 88' lang='lat' dir='ltr'><strong>decuit</strong></span> <span class='ocrx_word' id='word_1_709' title='bbox 2945 4651 3040 4734; x_wconf 79' lang='lat' dir='ltr'><strong>lali</strong></span> <span class='ocrx_word' id='word_1_710' title='bbox 3071 4678 3308 4734; x_wconf 87' lang='lat' dir='ltr'><strong>clausula</strong></span> <span class='ocrx_word' id='word_1_711' title='bbox 3351 4677 3755 4732; x_wconf 73' lang='lat' dir='ltr'><strong>terminandum</strong></span> 
     </span>
    </p>
   </div>
   <div class='ocr_carea' id='block_1_93' title="bbox 477 4770 2073 4840">
    <p class='ocr_par' dir='ltr' id='par_1_93' title="bbox 477 4770 2073 4840">
     <span class='ocr_line' id='line_1_93' title="bbox 477 4770 2073 4840; baseline 0.001 -16"><span class='ocrx_word' id='word_1_712' title='bbox 477 4770 623 4840; x_wconf 91' lang='lat' dir='ltr'><strong>quod</strong></span> <span class='ocrx_word' id='word_1_713' title='bbox 653 4770 799 4840; x_wconf 91' lang='lat' dir='ltr'><strong>inopi</strong></span> <span class='ocrx_word' id='word_1_714' title='bbox 821 4770 1156 4840; x_wconf 88' lang='lat' dir='ltr'><strong>largiendum</strong></span> <span class='ocrx_word' id='word_1_715' title='bbox 1181 4783 1286 4836; x_wconf 81' lang='lat' dir='ltr'><strong>est,</strong></span> <span class='ocrx_word' id='word_1_716' title='bbox 1318 4791 1426 4825; x_wconf 90' lang='lat' dir='ltr'><strong>non</strong></span> <span class='ocrx_word' id='word_1_717' title='bbox 1457 4775 1681 4826; x_wconf 86' lang='lat' dir='ltr'><strong>habent.</strong></span> <span class='ocrx_word' id='word_1_718' title='bbox 1711 4773 1862 4828; x_wconf 87' lang='lat' dir='ltr'><strong>Multi</strong></span> <span class='ocrx_word' id='word_1_719' title='bbox 1892 4783 2073 4828; x_wconf 88' lang='lat' dir='ltr'><strong>autem</strong></span> 
     </span>
    </p>
   </div>
   <div class='ocr_carea' id='block_1_94' title="bbox 477 4861 2072 4934">
    <p class='ocr_par' dir='ltr' id='par_1_94' title="bbox 477 4861 2072 4934">
     <span class='ocr_line' id='line_1_94' title="bbox 477 4861 2072 4934; baseline 0.003 -18"><span class='ocrx_word' id='word_1_720' title='bbox 477 4862 612 4918; x_wconf 86' lang='lat' dir='ltr'><strong>foris</strong></span> <span class='ocrx_word' id='word_1_721' title='bbox 641 4861 864 4928; x_wconf 78' lang='lat' dir='ltr'><strong>faciunt,</strong></span> <span class='ocrx_word' id='word_1_722' title='bbox 888 4871 944 4916; x_wconf 91' lang='lat' dir='ltr'><strong>et</strong></span> <span class='ocrx_word' id='word_1_723' title='bbox 964 4862 1113 4917; x_wconf 90' lang='lat' dir='ltr'><strong>intus</strong></span> <span class='ocrx_word' id='word_1_724' title='bbox 1141 4877 1249 4917; x_wconf 89' lang='lat' dir='ltr'><strong>non</strong></span> <span class='ocrx_word' id='word_1_725' title='bbox 1276 4861 1502 4929; x_wconf 83' lang='lat' dir='ltr'><strong>faciunt,</strong></span> <span class='ocrx_word' id='word_1_726' title='bbox 1520 4865 1610 4934; x_wconf 91' lang='lat' dir='ltr'><strong>qui</strong></span> <span class='ocrx_word' id='word_1_727' title='bbox 1645 4865 1732 4920; x_wconf 85' lang='lat' dir='ltr'><strong>vel</strong></span> <span class='ocrx_word' id='word_1_728' title='bbox 1753 4866 2072 4933; x_wconf 89' lang='lat' dir='ltr'><strong>ambitione,</strong></span> 
     </span>
    </p>
   </div>
   <div class='ocr_carea' id='block_1_95' title="bbox 475 4954 2076 5027">
    <p class='ocr_par' dir='ltr' id='par_1_95' title="bbox 475 4954 2076 5027">
     <span class='ocr_line' id='line_1_95' title="bbox 475 4954 2076 5027; baseline 0.002 -18"><span class='ocrx_word' id='word_1_729' title='bbox 475 4955 561 5011; x_wconf 89' lang='lat' dir='ltr'><strong>vel</strong></span> <span class='ocrx_word' id='word_1_730' title='bbox 593 4955 819 5027; x_wconf 88' lang='lat' dir='ltr'><strong>alicujus</strong></span> <span class='ocrx_word' id='word_1_731' title='bbox 843 4954 922 5010; x_wconf 90' lang='lat' dir='ltr'><strong>rei</strong></span> <span class='ocrx_word' id='word_1_732' title='bbox 968 4954 1282 5025; x_wconf 88' lang='lat' dir='ltr'><strong>temporalis</strong></span> <span class='ocrx_word' id='word_1_733' title='bbox 1317 4955 1492 5027; x_wconf 84' lang='lat' dir='ltr'><strong>gratia</strong></span> <span class='ocrx_word' id='word_1_734' title='bbox 1529 4956 1715 5011; x_wconf 90' lang='lat' dir='ltr'><strong>volunt</strong></span> <span class='ocrx_word' id='word_1_735' title='bbox 1767 4957 2076 5014; x_wconf 89' lang='lat' dir='ltr'><strong>misericor-</strong></span> 
     </span>
    </p>
   </div>
   <div class='ocr_carea' id='block_1_96' title="bbox 478 5047 2076 5121">
    <p class='ocr_par' dir='ltr' id='par_1_96' title="bbox 478 5047 2076 5121">
     <span class='ocr_line' id='line_1_96' title="bbox 478 5047 2076 5121; baseline 0.002 -18"><span class='ocrx_word' id='word_1_736' title='bbox 478 5049 574 5104; x_wconf 88' lang='lat' dir='ltr'><strong>des</strong></span> <span class='ocrx_word' id='word_1_737' title='bbox 605 5049 798 5104; x_wconf 87' lang='lat' dir='ltr'><strong>videri.</strong></span> <span class='ocrx_word' id='word_1_738' title='bbox 850 5048 910 5104; x_wconf 86' lang='lat' dir='ltr'><strong>In</strong></span> <span class='ocrx_word' id='word_1_739' title='bbox 949 5047 1145 5118; x_wconf 88' lang='lat' dir='ltr'><strong>quibus</strong></span> <span class='ocrx_word' id='word_1_740' title='bbox 1187 5048 1301 5104; x_wconf 89' lang='lat' dir='ltr'><strong>sola</strong></span> <span class='ocrx_word' id='word_1_741' title='bbox 1351 5050 1570 5105; x_wconf 88' lang='lat' dir='ltr'><strong>sinistra</strong></span> <span class='ocrx_word' id='word_1_742' title='bbox 1621 5051 1838 5121; x_wconf 90' lang='lat' dir='ltr'><strong>operari</strong></span> <span class='ocrx_word' id='word_1_743' title='bbox 1888 5052 2076 5106; x_wconf 81' lang='lat' dir='ltr'><strong>existi-</strong></span> 
     </span>
    </p>
   </div>
   <div class='ocr_carea' id='block_1_97' title="bbox 483 5137 2075 5211">
    <p class='ocr_par' dir='ltr' id='par_1_97' title="bbox 483 5137 2075 5211">
     <span class='ocr_line' id='line_1_97' title="bbox 483 5137 2075 5211; baseline 0.003 -19"><span class='ocrx_word' id='word_1_744' title='bbox 483 5139 679 5194; x_wconf 89' lang='lat' dir='ltr'><strong>manda</strong></span> <span class='ocrx_word' id='word_1_745' title='bbox 717 5147 820 5194; x_wconf 89' lang='lat' dir='ltr'><strong>est.</strong></span> <span class='ocrx_word' id='word_1_746' title='bbox 852 5137 987 5193; x_wconf 90' lang='lat' dir='ltr'><strong>ltem</strong></span> <span class='ocrx_word' id='word_1_747' title='bbox 1037 5138 1128 5193; x_wconf 88' lang='lat' dir='ltr'><strong>alii</strong></span> <span class='ocrx_word' id='word_1_748' title='bbox 1153 5139 1309 5208; x_wconf 89' lang='lat' dir='ltr'><strong>quasi</strong></span> <span class='ocrx_word' id='word_1_749' title='bbox 1353 5140 1588 5194; x_wconf 89' lang='lat' dir='ltr'><strong>medium</strong></span> <span class='ocrx_word' id='word_1_750' title='bbox 1640 5142 1783 5196; x_wconf 89' lang='lat' dir='ltr'><strong>inter</strong></span> <span class='ocrx_word' id='word_1_751' title='bbox 1810 5150 2075 5211; x_wconf 90' lang='lat' dir='ltr'><strong>utrosque</strong></span> 
     </span>
    </p>
   </div>
   <div class='ocr_carea' id='block_1_98' title="bbox 481 5229 2069 5302">
    <p class='ocr_par' dir='ltr' id='par_1_98' title="bbox 481 5229 2069 5302">
     <span class='ocr_line' id='line_1_98' title="bbox 481 5229 2069 5302; baseline 0.001 -19"><span class='ocrx_word' id='word_1_752' title='bbox 481 5229 660 5285; x_wconf 89' lang='lat' dir='ltr'><strong>locum</strong></span> <span class='ocrx_word' id='word_1_753' title='bbox 699 5237 904 5297; x_wconf 88' lang='lat' dir='ltr'><strong>tenent,</strong></span> <span class='ocrx_word' id='word_1_754' title='bbox 941 5237 1005 5285; x_wconf 88' lang='lat' dir='ltr'><strong>ut</strong></span> <span class='ocrx_word' id='word_1_755' title='bbox 1039 5237 1096 5286; x_wconf 88' lang='lat' dir='ltr'><strong>et</strong></span> <span class='ocrx_word' id='word_1_756' title='bbox 1146 5231 1484 5297; x_wconf 88' lang='lat' dir='ltr'><strong>intentione,</strong></span> <span class='ocrx_word' id='word_1_757' title='bbox 1543 5247 1664 5302; x_wconf 69' lang='lat' dir='ltr'><strong>qua:</strong></span> <span class='ocrx_word' id='word_1_758' title='bbox 1712 5234 1769 5285; x_wconf 88' lang='lat' dir='ltr'><strong>in</strong></span> <span class='ocrx_word' id='word_1_759' title='bbox 1822 5234 1932 5285; x_wconf 89' lang='lat' dir='ltr'><strong>Deo</strong></span> <span class='ocrx_word' id='word_1_760' title='bbox 1967 5242 2069 5295; x_wconf 86' lang='lat' dir='ltr'><strong>est,</strong></span> 
     </span>
    </p>
   </div>
   <div class='ocr_carea' id='block_1_99' title="bbox 483 5317 2073 5390">
    <p class='ocr_par' dir='ltr' id='par_1_99' title="bbox 483 5317 2073 5390">
     <span class='ocr_line' id='line_1_99' title="bbox 483 5317 2073 5390; baseline 0.002 -19"><span class='ocrx_word' id='word_1_761' title='bbox 483 5317 881 5390; x_wconf 86' lang='lat' dir='ltr'><strong>eleemosynam</strong></span> <span class='ocrx_word' id='word_1_762' title='bbox 905 5319 1128 5385; x_wconf 80' lang='lat' dir='ltr'><strong>faciant,</strong></span> <span class='ocrx_word' id='word_1_763' title='bbox 1163 5328 1217 5374; x_wconf 93' lang='lat' dir='ltr'><strong>et</strong></span> <span class='ocrx_word' id='word_1_764' title='bbox 1247 5327 1428 5373; x_wconf 90' lang='lat' dir='ltr'><strong>tamen</strong></span> <span class='ocrx_word' id='word_1_765' title='bbox 1453 5319 1658 5374; x_wconf 90' lang='lat' dir='ltr'><strong>inserat</strong></span> <span class='ocrx_word' id='word_1_766' title='bbox 1685 5334 1743 5374; x_wconf 93' lang='lat' dir='ltr'><strong>se</strong></span> <span class='ocrx_word' id='word_1_767' title='bbox 1768 5319 1896 5374; x_wconf 89' lang='lat' dir='ltr'><strong>huic</strong></span> <span class='ocrx_word' id='word_1_768' title='bbox 1916 5318 2073 5374; x_wconf 73' lang='lat' dir='ltr'><strong>bona:</strong></span> 
     </span>
    </p>
   </div>
   <div class='ocr_carea' id='block_1_100' title="bbox 483 5407 2073 5477">
    <p class='ocr_par' dir='ltr' id='par_1_100' title="bbox 483 5407 2073 5477">
     <span class='ocr_line' id='line_1_100' title="bbox 483 5407 2073 5477; baseline 0.003 -15"><span class='ocrx_word' id='word_1_769' title='bbox 483 5416 538 5462; x_wconf 91' lang='lat' dir='ltr'><strong>et</strong></span> <span class='ocrx_word' id='word_1_770' title='bbox 569 5407 783 5477; x_wconf 64' lang='lat' dir='ltr'><strong>optimas</strong></span> <span class='ocrx_word' id='word_1_771' title='bbox 831 5410 1097 5466; x_wconf 85' lang='lat' dir='ltr'><strong>voluntati</strong></span> <span class='ocrx_word' id='word_1_772' title='bbox 1135 5410 1390 5465; x_wconf 90' lang='lat' dir='ltr'><strong>nonnulla</strong></span> <span class='ocrx_word' id='word_1_773' title='bbox 1439 5411 1602 5465; x_wconf 90' lang='lat' dir='ltr'><strong>etiam</strong></span> <span class='ocrx_word' id='word_1_774' title='bbox 1649 5411 1823 5466; x_wconf 87' lang='lat' dir='ltr'><strong>laudis</strong></span> <span class='ocrx_word' id='word_1_775' title='bbox 1870 5409 1955 5464; x_wconf 90' lang='lat' dir='ltr'><strong>vel</strong></span> <span class='ocrx_word' id='word_1_776' title='bbox 1979 5424 2073 5466; x_wconf 90' lang='lat' dir='ltr'><strong>cu-</strong></span> 
     </span>
    </p>
   </div>
   <div class='ocr_carea' id='block_1_101' title="bbox 481 5499 2071 5574">
    <p class='ocr_par' dir='ltr' id='par_1_101' title="bbox 481 5499 2071 5574">
     <span class='ocr_line' id='line_1_101' title="bbox 481 5499 2071 5574; baseline 0.001 -20"><span class='ocrx_word' id='word_1_777' title='bbox 481 5499 781 5569; x_wconf 89' lang='lat' dir='ltr'><strong>juscunque</strong></span> <span class='ocrx_word' id='word_1_778' title='bbox 815 5503 896 5556; x_wconf 92' lang='lat' dir='ltr'><strong>rei</strong></span> <span class='ocrx_word' id='word_1_779' title='bbox 931 5501 1140 5574; x_wconf 81' lang='lat' dir='ltr'><strong>fragilis</strong></span> <span class='ocrx_word' id='word_1_780' title='bbox 1181 5512 1236 5558; x_wconf 90' lang='lat' dir='ltr'><strong>et</strong></span> <span class='ocrx_word' id='word_1_781' title='bbox 1272 5503 1586 5572; x_wconf 89' lang='lat' dir='ltr'><strong>temporalis</strong></span> <span class='ocrx_word' id='word_1_782' title='bbox 1630 5503 1920 5572; x_wconf 89' lang='lat' dir='ltr'><strong>cupiditas.</strong></span> <span class='ocrx_word' id='word_1_783' title='bbox 1964 5500 2071 5556; x_wconf 90' lang='lat' dir='ltr'><strong>Sed</strong></span> 
     </span>
    </p>
   </div>
   <div class='ocr_carea' id='block_1_102' title="bbox 486 5591 2075 5664">
    <p class='ocr_par' dir='ltr' id='par_1_102' title="bbox 486 5591 2075 5664">
     <span class='ocr_line' id='line_1_102' title="bbox 486 5591 2075 5664; baseline 0.001 -17"><span class='ocrx_word' id='word_1_784' title='bbox 486 5591 751 5647; x_wconf 86' lang='lat' dir='ltr'><strong>Dominus</strong></span> <span class='ocrx_word' id='word_1_785' title='bbox 775 5603 960 5649; x_wconf 89' lang='lat' dir='ltr'><strong>noster</strong></span> <span class='ocrx_word' id='word_1_786' title='bbox 993 5595 1163 5650; x_wconf 93' lang='lat' dir='ltr'><strong>multo</strong></span> <span class='ocrx_word' id='word_1_787' title='bbox 1197 5595 1573 5649; x_wconf 87' lang='lat' dir='ltr'><strong>vehementius</strong></span> <span class='ocrx_word' id='word_1_788' title='bbox 1619 5593 1869 5664; x_wconf 87' lang='lat' dir='ltr'><strong>prohibet</strong></span> <span class='ocrx_word' id='word_1_789' title='bbox 1907 5591 2075 5650; x_wconf 89' lang='lat' dir='ltr'><strong>solam</strong></span> 
     </span>
    </p>
   </div>
   <div class='ocr_carea' id='block_1_103' title="bbox 2181 4765 3759 4841">
    <p class='ocr_par' dir='ltr' id='par_1_103' title="bbox 2181 4765 3759 4841">
     <span class='ocr_line' id='line_1_103' title="bbox 2181 4765 3759 4841; baseline -0.007 -10"><span class='ocrx_word' id='word_1_790' title='bbox 2181 4776 2300 4832; x_wconf 88' lang='lat' dir='ltr'><strong>Non</strong></span> <span class='ocrx_word' id='word_1_791' title='bbox 2339 4776 2482 4831; x_wconf 89' lang='lat' dir='ltr'><strong>enim</strong></span> <span class='ocrx_word' id='word_1_792' title='bbox 2518 4775 2621 4830; x_wconf 89' lang='lat' dir='ltr'><strong>hoc</strong></span> <span class='ocrx_word' id='word_1_793' title='bbox 2647 4782 2832 4829; x_wconf 87' lang='lat' dir='ltr'><strong>monet</strong></span> <span class='ocrx_word' id='word_1_794' title='bbox 2859 4790 3002 4828; x_wconf 91' lang='lat' dir='ltr'><strong>nunc</strong></span> <span class='ocrx_word' id='word_1_795' title='bbox 3029 4782 3088 4828; x_wconf 93' lang='lat' dir='ltr'><strong>ut</strong></span> <span class='ocrx_word' id='word_1_796' title='bbox 3111 4787 3349 4836; x_wconf 89' lang='lat' dir='ltr'><strong>oremus,</strong></span> <span class='ocrx_word' id='word_1_797' title='bbox 3383 4772 3490 4826; x_wconf 88' lang='lat' dir='ltr'><strong>sed</strong></span> <span class='ocrx_word' id='word_1_798' title='bbox 3523 4765 3759 4841; x_wconf 68' lang='lat' dir='ltr'><strong>quomodo</strong></span> 
     </span>
    </p>
   </div>
   <div class='ocr_carea' id='block_1_104' title="bbox 2182 4859 3762 4934">
    <p class='ocr_par' dir='ltr' id='par_1_104' title="bbox 2182 4859 3762 4934">
     <span class='ocr_line' id='line_1_104' title="bbox 2182 4859 3762 4934; baseline -0.005 -15"><span class='ocrx_word' id='word_1_799' title='bbox 2182 4879 2420 4930; x_wconf 88' lang='lat' dir='ltr'><strong>oremus,</strong></span> <span class='ocrx_word' id='word_1_800' title='bbox 2458 4879 2652 4934; x_wconf 90' lang='lat' dir='ltr'><strong>neque,</strong></span> <span class='ocrx_word' id='word_1_801' title='bbox 2686 4873 2747 4919; x_wconf 92' lang='lat' dir='ltr'><strong>ut</strong></span> <span class='ocrx_word' id='word_1_802' title='bbox 2789 4863 3072 4933; x_wconf 86' lang='lat' dir='ltr'><strong>superius,</strong></span> <span class='ocrx_word' id='word_1_803' title='bbox 3118 4871 3179 4918; x_wconf 91' lang='lat' dir='ltr'><strong>ut</strong></span> <span class='ocrx_word' id='word_1_804' title='bbox 3231 4861 3506 4915; x_wconf 79' lang='lat' dir='ltr'><strong>faciamus</strong></span> <span class='ocrx_word' id='word_1_805' title='bbox 3560 4859 3762 4913; x_wconf 69' lang='lat' dir='ltr'><strong>electae-</strong></span> 
     </span>
    </p>
   </div>
   <div class='ocr_carea' id='block_1_105' title="bbox 2183 4947 3762 5027">
    <p class='ocr_par' dir='ltr' id='par_1_105' title="bbox 2183 4947 3762 5027">
     <span class='ocr_line' id='line_1_105' title="bbox 2183 4947 3762 5027; baseline -0.004 -17"><span class='ocrx_word' id='word_1_806' title='bbox 2183 4971 2394 5027; x_wconf 90' lang='lat' dir='ltr'><strong>synam,</strong></span> <span class='ocrx_word' id='word_1_807' title='bbox 2417 4955 2510 5010; x_wconf 87' lang='lat' dir='ltr'><strong>sed</strong></span> <span class='ocrx_word' id='word_1_808' title='bbox 2534 4970 2640 5024; x_wconf 90' lang='lat' dir='ltr'><strong>quo</strong></span> <span class='ocrx_word' id='word_1_809' title='bbox 2666 4955 2848 5009; x_wconf 88' lang='lat' dir='ltr'><strong>animo</strong></span> <span class='ocrx_word' id='word_1_810' title='bbox 2887 4953 3169 5009; x_wconf 80' lang='lat' dir='ltr'><strong>faciamus.</strong></span> <span class='ocrx_word' id='word_1_811' title='bbox 3203 4951 3494 5020; x_wconf 89' lang='lat' dir='ltr'><strong>Quomodo</strong></span> <span class='ocrx_word' id='word_1_812' title='bbox 3523 4953 3592 5007; x_wconf 84' lang='lat' dir='ltr'><strong>de</strong></span> <span class='ocrx_word' id='word_1_813' title='bbox 3628 4947 3762 5005; x_wconf 73' lang='lat' dir='ltr'><strong>conle</strong></span> 
     </span>
    </p>
   </div>
   <div class='ocr_carea' id='block_1_106' title="bbox 2183 5043 3762 5116">
    <p class='ocr_par' dir='ltr' id='par_1_106' title="bbox 2183 5043 3762 5116">
     <span class='ocr_line' id='line_1_106' title="bbox 2183 5043 3762 5116; baseline -0.006 -15"><span class='ocrx_word' id='word_1_814' title='bbox 2183 5047 2494 5101; x_wconf 88' lang='lat' dir='ltr'><strong>mundando</strong></span> <span class='ocrx_word' id='word_1_815' title='bbox 2517 5047 2781 5116; x_wconf 75' lang='lat' dir='ltr'><strong>prmcipit,</strong></span> <span class='ocrx_word' id='word_1_816' title='bbox 2804 5045 2948 5116; x_wconf 91' lang='lat' dir='ltr'><strong>quod</strong></span> <span class='ocrx_word' id='word_1_817' title='bbox 2978 5061 3084 5101; x_wconf 91' lang='lat' dir='ltr'><strong>non</strong></span> <span class='ocrx_word' id='word_1_818' title='bbox 3134 5043 3393 5108; x_wconf 89' lang='lat' dir='ltr'><strong>mundat,</strong></span> <span class='ocrx_word' id='word_1_819' title='bbox 3425 5043 3538 5097; x_wconf 87' lang='lat' dir='ltr'><strong>nisi</strong></span> <span class='ocrx_word' id='word_1_820' title='bbox 3573 5057 3682 5095; x_wconf 85' lang='lat' dir='ltr'><strong>una</strong></span> <span class='ocrx_word' id='word_1_821' title='bbox 3723 5046 3762 5092; x_wconf 77' lang='lat' dir='ltr'><strong>et</strong></span> 
     </span>
    </p>
   </div>
   <div class='ocr_carea' id='block_1_107' title="bbox 2180 5131 3762 5204">
    <p class='ocr_par' dir='ltr' id='par_1_107' title="bbox 2180 5131 3762 5204">
     <span class='ocr_line' id='line_1_107' title="bbox 2180 5131 3762 5204; baseline -0.003 -13"><span class='ocrx_word' id='word_1_822' title='bbox 2180 5137 2408 5204; x_wconf 81' lang='lat' dir='ltr'><strong>simplex</strong></span> <span class='ocrx_word' id='word_1_823' title='bbox 2463 5137 2690 5191; x_wconf 90' lang='lat' dir='ltr'><strong>intentio</strong></span> <span class='ocrx_word' id='word_1_824' title='bbox 2733 5137 2787 5190; x_wconf 92' lang='lat' dir='ltr'><strong>in</strong></span> <span class='ocrx_word' id='word_1_825' title='bbox 2839 5145 3099 5192; x_wconf 59' lang='lat' dir='ltr'><strong>aeternam</strong></span> <span class='ocrx_word' id='word_1_826' title='bbox 3156 5133 3345 5198; x_wconf 87' lang='lat' dir='ltr'><strong>vitam,</strong></span> <span class='ocrx_word' id='word_1_827' title='bbox 3379 5131 3503 5190; x_wconf 89' lang='lat' dir='ltr'><strong>solo</strong></span> <span class='ocrx_word' id='word_1_828' title='bbox 3556 5143 3615 5187; x_wconf 90' lang='lat' dir='ltr'><strong>et</strong></span> <span class='ocrx_word' id='word_1_829' title='bbox 3651 5144 3762 5204; x_wconf 80' lang='lat' dir='ltr'><strong>puro</strong></span> 
     </span>
    </p>
   </div>
   <div class='ocr_carea' id='block_1_108' title="bbox 2178 5223 2700 5292">
    <p class='ocr_par' dir='ltr' id='par_1_108' title="bbox 2178 5223 2700 5292">
     <span class='ocr_line' id='line_1_108' title="bbox 2178 5223 2700 5292; baseline 0 -17"><span class='ocrx_word' id='word_1_830' title='bbox 2178 5237 2365 5275; x_wconf 82' lang='lat' dir='ltr'><strong>amore</strong></span> <span class='ocrx_word' id='word_1_831' title='bbox 2385 5223 2700 5292; x_wconf 63' lang='lat' dir='ltr'><strong>sapientiae?</strong></span> 
     </span>
    </p>
   </div>
   <div class='ocr_carea' id='block_1_109' title="bbox 2245 5312 3762 5389">
    <p class='ocr_par' dir='ltr' id='par_1_109' title="bbox 2245 5312 3762 5389">
     <span class='ocr_line' id='line_1_109' title="bbox 2245 5312 3762 5389; baseline 0 -21"><span class='ocrx_word' id='word_1_832' title='bbox 2245 5313 2469 5368; x_wconf 84' lang='lat' dir='ltr'><strong>Orantes</strong></span> <span class='ocrx_word' id='word_1_833' title='bbox 2522 5324 2694 5369; x_wconf 90' lang='lat' dir='ltr'><strong>autem</strong></span> <span class='ocrx_word' id='word_1_834' title='bbox 2725 5315 2883 5370; x_wconf 86' lang='lat' dir='ltr'><strong>nolite</strong></span> <span class='ocrx_word' id='word_1_835' title='bbox 2907 5317 3129 5371; x_wconf 84' lang='lat' dir='ltr'><strong>multum</strong></span> <span class='ocrx_word' id='word_1_836' title='bbox 3157 5333 3329 5389; x_wconf 75' lang='lat' dir='ltr'><strong>coqui,</strong></span> <span class='ocrx_word' id='word_1_837' title='bbox 3385 5318 3530 5370; x_wconf 85' lang='lat' dir='ltr'><strong>sicut</strong></span> <span class='ocrx_word' id='word_1_838' title='bbox 3573 5312 3762 5370; x_wconf 69' lang='lat' dir='ltr'><strong>ethnici-</strong></span> 
     </span>
    </p>
   </div>
   <div class='ocr_carea' id='block_1_110' title="bbox 2177 5405 3764 5478">
    <p class='ocr_par' dir='ltr' id='par_1_110' title="bbox 2177 5405 3764 5478">
     <span class='ocr_line' id='line_1_110' title="bbox 2177 5405 3764 5478; baseline -0.003 -19"><span class='ocrx_word' id='word_1_839' title='bbox 2177 5405 2376 5460; x_wconf 89' lang='lat' dir='ltr'><strong>Putant</strong></span> <span class='ocrx_word' id='word_1_840' title='bbox 2425 5407 2562 5460; x_wconf 89' lang='lat' dir='ltr'><strong>enim</strong></span> <span class='ocrx_word' id='word_1_841' title='bbox 2599 5407 2738 5478; x_wconf 87' lang='lat' dir='ltr'><strong>quod</strong></span> <span class='ocrx_word' id='word_1_842' title='bbox 2787 5407 2842 5461; x_wconf 90' lang='lat' dir='ltr'><strong>in</strong></span> <span class='ocrx_word' id='word_1_843' title='bbox 2889 5407 3219 5478; x_wconf 85' lang='lat' dir='ltr'><strong>multiloquio</strong></span> <span class='ocrx_word' id='word_1_844' title='bbox 3262 5421 3360 5460; x_wconf 87' lang='lat' dir='ltr'><strong>suo</strong></span> <span class='ocrx_word' id='word_1_845' title='bbox 3395 5407 3764 5460; x_wconf 68' lang='lat' dir='ltr'><strong>exaudiatur.</strong></span> 
     </span>
    </p>
   </div>
   <div class='ocr_carea' id='block_1_111' title="bbox 2179 5495 3767 5568">
    <p class='ocr_par' dir='ltr' id='par_1_111' title="bbox 2179 5495 3767 5568">
     <span class='ocr_line' id='line_1_111' title="bbox 2179 5495 3767 5568; baseline -0.001 -18"><span class='ocrx_word' id='word_1_846' title='bbox 2179 5495 2358 5551; x_wconf 88' lang='lat' dir='ltr'><strong>Nolite</strong></span> <span class='ocrx_word' id='word_1_847' title='bbox 2394 5513 2514 5567; x_wconf 86' lang='lat' dir='ltr'><strong>ergo</strong></span> <span class='ocrx_word' id='word_1_848' title='bbox 2556 5495 2844 5551; x_wconf 87' lang='lat' dir='ltr'><strong>assimilari</strong></span> <span class='ocrx_word' id='word_1_849' title='bbox 2877 5497 3003 5552; x_wconf 80' lang='lat' dir='ltr'><strong>illis.</strong></span> <span class='ocrx_word' id='word_1_850' title='bbox 3058 5498 3211 5553; x_wconf 90' lang='lat' dir='ltr'><strong>Sicut</strong></span> <span class='ocrx_word' id='word_1_851' title='bbox 3239 5497 3660 5568; x_wconf 82' lang='lat' dir='ltr'><strong>hypocritarum</strong></span> <span class='ocrx_word' id='word_1_852' title='bbox 3695 5501 3767 5548; x_wconf 68' lang='lat' dir='ltr'><strong>est</strong></span> 
     </span>
    </p>
   </div>
   <div class='ocr_carea' id='block_1_112' title="bbox 2175 5586 3770 5660">
    <p class='ocr_par' dir='ltr' id='par_1_112' title="bbox 2175 5586 3770 5660">
     <span class='ocr_line' id='line_1_112' title="bbox 2175 5586 3770 5660; baseline -0.004 -15"><span class='ocrx_word' id='word_1_853' title='bbox 2175 5587 2417 5659; x_wconf 85' lang='lat' dir='ltr'><strong>praebere</strong></span> <span class='ocrx_word' id='word_1_854' title='bbox 2441 5605 2499 5644; x_wconf 91' lang='lat' dir='ltr'><strong>se</strong></span> <span class='ocrx_word' id='word_1_855' title='bbox 2534 5590 2600 5644; x_wconf 89' lang='lat' dir='ltr'><strong>ad</strong></span> <span class='ocrx_word' id='word_1_856' title='bbox 2634 5590 2954 5659; x_wconf 87' lang='lat' dir='ltr'><strong>spectandos</strong></span> <span class='ocrx_word' id='word_1_857' title='bbox 2977 5590 3034 5645; x_wconf 91' lang='lat' dir='ltr'><strong>in</strong></span> <span class='ocrx_word' id='word_1_858' title='bbox 3069 5591 3344 5655; x_wconf 88' lang='lat' dir='ltr'><strong>oratione,</strong></span> <span class='ocrx_word' id='word_1_859' title='bbox 3382 5604 3624 5660; x_wconf 88' lang='lat' dir='ltr'><strong>quorum</strong></span> <span class='ocrx_word' id='word_1_860' title='bbox 3670 5586 3770 5639; x_wconf 80' lang='lat' dir='ltr'><strong>fru-</strong></span> 
     </span>
    </p>
   </div>
   <div class='ocr_carea' id='block_1_113' title="bbox 490 5680 3770 5760">
    <p class='ocr_par' dir='ltr' id='par_1_113' title="bbox 490 5680 3770 5760">
     <span class='ocr_line' id='line_1_113' title="bbox 490 5680 3770 5760; baseline 0.002 -20"><span class='ocrx_word' id='word_1_861' title='bbox 490 5684 773 5741; x_wconf 86' lang='lat' dir='ltr'><strong>sinistram</strong></span> <span class='ocrx_word' id='word_1_862' title='bbox 807 5688 865 5743; x_wconf 91' lang='lat' dir='ltr'><strong>in</strong></span> <span class='ocrx_word' id='word_1_863' title='bbox 894 5688 1052 5745; x_wconf 89' lang='lat' dir='ltr'><strong>nobis</strong></span> <span class='ocrx_word' id='word_1_864' title='bbox 1099 5689 1313 5760; x_wconf 82' lang='lat' dir='ltr'><strong>Operari</strong></span> <span class='ocrx_word' id='word_1_865' title='bbox 1347 5731 1360 5754; x_wconf 95' lang='lat'><strong>,</strong></span> <span class='ocrx_word' id='word_1_866' title='bbox 1415 5686 1628 5759; x_wconf 88' lang='lat' dir='ltr'><strong>quando</strong></span> <span class='ocrx_word' id='word_1_867' title='bbox 1675 5686 1840 5741; x_wconf 89' lang='lat' dir='ltr'><strong>etiam</strong></span> <span class='ocrx_word' id='word_1_868' title='bbox 1864 5684 2079 5742; x_wconf 91' lang='lat' dir='ltr'><strong>misceri</strong></span> <span class='ocrx_word' id='word_1_869' title='bbox 2179 5688 2297 5734; x_wconf 56' lang='lat' dir='ltr'><strong>Cius</strong></span> <span class='ocrx_word' id='word_1_870' title='bbox 2333 5690 2417 5734; x_wconf 69' lang='grc' dir='ltr'><strong>εει</strong></span> <span class='ocrx_word' id='word_1_871' title='bbox 2452 5680 2666 5750; x_wconf 68' lang='lat' dir='ltr'><strong>Placere</strong></span> <span class='ocrx_word' id='word_1_872' title='bbox 2702 5681 3045 5748; x_wconf 68' lang='lat' dir='ltr'><strong>hominibus.</strong></span> <span class='ocrx_word' id='word_1_873' title='bbox 3087 5681 3162 5738; x_wconf 62' lang='lat' dir='ltr'><strong>ita</strong></span> <span class='ocrx_word' id='word_1_874' title='bbox 3200 5681 3566 5746; x_wconf 65' lang='lat' dir='ltr'><strong>ethnicorum.</strong></span> <span class='ocrx_word' id='word_1_875' title='bbox 3599 5680 3657 5735; x_wconf 76' lang='lat' dir='ltr'><strong>id</strong></span> <span class='ocrx_word' id='word_1_876' title='bbox 3680 5683 3770 5736; x_wconf 64' lang='grc' dir='ltr'><strong>θείς</strong></span> 
     </span>
    </p>
   </div>
   <div class='ocr_carea' id='block_1_114' title="bbox 490 5770 3775 5851">
    <p class='ocr_par' dir='ltr' id='par_1_114' title="bbox 490 5770 3775 5851">
     <span class='ocr_line' id='line_1_114' title="bbox 490 5770 3775 5851; baseline -0.001 -18"><span class='ocrx_word' id='word_1_877' title='bbox 490 5794 613 5834; x_wconf 89' lang='lat' dir='ltr'><strong>eam</strong></span> <span class='ocrx_word' id='word_1_878' title='bbox 634 5788 784 5835; x_wconf 89' lang='lat' dir='ltr'><strong>vetat</strong></span> <span class='ocrx_word' id='word_1_879' title='bbox 810 5780 1066 5851; x_wconf 87' lang='lat' dir='ltr'><strong>operibus</strong></span> <span class='ocrx_word' id='word_1_880' title='bbox 1109 5782 1366 5838; x_wconf 60' lang='lat' dir='ltr'><strong>dextere.</strong></span> <span class='ocrx_word' id='word_1_881' title='bbox 1415 5779 1606 5851; x_wconf 82' lang='lat' dir='ltr'><strong>Agitur</strong></span> <span class='ocrx_word' id='word_1_882' title='bbox 1633 5777 1778 5833; x_wconf 91' lang='lat' dir='ltr'><strong>enim</strong></span> <span class='ocrx_word' id='word_1_883' title='bbox 1823 5779 1890 5834; x_wconf 89' lang='lat' dir='ltr'><strong>de</strong></span> <span class='ocrx_word' id='word_1_884' title='bbox 1919 5778 2084 5834; x_wconf 91' lang='lat' dir='ltr'><strong>corde</strong></span> <span class='ocrx_word' id='word_1_885' title='bbox 2179 5772 2479 5843; x_wconf 89' lang='lat' dir='ltr'><strong>gentilium,</strong></span> <span class='ocrx_word' id='word_1_886' title='bbox 2509 5773 2561 5827; x_wconf 89' lang='lat' dir='ltr'><strong>in</strong></span> <span class='ocrx_word' id='word_1_887' title='bbox 2591 5774 2933 5844; x_wconf 92' lang='lat' dir='ltr'><strong>multiloquio</strong></span> <span class='ocrx_word' id='word_1_888' title='bbox 2967 5791 3064 5831; x_wconf 93' lang='lat' dir='ltr'><strong>suo</strong></span> <span class='ocrx_word' id='word_1_889' title='bbox 3097 5790 3155 5831; x_wconf 88' lang='lat' dir='ltr'><strong>se</strong></span> <span class='ocrx_word' id='word_1_890' title='bbox 3183 5783 3371 5845; x_wconf 80' lang='lat' dir='ltr'><strong>putare</strong></span> <span class='ocrx_word' id='word_1_891' title='bbox 3401 5773 3681 5829; x_wconf 80' lang='lat' dir='ltr'><strong>exaudiri.</strong></span> <span class='ocrx_word' id='word_1_892' title='bbox 3717 5770 3775 5824; x_wconf 78' lang='lat' dir='ltr'><strong>El</strong></span> 
     </span>
    </p>
   </div>
   <div class='ocr_carea' id='block_1_115' title="bbox 493 5866 3776 5948">
    <p class='ocr_par' dir='ltr' id='par_1_115' title="bbox 493 5866 3776 5948">
     <span class='ocr_line' id='line_1_115' title="bbox 493 5866 3776 5948; baseline -0.002 -21"><span class='ocrx_word' id='word_1_893' title='bbox 493 5875 820 5945; x_wconf 73' lang='lat' dir='ltr'><strong>mandando,</strong></span> <span class='ocrx_word' id='word_1_894' title='bbox 849 5876 994 5948; x_wconf 86' lang='lat' dir='ltr'><strong>quod</strong></span> <span class='ocrx_word' id='word_1_895' title='bbox 1033 5876 1136 5933; x_wconf 87' lang='lat' dir='ltr'><strong>nisi</strong></span> <span class='ocrx_word' id='word_1_896' title='bbox 1169 5875 1330 5933; x_wconf 82' lang='lat' dir='ltr'><strong>fuerit</strong></span> <span class='ocrx_word' id='word_1_897' title='bbox 1369 5873 1626 5946; x_wconf 85' lang='lat' dir='ltr'><strong>simplex,</strong></span> <span class='ocrx_word' id='word_1_898' title='bbox 1671 5872 1932 5930; x_wconf 89' lang='lat' dir='ltr'><strong>mundum</strong></span> <span class='ocrx_word' id='word_1_899' title='bbox 1976 5886 2084 5930; x_wconf 91' lang='lat' dir='ltr'><strong>non</strong></span> <span class='ocrx_word' id='word_1_900' title='bbox 2183 5881 2371 5922; x_wconf 85' lang='lat' dir='ltr'><strong>revera</strong></span> <span class='ocrx_word' id='word_1_901' title='bbox 2423 5883 2582 5923; x_wconf 87' lang='lat' dir='ltr'><strong>omne</strong></span> <span class='ocrx_word' id='word_1_902' title='bbox 2635 5868 3033 5940; x_wconf 87' lang='lat' dir='ltr'><strong>multiloquium</strong></span> <span class='ocrx_word' id='word_1_903' title='bbox 3071 5869 3412 5940; x_wconf 81' lang='lat' dir='ltr'><strong>agentilibus</strong></span> <span class='ocrx_word' id='word_1_904' title='bbox 3459 5869 3651 5935; x_wconf 84' lang='lat' dir='ltr'><strong>venit,</strong></span> <span class='ocrx_word' id='word_1_905' title='bbox 3693 5866 3776 5939; x_wconf 79' lang='lat' dir='ltr'><strong>qui</strong></span> 
     </span>
    </p>
   </div>
  </div>
