3914 6460
125 443 228 500 817
1085 441 1440 504 COMMENT.
1481 447 1550 504 IN
1584 445 1730 505 MA'I‘

1841 445 2023 506 EUM.
2065 479 2137 490 —
2171 446 2300 506 LIB.
2341 449 2406 507 II.
3327 453 3438 514 818

122 559 458 616 exercendae
514 559 713 634 linguai
746 562 927 633 potius
979 577 1140 633 quam
1195 563 1502 620 mandando
1557 565 1738 621 animo
1763 574 1819 635 Α
1843 572 1958 620 stus
2004 579 2034 618 e
2085 566 2362 622 contrario
2397 565 2504 622 ἀίει
2550 575 2749 639 potest.
2800 569 2969 626 Justis
3007 571 3158 628 enim
3204 571 3432 629 dicitur:

121 649 260 704 dant
287 665 524 721 operam
545 693 559 720 ,
613 663 668 710 et
703 655 807 710 hoc
853 655 1119 726 nugatorii
1157 655 1320 711 studii
1358 671 1528 728 genus
1575 657 1737 712 etiam
1844 652 2112 725 Templum
2139 656 2276 710 enim
2300 655 2396 711 Dei
2422 667 2660 713 sanctum
2684 667 2783 726 est,
2807 658 2948 731 quod
2972 663 3094 717 estis
3119 679 3208 718 vos
3236 661 3291 733 (Ι
3308 661 3435 719 Cor.

120 739 192 795 ad
225 739 534 798 Dominum
562 759 723 815 prece
753 743 1079 801 ﬂectendum
1117 745 1414 802 transferre
1451 756 1735 816 conantur,

119 829 470 889 arbitrantes
519 835 660 891 sicut
704 835 976 894 hominem
1019 836 1277 909 judicem,
1331 840 1408 894 ita
1451 839 1740 895 Dominum

119 920 310 977 verbis
353 923 562 981 adduci
607 927 663 982 in
713 929 1056 985 sententiam.
1125 928 1302 986 Nolite
1351 931 1536 1003 itaque
1585 932 1740 987 simi-

118 1013 200 1070 les
243 1030 373 1071 esse
423 1018 558 1088 illis,
590 1020 721 1076 dicit
764 1038 905 1078 unus
944 1032 1002 1078 et
1039 1037 1203 1079 verus
1248 1025 1527 1097 magister.

190 1102 310 1160 Scit
325 1109 476 1164 enim
507 1108 674 1166 Pater
699 1123 865 1168 vester
881 1115 1008 1185 quid
1033 1131 1162 1184 opus
1174 1127 1249 1170 est
1271 1117 1431 1183 vobis,
1458 1127 1740 1190 antequam

117 1197 312 1267 petatis
349 1217 499 1256 eum.
549 1202 844 1277 Consurgit
863 1207 919 1261 in
952 1207 1056 1263 hoc
1076 1206 1196 1264 loco
1219 1210 1464 1280 quaedam
1492 1210 1735 1277 haeresis,

118 1288 692 1366 philosophorumque
717 1299 908 1369 dogma
939 1315 1277 1370 perversum,
1307 1302 1631 1357 dicentium:
1679 1303 1739 1359 Si

119 1383 274 1436 novit
326 1384 482 1441 Deus
531 1389 662 1459 quid
716 1405 957 1457 oremus,
1006 1401 1062 1446 et
1119 1401 1410 1464 antequam
1465 1403 1734 1465 petamus,

118 1477 227 1532 scit
273 1482 485 1550 quibus
533 1484 891 1556 indigeamus,
941 1485 1143 1543 frustra
1190 1490 1382 1544 scienti
1441 1489 1732 1561 loquimur.

119 1570 334 1637 Quibus
387 1573 631 1632 breviter
679 1580 1114 1648 respondendum
1163 1589 1248 1637 est
1295 1597 1395 1638 nos
1448 1599 1558 1639 non
1608 1601 1736 1641 nar-

118 1671 340 1719 ratores
389 1680 538 1734 esse,
563 1669 658 1724 sed
689 1677 988 1741 rogatores.
1049 1672 1211 1727 Aliud
1239 1682 1321 1729 est
1340 1690 1564 1731 narrare
1592 1679 1741 1748 igno-

117 1757 288 1822 ranti,
347 1758 502 1814 aliud
551 1761 811 1818 scientem
839 1779 1050 1835 rogare.
1113 1765 1173 1820 In
1220 1767 1311 1823 illo
1348 1769 1606 1826 indicium
1633 1780 1736 1839 est,

115 1845 208 1902 hic
257 1847 615 1921 obsequium.
661 1853 738 1908 lbi
789 1854 1021 1912 fideliter
1063 1857 1397 1927 indicamus,
1445 1863 1538 1918 hic
1573 1864 1738 1919 mise-

1842 745 1945 818 ιιι).
1988 746 2326 818 Quapropter
2364 749 2409 804 si
2445 749 2501 803 in
2538 751 2737 822 templo
2783 768 2882 808 suo
2914 754 3123 810 habitat
3167 753 3332 822 Deus,
3383 761 3441 812 et

1842 838 2018 893 sancti
2050 839 2309 908 templum
2350 839 2466 909 ejus
2490 851 2635 908 sunt,
2683 852 2833 899 recte
2881 844 3081 900 dicitur
3126 846 3216 916 qui
3252 845 3307 900 in
3331 861 3439 902 ca:-

1839 929 1905 984 tis
1939 948 2012 998 es,
2048 932 2141 1002 qui
2181 947 2240 988 es
2276 933 2330 988 in
2381 935 2605 989 sanctis.
2635 935 2704 991 Et
2729 936 3293 993 accommodatissima
3332 937 3442 994 ista

1840 1021 2137 1078 similitudo
2177 1034 2280 1090 est,
2330 1033 2392 1079 ut
2431 1025 2745 1095 spiritaliter
2789 1035 2999 1082 tantum
3045 1027 3311 1083 interesse
3353 1027 3440 1082 vi-

1839 1113 2034 1168 deatur
2071 1116 2219 1170 inter
2257 1115 2435 1186 justos
2463 1126 2518 1172 et
2541 1125 2880 1187 peccatores,
2933 1128 3197 1188 quantum
3245 1134 3442 1190 corpo-

1840 1205 2030 1260 raliter
2059 1207 2203 1262 inter
2223 1207 2421 1263 cmlum
2467 1217 2522 1264 et
2545 1217 2770 1265 terram.
2817 1209 2983 1280 Cujus
3016 1211 3096 1266 rei
3123 1211 3440 1282 signiﬁcan-

1839 1299 1919 1355 da:
1948 1301 2122 1372 gratia
2164 1317 2289 1356 cum
2327 1303 2393 1357 ad
2424 1304 2727 1360 orationem
2762 1313 2992 1372 stamus,
3047 1307 3116 1361 ad
3159 1307 3439 1363 Orientem

1837 1393 2122 1460 vertimur,
2162 1410 2271 1449 non
2319 1403 2574 1467 tanquam
2605 1397 2679 1452 ibi
2708 1398 2780 1452 sit
2835 1398 3002 1465 Deus,
3043 1406 3099 1453 et
3141 1399 3300 1469 quasi
3331 1415 3442 1454 cte-

1840 1492 1983 1540 teras
2031 1487 2215 1541 mundi
2262 1498 2444 1557 partes
2488 1490 2786 1545 deseruerit
2813 1491 2928 1563 (qui
2958 1492 3158 1562 ubique
3196 1509 3443 1563 praesens

1837 1586 1940 1641 est,
1989 1594 2097 1634 non
2140 1580 2383 1636 locorum
2434 1583 2649 1653 spatiis,
2697 1585 2792 1640 sed
2821 1583 3104 1654 majestate
3132 1585 3437 1658 potentiae),

1840 1673 1934 1728 sed
1959 1674 2312 1730 admoneatur
2346 1677 2559 1733 animus
2603 1679 2672 1734 ad
2703 1687 2953 1733 naturam
2999 1677 3442 1734 excellentiorem

1840 1785 1900 1826 se
1948 1779 2307 1840 convertere,
2371 1774 2426 1830 id
2468 1783 2554 1830 est
2603 1776 2670 1830 ad
2711 1775 3025 1843 Dominum,
3097 1791 3220 1831 cum
3261 1776 3439 1845 ipsum

1841 1877 2040 1932 corpus
2074 1863 2212 1933 ejus,
2267 1867 2413 1936 quod
2467 1874 2740 1923 terrenum
2783 1877 2883 1933 est,
2919 1869 2982 1923 ad
3015 1883 3214 1938 corpus
3261 1865 3436 1924 excel-

114 1939 378 1996 rabiliter
430 1947 796 2002 obsecramus.
850 1947 969 2003 Non
1022 1951 1166 2004 enim
1214 1953 1396 2007 verbis
1434 1969 1592 2024 agere
1639 1955 1738 2011 de-
1767 1945 1816 2005 Β
1843 1954 2060 2023 lentius,
2114 1956 2168 2011 id
2199 1966 2282 2013 est
2328 1975 2526 2028 corpus
2555 1960 2798 2027 omleste,
2838 1962 3175 2017 convertitur

113 2031 319 2090 bemus
359 2038 508 2107 apud
533 2040 854 2105 Dominum,
887 2052 948 2097 ut
996 2044 1348 2115 impetremus
1395 2050 1539 2119 quod
1584 2049 1734 2106 volu-

112 2139 265 2190 mus,
310 2128 413 2182 sed
455 2131 618 2186 rebus
660 2147 780 2202 qua:
825 2135 1005 2190 animo
1037 2138 1294 2207 gerimus,
1337 2148 1393 2193 et
1433 2140 1736 2199 intentione

114 2217 480 2286 cogitationis
519 2237 643 2277 cum
686 2224 972 2282 dilectione
1001 2243 1136 2298 pura
1173 2238 1228 2286 et
1257 2231 1486 2302 simplici
1517 2232 1732 2291 affectu.

115 2307 230 2362 Sed
282 2325 378 2366 res
406 2311 555 2381 ipsas
600 2317 781 2371 verbis
828 2335 926 2374 nos
973 2320 1222 2378 docuisse
1258 2324 1545 2382 Dominum
1579 2342 1738 2398 opor-

119 2403 292 2470 tehat,
347 2406 550 2475 quibus
597 2413 873 2470 memoriae
924 2416 1217 2485 mandatis,
1275 2433 1369 2474 eas
1413 2423 1482 2476 ad
1526 2430 1736 2493 tempus

116 2498 316 2552 orandi
367 2502 806 2560 recordaremur.

191 2588 288 2645 Sic
315 2609 445 2664 ergo
477 2612 567 2650 vos
609 2598 825 2655 orabitis
901 2599 1068 2658 Pater
1096 2613 1272 2661 noster
1297 2609 1387 2678 qui
1411 2624 1465 2663 es
1484 2609 1541 2664 in
1567 2610 1729 2667 caelis.

120 2679 405 2753 Nusquam
440 2686 716 2743 invenitur
755 2701 1088 2763 praeceptum
1129 2697 1326 2767 populo
1355 2698 1520 2755 Israel
1563 2709 1624 2756 ut
1657 2703 1737 2758 di-

122 2784 274 2831 ceret
313 2774 489 2832 Pater
544 2791 740 2849 noster,
790 2794 885 2839 aut
929 2796 1113 2843 oraret
1157 2789 1376 2846 Patrem
1443 2792 1734 2850 Dominum

122 2867 216 2920 sed
252 2867 525 2928 Dominus
574 2874 654 2930 eis
683 2875 988 2934 insinuatus
1015 2891 1128 2947 est,
1180 2891 1441 2955 tanquam
1491 2889 1733 2943 servien-

122 2958 290 3026 tibus,
341 2962 399 3019 id
441 2973 543 3029 est,
591 2969 886 3024 secundum
920 2987 1140 3029 carnem
1189 2977 1365 3033 adhuc
1405 2979 1731 3038 viventibus.

125 3049 418 3122 Propheta:
447 3065 629 3114 tamen
651 3075 795 3132 szepe
823 3065 1116 3121 ostendunt
1141 3055 1391 3125 eumdem
1422 3072 1732 3144 Dominum,

124 3141 294 3200 Deum
341 3149 512 3204 etiam
550 3165 616 3207 eo
651 3152 869 3211 Patrem
918 3161 1231 3216 eorumdem
1292 3178 1412 3220 esse
1470 3141 1732 3237 potuisse,

125 3236 171 3291 si
204 3239 274 3295 ab
322 3240 445 3310 ejus
486 3247 753 3303 mandatis
803 3267 911 3306 non
967 3255 1302 3314 aberrarent.
1369 3236 1522 3316 Sicut
1559 3271 1642 3317 est
1670 3262 1737 3317 il-

125 3325 245 3384 lud:
302 3331 479 3388 Filios
519 3339 676 3408 genui
711 3351 761 3395 et
800 3342 1048 3413 exaltant,
1077 3348 1178 3418 ipsi
1217 3360 1391 3406 autent
1428 3363 1731 3424 spreverunt

125 3422 505 3515 nte(lsa.i).
565 3427 642 3485 De
680 3429 859 3487 futuro
911 3445 1093 3492 autem
1143 3441 1340 3511 pepulo
1397 3422 1731 3515 Christiano,

125 3513 254 3583 quia
294 3516 589 3576 Dominum
615 3521 833 3581 Patrem
860 3538 1004 3585 esset
1031 3532 1335 3601 habiturus,
1382 3545 1438 3591 et
1456 3513 1736 3611 prophetae

123 3612 518 3680 praedixerant,
548 3626 602 3673 et
630 3618 980 3693 Evangelium
1009 3633 1260 3696 testatur,
1303 3630 1490 3689 dicens
1517 3654 1531 3688 :

124 3698 200 3794 eis
231 3709 542 3794 potestatem
584 3705 724 3775 filios
757 3710 858 3766 Dei
890 3715 1009 3784 ﬁeri
1040 3716 1221 3790 (Joan.
1246 3719 1320 3792 1);
1385 3732 1439 3778 et
1463 3727 1735 3794 apostolus

121 3787 335 3882 Paulus
362 3835 374 3846 .
427 3794 699 3866 Quandiu,
752 3801 955 3874 inquit,
985 3787 1152 3863 [iteres
1185 3787 1435 3881 parvulus
1467 3787 1565 3882 est,
1603 3818 1735 3871 nihil

126 3878 311 3950 diﬁ‘ert
338 3900 372 3936 a
401 3902 546 3941 servo
579 3887 720 3961 (Gal.
744 3893 844 3966 ιν).
900 3896 969 3953 Ει
995 3878 1257 3970 Spiritum
1301 3878 1609 3976 adoptionis
1633 3926 1734 3967 nos

130 3976 410 4046 accepisse
474 3997 899 4056 commemorat,
947 3993 1001 4046 in
1034 4010 1138 4065 quo
1188 3995 1478 4054 clamamus
1512 4017 1531 4055 :
1587 4002 1736 4058 Abba

131 4065 296 4165 Pater
327 4069 502 4142 (Rom.
551 4078 692 4149 vni).
717 4078 969 4152 Magnum
992 4099 1121 4156 ergo
1143 4088 1341 4144 donum
1378 4107 1477 4161 per
1502 4095 1737 4165 gratiam

134 4157 225 4214 Dei
292 4165 645 4236 accepimus,
703 4173 846 4242 quod
899 4175 1143 4232 sinamur
1182 4181 1290 4237 Deo
1331 4157 1564 4240 dicere:
1620 4186 1736 4241 Pa-

132 4258 208 4349 ter
237 4265 432 4310 noster.
488 4258 627 4326 Quid
665 4263 807 4319 enim
845 4264 957 4334 jam
1005 4285 1112 4324 non
1157 4271 1247 4328 det
1309 4275 1435 4330 ﬁliis
1498 4280 1735 4349 petenti-

133 4342 248 4409 bus,
299 4363 427 4404 cum
464 4353 567 4408 hoc
598 4355 773 4424 ipsum
814 4367 938 4416 ante
979 4361 1223 4431 dederit,
1275 4376 1333 4421 ut
1392 4342 1733 4427 ﬁlii—essent.

132 4432 417 4533 Postremo
467 4454 667 4514 quanta
715 4466 846 4506 cura
892 4455 1133 4512 animum
1185 4460 1378 4531 tangit,
1414 4470 1476 4516 ut
1517 4464 1609 4533 qui
1659 4464 1740 4520 di—

134 4530 205 4584 cit
235 4531 407 4592 Pater
437 4550 629 4608 noster,
655 4551 805 4600 tanto
840 4556 997 4616 patre
1027 4565 1134 4604 non
1159 4552 1232 4606 sit
1265 4530 1556 4624 indignus;
1594 4557 1738 4612 Deus

134 4633 308 4680 autem
350 4629 411 4683 in
464 4634 712 4692 sordidos
753 4653 934 4694 mores
964 4657 1241 4712 nunquam
1289 4646 1472 4713 cadit,
1515 4656 1570 4702 et
1610 4666 1734 4720 gra-

137 4713 232 4771 tias
286 4721 681 4782 misericordiae
711 4729 910 4800 ipsius,
975 4734 1066 4804 qui
1107 4735 1209 4791 hoc
1250 4752 1282 4792 a
1337 4739 1494 4795 nobis
1544 4743 1734 4812 exigit,

134 4814 191 4899 ut
243 4809 313 4864 sit
342 4811 510 4870 Pater
548 4826 756 4885 noster,
809 4821 954 4890 quod
1000 4824 1146 4880 nullo
1195 4837 1433 4899 sumptu,
1478 4831 1573 4886 sed
1622 4809 1738 4888 sola

135 4894 269 4959 bona
289 4905 574 4965 voluntate
612 4915 914 4984 comparari
954 4925 1149 4987 potest.
1173 4894 1550 4978 Admonentur
1571 4925 1739 4980 etiam

137 4989 220 5048 hic
269 4996 506 5067 divites,
578 5004 663 5059 vel
710 5022 906 5078 genere
964 5012 1175 5067 nobiles
1232 5016 1530 5071 secundum
1577 5033 1744 5075 szecu-

137 5080 262 5152 lum,
322 5106 450 5146 cum
501 5090 794 5151 Christiani
844 5098 971 5154 facti
1012 5100 1235 5171 fuerint,
1295 5121 1404 5161 non
1455 5109 1742 5177 superbire

142 5177 396 5238 adversus
429 5200 696 5256 pauperes
727 5197 783 5244 et
834 5190 1118 5260 ignobiles,
1157 5197 1414 5263 quoniam
1467 5200 1628 5250 simul
1659 5201 1740 5253 di-

142 5281 264 5326 cunt
305 5275 419 5331 Deo
453 5274 620 5334 Pater
661 5291 854 5337 noster.
909 5282 1063 5352 Quod
1112 5301 1219 5342 non
1253 5297 1482 5356 possunt
1518 5302 1644 5343 vere
1666 5285 1738 5344 'ac

144 5366 225 5433 pie
270 5369 470 5438 dicere,
527 5372 628 5428 nisi
660 5389 719 5430 se
747 5373 946 5433 fratres
985 5393 1105 5433 esse
1147 5387 1496 5452 cognoscant.
1541 5379 1737 5436 Utatur

146 5472 266 5530 ergo
290 5480 426 5521 voce
453 5465 588 5522 Novi
616 5467 947 5525 Testamenti
987 5473 1216 5542 populus
1249 5489 1443 5540 novus,
1487 5473 1553 5528 ad
1574 5483 1734 5530 atter-

151 5569 265 5610 nam
300 5561 674 5618 haereditatem
707 5573 952 5632 vocatus,
1003 5577 1060 5622 et
1100 5568 1285 5624 dicat:
1318 5568 1480 5624 Pater
1532 5577 1731 5637 noster,

149 5648 233 5713 qui
261 5665 313 5703 es
339 5653 397 5706 in
425 5653 586 5721 caelis,
618 5655 674 5710 id
701 5664 807 5724 est,
836 5657 890 5710 in
921 5659 1124 5714 sanctis
1157 5668 1213 5716 et
1235 5661 1416 5732 justis.
1443 5660 1561 5716 Non
1587 5663 1732 5719 enim

152 5739 314 5806 spatio
335 5743 575 5802 locorum
596 5749 902 5804 continetur
932 5751 1074 5806 Deus
1096 5792 1111 5818 ,
1157 5754 1252 5809 sed
1279 5755 1734 5824 quemadmodum

153 5829 205 5886 in
235 5845 376 5892 terra
397 5840 694 5910 appellatus
731 5852 814 5900 est
841 5853 1114 5916 peccator,
1148 5861 1270 5902 cum
1303 5849 1355 5903 ei
1383 5848 1589 5904 dictum
1610 5855 1729 5905 est:

158 5921 310 5985 Terra
341 5949 413 6000 es,
450 5944 499 5990 et
524 5937 581 5993 in
608 5946 801 5995 terram
825 5939 925 5995 ibis
965 5938 1118 6014 (Gen.
1144 5939 1252 6013 tu);
1300 5941 1380 5999 sic
1425 5941 1622 5997 caelum
1647 5940 1736 6014 ju-

1909 2048 2281 2121 Sancti/ieetur
2293 2069 2478 2109 nomen
2493 2065 2659 2109 tuum.
2685 2054 2837 2123 Quod
2852 2071 2959 2109 non
2977 2056 3054 2110 sic
3068 2055 3290 2126 petitur,
3307 2068 3440 2124 qua-

1837 2143 2013 2198 sinon
2061 2144 2132 2199 sit
2177 2155 2426 2202 sanctum
2467 2147 2564 2204 Dei
2598 2165 2817 2215 nomen,
2849 2150 2944 2204 sed
2967 2157 3026 2204 ut
3055 2159 3306 2204 sanctum
3347 2148 3443 2203 ha-

1837 2237 2031 2294 beatur
2060 2238 2130 2292 ab
2156 2238 2489 2307 hominibus,
2520 2241 2574 2296 id
2613 2249 2715 2308 est,
2765 2241 2872 2297 illis
2917 2243 3224 2298 innotescat
3268 2241 3433 2307 Deus,

1837 2341 1897 2388 ut
1969 2349 2075 2388 non
2146 2334 2459 2389 existiment
2531 2335 2733 2406 aliquid
2779 2334 3020 2390 sanctius
3102 2335 3248 2405 quod
3317 2349 3437 2388 ma-

1837 2429 1920 2500 gis
1965 2428 2238 2486 ofi‘endere
2272 2430 2515 2485 timeant.
2555 2429 2763 2502 (Cypr.)
2816 2430 2988 2485 Aliter
3028 2430 3176 2486 enim
3223 2429 3278 2484 id
3301 2429 3442 2499 peti-
3491 2427 3503 2433 ’

1838 2538 1977 2591 mus,
2035 2531 2091 2578 et
2127 2539 2398 2596 rogamus,
2447 2523 2592 2594 quod
2623 2539 2820 2579 nomen
2855 2522 2951 2578 Dei
2984 2522 3354 2578 sanctificetur
3380 2521 3439 2575 in

1837 2618 2016 2684 nobis,
2087 2627 2148 2673 ut
2194 2619 2287 2688 qui
2330 2619 2385 2673 in
2431 2618 2702 2689 baptismo
2747 2617 3070 2674 sanctificati
3123 2631 3332 2681 sumus,
3384 2613 3440 2668 in

1837 2725 1904 2766 eo
1931 2711 2074 2781 quod
2103 2713 2237 2780 esse,
2271 2711 2537 2780 carpimus
2567 2725 3000 2781 perseveremus.
3048 2709 3116 2764 Et
3157 2709 3262 2764 hoc
3305 2721 3442 2776 quo-

1841 2802 1970 2857 tidie
2026 2816 2334 2872 precamur.
2385 2801 2539 2874 Opus
2590 2812 2674 2858 est
2714 2803 2861 2858 enim
2906 2801 3063 2857 nobis
3126 2799 3442 2871 quotidiana

1840 2894 2292 2962 sanctificatione,
2331 2902 2394 2948 ut
2419 2895 2512 2966 qui
2547 2893 2789 2964 quotidie
2825 2893 3191 2963 delinquimus
3244 2889 3441 2946 delicta

1840 2997 2028 3046 nostra
2057 2988 2494 3045 sanctiﬁcatione
2524 2989 2740 3045 assidua
2789 3002 3163 3060 repurgemus.

1863 3083 1866 3088 ’
1911 3080 2166 3134 Adveniet
2198 3096 2416 3151 regnum
2443 3089 2613 3134 tuum.
2644 3079 2893 3152 Regnum
2923 3078 3089 3134 etiam
3119 3078 3216 3134 Dei
3248 3091 3443 3148 reprae-

1841 3175 2045 3232 sentari
2074 3173 2231 3229 nobis
2278 3175 2538 3245 petimus,
2601 3175 2743 3230 sicut
2793 3182 2849 3230 et
2886 3188 3086 3229 nomen
3125 3170 3241 3241 ejus
3275 3178 3337 3226 ut
3386 3171 3444 3225 in

1840 3266 1996 3322 nobis
2048 3265 2417 3321 sanetiﬁcetur
2455 3265 2812 3336 postulamus.
2864 3266 3049 3340 (Aug)
3113 3265 3252 3321 Nam
3298 3264 3444 3319 Deus

1839 3361 2057 3433 quando
2117 3377 2223 3416 non
2273 3371 2503 3432 regnat,
2567 3370 2660 3416 aut
2725 3361 2866 3433 apud
2929 3375 3052 3416 eum
3105 3359 3322 3430 quando
3361 3357 3445 3411 in-

1839 3452 1970 3524 cipit
1999 3451 2142 3524 quod
2188 3468 2404 3524 semper
2429 3451 2532 3507 fuit
2577 3461 2632 3507 et
2673 3469 2793 3509 esse
2840 3469 2947 3507 non
2998 3451 3235 3508 desinit?
3274 3448 3444 3503 Adve-

1839 3546 1952 3599 niat
2006 3561 2135 3616 ergo
2173 3545 2548 3614 accipiendum
2592 3555 2698 3613 est,
2770 3543 3148 3601 manifestetur
3201 3542 3443 3599 homini-

1837 3638 1957 3694 bus.
2015 3637 2480 3705 Quemadmodum
2529 3640 2674 3696 enim
2717 3654 2956 3711 praesens
3003 3638 3096 3692 lux
3134 3638 3330 3693 absens
3360 3643 3446 3691 est

1839 3731 2019 3799 caecis,
2061 3740 2116 3787 ει
2162 3733 2242 3788 eis
2276 3733 2367 3803 qui
2394 3733 2580 3789 oculos
2606 3732 2886 3799 claudunt,
2937 3733 3013 3787 ita
3051 3732 3148 3787 Dei
3191 3745 3441 3802 regnum,

1839 3827 2084 3897 quamvis
2136 3843 2414 3897 nunquam
2479 3827 2724 3883 discedat
2775 3826 2844 3882 de
2868 3827 3050 3893 terris,
3118 3835 3298 3880 tamen
3345 3822 3444 3895 ab-

1839 3933 1965 3975 sens
2005 3927 2088 3975 est
2117 3920 2512 3988 ignorantibus.
2560 3919 2704 3975 Nulli
2738 3927 2923 3974 autem
2967 3918 3152 3974 licebit
3192 3917 3446 3989 ignorare

1838 4012 1938 4068 Dei
1989 4028 2236 4082 regnum,
2282 4029 2406 4069 cum
2459 4014 2576 4085 ejus
2625 4014 2940 4086 unigenitus
2978 4027 3088 4068 non
3131 4009 3306 4067 solum
3363 4009 3445 4064 in-

1839 4103 2211 4176 telligibiliter,
2259 4107 2352 4160 sed
2395 4106 2562 4160 etiam
2601 4106 2889 4162 visibiliter
2955 4105 3012 4161 in
3054 4104 3278 4160 homine
3334 4101 3446 4158 Do-

1839 4197 2038 4252 minico
2083 4198 2150 4252 de
2196 4197 2335 4252 coelo
2386 4198 2602 4253 venerit
2641 4189 2984 4265 jud’icaturus
3027 4197 3180 4252 vivos
3208 4211 3272 4250 ac
3298 4191 3447 4250 mor-4

1840 4299 1981 4346 tuos.
2013 4289 2220 4362 (Cypr.)
2252 4290 2509 4347 Nostrum
2549 4293 2765 4364 quidem
2793 4309 3019 4364 regnum
3064 4291 3300 4362 petimus
3345 4286 3446 4342 ad-

1838 4384 2045 4450 venire,
2085 4399 2116 4438 a
2146 4384 2257 4440 Deo
2303 4384 2459 4440 nobis
2514 4386 2933 4455 repromissum,
2986 4383 3190 4439 Christi
3226 4379 3446 4452 sangui-

1839 4490 1910 4530 ne
1953 4483 2008 4530 et
2055 4476 2307 4546 passione
2352 4476 2661 4544 quaesitum,
2720 4484 2782 4529 ut
2839 4474 2932 4545 qui
2970 4474 3027 4527 in
3067 4472 3266 4528 saeculo
3318 4479 3448 4525 ante

1842 4566 2184 4632 scrvivimus,
2243 4567 2589 4636 postmodum
2636 4566 2857 4622 Christo
2903 4564 3215 4619 dominante
3248 4577 3443 4632 regne-

1763 4689 1819 4749 1)
1843 4672 1984 4721 mus,
2015 4657 2158 4711 sicut
2187 4657 2301 4726 ipse
2330 4656 2631 4725 pollicetur,
2677 4665 2734 4710 et
2767 4656 2897 4711 dicit
2935 4673 2947 4708 :
2995 4652 3197 4717 Venite,
3237 4651 3445 4706 benedi-

1843 4749 1914 4802 cti
1948 4744 2129 4800 Patris
2160 4747 2282 4811 mei,
2322 4747 2570 4816 percipite
2613 4762 2830 4812 regnum
2859 4743 3000 4814 quod
3028 4741 3169 4796 vobis
3197 4750 3446 4813 paratum

1846 4847 1919 4894 est
1949 4840 2012 4893 ab
2053 4837 2252 4907 origine
2289 4834 2474 4889 mundi
2511 4832 2728 4906 (Matth.
2755 4835 2921 4907 xxv).

1850 4953 1854 4956 ⁴
1920 4929 2045 4984 Fiat
2082 4928 2324 4984 voluntas
2360 4935 2453 4980 tua
2481 4926 2616 4980 sicut
2650 4927 2706 4980 in
2736 4925 2863 4982 creto
2901 4936 2951 4982 et
2979 4927 3035 4983 in
3065 4937 3226 4983 terra.
3257 4928 3446 5003 (Aug.)

1847 5025 1906 5080 Id
1953 5032 2056 5087 est,
2114 5023 2255 5078 sicut
2292 5021 2348 5076 in
2395 5020 2602 5092 angelis
2632 5021 2725 5092 qui
2775 5030 2901 5076 sunt
2941 5022 2996 5075 in
3046 5022 3445 5091 caelisvolun-
3530 5009 3538 5019 ’

1851 5126 1937 5172 tas
1974 5125 2067 5171 tua
2113 5123 2198 5171 est
2226 5122 2288 5168 ut
2337 5113 2558 5168 omnino
2606 5113 2704 5168 tibi
2741 5114 3069 5180 adhaereant,
3127 5122 3289 5186 teque
3314 5131 3446 5187 per.

1840 5209 2094 5260 fruantur
2141 5207 2285 5261 nullo
2333 5221 2522 5262 errore
2573 5205 2925 5262 obnubilante
2975 5208 3297 5279 sapientiam
3351 5225 3446 5268 eo-

1842 5315 1983 5366 rum,
2018 5299 2165 5355 nulla
2195 5301 2414 5356 miseria
2451 5300 2780 5372 impediente
2805 5302 3194 5359 beatitudinem
3223 5318 3438 5373 eorum,

1840 5393 1916 5448 ita
1962 5393 2057 5448 ﬂat
2107 5394 2161 5448 in
2211 5395 2414 5450 sanctis
2464 5393 2592 5460 tuis,
2658 5395 2752 5465 qui
2805 5395 2859 5450 in
2889 5404 3039 5452 terra
3073 5406 3219 5466 sunt,
3271 5409 3327 5456 et
3374 5400 3444 5457 de

1838 5496 2007 5556 terra,
2051 5490 2197 5560 quod
2228 5489 2295 5544 ad
2329 5504 2528 5558 corpus
2556 5488 2771 5554 attinet,
2807 5487 2938 5546 facti
2978 5499 3125 5559 sunt,
3164 5501 3219 5549 et
3251 5508 3446 5565 quam-

1833 5584 1918 5639 vis
1945 5584 2011 5637 ad
2043 5583 2317 5638 caelestem
2353 5581 2740 5637 habitationem
2779 5591 2942 5655 atque
2982 5585 3439 5654 immutationem,

1836 5686 2018 5733 tamen
2053 5677 2119 5732 de
2149 5685 2295 5732 terra
2332 5674 2642 5730 assumendi
2689 5684 2835 5730 sunt.
2902 5676 3036 5732 Item
3073 5677 3170 5747 ﬁat
3200 5677 3444 5732 voluntas

1835 5774 1927 5820 tua
1968 5773 2114 5820 recte
2145 5763 2464 5835 intelligitur
2485 5805 2500 5829 ,
2531 5763 2817 5820 obediatur
2849 5767 3134 5837 praeceptis
3164 5767 3293 5832 tuis,
3333 5765 3444 5820 sic-

1835 5867 1892 5911 ut
1924 5857 1982 5911 in
2030 5857 2154 5911 οωιο
2190 5866 2238 5911 ει
2267 5858 2322 5911 in
2352 5866 2516 5925 terra,
2566 5857 2622 5912 id
2655 5865 2757 5924 est,
2795 5858 2936 5915 sicut
2967 5860 3035 5915 ab
3082 5857 3307 5928 angelis,
3361 5857 3440 5913 ita

1839 5948 1908 6004 ab
1939 5948 2266 6005 hominibus.
2307 5949 2569 6006 Voluntas
2603 5960 2785 6008 autem
2825 5951 2922 6006 Dei
2951 5961 3035 6008 est
3076 5965 3238 6021 quam
3275 5948 3436 6006 Chri-
