3914 6452
431 438 543 500 819

1118 430 1176 484 Β.
1218 429 1472 486 RABANI
1510 425 1731 485 IAURI
1768 421 2031 495 ARCHIBT

2137 419 2445 481 HOGUNT.
2483 418 2774 481 omum
2808 418 2989 475 PARS
3028 419 3070 475 Ι.

432 556 552 605 stus
588 555 645 604 et
682 546 811 603 fecit
851 553 907 602 et
934 544 1122 599 ‘docuit
1162 562 1176 598 :
1229 542 1509 599 humilitas
1548 541 1605 597 in
1649 538 2021 597 eonversatio-
2049 535 2104 607 Α
2128 541 2279 602 cent,
2331 548 2459 595 cum
2507 532 2614 591 iste
2654 532 2811 603 panis
2855 530 3205 603 quotidianus
3250 532 3431 591 dictus
3472 542 3587 591 est.
3638 533 3748 594 Ro-

430 655 521 706 ne,
572 638 837 697 stabilitas
875 636 930 693 in
959 634 1084 701 fide,
1136 632 1461 691 verecundia
1498 633 1556 689 in
1604 631 1807 697 verbis,
1854 630 1912 684 in
1939 629 2022 684 fa-

433 734 538 789 ctis
578 731 808 801 justitia,
869 730 923 785 in
951 727 1209 797 operibus
1257 724 1654 792 misericordia,
1676 725 1751 785 in
1783 722 2026 780 moribus

438 824 757 895 disciplina,
804 819 1058 891 iniuriam
1107 819 1291 876 facere
1333 833 1441 874 non
1486 831 1669 883 nosse,
1726 825 1783 871 et
1826 814 2027 871 factam

432 931 594 987 posse
633 914 890 979 tolerare,
921 928 1044 968 cum
1074 909 1334 967 fratribus
1367 925 1555 980 pacem
1586 918 1791 974 tenere,
1838 905 2025 964 Domi.

430 1018 560 1064 num
592 1014 705 1063 toto
737 1006 900 1062 corde
929 1004 1170 1075 diligere,
1232 1003 1288 1059 in
1319 1002 1410 1058 illo
1445 1002 1587 1072 quod
1635 1013 1791 1071 pater
1819 1008 1922 1065 est,
1956 999 2024 1054 ti-

428 1116 598 1167 mere,
632 1100 777 1170 quod
805 1100 948 1156 Deus
976 1106 1078 1155 est.
1128 1096 1346 1154 Christo
1376 1098 1513 1154 nihil
1550 1097 1774 1153 omnino
1812 1110 2025 1166 praepo-

429 1207 563 1249 nere
590 1192 869 1257 debemus,
919 1191 1049 1261 quia
1077 1205 1180 1247 nec
1226 1190 1384 1247 nobis
1415 1189 1506 1246 ille
1547 1189 1841 1260 quidquam
1883 1202 2025 1257 prae-

428 1284 629 1356 posuit.
663 1283 932 1341 Charitati
966 1280 1086 1352 eius
1111 1281 1547 1354 inseparabiliter
1581 1282 1874 1345 adhmrcre,
1902 1296 2027 1336 cru-

428 1375 481 1431 ci
510 1374 633 1446 cjus
678 1373 893 1431 fortiter
934 1390 1004 1433 ac
1059 1373 1290 1431 ﬁdenter
1333 1373 1607 1429 assistere.
1683 1371 1911 1438 Quando
1960 1371 2027 1428 de

429 1465 550 1535 ejus
597 1466 818 1522 nomine
861 1472 917 1520 et
966 1465 1173 1521 honore
1222 1471 1501 1520 certamen
1533 1470 1637 1528 est,
1681 1462 1940 1517 exhibere
1972 1460 2027 1515 in

430 1575 685 1618 sermone
729 1558 1114 1625 constantiam,
1150 1575 1255 1629 qua
1303 1557 1648 1622 confitemur,
1683 1556 1737 1612 in
1774 1554 2027 1625 quaestio-

435 1668 506 1709 ne
549 1651 801 1711 tiduciam
828 1692 843 1719 ,
889 1667 995 1721 qua
1043 1651 1450 1719 congredimur,
1503 1650 1558 1703 in
1604 1656 1778 1704 morte
1818 1648 2028 1717 patien-

427 1744 709 1814 tiam,qua
727 1758 1071 1808 coronamur,
1088 1742 1190 1797 hoc
1219 1749 1305 1796 est
1333 1741 1667 1796 cohmredem
1696 1739 1896 1797 Christi
1923 1737 2028 1792 vel-

425 1834 480 1891 le
508 1851 649 1901 esse,
688 1836 794 1891 hoc
819 1842 905 1891 est
934 1842 1262 1905 praeceptum
1292 1833 1387 1888 Dei
1432 1832 1634 1898 facere,
1678 1834 1780 1888 hoc
1809 1840 1893 1888 est
1929 1849 2025 1889 vo-

2129 634 2239 683 stat
2286 634 2348 681 ut
2396 623 2768 696 quotidianum
2820 638 3015 694 panem
3042 623 3377 694 accipiamus
3403 625 3740 696 spiritalem.

2127 716 2407 787 Praecepta
2442 714 2650 772 scilicet
2696 713 2899 782 divina,
2953 730 3075 786 quae
3116 714 3357 785 quotidie
3384 724 3614 787 oportet
3636 733 3745 777 tne-

2127 810 2289 866 ditari
2342 816 2399 864 et
2443 808 2681 881 operari.
2745 806 2882 867 Nam
2941 807 3010 866 de
3050 808 3183 878 imis
3251 808 3526 867 Dominus
3579 811 3744 867 dicit:

2128 900 2443 973 Operamini
2489 917 2676 958 escam
2712 915 2834 972 quae
2870 917 2982 959 non
3018 902 3417 973 corrumpitur;
3472 904 3748 973 quotidia-

2127 1011 2231 1051 nus
2276 1003 2460 1051 autem
2504 995 2609 1051 iste
2655 994 2811 1051 cibus
2853 1010 3001 1051 nunc
3042 995 3261 1061 dicitur,
3328 996 3589 1065 quandiu
3648 996 3743 1051 ista

2127 1090 2238 1149 vita
2297 1088 2614 1159 temporalis
2660 1102 2761 1159 per
2812 1087 2932 1145 dies
2984 1087 3306 1145 decedentes
3359 1088 3745 1145 imbutos-

2126 1195 2234 1252 que
2285 1181 2583 1251 peragitur.
2658 1178 2729 1235 Et
2784 1194 2977 1237 revera
3022 1180 3265 1250 quandiu
3318 1180 3377 1236 in
3436 1182 3742 1251 stipes-iota,

2128 1290 2273 1330 nunc
2316 1273 2373 1328 in
2418 1271 2701 1341 inferiora,
2753 1271 2810 1327 id
2854 1280 2959 1338 est,
3016 1286 3162 1328 nunc
3186 1271 3244 1327 in
3274 1271 3581 1342 spiritalia,
3606 1290 3741 1330 nunc

2126 1366 2184 1422 in
2235 1364 2495 1431 carnalia,
2551 1364 2716 1419 animi
2767 1362 2996 1421 affectus
3043 1363 3298 1429 alternat,
3379 1372 3657 1435 tanquam
3699 1353 3747 1422 εί

2128 1461 2221 1532 qui
2256 1460 2546 1531 aliquando
2589 1459 2834 1531 pascitur
2875 1458 3020 1526 cibo,
3074 1459 3372 1530 aliquando
3422 1458 3637 1516 famem
3663 1477 3747 1531 pa-

2130 1554 2281 1621 titur,
2338 1552 2581 1623 quotidie
2636 1551 2793 1623 panis
2851 1552 3193 1609 necessarius
3237 1559 3325 1610 est
3371 1566 3491 1621 quo
3542 1551 3746 1608 rm-

2126 1653 2218 1703 tur
2270 1644 2539 1710 esuriens,
2589 1651 2646 1699 et
2695 1643 2949 1703 relabens
2993 1643 3260 1715 erigatur.
3339 1642 3513 1712 Quod
3567 1655 3741 1700 sum

2126 1752 2315 1810 panem
2360 1733 2916 1806 supersubstantialem
2960 1734 3018 1791 in
3062 1735 3186 1791 aliis
3219 1736 3646 1807 exemplaribus
3687 1736 3750 1792 le-

2128 1828 2326 1900 gimus,
2390 1827 2475 1883 vel
2522 1826 2873 1898 peculiarem,
2926 1826 3014 1883 vel
3062 1827 3405 1898 praecipuum
3452 1827 3619 1882 illum
3664 1843 3748 1898 pa-

425 1926 688 1983 luntatcm
720 1927 898 1982 Patris
945 1926 1189 1999 implere.
1244 1926 1434 1983 Potest
1459 1932 1516 1981 et
1558 1925 1717 1981 aliter
1752 1926 1867 1981 hzec
1897 1938 2022 1981 sen-
2055 1916 2103 1978 Β
2130 1942 2256 1983 nem
2311 1924 2565 1982 similiter
2614 1922 2905 1996 significat,
2945 1922 3040 1994 qui
3084 1922 3216 1979 dicit
3249 1940 3263 1977 :
3321 1921 3449 1993 Ego
3499 1938 3625 1977 sum
3668 1939 3750 1993 pa-

427 2024 598 2079 tentia
628 2022 880 2092 intelligi,
914 2032 973 2075 ut
1008 2022 1083 2077 ita
1117 2022 1190 2076 sit
1224 2022 1447 2088 dictum,
1481 2019 1608 2075 Fiat
1642 2019 1881 2076 voluntas
1908 2028 2023 2085 tua,

426 2117 561 2173 sicut
601 2117 659 2171 in
688 2115 815 2170 cazlo
843 2123 891 2170 et
926 2116 981 2170 in
1022 2125 1183 2181 terra,
1218 2123 1475 2186 tanquam
1504 2114 1550 2169 si
1581 2114 1889 2170 diceretur:
1920 2113 2028 2169 Fac

429 2208 576 2264 ciant
607 2208 946 2265 voluntatem
988 2217 1133 2265 tuam
1166 2208 1306 2262 sicut
1330 2208 1463 2278 justi
1500 2208 1575 2262 ita
1605 2208 1769 2263 etiam
1817 2215 1872 2263 et
1898 2223 2028 2277 pec-

425 2310 660 2369 catores,
698 2310 761 2356 ut
793 2302 863 2357 ad
895 2309 949 2357 te
988 2308 1395 2365 convertantur,
1446 2300 1560 2357 sive
1608 2301 1681 2356 ita
1709 2300 1806 2370 ﬁat
1848 2300 2032 2357 volun-

425 2402 509 2449 tas
539 2404 633 2449 tua
662 2396 722 2448 in
764 2393 891 2450 caelo
940 2404 990 2449 et
1018 2393 1074 2448 in
1103 2401 1266 2459 terra,
1322 2404 1383 2448 ut
1425 2409 1522 2449 sua
1550 2394 1748 2465 cuique
1779 2394 2028 2451 tribuan-

427 2492 537 2541 tur.
591 2484 747 2553 Ωιιοά
792 2485 855 2539 fit
880 2493 1126 2541 extremo
1153 2483 1378 2554 judicio,
1412 2492 1472 2539 ut
1514 2484 1679 2554 justis
1723 2488 2027 2557 praemium,

425 2577 810 2647 peccatoribus
856 2577 1135 2633 damnatio
1176 2577 1467 2644 tribuatur,
1515 2594 1639 2635 cum
1670 2579 1797 2651 agni
1825 2581 1893 2634 ab
1924 2582 2032 2637 ha:-

425 2667 514 2725 dis
556 2670 975 2739 separabuntur.
1027 2668 1122 2727 llic
1162 2669 1326 2725 etiam
1370 2684 1477 2725 non
1506 2671 1798 2739 absurdus,
1845 2674 1957 2729 imo
1977 2683 2034 2731 et

429 2758 576 2826 fidei,
617 2769 675 2818 et
697 2763 812 2833 spei
854 2771 1058 2819 nostrae
1100 2762 1646 2822 convenientissimus
1692 2773 1776 2821 est
1820 2766 2033 2822 intelle-

424 2864 571 2922 ctus,
616 2864 676 2912 ut
704 2857 902 2915 coelum
944 2864 1002 2912 et
1049 2864 1249 2912 terram
1300 2856 1634 2928 accipiamus
1682 2859 1930 2930 spiritum
1978 2868 2035 2916 et

424 2962 666 3003 carnem.
724 2949 794 3005 Et
833 2949 1107 3022 quomodo
1139 2950 1269 3006 dicit
1295 2948 1628 3022 Apostolus:
1673 2950 1845 3008 Mente
1866 2954 2031 3010 servio

426 3040 527 3112 legi
563 3040 683 3106 Dei,
713 3058 872 3098 carne
900 3053 1078 3099 autem
1116 3043 1221 3116 legi
1245 3046 1445 3115 peccati
1485 3044 1677 3117 (Rom.
1706 3046 1830 3116 vn),
1884 3047 2033 3104 videI

424 3148 557 3189 mus
595 3133 794 3193 factam
844 3136 1177 3192 voluntatem
1210 3137 1308 3208 Dei
1355 3139 1413 3194 in
1457 3146 1655 3195 mente.
1689 3139 1757 3195 Et
1791 3140 1843 3195 id
1874 3157 2033 3197 oran-

424 3224 555 3287 dum
603 3233 709 3292 est,
768 3235 827 3282 ut
885 3227 1027 3284 sicut
1052 3229 1109 3285 in
1136 3229 1296 3297 coelo,
1343 3229 1423 3285 ita
1454 3239 1511 3285 et
1537 3231 1593 3287 in
1635 3240 1784 3289 terra
1814 3231 1911 3288 ﬁat
1936 3248 2032 3289 vo—

422 3314 605 3379 luntas
656 3318 780 3391 Dei,
828 3319 884 3376 id
930 3327 1034 3388 est,
1087 3329 1149 3379 ut
1189 3323 1648 3392 quemadmodum
1696 3327 1863 3382 corde
1893 3325 2035 3383 dele-

423 3416 639 3466 ctamur
700 3412 807 3486 legi
867 3416 1166 3471 secundum
1208 3415 1526 3475 interiorem
1575 3420 1890 3491 hominem,
1957 3424 2034 3480 ita

424 3499 593 3555 etiam
639 3504 884 3574 corporis
924 3505 1302 3563 immutatione
1334 3506 1499 3576 facta,
1537 3509 1665 3567 huic
1694 3523 1895 3569 nostra:
1936 3515 2033 3570 de-

444 3593 703 3653 ectationi
752 3596 902 3653 nulla
951 3614 1079 3671 pars
1108 3607 1298 3659 nostra
1345 3602 1578 3658 terrenis
1617 3603 1897 3662 doloribus
1938 3623 2035 3664 seu

424 3682 793 3755 voluptatibus
836 3688 1174 3746 adversetur.
1234 3691 1346 3749 Nec
1388 3693 1520 3748 illud
1569 3710 1599 3750 a
1648 3696 1876 3751 veritate
1934 3699 2033 3755 ab-

427 3774 634 3844 horret,
684 3789 745 3835 ut
801 3782 1134 3854 accipiamus
1209 3782 1339 3840 Fiat
1369 3785 1612 3842 voluntas
1651 3798 1766 3855 tua,
1804 3789 1940 3849 sicut
1979 3792 2037 3847 in

429 3870 557 3933 caelo
586 3882 634 3928 et
666 3874 721 3929 in
749 3884 912 3942 terra,
981 3877 1123 3935 sicut
1152 3878 1206 3933 in
1262 3880 1382 3952 ipso
1426 3880 1658 3938 Domino
1707 3892 1899 3944 nostro
1945 3884 2037 3942 Je~

429 3977 494 4019 su
538 3963 779 4031 Christo,
831 3969 905 4024 ita
934 3970 1070 4025 etin
1100 3970 1364 4041 Ecclesia,
1407 3982 1666 4045 tanquam
1698 3976 1754 4030 in
1790 3977 1909 4034 viro
1941 3979 2037 4050 qui

422 4057 597 4127 patris
654 4058 990 4117 voluntatem
1038 4062 1304 4135 implevit,
1356 4066 1431 4121 ita
1459 4075 1515 4122 et
1560 4068 1615 4125 in
1661 4066 1887 4137 femina,
1914 4087 2037 4143 quae

425 4146 509 4209 illi
541 4149 870 4225 desponsata
920 4162 1027 4213 est.
1111 4156 1325 4215 Caelum
1358 4160 1502 4216 cnim
1550 4169 1604 4217 et
1644 4169 1789 4218 terra
1839 4180 2037 4222 conve-

426 4240 642 4298 nienter
670 4244 989 4317 intelligitur
1012 4250 1167 4320 quasi
1188 4251 1274 4305 vir
1302 4260 1357 4307 et
1380 4252 1605 4320 femina,
1640 4257 1899 4327 quoniam
1929 4267 2038 4315 ter—

427 4347 491 4399 ra
522 4335 666 4392 caelo
688 4335 1013 4397 fecundante
1030 4340 1311 4399 fructifera
1331 4353 1433 4399 est.
1465 4344 1672 4414 Quarta
1700 4349 1891 4418 petitio
1910 4358 2033 4405 est:

503 4427 709 4486 Panem
743 4441 981 4489 nostrum
1008 4437 1379 4508 quotidianum
1423 4438 1497 4493 da
1542 4441 1694 4496 nobis
1722 4442 1895 4497 hodie.
1932 4442 2036 4500 Pa-

424 4521 512 4581 nis
545 4523 895 4593 quotidianus
923 4535 1017 4582 aut
1044 4543 1143 4599 pro
1184 4530 1268 4584 his
1307 4532 1558 4589 omnibus
1588 4534 1768 4591 dictus
1801 4545 1887 4592 est
1912 4553 2037 4609 quae

2106 3888 2281 3939 tatros
2352 3878 2506 3949 paria
2579 3876 2890 3935 fecerimus.

2131 2020 2234 2087 nis,
2275 2019 2365 2091 qui
2414 2020 2481 2073 de
2529 2016 2656 2075 creto
2704 2015 2970 2081 descendi,
3020 2015 3116 2086 qui
3163 2013 3427 2070 videlicet
3456 2025 3552 2069 est
3603 2028 3751 2083 βψ

2130 2127 2322 2169 omnes
2365 2110 2733 2176 substantias,
2777 2116 2836 2164 et
2873 2107 3158 2164 universas
3184 2113 3420 2176 superat
3448 2114 3745 2161 creaturas.

2206 2202 2279 2259 Et
2306 2203 2509 2258 dimitte
2538 2201 2688 2256 nobis
2710 2200 2888 2256 debita
2920 2209 3125 2265 nostra,
3156 2200 3295 2254 sicut
3326 2210 3380 2254 et
3414 2215 3521 2255 nos
3544 2199 3746 2253 dimitti-

2130 2316 2248 2355 mus
2283 2295 2603 2352 debitoribus
2631 2295 2826 2351 nostris
2855 2292 3065 2366 (Cypr.)
3104 2292 3237 2349 Post
3282 2291 3609 2348 subsidium
3653 2292 3742 2346 cibi

2131 2392 2335 2466 petitur
2379 2398 2436 2445 et
2479 2389 2639 2447 venia
2667 2386 2874 2455 delicti,
2917 2394 2979 2443 ut
3007 2387 3099 2457 qui
3146 2401 3178 2440 a
3225 2384 3342 2441 Deo
3395 2384 3670 2455 pascitur,
3700 2384 3747 2437 ia

2132 2488 2245 2543 Deo
2286 2485 2454 2550 vivat,
2505 2498 2607 2539 nec
2654 2489 2865 2537 tantum
2909 2480 3168 2552 praesenti
3205 2487 3265 2537 et
3304 2480 3619 2550 temporali
3646 2480 3750 2533 vita

2134 2580 2470 2645 consulatur,
2525 2576 2621 2634 sed
2668 2584 2911 2642 internae,
2977 2574 3044 2629 ad
3096 2588 3265 2644 quam
3316 2573 3510 2629 veniri
3570 2580 3746 2642 pateat.

2134 2671 2182 2728 si
2226 2679 2451 2741 peccata
2494 2670 2782 2724 donentur.
2839 2664 2972 2734 Quae
3023 2664 3206 2721 debita
3254 2663 3539 2720 Dominus
3591 2660 3749 2732 appel-

2134 2760 2211 2817 lat
2260 2762 2402 2817 sicut
2456 2760 2509 2814 in
2556 2757 2853 2831 Evangelia
2888 2774 2987 2813 suo
3033 2757 3213 2813 dicit:
3488 2755 3599 2809 tibi
3624 2770 3750 2809 omne

2135 2854 2389 2921 debitum,
2434 2854 2562 2925 quia
2604 2868 2685 2909 me
2727 2852 2927 2923 rogasti
2958 2849 3175 2923 (Matth.
3208 2851 3402 2918 xviri).
3468 2848 3653 2914 Quian
3682 2862 3751 2900 ne

2136 2948 2371 3006 cessarie
2420 2953 2627 3012 autem,
2703 2958 2869 3015 quam
2931 2943 3285 3015 providenter
3342 2949 3408 2999 et
3472 2940 3751 2997 salubriter

2137 3042 2494 3098 admonemur
2541 3040 2687 3110 quod
2713 3044 3033 3109 peccatores
3081 3051 3291 3103 sumus,
3341 3035 3451 3106 qui
3492 3050 3605 3106 pro
3651 3046 3751 3105 pct-

2136 3137 2275 3193 catis
2320 3150 2517 3208 rogare
2566 3131 2978 3205 compellimur!
3018 3130 3123 3200 Qui
3165 3145 3334 3189 orare
3386 3147 3494 3187 nos
3546 3144 3651 3201 pro
3674 3130 3749 3184 deo

2136 3230 2266 3286 bitis
2312 3237 2367 3286 et
2414 3227 2657 3300 peccatis
2710 3226 2919 3294 docuit,
2974 3234 3261 3297 paternam
3319 3222 3753 3280 misericordiam

2137 3321 2412 3394 promisit,
2468 3330 2525 3376 et
2566 3319 2784 3377 veniam
2809 3326 3124 3375 secuturam
3179 3315 3459 3386 adiunxit,
3512 3316 3679 3386 plane
3705 3322 3751 3369 et

2138 3414 2344 3470 addidit
2394 3412 2592 3484 legem,
2640 3418 2792 3468 certa
2846 3424 2947 3466 nos
2984 3407 3298 3464 conditione
3356 3415 3422 3460 et
3467 3405 3748 3476 spessime

2137 3506 2540 3578 constringens,
2596 3512 2659 3563 ut
2705 3504 2787 3561 sic
2834 3502 2999 3569 (nobis
3044 3501 3242 3559 dimitti
3287 3500 3479 3556 debita
3518 3500 3747 3571 pestate-

2137 3615 2259 3654 mus
2292 3597 2587 3654 secundum
2628 3596 2775 3667 quod
2825 3602 2883 3651 et
2919 3594 3023 3666 ipsi
3051 3593 3394 3653 debitoribus
3439 3592 3653 3649 nostris
3676 3589 3747 3645 di-

2138 3693 2424 3749 mittimus.
2492 3690 2742 3747 Scientcs
2787 3688 3071 3759 impetrari
3111 3702 3217 3743 non
3268 3702 3440 3758 posse
3469 3686 3621 3757 quod
3665 3701 3749 3755 pm

2136 3785 2381 3856 peccatis
2428 3783 2665 3854 petimus
2720 3782 2823 3837 nisi
2860 3789 2915 3840 et
2956 3780 3062 3852 ipsi
3113 3780 3260 3837 circa
3312 3788 3644 3849 peccatores
3670 3792 3751 3829 no-

2986 3876 3197 3932 ldcirco
3245 3883 3304 3931 et
3363 3876 3481 3931 alio
3539 3876 3595 3930 in
3646 3875 3750 3929 lore

2136 3976 2312 4033 dicit:
2353 3974 2473 4041 Qua
2514 3991 2764 4030 mensura
2808 3972 2974 4028 mensi
3001 3971 3231 4042 fueritis,
3278 3970 3473 4025 eadem
3514 3981 3568 4024 et
3610 3984 3754 4023 restr-

2137 4072 2297 4127 tietur
2317 4070 2457 4125 vobis
2495 4068 2705 4143 (Marc.
2729 4084 2814 4135 Iv;
2857 4065 2988 4122 Luc.
3008 4066 3108 4138 γι).
3135 4065 3293 4121 Nulla
3319 4066 3475 4121 enim
3497 4065 3610 4120 alia
3646 4078 3754 4118 sea-

2138 4163 2309 4218 tentia
2359 4162 2440 4218 sic
2490 4174 2734 4226 oramus,
2781 4166 2845 4214 ut
2889 4159 3050 4230 quasi
3083 4158 3444 4228 paciscamur
3492 4172 3623 4212 cun
3665 4156 3753 4210 Do-

2137 4255 2308 4311 mino.
2375 4254 2435 4309 In
2485 4268 2592 4324 qua
2638 4252 2889 4324 pactione
2949 4252 2996 4307 si
3042 4251 3356 4317 mentimur,
3426 4251 3609 4306 totius
3646 4264 3752 4303 ora-

2137 4347 2305 4405 tionis
2354 4345 2534 4403 nullus
2580 4353 2663 4401 est
2708 4342 2937 4402 fructus.

2208 4439 2280 4494 Et
2311 4456 2375 4495 ne
2398 4454 2491 4494 nos
2526 4437 2748 4493 inducas
2776 4438 2831 4494 in
2853 4437 3210 4493 mutationem.
3238 4435 3429 4507 (Δις.)
3464 4433 3593 4491 Non
3620 4437 3751 4490 enim

2135 4547 2235 4602 per
2273 4531 2517 4602 seipsum
2560 4529 2768 4586 inducit
2814 4528 2979 4595 Deus,
3025 4528 3119 4585 sed
3155 4528 3340 4584 induci
3378 4528 3600 4597 patitur
3642 4541 3750 4581 culi

423 4613 586 4685 hujus
610 4617 734 4672 vita:
758 4621 1139 4677 necessitatem
1165 4632 1495 4691 sustentant,
1527 4626 1596 4681 de
1622 4642 1731 4697 quo
1750 4642 1873 4685 cum
1896 4644 2037 4698 prae»-
2064 4661 2115 4725 Η
2140 4638 2303 4694 quem
2332 4637 2431 4678 suo
2467 4620 2673 4676 auxilio
2700 4620 3041 4686 deseruerit,
3073 4619 3266 4675 ordine
3287 4618 3677 4674 occultissimo
3698 4631 3751 4669 ac

423 4708 581 4780 cipit,
611 4708 687 4765 ait
716 4727 730 4763 :
770 4710 947 4763 Nolite
979 4715 1209 4781 cogitare
1231 4714 1295 4769 de
1324 4717 1574 4772 crastino.
1600 4718 1670 4772 Et
1698 4719 1819 4776 ideo
1847 4720 1921 4775 sit
1941 4721 2036 4776 ad-

425 4801 598 4857 ditum
632 4819 644 4855 :
687 4799 772 4854 Da
802 4800 948 4855 nobis
978 4802 1152 4865 hodie,
1178 4813 1272 4858 aut
1293 4820 1393 4875 pro
1416 4817 1765 4865 sacramento
1788 4812 2037 4881 corporis

424 4893 650 4961 Christi,
682 4893 826 4964 quod
855 4895 1095 4964 quotidie
1116 4896 1435 4965 accipimus,
1466 4907 1559 4953 aut
1583 4915 1682 4970 pro
1710 4902 1941 4971 spiritali
1963 4904 2039 4958 ci-

424 4985 517 5053 bo,
543 4987 612 5047 dc
636 5001 746 5056 quo
772 4985 915 5041 idem
936 4986 1195 5042 Dominus
1210 4988 1371 5044 dicit:
1391 4988 1697 5061 Operamini
1722 5011 1896 5049 escam
1916 5013 2036 5068 qua:

425 5093 531 5132 non
574 5078 950 5149 corrumpitur.
984 5078 1050 5133 Et
1078 5078 1249 5134 illud:
1281 5079 1396 5151 Ego
1438 5098 1554 5137 sum
1593 5088 1747 5155 panis
1773 5086 1909 5154 vitea,
1942 5090 2034 5160 qui

426 5171 491 5226 de
520 5170 644 5225 caelo
667 5172 909 5227 descendi
933 5170 1117 5243 (Joan.
1143 5171 1242 5244 vr).
1270 5171 1378 5229 Sed
1404 5174 1595 5231 horum
1621 5179 1780 5236 trium
1810 5182 1937 5249 quid
1961 5184 2036 5239 sit

425 5262 870 5335 probatissimum
917 5264 1253 5321 considerari
1297 5275 1494 5337 potest.
1546 5267 1681 5322 Nam
1712 5269 1850 5326 forte
1884 5273 2034 5343 quis-

425 5353 577 5426 piam
604 5364 886 5411 moveatur
911 5372 1011 5413 cur
1037 5372 1257 5413 oremus
1287 5374 1385 5430 pro
1414 5358 1497 5413 his
1525 5359 1890 5430 adipiscendis
1911 5380 2036 5433 quae

427 5444 559 5501 huic
600 5445 724 5501 vitae
769 5455 897 5504 sunt
940 5448 1274 5517 necessaria,
1322 5449 1488 5506 veluti
1540 5460 1626 5508 est
1668 5454 1843 5510 victus
1873 5464 1929 5510 et
1956 5463 2034 5510 te-

428 5545 769 5609 gumentum,
820 5555 945 5596 cum
996 5540 1111 5612 ipse
1156 5540 1421 5598 Dominus
1469 5542 1641 5599 dicit:
1674 5543 1854 5601 Nolite
1890 5546 2036 5602 solli-

352 5646 359 5659 ί
427 5632 521 5689 citi
548 5649 659 5689 esse
691 5633 816 5705 quid
848 5634 1037 5700 edatis,
1072 5644 1165 5689 aut
1193 5635 1319 5707 quid
1353 5635 1648 5690 induamini
1695 5635 1908 5711 (Matth.
1937 5639 2032 5712 vr);

429 5724 498 5781 de
549 5734 891 5781 sacramento
914 5733 1097 5781 autem
1127 5726 1372 5797 corporis
1414 5727 1650 5793 Domini,
1704 5737 1763 5783 ut
1809 5728 1885 5783 illi
1928 5746 2037 5786 non

429 5824 687 5873 moveant
734 5816 1105 5886 quantitatem,
1163 5819 1254 5891 qui
1296 5818 1513 5890 plurimi
1570 5819 1623 5875 in
1672 5817 2038 5881 Orientalibus

429 5907 703 5979 partibus,
749 5922 862 5967 non
899 5908 1140 5982 quotidie
1180 5925 1353 5969 create
1400 5910 1694 5969 Dominicae
1730 5915 2035 5973 communi-

2140 4721 2370 4783 meritis.
2421 4717 2615 4774 Causis
2659 4717 2825 4773 etiam
2877 4733 3023 4788 saepe
3056 4714 3363 4772 manifestis
3400 4715 3638 4787 dignun
3667 4714 3749 4781 ju-

2141 4812 2288 4870 dicat
2337 4810 2488 4866 illum
2551 4824 2714 4881 quem
2781 4809 2997 4865 deserat
3048 4816 3104 4863 et
3143 4808 3199 4862 in
3257 4808 3631 4862 mutationem
3684 4806 3756 4859 in-

2142 4905 2267 4962 duci
2320 4904 2483 4960 sinat.
2532 4901 2697 4959 Aliud
2740 4910 2824 4958 est
2851 4910 3033 4957 autem
3081 4900 3263 4955 induci
3294 4898 3755 4957 intentationem,

2143 4997 2290 5059 aliud
2332 4996 2557 5053 tentari.
2635 4992 2773 5050 Nam
2825 4995 2944 5051 sine
2988 4993 3291 5049 tentatione
3343 4990 3613 5061 probatas
3645 5005 3757 5045 esse

2142 5090 2325 5146 nullus
2369 5098 2570 5159 potest.
2619 5086 2734 5144 Non
2775 5101 2906 5157 ergo
2956 5086 3048 5142 hic
3079 5088 3271 5141 oratur
3308 5092 3372 5137 ut
3422 5099 3534 5138 non
3597 5091 3760 5139 tente-

2140 5194 2287 5242 mur,
2339 5181 2432 5234 sed
2483 5188 2540 5232 ut
2592 5195 2701 5232 non
2751 5178 3051 5242 inferamur
3101 5176 3156 5230 in
3199 5176 3591 5235 tentationem,
3648 5186 3756 5231 tan-

2141 5284 2303 5338 quam
2356 5268 2407 5323 si
2445 5268 2715 5339 quispiam
2762 5269 2850 5324 cui
2898 5282 3124 5327 necesse
3164 5278 3247 5325 est
3269 5269 3397 5340 igne
3422 5271 3754 5333 examinari,

2142 5375 2252 5415 non
2272 5358 2464 5416 oret'ut
2484 5360 2731 5431 ignenon
2753 5360 3118 5431 contingatur,
3146 5362 3239 5417 sed
3272 5371 3754 5418 utnonesuratur.

2151 5450 2295 5507 Vasa
2322 5468 2461 5509 enim
2485 5451 2637 5523 ﬁguli
2656 5451 2845 5522 probat
2866 5452 3085 5523 form,
3102 5463 3154 5509 et
3176 5454 3410 5510 homines
3422 5455 3616 5526 justas
3644 5469 3755 5511 tea-

2142 5545 2275 5600 tatio
2302 5543 2658 5601 tribulationis
2686 5544 2879 5617 (Eccli.
2918 5546 3097 5617 xx").
3133 5546 3283 5605 Multi
3313 5556 3503 5605 autem
3552 5551 3610 5605 in
3636 5565 3757 5621 pre—

2141 5641 2316 5697 cando
2349 5639 2423 5694 ita
2454 5638 2641 5695 dicunt
2666 5657 2679 5695 :
2708 5638 2788 5696 Ne
2808 5655 2908 5696 nos
2930 5640 3159 5711 patiaris
3193 5641 3375 5697 induci
3405 5642 3462 5697 in
3495 5646 3757 5700 tentatiov

2139 5746 2287 5795 nem,
2332 5738 2665 5800 exponentes
2712 5730 2960 5788 videlicet
2988 5732 3261 5802 quomodo
3306 5733 3519 5789 dictum
3562 5736 3639 5788 sit
3678 5736 3758 5788 il-

2136 5825 2322 5880 ducas.
2388 5824 2503 5893 Qua
2553 5825 2607 5879 in
2651 5832 2809 5895 parte
2859 5826 3162 5883 ostenditur
3217 5826 3352 5883 nihil
3399 5837 3597 5884 contra
3654 5844 3760 5886 nos

2137 5917 2511 5979 adversarium
2557 5930 2740 5990 posse,
2786 5918 2893 5979 nisi
2947 5918 3092 5978 Deus
3137 5927 3269 5979 ante
3311 5922 3657 5992 permiserit.
3696 5932 3760 5980 ut
