3914 6454
185 449 284 508 821

1167 444 1518 503 COMMENT.
1553 399 2107 511 maturrimum.
2144 465 2215 478 —
2250 422 2379 493 Lm.
2419 424 2484 495 n.

3336 434 3444 498 ϐῆ

185 566 356 623 ninnis
406 564 567 618 timor
604 569 787 618 noster
832 569 886 617 et
910 561 1122 618 devotio
1152 569 1312 632 atque
1360 559 1664 617 observatio
1685 559 1761 613 ad
1786 560 1840 621 Α
1866 567 1985 607 rum
2032 550 2421 623 signiﬁcantes,
2469 553 2573 610 sed
2598 554 2835 627 puritate
2879 555 3080 630 mentis
3116 556 3448 613 haurientes.

184 657 466 713 Dominum
519 662 882 721 convertatur,
913 654 1128 725 quando
1153 654 1206 708 in
1238 650 1623 731 tentationibus
1658 664 1763 704 no-

180 752 306 813 stris
332 749 466 804 nihil
489 748 629 804 maio
656 747 834 814 liceat,
863 747 966 804 nisi
986 754 1247 819 potestas
1289 746 1414 799 inde
1463 744 1759 803 tribuatur.

250 841 351 899 Sed
379 839 541 894 libera
566 856 658 895 nos
687 854 720 893 a
744 838 900 905 maio,
940 855 1109 895 amen.
1162 837 1385 905 Quando
1413 842 1592 890 autem
1622 833 1762 889 dici-

179 940 313 999 mus,
368 931 529 987 libera
553 946 702 986 nosa
734 928 894 996 malo,
942 929 1074 985 nihil
1121 934 1367 983 remanet
1415 926 1562 998 quod
1610 925 1763 980 ultra

180 1027 350 1083 adhuc
395 1026 589 1081 debeat
646 1023 921 1096 postulari,
972 1022 1187 1092 quando
1234 1020 1398 1076 semel
1458 1020 1760 1090 protectio-

176 1132 297 1173 nem
361 1116 458 1171 Dei
525 1114 780 1170 adversus
831 1113 1031 1168 malum
1068 1113 1319 1184 petimus.
1379 1109 1601 1183 (illitum)
1637 1109 1760 1178 Qun

130 1218 133 1219 '
177 1210 478 1279 impetrata,
531 1215 717 1262 contra
754 1205 934 1261 omnia
979 1218 1099 1275 qua:
1138 1203 1379 1259 diabolus
1424 1209 1479 1256 et
1522 1202 1760 1257 mundus

175 1304 466 1371 operantur
507 1299 683 1353 securi
712 1306 920 1354 stamus
964 1306 1019 1351 et
1065 1296 1184 1349 tuti.
1237 1294 1346 1350 Sed
1389 1294 1491 1349 hoc
1535 1293 1587 1347 in
1616 1302 1761 1362 prm-

175 1392 307 1448 senti
352 1391 431 1456 ﬁt,
462 1398 721 1461 quantum
755 1389 993 1445 divinum
1024 1401 1252 1441 examen
1292 1384 1447 1439 nobis
1474 1378 1605 1438 utile
1632 1398 1760 1440 esse

171 1482 522 1551 prospexerit.
570 1478 723 1534 Unde
749 1479 881 1534 dicit
906 1476 1228 1547 Apostolus:
1260 1474 1455 1529 Fidelis
1482 1484 1555 1528 est
1586 1474 1755 1542 Deus,

170 1575 256 1644 qui
300 1589 402 1627 non
448 1574 645 1643 patitur
682 1588 770 1625 vos
811 1570 1003 1625 tentari
1047 1584 1207 1639 supra
1248 1566 1303 1621 id
1348 1565 1487 1638 quod
1516 1568 1754 1637 potestis,

169 1662 257 1716 sed
284 1661 409 1730 facit
439 1676 557 1715 cum
585 1661 866 1715 tentatione
894 1666 1217 1729 proventum,
1266 1663 1322 1710 ut
1350 1656 1558 1726 possitis
1592 1656 1757 1709 susti-

170 1769 287 1807 nere
338 1751 391 1824 (1
405 1751 527 1805 Cor.
570 1754 650 1823 χ).
684 1750 957 1807 Orandum
1005 1756 1088 1803 est
1134 1749 1278 1803 enim
1323 1754 1382 1801 ut
1430 1762 1536 1801 non
1575 1746 1754 1803 solum

171 1856 276 1896 non
302 1842 619 1896 inducamur
645 1842 699 1894 in
731 1839 928 1894 malum
969 1854 1076 1909 quo
1117 1852 1363 1893 caremus
1408 1836 1572 1909 (quod
1594 1846 1754 1898 sexto

166 1934 285 1989 loco
324 1933 601 2006 petimus),
632 1933 727 1988 sed
781 1932 850 1987 ab
882 1932 975 1987 illo
1023 1932 1186 1988 etiam
1252 1928 1567 1998 liberemur,
1643 1948 1756 2003 quo

160 2029 272 2101 jam
316 2029 517 2083 inducti
565 2043 768 2083 sumus.
832 2027 982 2095 Quod
1027 2043 1150 2083 cum
1196 2025 1398 2083 factum
1442 2026 1622 2093 fuerit,
1671 2030 1758 2083 ni—

164 2119 241 2175 hii
286 2116 583 2175 remanebit
616 2118 1040 2183 formidolosum,
1084 2132 1186 2173 nec
1212 2118 1433 2173 omnino
1462 2117 1754 2173 metuenda

167 2213 270 2265 erit
321 2211 427 2265 ulla
473 2211 716 2265 tentatio.
784 2209 939 2277 Quod
1002 2217 1181 2265 tamen
1242 2209 1297 2264 in
1354 2209 1457 2265 hac
1507 2210 1637 2276 vita,
1695 2218 1749 2265 et

165 2302 400 2372 quandiu
472 2303 628 2357 istam
694 2303 1079 2357 mortalitatem
1143 2299 1587 2363 circumferimus,
1656 2300 1750 2357 ubi

164 2394 465 2463 serpentina
512 2394 857 2463 persuasione
900 2392 1101 2446 inducti
1124 2408 1330 2457 sumus,
1386 2407 1494 2447 non
1524 2407 1753 2462 speran-

164 2484 287 2539 dum
335 2499 491 2553 posse
522 2484 668 2550 ﬁeri,
700 2486 791 2540 sed
822 2493 1000 2539 tamen
1028 2484 1317 2554 aliquando
1352 2483 1592 2540 futurum
1622 2501 1748 2556 spe-

163 2574 385 2629 randum
430 2584 533 2630 est.
583 2575 895 2647 Opportune
926 2584 1104 2631 autem
1149 2582 1391 2646 tempore
1437 2575 1752 2645 perﬁcietur

162 2664 456 2733 beatitudo,
489 2680 606 2737 quae
635 2666 689 2720 in
718 2668 821 2721 hac
867 2666 978 2720 vita
1017 2665 1269 2720 inchoata
1311 2673 1414 2731 est,
1462 2673 1516 2720 et
1542 2665 1627 2721 cui
1657 2681 1749 2721 ca-

161 2760 436 2827 pessenda:
480 2766 641 2829 atque
702 2758 1006 2814 obtinenda:
1044 2758 1335 2829 aliquando
1386 2770 1532 2813 nunc
1570 2758 1747 2815 omnis

161 2854 380 2908 conatus
406 2853 751 2924 impenditur.
803 2851 909 2908 Sed
933 2854 1123 2907 harum
1153 2861 1386 2921 quatuor
1426 2852 1747 2923 petitionum

162 2943 548 2999 consideranda
590 2950 644 2999 et
683 2945 1104 2999 commendanda
1152 2944 1426 2999 distinctio
1459 2952 1559 2999 est.
1607 2943 1745 2999 Nam

161 3049 280 3089 cum
341 3037 451 3091 vita
496 3045 682 3091 nostra
740 3037 1107 3108 temporaiiter
1153 3046 1297 3091 nunc
1351 3036 1529 3108 agitur
1582 3045 1745 3106 atque

159 3135 397 3195 speratur
456 3136 675 3194 acterna,
712 3136 917 3184 etcum
960 3137 1162 3183 acterna
1186 3129 1367 3199 priora
1418 3136 1545 3184 sunt
1571 3130 1743 3201 digni-

159 3224 286 3281 tate,
320 3219 569 3288 quamvis
598 3219 977 3290 temporalibus
1006 3220 1157 3289 prius
1185 3219 1321 3274 actis
1342 3218 1409 3275 ad
1439 3218 1527 3273 illa
1559 3228 1740 3274 trans-

1864 642 1999 699 Nam
2039 642 2272 700 fortasse
2310 652 2367 700 et
2411 653 2698 716 propterea
2742 644 2898 716 panis
2952 645 3127 702 dictus
3183 653 3289 714 est,
3343 662 3452 704 non

1863 744 2042 807 potus,
2089 735 2212 806 quia
2241 736 2395 806 panis
2426 733 2722 808 frangendo
2746 745 2910 808 atque
2938 736 3240 793 mandendo
3267 737 3323 793 in
3354 737 3444 795 aii-

1864 842 2105 889 mentum
2153 834 2505 902 convertitur,
2554 836 2698 892 sicut
2732 833 3026 910 Scripturat
3068 834 3361 912 aperiendo
3394 846 3453 899 et

1865 926 2179 985 disserendo
2220 927 2456 982 animam
2500 932 2745 1001 pascunt.
2791 927 2959 986 Pctus
2984 939 3164 986 autem
3208 941 3448 1003 paratus,

1863 1020 2024 1075 sncuti
2059 1029 2161 1087 est,
2210 1021 2406 1077 transit
2434 1022 2487 1076 in
2519 1037 2735 1095 corpus,
2782 1030 2842 1079 ut
2887 1022 2991 1078 isto
3018 1030 3260 1095 tempore
3298 1024 3452 1097 panis

1863 1109 1934 1165 sit
1974 1111 2215 1179 veritas,
2262 1128 2385 1167 cum
2451 1112 2798 1185 quotidianus
2846 1115 3002 1185 panis
3043 1115 3273 1183 dicitur;
3323 1122 3453 1172 tunc

1865 1212 2045 1258 autem
2072 1212 2251 1277 potus,
2271 1205 2592 1263 cumlabore
2621 1204 2767 1262 nullo
2784 1206 3089 1278 disputandi
3117 1217 3174 1264 et
3188 1207 3451 1263 sermoci-

1862 1294 2046 1361 nandi,
2078 1297 2231 1367 quasi
2260 1295 2542 1369 frangendi
2587 1304 2748 1369 atque
2775 1300 3083 1369 mandendi,
3131 1316 3267 1374 opus
3319 1302 3447 1370 erit,

1862 1388 1960 1443 sed
1991 1388 2105 1446 solo
2140 1389 2336 1447 haustu
2385 1391 2610 1447 sincera:
2638 1408 2701 1447 ac
2737 1394 3033 1463 perspicua:
3069 1395 3333 1451 veritatis.
3383 1393 3454 1453 Et

1858 1482 2080 1547 peccata
2127 1495 2272 1536 nunc
2326 1480 2483 1537 nobis
2511 1481 2873 1549 dimittuntur,
2936 1491 2991 1537 et
3036 1496 3181 1540 nunc
3226 1484 3449 1540 dimitti-
3518 1559 3521 1562 ν

1860 1582 1999 1633 mus,
2043 1586 2162 1646 quae
2205 1571 2397 1627 harum
2447 1583 2680 1645 quatuor
2720 1576 3051 1646 reliquarum
3093 1577 3330 1632 secunda
3357 1591 3452 1649 pe-

1860 1659 1982 1716 titio
2013 1668 2127 1729 est;
2178 1670 2306 1719 tunc
2353 1674 2534 1720 autem
2577 1666 2721 1721 nulla
2753 1667 2858 1722 erit
2889 1668 3048 1723 venia
3076 1679 3448 1738 peccatorum,

1859 1742 2000 1823 quia
2018 1752 2162 1809 nulla
2191 1763 2431 1825 peccata.
2482 1757 2549 1812 Et
2568 1759 2890 1813 tentationes
2917 1759 3266 1831 temporalem
3288 1759 3451 1816 istam

1858 1845 2025 1900 vitam
2071 1846 2347 1914 infestant,
2401 1864 2506 1904 non
2556 1858 2740 1905 autem
2786 1859 2944 1909 erunt
2979 1860 3105 1911 cum
3151 1852 3451 1926 perfectum

1784 1914 1832 1980 Β
1858 1934 2023 1993 fuerit
2052 1939 2196 2015 quod
2226 1939 2427 1995 dictum
2455 1944 2537 1996 est
2570 1960 2583 1995 :
2615 1941 2909 1997 Abscondes
2934 1959 3022 2001 eos
3054 1944 3110 2003 in
3136 1914 3313 1999 dbdito
3340 1942 3453 1999 vul-

1856 2020 1941 2085 tus
1967 2038 2042 2085 (ut
2084 2029 2256 2102 (Psal.
2280 2031 2449 2104 (xxx).
2523 2033 2590 2088 Et
2618 2035 2817 2090 malum
2846 2051 2879 2090 a
2907 2052 3016 2107 quo
3042 2036 3261 2095 liberari
3300 2046 3453 2109 opta-

1854 2140 1999 2190 mus,
2046 2133 2100 2179 et
2129 2122 2243 2196 ipsa
2275 2126 2525 2184 liberatio
2554 2145 2585 2182 a
2614 2129 2757 2185 malo
2783 2129 2851 2184 ad
2883 2131 3024 2186 hanc
3058 2132 3245 2203 utique
3283 2132 3453 2187 vitam

1852 2216 2108 2286 pertinet,
2156 2232 2317 2287 quam
2352 2226 2405 2274 et
2423 2214 2634 2289 justitia
2680 2219 2775 2277 Dei
2817 2222 3098 2278 mortalem
3130 2222 3449 2289 meruimus,

1852 2318 1909 2363 et
1953 2309 2095 2365 unde
2147 2309 2316 2385 ipsius
2356 2310 2730 2367 misericordia
2780 2311 3151 2369 iiberabimur.
3220 2311 3447 2371 Videtur

1851 2402 2017 2457 etiam
2074 2402 2211 2458 mihi
2256 2406 2591 2474 septenarius
2628 2405 2730 2461 iste
2770 2421 3029 2462 numerus
3075 2405 3267 2461 harum
3308 2406 3447 2479 peti-

1850 2496 2059 2553 tionum
2089 2514 2391 2570 congruere
2415 2497 2490 2553 illi
2519 2499 2825 2571 septenario
2851 2515 3097 2569 numero,
3121 2514 3188 2555 ex
3234 2514 3342 2571 quo
3371 2507 3451 2555 to-

1850 2599 1940 2648 tus
1983 2592 2083 2647 iste
2129 2607 2310 2649 sermo
2362 2594 2622 2649 manavit.
2695 2592 2753 2648 Si
2799 2594 2945 2650 enim
2995 2596 3156 2652 timor
3198 2590 3297 2650 Dei
3342 2600 3448 2658 est,

1848 2699 1956 2757 quo
2001 2682 2137 2738 beati
2180 2693 2301 2737 sunt
2351 2696 2603 2756 pauperes
2657 2686 2870 2756 spiritu,
2926 2689 3177 2759 quoniam
3212 2687 3446 2758 ipsorum

1846 2782 1921 2829 est
1950 2790 2165 2846 regnum
2190 2771 2433 2829 caelorum
2462 2773 2679 2848 (Matth.
2713 2776 2794 2845 v),
2816 2784 3062 2851 petamus
3104 2785 3166 2830 ut
3208 2774 3447 2845 sanctiﬁ-

1847 2872 1995 2920 cetur
2042 2864 2098 2918 in
2141 2862 2451 2919 hominibus
2499 2882 2686 2920 nomen
2730 2862 2849 2932 Dei,
2894 2867 3087 2921 timore
3135 2874 3287 2920 (taste
3324 2879 3450 2934 per—

1844 2971 2101 3016 manente
2151 2961 2205 3014 in
2254 2960 2450 3016 saecula
2497 2958 2839 3016 saeculorum.
2891 2960 2951 3017 Si
2992 2962 3170 3032 pietas
3215 2964 3302 3016 est
3342 2973 3448 3030 qua

1847 3050 1985 3107 beati
2028 3058 2156 3107 sunt
2202 3050 2373 3119 mites,
2408 3048 2656 3129 quoniam
2694 3053 2794 3124 ipsi
2839 3053 3175 3124 possidebunt
3229 3060 3444 3116 terram,

1843 3153 2093 3223 petamus
2135 3154 2194 3201 ut
2234 3144 2404 3200 veniat
2461 3162 2674 3221 regnum
2702 3145 2841 3216 ejus,
2890 3146 3005 3202 sive
3048 3146 3103 3200 in
3135 3160 3236 3202 nos
3278 3146 3445 3219 ipsos,

1844 3245 1905 3290 ut
1935 3236 2305 3305 mitescamus,
2354 3254 2455 3296 nec
2499 3240 2548 3298 ei
2578 3241 2916 3309 resistamus,
2969 3243 3084 3298 sive
3115 3241 3182 3299 de
3224 3240 3363 3298 caelo
3387 3241 3440 3297 in

159 3313 329 3373 eatur,
394 3308 557 3363 trium
604 3309 901 3379 primarum
940 3309 1257 3379 petitionum
1308 3309 1735 3379 impctrationes,
1768 3288 1819 3353 θ
1846 3336 2020 3383 terms
2048 3327 2104 3383 in
2131 3329 2382 3386 claritate
2419 3330 2682 3389 adventus
2732 3288 2963 3398 υοηιίιξε⁹
3013 3349 3121 3409 quo
3167 3349 3266 3389 nos
3305 3348 3441 3403 gau-

158 3414 463 3471 quanquam
510 3403 565 3456 in
616 3404 716 3458 hac
763 3405 896 3471 vita,
970 3419 1089 3474 quae
1137 3404 1240 3460 isto
1294 3405 1489 3459 srecuio
1541 3406 1739 3476 agitur,

158 3493 435 3554 exordium
472 3495 686 3565 capiant
714 3494 869 3567 (nam
894 3504 946 3551 et
981 3495 1338 3550 sanctiﬁcatio
1364 3496 1600 3552 nominis
1622 3498 1740 3569 Dei,

156 3582 223 3636 ab
253 3583 369 3652 ipso
398 3584 608 3641 Domini
652 3587 948 3642 nativitatis
980 3588 1210 3642 adventu
1240 3586 1328 3659 agi
1352 3588 1537 3658 coepit,
1569 3600 1625 3644 et
1649 3589 1743 3644 ad-

154 3683 348 3729 ventus
379 3677 527 3745 regni
561 3674 676 3743 ejus
704 3692 810 3746 quo
851 3676 907 3731 in
953 3676 1198 3733 claritate
1223 3686 1481 3755 venturus
1511 3688 1595 3734 est
1631 3695 1741 3735 non

148 3760 262 3830 jam
309 3765 460 3820 ﬁnito
502 3768 717 3833 smcuio,
763 3769 856 3822 sed
887 3769 942 3823 in
971 3768 1075 3824 ﬁne
1117 3769 1318 3835 saeculi,
1368 3769 1742 3827 manifestabi-

154 3864 263 3920 tur,
312 3865 366 3911 et
395 3858 653 3927 perfectio
697 3861 987 3916 voluntatis
1015 3859 1130 3929 ejus
1170 3862 1309 3917 sicut
1348 3862 1401 3917 in
1432 3863 1571 3918 caelo
1597 3868 1653 3918 et
1685 3865 1741 3919 in

155 3953 317 4011 terra,
360 3950 472 4004 sive
508 3951 681 4022 justos
725 3959 779 4007 et
832 3960 1144 4023 peccatores
1195 3953 1391 4009 ctutum
1436 3962 1493 4009 et
1539 3962 1740 4010 terram

155 4038 439 4111 intelligas,
491 4042 602 4097 sive
631 4044 879 4112 spiritum
922 4050 975 4099 et
1004 4060 1244 4112 carnem,
1298 4046 1413 4101 sive
1454 4046 1740 4102 Dominum

156 4139 208 4185 et
234 4132 547 4200 Ecclesium,
574 4136 688 4191 sive
723 4138 902 4193 omnia
932 4138 1111 4205 simul,
1152 4139 1267 4209 ipsa
1292 4137 1621 4209 perfectione
1643 4155 1742 4195 no—

156 4232 277 4279 stne
312 4228 681 4296 beatitudinis,
721 4238 776 4285 et
808 4232 928 4286 ideo
958 4232 1137 4287 saeculi
1184 4233 1565 4289 terminatione
1586 4249 1738 4289 com-

156 4318 438 4394 piehitur},
491 4332 669 4379 tamen
724 4322 904 4379 omnia
958 4326 1061 4380 tria
1108 4327 1165 4381 in
1228 4335 1493 4383 atternum
1554 4343 1741 4383 mane-

156 4408 302 4465 bunt.
350 4412 487 4468 Nam
531 4423 586 4470 et
614 4415 969 4471 sanctiﬁcatio
1014 4417 1250 4473 nominis
1288 4416 1383 4472 Dei
1412 4419 1741 4488 sempiterna

157 4498 275 4564 erit,
324 4510 379 4556 et
429 4504 578 4572 regni
610 4504 725 4573 ejus
765 4521 871 4560 non
910 4506 1015 4562 erit
1047 4506 1187 4573 ﬁnis,
1237 4514 1293 4562 et
1340 4505 1592 4578 perfectae
1638 4523 1739 4561 no-

157 4600 275 4644 stra:
321 4593 640 4650 beatitudini
678 4604 879 4651 mterna
909 4597 1017 4650 vita
1060 4594 1409 4669 promittitur.
1453 4599 1741 4653 Permane-

156 4677 282 4736 bunt
316 4700 450 4758 ergo
481 4687 582 4742 ista
620 4688 721 4741 tria
777 4697 1150 4743 consummata
1184 4696 1345 4760 atque
1373 4688 1636 4743 cumulata
1686 4688 1739 4743 in

159 4768 240 4823 illa
277 4775 383 4830 vita
434 4791 556 4846 qua:
600 4777 758 4832 nobis
788 4778 1140 4848 promittitur.
1188 4778 1413 4850 Reliqua
1444 4794 1573 4836 vero
1610 4795 1746 4850 qua-

158 4866 290 4930 tuor,
320 4878 440 4936 quae
468 4867 721 4938 petimus,
753 4868 819 4923 ad
849 4871 1196 4941 temporalem
1224 4873 1381 4926 istam
1415 4873 1580 4927 vitam
1623 4886 1745 4942 per-

158 4949 322 5009 tinere
352 4954 489 5012 mihi
517 4959 784 5015 videntur.
832 4961 1070 5029 Quorum
1105 4963 1339 5033 primum
1378 4973 1462 5020 est
1500 4981 1512 5017 ε
1542 4961 1744 5019 Panem

160 5055 381 5101 nostrum
409 5050 771 5121 quotidianum
802 5052 870 5106 da
899 5053 1044 5107 nobis
1070 5053 1242 5109 hodie.
1284 5054 1396 5111 Hoc
1442 5056 1559 5128 ipso
1599 5056 1741 5112 enim

161 5136 296 5201 quod
332 5140 508 5195 dictus
544 5148 629 5196 est
657 5143 1019 5212 quotidianus,
1061 5147 1216 5214 panis
1245 5147 1501 5215 spiritalis
1533 5147 1738 5219 signiﬁ-

163 5235 328 5295 catur,
358 5232 474 5289 sive
507 5230 561 5288 in
592 5243 951 5302 sacramento,
985 5243 1079 5290 aut
1104 5236 1154 5291 in
1184 5237 1329 5292 victu
1358 5238 1461 5293 isto
1489 5239 1737 5307 visibilis,

164 5315 225 5369 ad
255 5319 353 5379 hoc
390 5334 602 5397 tempus
630 5329 879 5397 pertinet,
910 5331 1053 5400 quod
1088 5328 1375 5401 appellavit
1402 5331 1556 5387 hodie
1580 5344 1601 5385 :
1633 5347 1738 5387 non

164 5413 281 5479 quia
310 5421 570 5489 spiritalis
608 5420 760 5476 cibus
790 5438 893 5477 non
919 5434 1003 5479 est
1047 5424 1432 5495 sempiternus,
1476 5422 1572 5478 sed
1613 5423 1740 5492 quia

167 5503 283 5574 iste,
329 5504 420 5584 qui
466 5516 811 5585 quotidianus
863 5517 1036 5573 dictus
1065 5526 1147 5572 est
1181 5518 1234 5572 in
1267 5516 1583 5586 Scriptnris,
1627 5516 1742 5571 sive

165 5596 217 5652 in
261 5609 483 5679 strepitu
528 5611 815 5677 sermonis,
861 5609 974 5664 sive
1021 5610 1322 5683 quibusque
1360 5609 1748 5681 temporalibus

163 5690 326 5766 signis
377 5704 666 5761 exhibetur
710 5702 921 5759 animm.
980 5703 1109 5772 Quae
1159 5705 1340 5759 omnia
1384 5710 1516 5761 tunc
1563 5704 1748 5775 utique
1790 5782 1793 5785 Α

166 5795 268 5839 non
320 5801 497 5858 erunt,
541 5808 663 5848 cum
699 5809 884 5849 omnes
914 5801 1074 5847 erunt
1102 5793 1359 5849 docibiles
1400 5794 1520 5861 Dei,
1568 5801 1624 5851 et
1666 5794 1747 5865 ip-

164 5886 280 5933 sam
328 5880 653 5941 ineti'abilem
698 5884 872 5945 lucem
920 5886 1168 5944 veritatis
1198 5902 1304 5944 non
1351 5892 1501 5943 motu
1552 5900 1744 5961 corpo-

1843 3417 2092 3473 debimus
2134 3426 2190 3473 et
2220 3418 2543 3487 iactabimur,
2567 3421 2781 3477 dicente
2810 3422 2937 3477 illo:
2991 3419 3187 3488 Venite,
3231 3420 3440 3475 benedi-

1841 3512 1910 3565 cti
1945 3508 2125 3566 Patris
2163 3513 2287 3578 mei,
2332 3521 2388 3569 et
2417 3513 2622 3585 reliqua
2651 3514 2864 3587 (Matth.
2896 3513 3046 3585 xxv).
3091 3512 3160 3568 In
3210 3511 3439 3567 Domino

1842 3603 2007 3671 enim,
2058 3603 2235 3674 inquit
2273 3603 2564 3678 PrOpheta,
2616 3605 2923 3661 laudabitur
2958 3605 3139 3665 anima
3176 3621 3314 3671 mea;
3342 3621 3443 3659 au-
3526 3642 3527 3645 η

1841 3694 1991 3748 diant
2048 3697 2308 3751 mansueti
2366 3714 2413 3751 et
2462 3697 2824 3768 jucundentur
2884 3693 3056 3771 (Psal.
3105 3695 3323 3768 xxxiii).
3385 3695 3443 3751 Si

1839 3784 2067 3856 scientia
2112 3794 2196 3841 est
2238 3802 2341 3859 qua
2386 3786 2520 3842 beati
2561 3796 2687 3843 sunt
2731 3789 2819 3861 qui
2841 3788 3040 3860 lugent,
3067 3787 3315 3860 quoniam
3340 3785 3443 3859 ipsi

1842 3877 2271 3945 consolabuntur,
2314 3895 2533 3936 oremus
2576 3888 2638 3935 ut
2673 3878 2771 3949 ﬁat
2810 3878 3048 3935 uoluntas
3074 3879 3189 3950 ejus
3211 3878 3346 3934 sicut
3382 3878 3439 3933 in

1842 3964 1968 4019 caelo
2009 3974 2057 4019 et
2098 3965 2155 4019 in
2187 3975 2347 4033 terra,
2389 3968 2518 4038 quia
2565 3983 2688 4023 cum
2728 3982 2944 4047 corpus,
2994 3975 3254 4037 tanquam
3294 3976 3440 4023 terra

1839 4058 2076 4131 spiritui,
2132 4067 2391 4132 tanquam
2437 4060 2597 4128 coelo,
2645 4072 2855 4116 summa
2880 4068 2936 4118 et
2981 4069 3093 4118 tota
3142 4074 3278 4137 pace
3314 4074 3443 4116 con-

1841 4148 2094 4215 senserit,
2126 4164 2234 4206 non
2285 4151 2613 4223 lugebimus.

1915 4239 2049 4297 Nam
2084 4242 2262 4299 nullus
2293 4243 2429 4299 alius
2456 4244 2617 4316 hujus
2662 4245 2921 4315 temporis
2966 4244 3142 4301 luctus
3170 4254 3295 4312 est,
3328 4244 3433 4301 nisi

1845 4345 1972 4386 cum
2012 4332 2273 4389 adversus
2314 4350 2372 4389 se
2421 4334 2523 4389 ista
2556 4332 2869 4411 confligunt,
2894 4341 2950 4390 et
2986 4342 3189 4408 cogunt
3231 4348 3332 4392 nos
3360 4334 3442 4391 di-

1845 4437 1972 4479 cere
2008 4443 2019 4479 :
2070 4424 2227 4480 Video
2256 4425 2418 4482 aliam
2454 4425 2613 4499 legem
2642 4420 2699 4483 in
2724 4428 2968 4484 membris
2989 4430 3118 4484 meis
3144 4445 3439 4500 repugnan-

1844 4523 1945 4567 tem
1973 4513 2075 4587 legi
2101 4518 2289 4572 mentis
2330 4535 2497 4584 mete;
2526 4527 2581 4573 et
2612 4518 2816 4574 luctum
2862 4527 3107 4573 nostrum
3136 4518 3442 4589 iacrymosa

1845 4617 1979 4661 v0ce
2011 4608 2240 4662 testari:
2282 4606 2446 4663 Miser
2476 4626 2569 4679 ego
2598 4609 2773 4675 homo,
2816 4608 2932 4679 quis
2970 4622 3052 4662 me
3090 4605 3328 4662 liberabit
3377 4608 3444 4662 de

1848 4714 2062 4767 corpore
2111 4699 2290 4752 mortis
2320 4698 2478 4768 hujus
2513 4697 2685 4771 (Rom.
2718 4696 2854 4771 vn)?
2896 4697 2955 4753 Si
3005 4696 3264 4753 fortitudo
3305 4706 3391 4754 est
3421 4739 3436 4765 ,

1848 4807 1950 4865 qua
1982 4790 2119 4845 beati
2148 4799 2273 4845 sunt
2296 4792 2387 4861 qui
2415 4789 2669 4852 esuriant,
2701 4798 2749 4843 et
2788 4789 2972 4843 sFtiunt
2990 4788 3281 4867 justitiam,
3304 4809 3437 4864 quo-

1848 4880 1990 4935 niam
2017 4882 2116 4952 ipsi
2150 4880 2555 4945 saturabuntur,
2586 4895 2803 4936 oremus
2826 4889 2885 4934 ut
2926 4881 3080 4953 panis
3111 4890 3289 4937 noster
3309 4899 3436 4955 quo-

1847 4974 2081 5028 tidianus
2108 4974 2262 5027 detur
2286 4972 2434 5027 nobis
2469 4972 2654 5038 hodie,
2682 4986 2789 5042 quo
2819 4970 2938 5027 fulti
2965 4980 3127 5042 atque
3151 4975 3436 5030 sustentati

1851 5063 1920 5117 ad
1968 5062 2338 5134 plenissimam
2370 5062 2516 5117 illam
2548 5054 2886 5117 saturitatem
2916 5061 3105 5117 venire
3143 5061 3432 5133 possimus.

1851 5152 1909 5207 Si
1940 5152 2220 5207 consilium
2245 5161 2329 5207 est
2349 5167 2457 5223 quo
2478 5151 2612 5205 beati
2633 5159 2761 5206 sunt
2778 5150 3159 5217 misericordes,
3186 5154 3436 5223 quoniam

1846 5241 2080 5311 ipsorum
2115 5240 2474 5307 miserebitur,
2507 5240 2844 5296 dimittamus
2883 5238 3062 5298 debita
3102 5242 3437 5302 debitoribus

1849 5332 2052 5389 nostris
2074 5374 2089 5400 ,
2140 5341 2195 5389 et
2228 5349 2447 5390 oremus
2476 5340 2536 5388 ut
2562 5333 2718 5389 nobis
2746 5340 2932 5389 nostra
2979 5334 3341 5392 dimittantur.
3375 5337 3435 5394 Si

1847 5423 2152 5481 intellectus
2177 5433 2279 5491 est,
2314 5442 2421 5497 quo
2449 5424 2583 5479 beati
2612 5432 2736 5480 sunt
2758 5423 2954 5479 mundo
2979 5424 3155 5490 corde,
3186 5428 3434 5498 quoniam

1847 5516 1949 5587 ipsi
1988 5516 2272 5571 Dominum
2302 5515 2564 5582 videbunt,
2596 5530 2815 5571 oremus
2839 5529 2948 5570 non
2974 5514 3155 5570 induci
3181 5516 3237 5572 in
3264 5525 3435 5572 tenta-

1848 5608 2061 5662 tionem.
2110 5607 2191 5664 Ne
2218 5609 2516 5664 habeamus
2548 5607 2747 5683 duplex
2795 5620 2929 5674 cur,
2976 5624 3082 5665 non
3118 5616 3432 5682 appetentes

1849 5698 2075 5771 simplex
2108 5700 2307 5756 bonum
2341 5741 2355 5767 ,
2393 5715 2502 5769 quo
2533 5698 2831 5757 referamus
2858 5699 3041 5757 omnia
3068 5715 3189 5773 qua:
3233 5713 3428 5770 opera-

1848 5809 2001 5861 mur,
2050 5794 2143 5848 sed
2190 5792 2353 5849 simul
2399 5794 2715 5866 temporalia
2755 5802 2809 5850 et
2885 5802 3098 5850 terrena
3149 5791 3455 5848 sectandos

1846 5885 2194 5943 Tentationes
2219 5884 2364 5942 enim
2391 5899 2460 5942 ex
2488 5886 2574 5943 his
2601 5886 2762 5943 rebus
2799 5898 2920 5961 quat
2945 5898 3139 5960 graves
3177 5890 3235 5939 et
3277 5880 3426 5939 cala-
