3914 6442
471 393 586 450 ‘82?)

1128 392 1188 446 Β.
1228 389 1486 448 RABANI
1523 384 1743 450 unum
1778 381 2114 453 ARCHIEP.‘
2140 387 2446 456 uocum.
2483 399 2770 458 OPERUM
2805 400 2986 458 PARS
3018 401 3059 456 1.

3649 406 3755 464 224

475 509 692 564 mitosa:
719 511 974 565 videntur
999 505 1312 563 hominibus
1333 549 1348 573 ,
1382 523 1488 562 non
1534 508 1590 562 in
1636 523 1735 564 nos
1784 509 1984 576 valent,
2015 511 2061 567 si
2165 513 2392 569 cationis
2411 516 2688 585 permittat
2710 517 2905 571 dimitti
2930 531 3174 585 uxorem,
3203 531 3476 591 quatenus
3497 521 3614 577 hoc
3637 522 3754 581 loco

477 615 588 654 non
632 597 848 653 valeant
876 597 978 652 illae
1010 612 1130 667 qum
1153 597 1430 654 blanditiis
1458 613 1646 654 earum
1683 615 1864 656 rerum
1912 604 2057 658 acci-

475 691 611 746 dunt
638 730 653 756 ,
683 704 818 760 quas
845 689 1092 744 homines
1118 690 1287 744 bonas
1312 699 1366 745 et
1394 690 1726 746 laetabundas
1757 701 1963 762 putant.
1999 695 2058 750 Si

475 779 739 849 sapientia
769 786 892 844 est,
943 793 1050 849 qua
1076 779 1214 832 beati
1244 787 1370 834 sunt
1396 780 1633 850 paciﬁci,
1663 784 1914 852 quoniam
1955 783 2058 852 ﬁlii

472 872 574 927 Dei
601 873 925 927 vocabuntur
950 911 964 936 ,
1012 885 1230 926 oremus
1268 878 1328 925 ut
1373 869 1652 924 liberemur
1688 891 1721 926 a
1749 874 1908 927 malo.
1939 874 2059 944 Ipsa

469 963 619 1018 enim
658 963 909 1018 liberatio
934 962 1135 1018 liberos
1161 977 1261 1017 nos
1291 960 1444 1026 facit,
1478 962 1533 1016 id
1575 969 1660 1017 est
1684 961 1825 1018 ﬁlios
1850 963 1970 1028 Dei,
1997 973 2060 1018 ut

471 1057 668 1128 spiritu
718 1056 1026 1126 ad0ptionis
1066 1055 1364 1110 clamemus
1405 1072 1418 1108 :
1457 1054 1604 1109 Abba
1637 1065 1805 1126 pater.
1855 1055 2056 1130 (Hier.)

467 1146 643 1202 Amen
666 1157 844 1201 autem
871 1146 1014 1216 quod
1045 1146 1100 1200 in
1127 1145 1236 1202 ﬁne
1259 1153 1474 1202 constat
1495 1147 1780 1217 scriptum,
1803 1149 2054 1220 signacu-

469 1241 583 1296 lum
611 1249 698 1296 est
722 1240 1014 1295 Dominicae
1039 1240 1300 1295 orationis
1327 1279 1342 1306 ,
1394 1239 1539 1309 quod
1565 1238 1759 1310 Aquila
1794 1240 2059 1310 interpre-

469 1342 615 1388 tatus
658 1340 742 1387 est
793 1331 1059 1400 ﬁdeliter,
1111 1339 1166 1385 et
1213 1345 1314 1385 nos
1355 1346 1472 1384 vere
1513 1344 1804 1400 possumus
1855 1331 2052 1387 dicere.

471 1423 700 1494 (MAUB.)
732 1422 1014 1492 Signiﬁcat
1043 1422 1148 1477 hoc
1174 1421 1230 1476 in
1255 1422 1506 1476 omnibus
1551 1423 1905 1492 petitionibus
1937 1424 2056 1479 istis

468 1516 817 1585 purissimam
839 1515 1138 1570 consistere
1163 1515 1538 1578 veritatem,et
1560 1513 1924 1568 indubitanter
1949 1514 2055 1569 illis

469 1622 502 1661 a
534 1607 763 1662 Domino
809 1606 1044 1662 conferri
1090 1607 1270 1662 omnia
1322 1621 1442 1676 qua:
1472 1606 1574 1660 rite
1601 1605 1912 1676 postulant,
1961 1607 2054 1676 qui

469 1701 793 1755 conditionis
849 1701 1052 1756 ultimae
1104 1713 1321 1755 servare
1345 1709 1566 1770 pactum
1599 1715 1709 1754 non
1752 1700 2049 1771 negligant.

468 1793 622 1872 Unde
660 1803 715 1850 et
743 1795 994 1850 subditur
1015 1813 1030 1849 :

2164 605 2502 676 iutelligenda
2534 609 2602 662 sit
2645 607 2952 674 fornicatio,
2996 617 3175 664 utrum
3203 625 3492 681 quousque
3544 613 3750 669 intelli-

2163 709 2294 768 gunt
2320 715 2526 767 omnes,
2559 701 2613 755 id
2647 709 2752 768 est,
2777 710 2838 756 ut
2862 718 2983 757 eam
3010 701 3420 759 fornicationem
3457 707 3748 763 credamus

2163 792 2385 859 dictam,
2417 808 2536 861 qua:
2579 793 2636 848 in
2683 795 2884 864 stupris
2933 796 3305 864 committitur,
3365 813 3438 853 an
3487 803 3748 868 quemad-

2162 884 2380 939 modum
2407 883 2702 956 Scripturze
2726 885 2901 942 solent
2921 887 3332 944 fornicationem
3355 904 3590 956 vocare,
3615 893 3746 949 sicut

2162 990 2326 1046 supra
2371 978 2574 1033 dictum
2625 986 2726 1045 est,
2784 993 2996 1035 omnem
3051 981 3294 1037 illicitam
3344 986 3746 1054 concupiscen-

2161 1068 2314 1136 tiam,
2373 1071 2512 1125 sicut
2553 1080 2636 1127 est
2686 1073 3006 1140 idololatria,
3057 1075 3142 1130 vel
3187 1077 3447 1144 avaritia,
3503 1087 3564 1134 et
3593 1095 3747 1135 exeo

2155 1157 2265 1227 jam
2312 1161 2487 1215 omnis
2520 1163 2872 1232 transgressio
2908 1163 3042 1235 legis
3065 1177 3284 1236 propter
3312 1168 3571 1223 illicitam
3627 1184 3744 1224 eon-

2159 1255 2567 1324 cupisccntiam.
2629 1256 2760 1322 Quis
2812 1257 2954 1311 enim
2993 1257 3104 1326 jam
3139 1261 3442 1328 quamlibet
3502 1262 3739 1318 illicitam

2159 1348 2645 1419 concupisCentiam
2685 1357 2861 1420 potest
2891 1359 3037 1406 recte
3065 1367 3095 1406 a
3125 1352 3511 1410 fornicationis
3554 1371 3740 1426 genere

2157 1453 2433 1510 separare,
2479 1442 2523 1496 si
2551 1441 2772 1495 avaritia
2800 1440 3083 1498 fornicatio
3115 1446 3248 1498 est?
3293 1445 3376 1499 Ex
3407 1461 3529 1514 quo
3553 1447 3740 1500 intelli-

2157 1531 2300 1603 gitur
2331 1541 2551 1601 propter
2598 1531 2813 1586 illieitas
2845 1536 3327 1604 concupiscentias,
3379 1551 3497 1591 non
3545 1548 3738 1590 tantum

2157 1637 2275 1693 qua:
2315 1623 2369 1677 in
2396 1624 2596 1694 stupris
2640 1639 2762 1679 cum
2786 1625 2974 1680 alienis
3010 1626 3159 1693 viris,
3201 1635 3294 1681 aut
3325 1627 3561 1682 feminis
3607 1644 3738 1684 com-

2156 1716 2463 1778 mittuntur,
2511 1714 2604 1769 sed
2635 1716 2854 1770 omnino
2882 1716 3166 1784 quaslibet,
3198 1734 3322 1788 qua:
3354 1719 3609 1772 animum
3635 1734 3738 1772 cor-

2155 1818 2286 1872 pore
2313 1803 2452 1858 male
2481 1811 2720 1859 utentem
2744 1821 2774 1858 a
2794 1804 2912 1874 lege
2936 1806 3192 1860 aberrare
3222 1806 3457 1872 faciunt,
3491 1818 3550 1861 et
3571 1811 3736 1876 perni-

538 1884 596 1939 Si
623 1886 759 1940 enim
787 1886 1092 1940 dimiseritis
1126 1887 1422 1941 hominibus
1441 1896 1653 1958 peccata
1701 1903 1904 1952 eorum,
1969 1887 2052 1942 άὶ-
2154 1896 2299 1950 ciose
2329 1897 2662 1968 turpiterque
2705 1899 2996 1968 corrumpi,
3049 1900 3220 1968 possit
3268 1900 3391 1955 sine
3410 1900 3650 1955 crimine
3695 1909 3738 1955 ει

463 1979 627 2031 mittet
674 1987 721 2030 et
749 1977 892 2032 vobis
921 1974 1086 2031 Pater
1108 1987 1270 2032 vester
1297 1978 1514 2032 caelestis
1544 1977 1771 2043 delicta;
1799 1979 1847 2032 si
1874 1987 2048 2032 autem

461 2091 568 2128 non
595 2073 897 2127 dimiseritis
935 2073 1250 2137 hominibus,
1303 2090 1395 2127 nec
1431 2082 1581 2144 pater
1615 2081 1784 2126 vester
1826 2072 2048 2126 dimittet

460 2175 673 2236 peccata
696 2174 885 2219 vestra.
905 2163 1175 2236 (Hierom)
1201 2162 1261 2218 Si
1287 2178 1395 2218 non
1411 2163 1726 2219 dimiseritis
1740 2163 2050 2218 hominibus

461 2258 613 2324 dicit,
664 2259 820 2327 quasi
847 2272 955 2311 non
984 2257 1232 2312 homines
1254 2257 1364 2310 sint
1391 2255 1484 2325 qui
1514 2255 1815 2321 dimittunt,
1859 2254 1914 2308 id
1941 2264 2048 2321 est,

461 2365 569 2402 non
612 2349 857 2414 humani,
915 2362 1091 2418 neque
1138 2347 1362 2403 terreni.
1411 2345 1526 2400 Hoc
1573 2355 1659 2401 est
1708 2347 1855 2401 enim
1905 2345 2050 2416 quod

461 2442 725 2511 scriptum
746 2449 828 2497 est
857 2459 870 2495 :
897 2441 1010 2511 Ego
1033 2442 1147 2494 dixi
1177 2457 1194 2494 :
1223 2441 1314 2496 Dii
1334 2442 1480 2506 estis,
1516 2449 1565 2494 et
1595 2439 1694 2509 ﬁlii
1711 2438 1901 2494 excelsi
1939 2455 2051 2492 om-

461 2549 572 2586 nes.
620 2529 718 2585 Vos
747 2543 924 2585 autem
966 2541 1023 2584 ut
1058 2531 1290 2586 homines
1315 2531 1632 2598 moriemini,
1661 2539 1709 2584 et
1734 2531 1887 2600 quasi
1911 2546 2048 2584 unus

461 2626 526 2679 de
552 2625 873 2696 principibus
909 2625 1107 2679 cadetis
1157 2624 1328 2695 (Psal.
1358 2622 1565 2696 LXXXI).
1615 2622 1698 2678 Ad
1724 2638 1819 2678 eos
1848 2622 2050 2677 dicitur

459 2715 550 2783 qui
573 2722 796 2784 prepter
812 2722 1034 2785 peccata
1059 2715 1306 2770 homines
1333 2729 1399 2768 ex
1429 2714 1534 2769 diis
1561 2727 1684 2769 esse
1708 2720 2044 2768 meruerunt.

456 2803 628 2860 Recte
656 2821 787 2877 ergo
827 2813 883 2860 et
913 2806 969 2861 hi
997 2807 1194 2876 quibus
1253 2815 1477 2877 peccata
1552 2805 1899 2860 dimittuntur
1953 2805 2050 2858 ho-

455 2903 633 2959 mines
695 2903 946 2975 appellati
986 2913 1129 2958 sunt.
1187 2901 1372 2975 (Aug.)
1421 2901 1682 2971 Sequitur
1733 2899 1800 2954 de
1842 2898 2048 2968 jejunio

428 3003 788 3066 praeceptum
820 2998 890 3052 ad
922 2996 1171 3052 eamdem
1200 2995 1479 3066 pertinens
1506 2993 1688 3049 cordis
1735 2991 2046 3046 mundatio—

429 3101 602 3153 nem,
629 3085 699 3143 de
729 3103 837 3158 qua
856 3103 1000 3143 nunc
1040 3087 1233 3159 agitur.
1291 3085 1429 3140 Nam
1455 3092 1508 3140 et
1542 3084 1600 3138 in
1627 3085 1732 3138 hoc
1760 3096 1924 3151 opere
1953 3095 2048 3137 ca—

435 3169 688 3236 vendum
712 3189 812 3237 est'
836 3195 906 3236 ne
931 3181 1189 3250 subrepat
1212 3180 1394 3249 aliqua
1423 3178 1735 3243 ostentatio,
1783 3185 1840 3230 et
1885 3191 2047 3247 appe-

2150 1989 2235 2042 vir
2258 1988 2800 2054 uxorem-dimittere,
2823 1999 2878 2044 et
2900 2004 3034 2044 uxor
3063 1990 3258 2058 virum,
3305 1991 3441 2061 quia
3467 2003 3736 2061 exceptam

2149 2077 2280 2133 facit
2333 2079 2593 2134 Dominus
2621 2093 2838 2134 causam
2863 2077 3257 2135 fornicationis.
3307 2079 3496 2148 Quam
3521 2081 3740 2136 fumiu—

2149 2170 2353 2226 tionem
2403 2171 2567 2242 (sicut
2589 2187 2752 2242 supra
2787 2185 3267 2229 commemoratum
3297 2175 3414 2246 est)
3439 2176 3737 2246 generalem

2149 2270 2205 2317 et
2239 2261 2598 2318 universalem
2624 2263 2922 2333 intelligere
2949 2265 3210 2335 cogimur.
3263 2263 3410 2319 Cum
3445 2275 3620 2319 autem
3665 2267 3737 2318 ait

2148 2363 2372 2425 excepta
2402 2369 2564 2409 causa
2588 2354 2977 2420 fornicationis,
3007 2371 3113 2412 non
3139 2356 3296 2421 dixit,
3322 2354 3489 2424 cujus
3509 2357 3736 2426 ipsorum

2148 2449 2272 2514 viri,
2303 2463 2371 2502 an
2401 2448 2632 2503 feminae.
2668 2447 2785 2502 Non
2810 2450 2952 2504 enim
2980 2459 3186 2504 tantum
3212 2449 3594 2505 fornicantem
3623 2467 3734 2504 uxo-

2149 2553 2265 2592 rem
2289 2537 2562 2593 dimittere
2593 2539 2928 2603 conceditur,
2970 2541 3064 2593 sed
3087 2542 3336 2610 quisquis
3377 2557 3510 2596 eam
3541 2555 3732 2611 quoque

2147 2645 2373 2685 uxorem
2409 2632 2653 2700 dimittit,
2684 2650 2712 2687 a
2744 2650 2849 2703 qua
2872 2635 2988 2704 ipse
3015 2636 3224 2706 cogitur
3253 2634 3556 2703 fornicari,
3598 2653 3728 2690 causa

2149 2720 2523 2778 fornicationis
2548 2724 2733 2794 utique
2763 2725 3006 2780 dimittit.
3062 2726 3213 2781 Velut
3239 2729 3286 2782 si
3315 2728 3573 2799 aliquem
3603 2738 3732 2799 angat

2149 2827 2288 2868 uxor
2308 2814 2616 2870 sacriﬁcare
2653 2815 2829 2881 idolis,
2854 2817 2944 2887 qui
2977 2817 3137 2872 talem
3164 2819 3412 2884 dimittit,
3452 2821 3732 2876 causatur-

2148 2905 2437 2961 nicationis
2466 2906 2712 2974 dimittit,
2751 2923 2859 2962 non
2884 2917 3092 2963 tantum
3140 2909 3301 2976 illius,
3353 2913 3456 2966 sed
3515 2921 3573 2967 et
3599 2928 3729 2966 sua:

2149 2996 2313 3063 illius,
2379 2998 2504 3068 quia
2535 2997 2870 3067 fornicatur;
2902 3016 3032 3066 suae,
3065 3017 3134 3057 ne
3158 3001 3486 3058 fomicetur.
3547 3004 3731 3058 [tm

2137 3086 2375 3143 audistis
2427 3091 2552 3161 quia
2577 3088 2776 3143 dictum
2820 3100 2895 3144 est
2947 3092 3174 3162 antiquis
3197 3105 3216 3143 :
3244 3092 3373 3146 Non
3401 3094 3731 3163 perjurabis;

2152 3179 2335 3235 reddes
2362 3191 2534 3234 autem
2555 3180 2782 3235 Domino
2807 3182 3113 3251 juramenta
3135 3193 3248 3237 tua.
3282 3183 3401 3254 Ego
3425 3196 3594 3237 autem
3617 3187 3732 3238 dico

423 3272 585 3328 ‘titus
617 3273 793 3330 laudis
819 3274 1090 3339 humanae,
1137 3274 1229 3344 qui
1261 3272 1497 3343 duplicet
1543 3286 1639 3326 cor
1669 3278 1936 3336 nostrum,
1987 3278 2041 3325 et
2066 3255 2116 3322 ε
2143 3270 2287 3326 vobis
2342 3287 2448 3325 non
2481 3271 2672 3342 jurare
2714 3275 2944 3339 omnino,
2995 3291 3157 3345 neque
3203 3292 3301 3345 per
3345 3276 3563 3339 aetum,
3619 3279 3731 3345 quia

429 3373 561 3420 'non
585 3366 728 3438 sinat
763 3367 1026 3422 mundum
1063 3373 1118 3421 et
1146 3364 1375 3435 simplex
1397 3379 1516 3421 esse
1539 3365 1608 3419 ad
1633 3362 2039 3435 intelligendum

448 3455 758 3513 Dominum.
807 3459 948 3514 Dicit
970 3460 1113 3514 enim
1148 3475 1162 3512 :

521 3549 652 3603 Cum
700 3557 874 3605 autem
908 3551 1191 3621 jejunatis,
1237 3557 1395 3606 nodte
1431 3551 1552 3620 ﬁeri
1581 3551 1716 3605 sicut
1754 3549 2040 3620 nypocritw

447 3641 619 3694 tristes
650 3656 669 3694 :
698 3641 1044 3696 exterminant
1091 3643 1229 3697 enim
1267 3641 1427 3711 facies
1468 3657 1612 3707 suas,
1668 3649 1723 3694 ut
1753 3646 2040 3710 appareant

419 3721 744 3786 :ltominibus
760 3733 1088 3803 jejunantes.
1148 3733 1314 3788 Amen
1340 3735 1456 3787 (lico
1484 3732 1646 3798 vobis,
1687 3733 1811 3799 quia
1839 3746 2040 3800 recepe-

445 3835 568 3880 runt
597 3826 884 3881 mercedem
905 3843 1075 3882 suam.
1131 3826 1265 3900 [ιιι]
1315 3827 1467 3893 Quod
1490 3827 1581 3895 qui
1608 3840 1713 3879 non
1745 3825 1876 3888 odit,
1908 3837 2036 3878 nec-

445 3917 574 3972 dum
604 3925 751 3974 amat
771 3917 918 3974 illam
943 3920 1133 3986 vitam,
1186 3919 1278 3974 ubi
1310 3918 1456 3973 nulla
1486 3918 1591 3972 erit
1649 3916 1888 3973 conditio
1934 3931 2035 3970 na-

443 4011 631 4065 scendi
672 4018 834 4079 atque
857 4009 1143 4074 moriendi,
1192 4025 1312 4080 qua:
1345 4005 1598 4080 cepulant
1649 4017 1866 4064 terrena
1906 4023 2036 4064 con-

440 4099 592 4170 jugia
622 4117 635 4165 ;
682 4100 896 4154 odimus
933 4101 1080 4155 enim
1127 4101 1244 4156 sine
1274 4101 1436 4155 dubio
1471 4102 1615 4169 quod
1643 4107 1790 4155 certe
1823 4109 1884 4155 ut
1931 4099 2033 4154 ali-

443 4191 660 4261 quando
711 4205 818 4246 non
851 4192 922 4245 sit
955 4200 1222 4261 optamus.
1275 4192 1366 4247 Sic
1392 4193 1576 4261 itaque
1623 4191 1893 4246 invenitur
1943 4207 2031 4248 se-

419 4282 679 4337 cundum
714 4291 1007 4355 utrumque
1034 4285 1249 4341 Domini
1294 4288 1630 4351 mandatum,
1679 4283 1852 4339 bonus
1879 4283 2034 4340 Chri-

441 4373 651 4428 stianus
673 4373 898 4444 diligere
923 4375 979 4428 in
1010 4391 1117 4432 una
1144 4375 1345 4432 femina
1373 4383 1676 4433 creaturam
1707 4376 1822 4442 Dei,
1870 4392 2033 4446 quam

438 4462 764 4532 performari
789 4473 844 4520 et
867 4466 1119 4522 renovari
1144 4466 1452 4534 desiderat;
1489 4466 1668 4523 odisse
1695 4475 1872 4522 autem
1896 4483 2028 4522 con-

433 4550 793 4622 iunctionem,
843 4557 1353 4627 copulationemque
1398 4558 1804 4628 corruptibilem
1865 4566 2029 4627 atque

437 4639 744 4711 mortalem,
802 4647 908 4702 hoc
929 4657 1014 4704 est
1058 4649 1281 4721 diligere
1337 4651 1392 4705 in
1434 4643 1500 4706 eo
1530 4651 1674 4720 quod
1725 4652 1889 4706 homo
1923 4633 2040 4716 est,

435 4737 614 4792 odisse
664 4736 808 4806 quod
849 4752 987 4792 uxor
1014 4747 1116 4792 est.
1166 4741 1243 4793 lta
1289 4741 1452 4795 etiam
1505 4741 1678 4810 diligit
1725 4741 2026 4807 inimicum,

434 4842 541 4882 non
573 4827 628 4880 in
660 4835 925 4896 quantum
951 4828 1202 4883 inimicus
1225 4836 1328 4895 est,
1360 4831 1453 4884 sed
1491 4830 1546 4885 in
1575 4840 1837 4901 quantum
1867 4831 2029 4886 homo

432 4928 537 4986 est,
597 4928 659 4974 ut
699 4920 803 4976 hoc
829 4921 878 4974 ei
908 4920 1036 4976 velit
1069 4922 1355 4991 provenire
1382 4924 1526 4992 quod
1555 4925 1679 4989 sibi,
1728 4926 1783 4980 id
1807 4934 1908 4993 est,
1966 4934 2026 4981 ut

433 5015 503 5069 ad
541 5031 767 5086 regnum
797 5016 1059 5071 caelorum
1084 5025 1361 5072 correctus
1405 5029 1803 5090 renovatusque
1829 5035 2024 5093 perve-

434 5109 567 5162 niat.
594 5109 708 5164 Hoc
735 5117 789 5164 et
809 5109 874 5165 de
896 5120 1069 5181 patre,
1099 5120 1154 5165 et
1177 5110 1243 5164 de
1269 5121 1441 5167 matre
1471 5122 1527 5168 et
1555 5116 1768 5170 caeteris
1789 5116 2020 5172 vinculis

435 5202 712 5272 sanguinis
734 5202 1138 5273 intelligendum
1173 5211 1275 5268 est,
1307 5213 1367 5257 ut
1389 5205 1441 5258 in
1471 5205 1551 5260 eis
1582 5206 1855 5261 oderimus
1877 5211 2022 5277 quod

435 5307 602 5362 genus
641 5294 938 5349 humanum
998 5295 1266 5350 nascendo
1336 5304 1390 5350 et
1436 5296 1720 5351 moriendo
1766 5299 2019 5352 sortitum

434 5395 541 5450 cst,
595 5385 878 5456 diligamus
922 5398 1100 5444 autem
1140 5390 1282 5459 quod
1311 5389 1589 5443 nobiscum
1617 5396 1795 5458 potest
1842 5391 1906 5443 ad
1930 5390 2021 5445 illa

435 5493 598 5547 regna
625 5479 868 5547 perduci,
902 5482 992 5536 ubi
1016 5497 1177 5536 nemo
1213 5481 1527 5536 dicitPater
1561 5497 1736 5546 meus,
1785 5483 1878 5537 sed
1902 5498 2019 5536 om-

433 5583 530 5624 nes
555 5567 774 5624 omnino
802 5571 892 5625 uni
922 5571 1032 5626 Deo
1060 5591 1073 5624 ε
1101 5571 1264 5625 Pater
1287 5582 1500 5637 noster;
1539 5586 1640 5626 nec
1676 5569 1846 5625 Mater
1873 5587 2014 5637 mea,

435 5659 531 5716 sed
559 5673 747 5714 omnes
766 5659 843 5714 illi
871 5660 1171 5717 Jerusalem
1201 5681 1212 5716 :
1238 5662 1410 5718 Mater
1442 5669 1629 5717 nostra
1655 5679 1670 5728 ;
1706 5676 1804 5716 nec
1828 5661 2018 5716 Frater

397 5762 400 5766 ·
435 5767 604 5815 meus,
650 5749 745 5806 sed
774 5765 962 5808 omnes
985 5754 1052 5808 de
1073 5755 1322 5810 omnibus
1355 5773 1368 5808 :
1404 5755 1598 5810 Frater
1623 5762 1828 5809 noster.
1880 5755 2019 5810 Exo-

437 5853 577 5899 ritur
597 5843 689 5899 hic
736 5851 904 5898 altera
941 5847 1167 5914 quaestio
1195 5863 1318 5902 cum
1346 5845 1606 5903 Dominus
1649 5862 1816 5904 causa
1842 5847 2016 5903 forni-

2147 3361 2365 3415 tltromts
2413 3361 2510 3416 Dei
2546 3370 2643 3428 est,
2708 3379 2870 3434 neque
2918 3381 3010 3433 per
3033 3374 3246 3429 terram,
3289 3366 3420 3435 quia
3455 3365 3728 3419 scabeilam

2145 3462 2220 3507 est
2242 3453 2433 3521 pedum
2455 3453 2604 3523 ejus;
2646 3470 2809 3525 neque
2836 3471 2928 3524 per
2961 3453 3413 3526 Hierosolymam,
3459 3457 3592 3528 quia
3619 3458 3728 3509 citi-

2144 3552 2223 3600 tas
2254 3553 2327 3599 est
2355 3546 2531 3616 magni
2558 3546 2726 3616 regis;
2752 3563 2913 3614 neque
2959 3564 3050 3617 per
3078 3557 3231 3617 caput
3268 3556 3423 3600 tuum
3459 3549 3724 3609 iuraret-is,

2141 3639 2270 3710 quia
2317 3654 2422 3692 non
2469 3648 2615 3709 potes
2662 3654 2824 3693 unum
2864 3637 3112 3708 capillum
3166 3638 3344 3693 album
3405 3639 3593 3709 facere
3651 3648 3724 3690 aut

2140 3732 2367 3801 nigrum.

2212 3823 2365 3878 Hanc
2389 3838 2488 3894 per
2507 3823 2774 3879 elementa
2799 3821 3020 3894 iurandi
3046 3824 3341 3893 pessimam
3372 3824 3718 3879 consuetudi-

2139 3929 2265 3969 nem
2281 3929 2497 3986 semper
2515 3914 2755 3971 habuere
2776 3913 2972 3982 Judaai,
2995 3916 3134 3972 sicut
3151 3916 3498 3987 prophetalis
3522 3932 3618 3972 eos
3634 3917 3725 3969 fre-

2138 4015 2367 4076 quenter
2387 4006 2565 4077 arguit
2583 4021 2782 4062 sermo.
2831 4005 2968 4074 Quia
2995 4008 3087 4077 qui
3106 4008 3275 4078 jurat,
3302 4017 3401 4063 aut
3423 4018 3722 4068 veneratur,

2137 4109 2231 4154 aut
2271 4099 2447 4172 diligit
2488 4115 2612 4155 eum
2645 4116 2746 4171 per
2789 4115 2949 4172 quem
2991 4100 3157 4170 jurat.
3203 4101 3486 4172 (Hierom)
3531 4103 3592 4157 ln
3629 4103 3726 4172 lege

2133 4201 2462 4263 praeceptum
2493 4201 2577 4249 est
2618 4202 2679 4248 ut
2723 4209 2832 4249 non
2875 4193 3120 4265 juremus
3151 4193 3255 4249 nisi
3306 4209 3410 4265 per
3449 4195 3723 4252 Dominum

2120 4293 2382 4339 nostrum
2437 4293 2492 4340 et
2546 4285 2738 4340 Deum.
2805 4284 2940 4340 Nam
3010 4284 3178 4342 Judaei
3240 4301 3341 4357 per
3391 4288 3627 4360 angelos
3679 4298 3723 4342 et

2135 4377 2323 4432 urbem
2345 4377 2667 4444 Jerusalem,
2695 4385 2750 4432 et
2775 4378 3054 4450 templum,
3079 4388 3134 4434 et
3157 4380 3427 4436 elementa
3457 4383 3722 4452 jurantes,

2135 4478 2646 4540 creaturasrresque
2671 4471 2916 4527 carnales
2959 4473 3380 4537 venerabantur,
3415 4474 3634 4528 honore
3679 4483 3723 4525 et

2137 4560 2397 4630 obsequio
2450 4561 2545 4615 Dei
2577 4569 2902 4631 contempto.
2962 4559 3204 4630 Denique
3243 4562 3534 4616 considera
3592 4562 3722 4632 quod

2137 4651 2226 4705 hic
2253 4648 2505 4706 Salvator
2551 4665 2658 4705 non
2683 4665 2783 4720 per
2807 4650 2977 4706 Deum
3001 4649 3192 4720 jurare
3219 4651 3594 4722 prohibuerit,
3641 4651 3723 4704 sed

2133 4757 2233 4812 per
2254 4742 2474 4808 coelum,
2489 4750 2544 4797 et
2562 4751 2788 4809 terram,
2805 4751 2860 4798 et
2880 4741 3326 4815 Hierosolymam,
3356 4752 3415 4798 et
3433 4759 3538 4814 per
3566 4753 3721 4812 caput

2134 4842 2307 4888 tuum.
2361 4833 2426 4886 Et
2454 4834 2557 4890 hoc
2582 4833 2736 4904 quasi
2766 4833 3004 4904 parvulis
3031 4833 3207 4890 fuerat
3231 4835 3349 4905 lege
3373 4850 3719 4895 concessum,

2132 4934 2192 4981 ut
2222 4926 2492 4995 quomodo
2528 4926 2776 4980 victimas
2807 4926 3160 4981 immolabant
3187 4927 3323 4992 Deo,
3349 4941 3420 4981 ne
3441 4942 3539 4981 eas
3570 4925 3723 4981 idolis

2131 5016 2494 5078 immolarent,
2545 5016 2623 5070 sic
2649 5025 2703 5070 et
2728 5016 2910 5085 jurare
2955 5016 3402 5085 permitterentur
3451 5016 3508 5070 in
3531 5017 3722 5070 Domi-

2131 5125 2285 5173 num,
2335 5125 2446 5164 non
2473 5125 2581 5178 quo
2607 5116 2754 5163 recte
2781 5107 3040 5172 facerent,
3089 5108 3182 5162 sed
3215 5121 3323 5176 quo
3354 5107 3557 5163 melius
3579 5115 3722 5162 esset

2131 5203 2242 5255 Deo
2280 5201 2334 5253 id
2361 5201 2637 5266 exhibere,
2683 5214 2847 5269 quam
2881 5200 3232 5255 daemonibus.
3265 5199 3598 5270 Evangelica
3629 5217 3720 5253 au-

2127 5303 2236 5348 tem
2263 5293 2466 5347 veritas
2487 5308 2594 5347 non
2624 5294 2829 5362 recepit
2851 5291 3239 5360 juramentum,
3256 5307 3379 5348 cum
3401 5294 3591 5348 omnis
3611 5308 3721 5348 ser-

2127 5401 2218 5442 mo
2233 5385 2407 5440 ﬁdelis
2427 5384 2888 5455 projurejurando
2914 5386 3004 5440 sit.
3025 5385 3177 5441 Sicut
3192 5385 3334 5441 enim
3355 5385 3556 5443 falsum
3570 5388 3718 5458 loqui

2123 5493 2230 5533 non
2261 5485 2438 5546 potest
2467 5479 2560 5548 qui
2581 5493 2689 5532 non
2708 5478 2970 5548 loquitur,
3011 5479 3092 5533 sic
3111 5480 3356 5549 pejerare
3391 5495 3504 5534 non
3535 5489 3720 5551 potest

2120 5572 2210 5640 qui
2243 5587 2350 5625 non
2369 5569 2536 5639 jurat.
2569 5570 2751 5643 (Anq)
2797 5571 2900 5627 Sed
2934 5581 3111 5648 tamen
3159 5572 3412 5643 quoniam
3431 5572 3595 5642 jurat
3627 5574 3720 5643 qui

2120 5662 2341 5718 adhibet
2372 5673 2561 5717 testem
2600 5663 2789 5728 Deum,
2827 5664 3109 5733 diligenter
3143 5664 3603 5720 considerandum
3635 5671 3721 5718 est

2119 5755 2223 5810 hoc
2250 5752 2566 5823 capitulum,
2590 5768 2657 5808 ne
2679 5764 2865 5809 contra
2888 5765 3213 5826 praeceptum
3240 5756 3452 5812 Domini
3478 5756 3722 5826 Aposto-

2119 5846 2203 5900 lus
2252 5843 2448 5901 fecisse
2478 5844 2746 5911 videatur,
2797 5847 2890 5916 qui
2937 5862 3078 5918 saepe
3130 5849 3233 5903 hoc
3265 5849 3422 5904 modo
3474 5849 3718 5919 iuravit,
