3914 6448
157 405 260 464 825

1116 380 1468 443 COMMENT.
1510 379 1582 438 IN
1617 376 2058 438 MATTHIEUM.
2101 408 2170 420 —
2206 377 2338 436 LIB.
2361 379 2448 436 ιιι.

3323 378 3432 438 896

157 535 277 582 cunt
305 513 435 572 dicit
464 531 477 568 :
510 510 643 578 Qua:
673 514 848 564 autem
870 504 1040 562 scribo
1061 502 1224 568 vobis,
1250 517 1364 556 ecce
1389 515 1568 555 coram
1596 497 1732 562 Deo,
1761 503 1815 566 Α
1837 495 2067 561 ratione,
2117 510 2238 565 qua:
2267 495 2510 551 etsi-non
2539 495 2704 562 bona,
2755 503 2937 552 tamen
2964 495 3273 554 necessaria
3321 508 3426 554 est.

156 612 277 686 quia
311 621 414 661 non
452 601 675 657 mentior
708 595 856 671 (Gal.
888 595 949 668 ι).
982 594 1049 650 Et
1073 593 1272 647 iterum
1302 589 1569 686 τραπείη
1592 595 1744 657 pater

156 677 367 761 Domini
391 693 554 749 nostri
572 690 702 745 Jesu
729 685 944 753 Christi,
968 684 1058 756 qui
1086 692 1162 738 est
1187 679 1482 736 benedictus
1498 677 1552 732 in
1577 692 1746 730 siccu-

159 795 229 857 la,
260 788 352 844 scit
377 784 502 855 quia
522 797 626 835 non
646 778 868 834 mentior
889 773 976 848 (ΙΙ
1006 772 1128 827 Cor.
1161 771 1261 841 x1).
1291 767 1421 824 Tale
1450 776 1632 822 autem
1661 770 1746 820 est

159 885 286 944 illud
315 899 328 936 :
359 878 524 934 Testis
548 877 686 931 enim
714 873 841 928 mihi
867 879 942 926 est
971 868 1138 934 Deus,
1168 866 1254 920 cui
1279 863 1447 920 servio
1471 862 1527 916 in
1555 859 1745 930 spiritu

159 993 270 1034 meo
299 975 353 1029 in
379 967 667 1041 Evangelia
715 963 847 1020 Filii
877 964 1010 1036 ejus,
1041 958 1301 1034 quomodo
1335 956 1448 1012 sine
1475 951 1743 1008 intermis-

160 1072 301 1126 sione
355 1062 666 1119 memoriam
704 1059 859 1115 vestri
908 1056 1048 1127 facio
1077 1067 1278 1123 semper
1315 1051 1372 1103 in
1418 1043 1744 1102 orationibus

161 1163 285 1218 meis
314 1158 486 1231 (Rom.
525 1156 586 1228 ι).
640 1153 721 1209 Ita
747 1167 876 1224 ergo
911 1149 1228 1220 intelligitur
1261 1144 1585 1218 praecepisse
1640 1141 1746 1195 Do-

162 1254 364 1309 minum
389 1264 456 1303 ne
473 1246 706 1316 juretur,
738 1260 806 1300 ne
825 1243 1111 1314 quisquam
1135 1240 1278 1294 sicut
1301 1239 1500 1291 bonum
1527 1237 1746 1303 appetat

157 1343 548 1417 jusjurandum,
582 1349 636 1396 et
658 1337 973 1396 assiduitate
996 1333 1217 1405 iurandi
1241 1331 1296 1385 in
1321 1327 1621 1401 periurium
1643 1340 1745 1396 per

163 1435 602 1495 consuetudinem
649 1431 949 1488 delabatur.
982 1428 1322 1498 Quapropter
1371 1421 1464 1493 qui
1492 1418 1746 1490 intelligit

166 1546 267 1586 non
291 1529 346 1584 in
375 1527 552 1592 bonis,
602 1525 698 1580 sed
721 1525 776 1579 in
803 1521 1130 1577 necessariis
1154 1517 1487 1590 iurationem
1529 1512 1738 1567 haben-

164 1623 308 1687 dam,
334 1619 569 1675 refrenet
601 1634 661 1674 se
691 1623 951 1686 quantum
987 1620 1185 1683 potest,
1231 1618 1291 1663 ut
1314 1623 1423 1663 non
1446 1621 1511 1661 ea
1535 1612 1742 1669 utatur,

165 1712 266 1766 nisi
295 1725 420 1764 cum
443 1707 787 1772 necessitate,
816 1719 940 1762 cum
965 1703 1112 1757 videt
1143 1701 1324 1770 pigros
1347 1711 1466 1753 esse
1496 1693 1746 1750 homines

166 1805 230 1859 ad
248 1802 577 1858 credendum
593 1800 733 1872 quod
745 1800 825 1854 eis
847 1798 978 1854 utile
998 1807 1082 1852 est
1093 1795 1337 1858 credere,
1357 1791 1461 1846 nisi
1474 1787 1747 1858 iuratione

1848 597 1908 643 ut
1937 587 2093 643 alteri
2118 589 2450 657 persuadeas
2483 588 2628 658 quod
2661 587 2867 643 utiliter
2906 588 3222 658 persuades.
3255 585 3366 644 Sed
3391 606 3428 645 a

1845 677 1986 735 malo
2005 687 2102 746 est,
2127 680 2195 735 ab
2222 679 2366 735 illius
2389 677 2642 734 videlicet
2671 675 3009 743 inﬁrmitate,
3039 693 3070 732 a
3101 691 3210 748 quo
3238 676 3428 748 iurare

1848 771 2076 842 cogeris.
2135 769 2241 826 Sed
2292 785 2476 836 nemo,
2521 769 2626 824 nisi
2685 770 2779 841 qui
2823 779 3081 840 expertus
3122 778 3228 836 est,
3282 771 3434 826 novit

1845 875 2009 932 quam
2054 862 2125 917 sit
2156 859 2370 917 diﬂicile
2407 870 2464 917 et
2489 861 2935 918 consuetudinem
2970 860 3190 933 iurandi
3230 862 3433 918 exstin-

1846 967 2030 1022 guere,
2057 960 2113 1008 et
2131 969 2409 1023 nunquam
2435 961 2637 1010 temere
2663 952 2863 1022 facere,
2893 954 3037 1024 quod
3048 968 3434 1024 nonnunquam

1837 1046 2142 1107 necessitas
2195 1046 2357 1119 cogit.

1918 1137 2152 1192 Audistis
2217 1139 2342 1209 quia
2395 1138 2594 1192 dictum
2634 1149 2733 1205 est,
2781 1139 2990 1194 oculum
3037 1156 3133 1212 pro
3172 1156 3344 1206 oculo,
3386 1147 3436 1194 et

1846 1231 2048 1286 dentem
2085 1249 2180 1302 pro
2206 1231 2378 1286 dente.
2419 1231 2533 1302 Ego
2556 1240 2728 1286 autem
2751 1232 2867 1286 dico
2889 1232 3029 1287 vobis
3076 1250 3181 1288 non
3202 1233 3440 1287 resistere

1845 1321 2005 1376 malo.
2030 1321 2300 1395 (Hierom)
2324 1322 2426 1389 Qui
2455 1323 2585 1378 dicit
2614 1322 2823 1377 oculum
2850 1340 2946 1394 pro
2969 1324 3143 1388 oculo,
3166 1340 3274 1378 non
3299 1323 3434 1377 alte-

1846 1431 1968 1471 rum
1989 1416 2102 1470 vult
2125 1415 2361 1480 auferre,
2389 1416 2482 1471 sed
2507 1425 2796 1485 utrumque
2811 1430 3051 1472 servare.
3075 1415 3334 1471 Dominus
3351 1431 3445 1469 no-

1846 1518 1959 1566 ster
1976 1511 2403 1566 vicissitudinem
2425 1509 2636 1573 tollens,
2666 1510 3049 1566 truncatinitia
3072 1519 3443 1581 peccatorum,

1846 1602 1974 1673 quia
2015 1602 2070 1657 in
2095 1601 2212 1674 lege
2245 1601 2532 1658 retributio
2557 1611 2661 1669 est,
2703 1603 2760 1658 in
2786 1603 3076 1674 Evangelio
3097 1618 3227 1658 vero
3249 1601 3442 1674 gratia.

1849 1695 2034 1769 (Aug.)
2054 1695 2129 1751 lbi
2160 1695 2317 1766 culpa
2343 1697 2684 1761 emendatur,
2705 1696 2792 1752 hic
2825 1704 3170 1767 peccatorum
3194 1692 3448 1748 auferun-

1854 1797 1944 1843 tur
1992 1789 2235 1844 exordia.
2271 1788 2575 1845 Notandum
2613 1798 2793 1846 autem
2821 1791 2964 1861 quod
2987 1797 3221 1860 quatuor
3248 1787 3448 1860 gradus

166 1896 434 1950 ﬁrmetur.
483 1894 666 1963 Itaque
687 1892 947 1947 Dominus
982 1890 1142 1945 docet
1169 1885 1302 1940 nihil
1335 1897 1456 1939 esse
1500 1889 1611 1937 tam
1637 1878 1748 1934 vile
1779 1898 1828 1960 Β
1855 1879 2130 1946 vindictae,
2183 1895 2278 1936 seu
2309 1881 2708 1946 retributionis,
2747 1881 3073 1951 quibusdam
3099 1895 3220 1935 esse
3265 1877 3451 1933 viden-

166 1989 220 2044 in
254 1987 523 2043 creaturis
549 1987 668 2052 Dei,
693 1993 752 2041 ut
779 2000 877 2056 per
903 1985 1007 2039 hoc
1035 1981 1263 2053 quisque
1290 1976 1640 2051 pejerandum
1666 1987 1755 2027 ar-
1856 1979 1962 2027 tur.
2003 1972 2242 2039 Quorum
2281 1974 2492 2043 primus
2520 1981 2621 2039 est,
2675 1982 2734 2027 ut
2762 1989 2887 2028 cum
2914 1973 3114 2043 aliquis
3139 1972 3299 2027 laesus
3327 1969 3448 2026 fue—

165 2081 422 2146 bitretur,
465 2079 732 2149 quandoa
765 2075 992 2132 summis
1040 2087 1213 2143 usque
1250 2071 1317 2126 ad
1354 2067 1539 2123 inﬁma
1569 2065 1755 2120 divina

166 2170 511 2238 providentia
563 2175 743 2225 creata
803 2172 1144 2238 regerentur.
1175 2160 1445 2231 Incipiens
1493 2174 1524 2212 a
1555 2159 1756 2212 throno

167 2261 267 2316 Dei
317 2275 490 2330 usque
516 2261 584 2315 ad
623 2259 878 2328 capillum
904 2257 1086 2311 album
1125 2261 1217 2310 aut
1241 2253 1474 2324 nigrum,
1508 2250 1630 2304 ideo
1662 2245 1756 2316 ju-

169 2361 473 2408 ramentum
498 2361 666 2418 vetat,
693 2368 759 2407 ne
783 2360 833 2406 te
864 2349 1145 2405 arbitreris
1174 2362 1283 2402 non
1307 2347 1504 2401 debere
1525 2341 1758 2398 Domino

162 2443 538 2514 jusjurandum
559 2453 728 2511 tuum,
754 2459 878 2499 cum
906 2459 1006 2514 per
1043 2457 1165 2497 eum
1183 2440 1371 2509 iurare
1393 2435 1753 2499 convinceris,

169 2537 321 2607 cujus
347 2538 542 2594 coelum
574 2539 804 2593 thronus
831 2544 938 2602 est,
993 2543 1050 2590 et
1079 2533 1233 2603 cujus
1263 2541 1410 2588 terra
1462 2528 1760 2587 scabellum

171 2637 272 2694 est,
328 2629 484 2699 cujus
529 2638 583 2685 et
614 2629 1098 2690 omniscreatura
1143 2627 1354 2680 factura
1403 2631 1506 2680 est.
1558 2621 1761 2677 Verum

171 2736 277 2776 non
306 2730 522 2792 oportet
562 2722 774 2792 opinari
826 2721 882 2776 in
919 2737 984 2777 eo
1006 2720 1149 2791 quod
1185 2719 1387 2776 dictum
1409 2723 1513 2783 est,
1565 2715 1764 2771 cmluan

177 2814 402 2870 thronus
428 2814 527 2870 Dei
565 2821 620 2869 et
663 2823 808 2869 terra
844 2813 1140 2870 scabellum
1191 2812 1386 2887 pedum
1432 2806 1570 2877 ejus,
1621 2805 1766 2877 quod

174 2905 250 2959 sic
270 2905 471 2960 habeat
494 2905 636 2960 Deus
657 2904 918 2961 collocata
939 2905 1182 2959 membra
1210 2903 1266 2956 in
1287 2900 1426 2958 coelo
1453 2907 1507 2955 et
1521 2900 1577 2954 in
1600 2907 1763 2964 terra,

176 3001 376 3060 utnos,
425 3010 552 3050 cum
600 2995 870 3061 sedemus,
918 2994 1013 3049 sed
1043 2993 1133 3048 illa
1161 2992 1318 3049 sedes
1364 2991 1460 3046 Dei
1499 2988 1766 3060 judicium

174 3085 460 3157 significat.
519 3087 589 3142 Et
614 3086 872 3158 quoniam
906 3086 961 3140 in
996 3086 1101 3140 hoc
1139 3084 1395 3138 universo
1424 3081 1606 3138 mundi
1649 3093 1770 3134 cor-

175 3191 327 3245 pore,
381 3178 676 3232 maximam
731 3177 969 3247 speciem
1007 3176 1207 3232 coeluin
1254 3174 1472 3239 habeat,
1525 3179 1581 3227 et
1625 3179 1770 3225 terra

1857 2069 1950 2134 rit,
1991 2068 2212 2140 gravius
2237 2067 2427 2123 ulcisci
2458 2069 2727 2124 desideret
2752 2085 2766 2134 ;
2814 2082 2920 2122 non
2946 2066 3092 2121 enim
3114 2064 3273 2120 facile
3303 2065 3454 2118 inve-

1859 2161 2005 2216 nitur
2031 2160 2142 2230 qui,
2189 2175 2369 2231 pugno
2391 2169 2632 2231 accepto,
2686 2175 2925 2231 pugnum
2953 2158 3180 2215 reddere
3201 2157 3351 2222 velit,
3400 2161 3457 2210 et

1861 2269 1969 2309 uno
2004 2268 2034 2307 a
2065 2253 2403 2309 conviciante
2432 2254 2600 2309 verbo
2626 2254 2829 2319 audito,
2883 2254 3216 2309 tantumdem
3241 2250 3451 2307 referre

1861 2352 2146 2400 contentus
2187 2345 2277 2410 sit,
2315 2345 2408 2400 sed
2437 2346 2648 2402 siveira
2673 2347 3021 2416 perturbatus
3043 2343 3455 2401 immoderatius

1863 2437 2124 2504 vindicat,
2179 2437 2293 2493 sive
2339 2438 2467 2508 quia
2511 2436 2720 2508 iustum
2763 2446 2918 2508 putat
2968 2454 3092 2494 cum
3127 2438 3221 2509 qui
3257 2435 3459 2492 laeserit

1864 2530 2032 2599 prior,
2085 2531 2302 2601 gravius
2329 2530 2448 2586 laedi
2476 2546 2642 2603 quam
2673 2529 2834 2586 laesus
2855 2537 2940 2586 est
2964 2530 3057 2599 qui
3087 2543 3194 2583 non
3218 2527 3451 2582 haeserat.

1866 2619 2054 2676 Talem
2096 2620 2294 2691 quippe
2331 2621 2572 2676 animum
2616 2635 2812 2691 magna
2839 2633 2905 2674 ex
2927 2627 3084 2689 parte
3143 2613 3462 2679 refrenavit,

1869 2721 1923 2770 et
1947 2713 2235 2783 quemdam
2265 2712 2492 2783 gradum
2518 2712 2702 2784 posuit
2721 2712 2829 2778 lex,
2854 2712 2910 2766 in
2925 2726 3034 2781 qua
3061 2709 3322 2778 scriptum
3345 2713 3464 2761 est:

1872 2802 2100 2858 Oculum
2118 2821 2210 2875 pro
2241 2802 2416 2870 oculo,
2435 2813 2484 2858 et
2515 2803 2721 2859 dentem
2747 2819 2843 2874 pro
2863 2803 3036 2857 dente.
3069 2801 3276 2868 Quibus
3293 2795 3466 2852 nomi-

1870 2895 2030 2951 nibus
2070 2895 2408 2967 signiﬁcatur
2449 2895 2666 2962 modus,
2727 2901 2789 2949 ut
2814 2892 3069 2964 iniuriam
3093 2890 3330 2946 vindicta
3356 2901 3464 2942 non

1874 2994 2132 3044 transeat.
2164 2987 2232 3041 Et
2259 2988 2375 3043 haec
2400 2994 2484 3042 est
2506 2985 2658 3056 pacis
2683 2985 2978 3043 inchoatio.
3005 2981 3254 3039 Perfecta
3287 2987 3470 3035 autem

1878 3095 1985 3151 pax
2008 3088 2114 3146 est,
2170 3078 2332 3134 talem
2375 3078 2591 3150 penitus
2616 3076 2760 3134 nolle
2806 3075 3131 3132 vindictam.
3171 3072 3257 3128 Ad
3305 3083 3470 3142 quam

1880 3168 2296 3240 perveniendam
2323 3167 2430 3222 duo
2453 3167 2654 3238 gradus
2693 3166 2871 3222 adhuc
2897 3172 3125 3229 restant,
3185 3162 3240 3217 id
3267 3169 3372 3226 est,
3412 3166 3472 3213 ut

178 3272 476 3338 minimam,
540 3281 797 3342 tanquam
850 3271 1168 3342 praesentior
1217 3269 1288 3324 sit
1321 3265 1605 3323 excellenti
1651 3263 1768 3334 pul-
1795 3263 1844 3328 C
1875 3276 1983 3316 non
2019 3260 2208 3316 reddat
2234 3267 2467 3326 tantum,
2497 3258 2592 3314 sed
2620 3258 2820 3323 minus,
2868 3255 3021 3313 verbi
3053 3254 3249 3326 gratia,
3290 3260 3350 3306 ut
3374 3265 3474 3322 pro

152 3365 468 3420 ~cliritudini
491 3367 576 3421 vis
589 3366 792 3431 divina,
818 3365 1098 3419 minimam
1121 3377 1253 3419 vero
1275 3363 1489 3418 ordinet
1510 3360 1560 3414 in
1587 3367 1772 3415 extre-

178 3458 282 3514 mis
303 3467 468 3529 atque
493 3459 550 3513 in
577 3458 796 3522 inﬁmis,
831 3456 1021 3512 sedere
1044 3455 1100 3510 in
1125 3454 1262 3510 caelo
1293 3452 1511 3517 dicitur,
1542 3460 1774 3505 terram-

181 3562 287 3616 que
316 3549 554 3604 calcare.
608 3547 940 3618 Spiritaliter
968 3553 1148 3601 autem
1176 3552 1396 3600 sanctas
1414 3541 1624 3597 animas
1646 3539 1772 3596 caeli

183 3643 402 3697 nomine
425 3641 716 3714 signiﬁcat,
767 3649 821 3694 et
848 3648 1009 3695 terrm
1030 3637 1384 3710 peccatrices.
1421 3635 1489 3690 Et
1518 3633 1774 3704 quoniam

183 3734 448 3803 spiritalis
484 3733 666 3789 omnia
701 3731 933 3802 iudicat,
986 3732 1101 3801 ipse
1129 3737 1310 3784 autem
1337 3744 1369 3782 a
1393 3726 1610 3781 nemine
1630 3723 1775 3796 iudi-

183 3832 358 3891 catur,
427 3825 812 3880 convenienter
855 3822 1055 3878 dicitur
1121 3821 1276 3877 sedes
1329 3819 1460 3885 Dei;
1520 3825 1778 3889 peccator

183 3930 312 3970 vero
360 3916 447 3971 cui
504 3915 706 3971 dictum
745 3921 868 3971 est:
898 3913 1062 3968 Terra
1110 3929 1164 3968 es
1189 3951 1205 3978 ,
1239 3920 1286 3966 et
1336 3912 1392 3964 in
1418 3921 1613 3964 terram
1652 3908 1775 3975 ibis,

183 4005 309 4074 quia
338 4021 437 4076 per
458 4005 727 4076 iustitiam
780 4004 990 4061 meritis
1020 4004 1180 4076 digna
1215 4001 1560 4065 tribuentem,
1611 4000 1664 4054 in
1695 3999 1778 4053 in—

187 4096 329 4152 ﬁmis
361 4099 668 4164 ordinatur,
734 4105 790 4152 et
812 4097 906 4167 qui
937 4097 992 4150 in
1024 4095 1139 4166 lege
1165 4107 1388 4149 manere
1430 4092 1620 4158 noluit,
1676 4093 1777 4147 sub

186 4187 300 4259 lege
328 4191 571 4261 ponitur,
613 4198 976 4260 congruenter
1013 4187 1277 4258 accipitur
1324 4185 1622 4241 scabellum
1679 4198 1777 4253 pe-

191 4280 314 4335 dum
371 4283 489 4338 Dei.
559 4281 642 4338 Sit
687 4290 862 4335 autem
893 4296 1062 4334 sermo
1108 4289 1297 4344 vester,
1350 4286 1446 4343 est,
1508 4285 1605 4340 est,
1649 4291 1777 4340 non,

191 4388 310 4438 non,
351 4375 492 4445 quod
536 4383 710 4428 autem
758 4373 841 4427 his
889 4370 1244 4425 abundantius
1287 4378 1382 4434 est,
1425 4385 1458 4422 α
1488 4366 1629 4422 malo
1682 4376 1778 4421 est.

195 4463 392 4532 (Mauri.
427 4466 448 4538 )
478 4466 581 4533 Qui
604 4465 791 4536 iurare
821 4479 930 4519 non
959 4462 1260 4533 prohibuit,
1316 4460 1588 4531 quomodo
1633 4457 1783 4527 loqui

193 4565 404 4626 oportet
442 4557 648 4613 docuit.
701 4554 804 4620 Sit,
855 4554 1054 4624 inquit,
1093 4569 1263 4608 sermo
1293 4560 1478 4618 vester,
1530 4557 1627 4615 est,
1681 4558 1778 4614 est,

1878 3354 2094 3411 duobus
2134 3368 2300 3408 unum
2331 3350 2546 3417 reddat,
2593 3359 2690 3406 aut
2735 3364 2831 3422 pro
2861 3349 3047 3404 avulso
3082 3345 3240 3402 oculo
3285 3357 3472 3398 aurem

1874 3445 2150 3516 praecidat.
2182 3441 2324 3498 Hinc
2348 3443 2648 3499 ascendens
2676 3441 2770 3513 qui
2809 3440 3032 3497 omnino
3068 3437 3205 3494 nihil
3227 3435 3355 3492 mali
3384 3445 3474 3489 re-

1873 3535 2142 3608 penderit,
2189 3533 2300 3588 imo
2323 3533 2527 3588 bonum
2573 3547 2675 3603 pro
2702 3531 2848 3587 malo
2873 3529 3187 3595 reddiderit,
3249 3526 3474 3598 propin-

1875 3634 2006 3697 quat
2059 3625 2312 3696 prmsenti
2363 3632 2634 3695 praecepto
2664 3622 2896 3688 Domini,
2941 3635 3042 3676 nec
3078 3628 3262 3674 tamen
3298 3617 3476 3672 adhuc

1877 3717 1954 3774 ibi
1987 3728 2089 3772 est.
2135 3716 2371 3772 Parvum
2398 3716 2544 3771 enim
2578 3715 2756 3770 adhuc
2779 3714 2992 3769 videtur
3027 3710 3274 3775 Domino,
3302 3707 3348 3762 si
3380 3719 3480 3776 pro

1879 3809 2022 3864 malo
2055 3809 2201 3878 quod
2243 3807 2544 3878 acceperis,
2596 3806 2730 3860 nihil
2759 3805 2955 3861 reddas
2983 3802 3132 3868 mali,
3175 3800 3281 3855 nisi
3308 3798 3475 3854 etiam

1879 3901 2110 3971 amplius
2149 3901 2224 3955 sis
2249 3907 2471 3971 paratus
2511 3899 2780 3969 accipere.
2832 3895 3174 3966 Quapropter
3217 3906 3324 3946 non
3355 3889 3475 3943 ait:

1878 3993 1994 4065 Ego
2023 4003 2197 4047 autem
2220 3992 2337 4046 dico
2360 3991 2519 4058 vobis,
2553 4006 2662 4046 non
2692 3989 2920 4044 reddere
2951 3985 3152 4042 malum
3183 3998 3282 4055 pro
3309 3980 3473 4046 malo,

1879 4098 2188 4154 quanquam
2211 4072 2222 4077 ’
2243 4083 2346 4137 hoc
2379 4081 2544 4136 etiam
2598 4094 2854 4151 magnum
2889 4084 3219 4149 praeceptum
3247 4074 3340 4139 sit,
3385 4070 3480 4127 sed

1881 4177 1958 4230 ait
2001 4193 2014 4229 :
2047 4191 2149 4229 non
2190 4175 2428 4229 resistere
2476 4174 2725 4228 adversus
2753 4170 2992 4236 malum;
3045 4177 3106 4224 ut
3146 4182 3255 4222 non
3303 4163 3474 4219 solum

1882 4281 1991 4322 non
2021 4267 2290 4338 rependas
2319 4265 2462 4336 quod
2495 4265 2591 4320 tibi
2615 4263 2780 4320 fuerit
2806 4264 3122 4334 irrogatam,
3169 4258 3262 4314 sed
3314 4257 3480 4312 etiam

1882 4373 1988 4413 non
2019 4358 2262 4424 resistas,
2315 4373 2423 4428 quo
2448 4358 2627 4412 minus
2649 4356 2797 4410 aliud
2839 4355 3128 4424 irrogetur.
3185 4349 3302 4404 Hoc
3336 4347 3482 4404 enim

1882 4458 1968 4506 est
1992 4451 2134 4520 quod
2163 4451 2331 4506 etiam
2357 4457 2754 4518 consequenter
2777 4445 3018 4517 exponit.

1957 4545 2061 4600 Sed
2101 4546 2146 4599 si
2172 4547 2289 4615 quis
2326 4553 2375 4599 te
2421 4543 2736 4614 percusserit
2790 4542 2847 4595 in
2876 4539 3146 4592 dexteram
3183 4532 3483 4597 maxillam,

196 4620 312 4713 nbn,
337 4666 490 4714 non;
527 4649 682 4719 quasi
717 4620 958 4703 dicereti
990 4645 1138 4715 quod
1163 4655 1270 4710 est,
1310 4641 1546 4698 sulliciat
1579 4642 1780 4707 dicere,
1813 4620 1864 4681 D
1890 4639 2061 4712 prwbe
2099 4638 2176 4692 illi
2197 4647 2246 4692 et
2273 4637 2515 4692 alteram.
2564 4633 2746 4706 (Aug.)
2792 4630 2908 4686 Non
2937 4630 3096 4719 enirn
3131 4627 3226 4691 ait,
3259 4624 3319 4680 Si
3363 4625 3488 4719 quis

194 4745 310 4804 est;
343 4739 494 4811 quod
539 4755 648 4795 non
693 4747 795 4806 est,
841 4735 1069 4793 sufﬁciat
1113 4735 1314 4799 dicere,
1367 4749 1474 4789 non
1513 4741 1635 4800 est;
1674 4733 1787 4787 sive

198 4829 312 4888 ideo
341 4834 427 4892 bis
455 4835 676 4900 dicitur,
704 4844 803 4900 est,
828 4842 924 4901 est,
960 4849 1086 4898 non,
1113 4849 1237 4897 non,
1269 4837 1327 4887 ut
1355 4830 1498 4900 quod
1528 4845 1624 4885 ore
1647 4826 1790 4882 allii--

200 4938 330 4994 mes,
378 4929 638 5001 operibus
661 4930 876 4999 probes,
942 4936 998 4983 et
1025 4927 1170 4998 quod
1191 4926 1372 4981 verbis
1394 4940 1577 4996 neges,
1631 4924 1789 4981 factis

203 5031 304 5074 non
327 5021 644 5077 conﬁrmes.
679 5021 792 5076 Hoc
820 5021 963 5076 enim
986 5020 1188 5075 bonum
1215 5026 1272 5073 et
1298 5018 1659 5088 appetendum
1683 5025 1786 5082 est,

205 5116 261 5162 ut
301 5113 675 5169 testimonium
722 5113 991 5169 bonorum
1032 5127 1260 5182 operum
1289 5110 1593 5166 orationem
1637 5123 1788 5165 com-

208 5205 420 5260 mendet
468 5205 718 5260 dicentis.
795 5203 933 5259 Cum
983 5218 1115 5274 ergo
1163 5200 1430 5256 subinfert
1462 5219 1475 5253 :
1510 5199 1662 5265 Quod
1711 5200 1792 5254 his

211 5291 563 5353 abundantius
592 5306 690 5363 est,
723 5296 914 5350 amato
938 5304 1034 5361 est,
1082 5295 1157 5349 ita
1202 5291 1428 5362 intelligi
1453 5298 1688 5362 oportet,
1735 5297 1797 5345 ut

215 5383 372 5452 scias,
423 5387 470 5444 si
489 5387 679 5457 iurare
707 5386 941 5458 cogaris,
997 5385 1131 5440 illud
1158 5385 1223 5440 de
1256 5382 1580 5439 necessitate
1610 5380 1796 5436 venire

214 5470 543 5535 inﬁrmitatis
590 5492 780 5533 eorum
829 5477 1026 5546 quibus
1065 5475 1269 5547 aliquid
1318 5473 1636 5545 persuades,
1677 5487 1797 5543 qua:

216 5569 394 5641 utique
419 5572 712 5628 inﬁrmitas
747 5571 946 5626 malum
971 5578 1072 5625 est.
1138 5570 1292 5626 Unde
1314 5585 1414 5624 nos
1447 5567 1688 5639 quotidie
1737 5567 1798 5622 li«

218 5655 398 5716 berarl
449 5665 828 5734 deprecamur,
901 5675 1022 5716 cum
1078 5661 1309 5716 dicimus
1341 5679 1354 5714 :
1386 5658 1574 5713 Libera
1624 5673 1718 5712 nos
1771 5671 1804 5713 tt

218 5750 377 5806 malo.
408 5755 594 5826 Itaque
636 5770 744 5811 non
767 5752 904 5809 dixit
938 5771 952 5808 :
982 5751 1138 5819 Quod
1175 5751 1406 5821 amplius
1442 5756 1546 5815 est,
1599 5747 1802 5804 malum

219 5849 318 5897 est.
353 5844 433 5901 ’l‘u
453 5855 632 5904 autem
664 5862 773 5904 non
800 5845 1002 5903 malum
1041 5843 1196 5911 facis,
1249 5843 1341 5915 qui
1362 5843 1500 5899 bene
1524 5841 1693 5897 uteris
1717 5840 1804 5911 ju-

1894 4739 1948 4786 te
1974 4727 2327 4798 percusserit,
2359 4724 2471 4780 noli
2492 4732 2548 4778 tu
2569 4731 2876 4793 percutere,
2903 4719 2997 4774 sed
3027 4732 3042 4771 :
3067 4716 3206 4770 Para
3238 4724 3290 4770 te
3309 4714 3489 4768 adhuc

1894 4821 2122 4893 percuti.
2183 4817 2336 4887 Quod
2374 4817 2443 4870 ad
2467 4811 2900 4870 misericordiam
2947 4809 3224 4880 pertinere
3272 4807 3327 4861 hi
3375 4820 3488 4859 ma-

1895 4914 2044 4970 xime
2074 4912 2338 4974 sentiunt,
2377 4908 2469 4978 qui
2499 4906 2580 4962 eis
2609 4921 2745 4975 quos
2786 4904 3016 4958 multum
3059 4900 3305 4969 diligunt,
3369 4904 3488 4949 tan-

1896 5020 2061 5078 quam
2083 5004 2228 5069 ﬁliis,
2276 5001 2359 5057 vel
2386 4998 2715 5071 quibuslibet
2752 4994 3116 5054 dilectissimis
3150 4993 3263 5049 suis
3317 5002 3489 5058 aegro-

1895 5096 2460 5165 tantibus,-serviunt,
2503 5092 2586 5148 vel
2626 5090 2885 5162 parvulis,
2937 5088 3021 5142 vel
3049 5083 3401 5157 phreneticis,
3453 5096 3484 5135 a

1897 5192 2094 5261 quibus
2139 5188 2309 5244 multa
2335 5199 2478 5255 saepe
2517 5183 2815 5255 patiuntur,
2858 5178 2986 5236 etsi
3021 5191 3210 5232 eorum
3253 5174 3396 5230 salus
3433 5171 3486 5227 id

1897 5280 2101 5352 exigat,
2150 5279 2394 5350 praebent
2422 5291 2480 5332 se
2509 5275 2673 5330 etiam
2702 5282 2762 5328 ut
2794 5271 2948 5342 plura
2979 5269 3278 5340 patiantur,
3317 5265 3488 5320 donec

1900 5372 1986 5428 vel
2010 5369 2205 5437 aetatis,
2237 5368 2322 5424 vel
2353 5366 2529 5423 morbi
2554 5363 2842 5419 inﬁrmitas
2866 5367 3126 5416 transeat.
3179 5357 3324 5425 Quos
3361 5369 3489 5424 ergo

1903 5463 2166 5521 Dominus
2200 5460 2445 5516 medicus
2472 5457 2779 5511 animarum
2807 5451 3065 5509 curandis
3099 5448 3364 5520 proximis
3406 5445 3490 5500 in-

1905 5556 2174 5620 struebat,
2228 5552 2355 5623 quid
2383 5565 2477 5606 eos
2498 5549 2644 5604 aliud
2672 5549 2869 5603 docere
2911 5545 3116 5610 debuit,
3165 5541 3270 5598 nisi
3315 5548 3374 5594 ut
3406 5554 3494 5593 eo-

1905 5664 2049 5715 rum,
2077 5661 2306 5718 quorum
2332 5642 2490 5699 saluti
2529 5640 2811 5697 consulere
2834 5638 3055 5706 vellent,
3093 5633 3493 5692 imbecillitates

1905 5757 2061 5815 aequo
2096 5741 2278 5795 animo
2309 5735 2644 5792 tolerarent?
2685 5734 2876 5792 Omnis
2916 5746 3150 5803 namque
3176 5725 3494 5798 improbitas

1906 5814 1976 5889 ex
2009 5830 2381 5890 imbecillitate
2407 5827 2577 5884 animi
2605 5839 2774 5884 venit.
2826 5824 2963 5894 Quia
2989 5823 3124 5880 nihil
3152 5814 3496 5876 innocentius
