3914 6494
397 428 507 490 837

1042 426 1105 482 B.
1143 424 1403 481 assam
1439 412 1658 478 unum
1692 410 2011 478 Ancum.
2051 405 2364 477 uocum.
2406 404 2697 474 orsum
2732 414 2911 472 PARS
2946 416 2990 472 1.

398 556 569 605 esteo
597 547 781 619 quiin
804 545 1006 603 virtute
1024 541 1297 613 perfectus
1330 547 1434 593 est.
1484 536 1599 591 llac
1629 548 1759 605 ergo
1804 535 1985 589 Evan-
2013 538 2330 605 Aperatnr.
2382 529 2715 602 Spiritaliter
2754 537 2937 584 autem
2974 530 3153 586 omnis
3195 538 3391 588 doctor
3440 534 3695 592 turrim

401 644 527 717 gelii
553 624 822 700 sententia
852 636 1253 694 ecclesiasticus
1275 634 1357 687 vir
1393 630 1719 687 describitur
1750 627 1992 682 imitator

399 733 518 803 ejus
544 735 636 804 qui
660 731 790 787 dicit
821 749 835 784 :
864 728 1060 783 Discite
1097 744 1131 781 α
1170 742 1274 790 me,
1302 723 1425 795 quia
1450 720 1591 776 mitis
1639 735 1757 773 sum
1797 726 1846 772 et
1896 718 1996 770 Au-

399 824 544 878 milis
592 822 748 878 corde
803 819 1018 893 (Matth.
1070 816 1169 890 ιιι).
1222 816 1289 870 Ει
1333 813 1774 885 pollicitationem
1834 823 1993 864 suam

401 929 691 986 percussus
719 913 875 984 alapa
896 912 1233 982 comprobat,
1266 908 1452 963 dicens
1482 923 1494 959 :
1527 904 1589 960 Si
1615 902 1751 958 male
1783 903 1993 956 locutus

400 1022 538 1070 sum,
572 1022 765 1076 argue;
793 1005 876 1059 sin
918 1011 1092 1058 autem
1128 1002 1274 1074 bene,
1312 1015 1408 1053 cur
1445 1014 1527 1052 me
1577 996 1776 1052 credis?
1804 993 1989 1065 (Joan.

402 1094 583 1169 xvtu.)
619 1094 749 1150 Tale
781 1094 910 1164 quid
933 1102 987 1148 et
1016 1092 1183 1147 David
1213 1091 1537 1160 loquebatur
1562 1087 1617 1142 in
1646 1086 1897 1158 psalmo:
1929 1081 1991 1137 Si

402 1188 609 1243 reddidi
633 1186 1035 1243 retribuentibus
1058 1186 1186 1239 mihi
1226 1182 1370 1237 mala
1433 1180 1605 1252 (Paul.
1629 1180 1748 1252 vn).
1801 1178 1868 1233 Et
1903 1175 1993 1231 Je-

400 1280 600 1334 remias
640 1280 695 1334 in
743 1278 1219 1333 lamentationibus
1252 1290 1267 1329 :
1304 1275 1511 1329 Bonum
1551 1282 1625 1328 est
1660 1272 1856 1327 homini
1880 1310 1896 1337 ,
1946 1268 1995 1323 si

403 1370 691 1425 comederit
733 1371 799 1424 ob
837 1368 1188 1424 adolescentia
1233 1384 1353 1433 sua,
1405 1366 1548 1420 dabit
1588 1362 1893 1437 percutienti
1937 1379 1994 1418 se

402 1460 701 1527 maxillam,
738 1460 1065 1515 saturabitur
1117 1459 1406 1531 approbriis
1452 1458 1668 1530 ('l'hren.
1716 1456 1821 1528 in).
1880 1456 1997 1511 Hoc-

404 1554 693 1608 adversum
744 1568 841 1609 eos
874 1553 965 1625 qui
993 1561 1185 1623 putant
1203 1551 1433 1605 alterum
1467 1549 1677 1604 Domini
1709 1548 1859 1619 legis,
1909 1547 1991 1601 al-

405 1653 587 1700 terum
630 1645 928 1717 Evangelii,
1001 1644 1147 1714 quod
1187 1651 1241 1700 et
1274 1644 1345 1697 ibi
1391 1651 1446 1697 et
1492 1643 1581 1697 hic
1634 1641 1997 1696 mansuetudo

404 1734 681 1792 doceatur.
742 1738 1053 1794 Secundum
1094 1739 1353 1809 mysticos
1383 1737 1687 1792 intellectus
1734 1751 1994 1807 percussa

401 1828 619 1884 dextera
677 1838 885 1896 nostra,
946 1844 1055 1884 non
1098 1829 1353 1900 jubemur
1400 1829 1676 1883 sinistram
1726 1829 1992 1898 praebere,

2094 623 2271 679 aufert
2314 622 2559 693 alicujus,
2610 637 2733 677 cum
2766 622 2922 678 abeo
2946 622 3227 690 interiora,
3255 632 3313 679 et
3348 639 3477 696 qua-
3505 629 3701 683 animo

2091 711 2282 783 latent,
2315 714 2621 772 conﬁtenda
2646 716 2888 786 deposcit
2917 723 3156 786 peccata,
3205 723 3265 771 ut
3298 721 3385 772 est
3405 720 3697 788 superbia,

2092 807 2312 875 invidie,
2348 809 2551 875 odium,
2599 808 3056 878 concupiscentia,
3096 810 3259 865 ethis
3304 810 3529 865 similia.
3578 811 3701 882 Ipse

2093 909 2277 955 autem
2321 900 2481 955 simul
2525 899 2748 955 dimittit
2784 906 2839 954 et
2876 898 3118 969 pallium,
3165 900 3261 969 qui
3313 901 3604 955 exteriora
3644 912 3697 958 et

2093 1008 2212 1065 qua:
2230 1009 2329 1065 per
2351 1010 2548 1065 corpus
2577 994 2764 1064 gessit,
2798 1009 2905 1048 non
2932 994 3205 1048 erubescit
3245 993 3411 1048 simul
3441 996 3703 1051 conﬁteri

2093 1086 2360 1153 facinora,
2412 1088 2552 1143 sicut
2589 1097 2671 1143 est
2710 1088 2987 1143 ebrietatis
3016 1087 3230 1153 vitium,
3277 1085 3699 1155 fornicationis,

2093 1180 2317 1251 rapiare,
2342 1181 2720 1244 contentionis,
2748 1179 2900 1246 furti,
2933 1189 2988 1233 et
3023 1180 3326 1245 homicidii,
3374 1188 3438 1234 et
3479 1196 3700 1235 omnem

2094 1272 2464 1342 impuritatcm
2512 1282 2567 1327 et
2607 1272 2906 1328 {mlitatem
2934 1273 3373 1328 conversationis
3401 1288 3525 1327 suae
3574 1290 3696 1343 pro-

2094 1362 2327 1419 l‘undens
2372 1365 2427 1419 in
2463 1371 2753 1435 conspectu
2798 1364 3029 1428 Domini,
3087 1364 3216 1419 dicit
3264 1364 3345 1418 illi
3381 1378 3521 1418 cum
3569 1363 3699 1418 Pro-

2092 1458 2255 1527 pheta
2287 1474 2300 1510 :
2332 1456 2592 1511 Delictum
2632 1474 2803 1512 meum
2828 1458 3090 1528 cognitum
3130 1457 3221 1511 tibi
3242 1458 3367 1527 feci,
3414 1466 3469 1511 et
3494 1459 3703 1528 injusti-

2095 1551 2196 1603 tias
2224 1566 2362 1604 meas
2384 1566 2488 1604 non
2508 1552 2727 1621 operui;
2751 1551 2886 1616 dixi,
2913 1551 3260 1621 pronuntiabo
3310 1551 3601 1604 advertant
3630 1569 3702 1605 me

2094 1642 2386 1712 iujustitias
2434 1658 2575 1695 meus
2616 1642 2868 1709 Domino,
2915 1650 2962 1695 et
2987 1651 3045 1694 tu
3088 1641 3337 1695 remisisti
3354 1642 3699 1711 “impietatem

2097 1734 2269 1788 cordis
2314 1735 2416 1788 mei
2441 1733 2612 1806 (Paul.
2657 1734 2810 1805 χχχι)

2167 1824 2236 1878 Et
2261 1826 2554 1896 quicunque
2576 1833 2625 1879 te
2644 1825 2996 1896 angariaverit
3022 1822 3169 1879 mille
3185 1841 3404 1894 passus,
3431 1824 3573 1877 vade
3592 1841 3700 1877 cm

399 1924 497 1978 sed
522 1924 767 1990 alteram,
798 1925 855 1980 id
877 1935 960 1980 est
1004 1924 1234 1979 alteram
1261 1924 1559 1978 dexteram.
1612 1921 1797 1978 Justus
1845 1921 1991 1976 enim
2018 1917 2071 1979 Β
2094 1917 2185 1972 illo
2208 1917 2317 1973 alia
2340 1933 2464 1972 auo.
2496 1918 2680 1990 (Aug.)
2717 1919 2869 1986 Quod
2898 1932 3031 1989 ergo
3059 1919 3161 1973 hoc
3195 1918 3530 1973 testimonio
3577 1932 3703 1988 prae

398 2015 679 2071 sinistram
723 2032 831 2071 non
859 2018 1040 2072 habet.
1094 2015 1152 2071 Si
1188 2031 1286 2070 nos
1336 2015 1624 2070 luereticus
1669 2015 1723 2068 in
1751 2015 1995 2084 disputa-

401 2105 551 2161 tione
587 2109 940 2178 percusserit,
994 2116 1047 2163 et
1083 2108 1367 2163 dexterum
1394 2107 1587 2175 dogma
1612 2106 1848 2160 voluerit
1870 2105 1992 2159 vul-

397 2211 617 2263 nerare,
664 2206 970 2268 opponatur
1019 2197 1069 2253 ei
1118 2197 1264 2252 aliud
1299 2197 1367 2251 de
1401 2195 1994 2268 Scripturis‘testimo-

398 2286 572 2353 nium,
619 2296 675 2342 et
705 2298 815 2344 tam
838 2288 933 2344 diu
960 2286 1273 2343 verberanti
1297 2287 1649 2343 succedentes
1677 2287 1779 2342 sibi
1803 2288 1994 2342 dexte-

398 2392 492 2435 ras
531 2379 894 2448 praebeamus,
927 2390 1102 2435 donec
1128 2379 1337 2436 inimici
1380 2379 1462 2434 ira
1487 2380 1766 2435 lassescat.
1810 2380 1999 2435 Potest

399 2475 583 2527 tamen
604 2486 716 2527 non
741 2471 1184 2528 inconvenienter
1210 2480 1269 2525 et
1288 2471 1344 2525 in
1373 2470 1583 2525 dualuis
1600 2471 1838 2527 maxillis
1862 2471 1996 2527 duas

398 2561 712 2619 nobilitates
751 2563 1083 2635 signiﬁcatas
1139 2563 1367 2635 intelligi
1399 2562 1562 2634 :quia
1611 2569 1697 2617 est
1743 2562 2001 2619 nobilitas

400 2654 704 2711 secundum
743 2656 938 2721 Deum,
975 2663 1032 2712 et
1058 2655 1360 2713 secundum
1408 2655 1515 2710 hoc
1551 2654 1826 2711 saeculum.
1879 2655 1999 2711 Dis-

399 2745 711 2802 tribuantnr
754 2763 889 2803 vero
935 2748 1036 2815 ita,
1096 2757 1158 2804 ut
1196 2750 1418 2805 dextera
1471 2748 1670 2805 divinae
1704 2748 1995 2815 nobilitati,

398 2845 453 2893 et
477 2840 701 2896 sinistra
736 2842 991 2899 balaena:
1017 2843 1323 2915 deputetur.
1374 2842 1640 2900 Convenit
1676 2858 1811 2916 ergo
1843 2852 1903 2897 ut
1940 2842 1997 2897 in

398 2947 729 3005 quocunque
745 2935 1014 3007 discipule
1044 2936 1247 2993 Christi
1266 2946 1637 3007 contortiptum
1666 2937 1829 2992 fuerit
1851 2936 1999 3007 quod

398 3027 742 3085 Christianus
761 3025 865 3097 est,
896 3033 1071 3089 multo
1089 3035 1265 3106 magis
1302 3036 1359 3090 in
1380 3051 1438 3091 se
1462 3037 1760 3105 contemni,
1774 3044 1997 3107 paratus

398 3121 494 3187 sit,
546 3122 592 3176 si
622 3138 760 3193 quos
784 3123 949 3195 huius
973 3124 1157 3181 saeculi
1183 3128 1421 3181 honores
1449 3127 1631 3181 habet.
1682 3126 1835 3181 Sicut
1860 3142 1994 3197 apo-

397 3217 569 3273 stolus
606 3217 829 3286 Paulus,
874 3234 1001 3276 cum
1038 3222 1093 3276 in
1125 3237 1191 3277 eo
1232 3230 1689 3293 persequerentur
1744 3220 1995 3278 homines

2094 2012 2240 2081 cipit,
2274 2019 2489 2082 oportet
2518 2019 2577 2065 ut
2605 2027 2712 2066 non
2739 2019 2845 2066 tam
2882 2012 3107 2082 pedibus
3125 2027 3274 2083 agas,
3312 2027 3493 2083 quam
3519 2010 3703 2065 titani-

2096 2120 2187 2159 mo
2213 2118 2427 2175 semper
2453 2104 2527 2158 sis
2554 2104 2623 2158 ad
2654 2104 2961 2160 faciendum
2985 2114 3227 2175 paratus,
3301 2106 3510 2175 utique
3561 2119 3701 2158 com-

2097 2198 2369 2270 passionis
2397 2197 2655 2253 allectum
2693 2207 2748 2253 et
2773 2199 3012 2255 studium
3047 2199 3227 2253 solatii
3274 2199 3613 2270 impendere
3634 2197 3698 2259 ei,

2097 2290 2191 2362 qui
2218 2305 2249 2343 a
2276 2298 2329 2344 te
2357 2291 2580 2358 expetit.
2636 2288 2770 2342 Nam
2799 2290 2852 2343 in
2878 2290 2994 2359 ipsa
3016 2289 3335 2343 Christiana
3373 2288 3624 2349 historia,
3648 2288 3698 2340 in

2096 2397 2204 2454 qua
2241 2390 2327 2438 est
2367 2382 2689 2447 auctoritas,
2731 2382 2865 2436 nihil
2913 2382 3017 2436 tale
3067 2382 3316 2436 invenies
3348 2379 3702 2435 historialiter

2096 2472 2301 2531 factum
2324 2492 2355 2529 a
2377 2476 2600 2541 sanctis,
2618 2474 2698 2529 vel
2727 2474 2797 2529 ab
2820 2475 2945 2544 ipso
2962 2474 3204 2537 Domino,
3237 2489 3369 2527 cum
3399 2473 3457 2526 in
3478 2473 3696 2535 homine,

2099 2578 2265 2639 quem
2286 2569 2567 2639 suscipere
2592 2569 2849 2639 dignatus
2870 2576 2973 2633 est,
3009 2567 3227 2622 vivendi
3252 2566 3422 2621 nobis
3448 2565 3699 2635 prmbcrtt

2097 2659 2430 2730 exemplum,
2481 2675 2604 2715 cum
2636 2669 2819 2714 tamen
2853 2658 3104 2714 omnibus
3133 2658 3251 2712 fere
3287 2657 3437 2711 locis
3471 2656 3696 2710 invenies

2097 2763 2318 2827 paratos
2358 2752 2545 2819 fuisse,
2609 2737 2767 2825 sequo
2797 2753 2982 2809 animo
3032 2752 3273 2807 tolerare
3308 2750 3592 2822 quidquid
3629 2750 3699 2804 eis

2099 2844 2347 2916 improbe
2384 2844 2591 2907 fuisset
2615 2857 2846 2918 gestum.
2890 2846 3017 2902 Tria
3043 2862 3174 2918 ergo
3200 2844 3466 2915 exempla
3513 2844 3698 2913 posuit,

2100 2940 2229 3009 quia
2250 2936 2351 2996 hoc
2377 2955 2605 2995 numero
2631 2941 2969 3010 signiﬁcatur
2991 2924 3277 3012 perfectio,
3306 2947 3375 2993 ut
3398 2936 3699 2993 meminerit

2099 3032 2350 3103 quisque,
2382 3048 2507 3088 cum
2540 3034 2643 3088 hoc
2670 3032 2820 3100 facit,
2857 3033 3156 3103 perfectam
3179 3030 3422 3102 implere
3435 3029 3698 3098 justitiam

2099 3124 2532 3180 misericorditer
2560 3123 2904 3179 inﬁrmitates
2939 3139 3128 3179 eorum
3154 3122 3521 3194 perferendo,
3566 3134 3698 3191 quos

2102 3215 2216 3269 vult
2239 3216 2356 3270 ﬁeri
2386 3231 2570 3271 sanos.
2605 3215 2790 3286 Neque
2815 3217 2904 3271 hic
2931 3216 3167 3272 vindicta
3198 3216 3559 3286 prohibetur,
3582 3225 3705 3283 qua:

396 3323 596 3365 nomen
646 3284 1038 3381 Christianum,
1095 3314 1140 3370 si
1179 3284 1383 3371 taceret
1409 3284 1496 3369 -de
1532 3313 1793 3386 dignitate
1832 3330 1994 3386 quam
2025 3284 2075 3351 ο
2106 3309 2171 3364 ad
2203 3311 2603 3365 correctionem
2630 3284 2796 3375 valet,
2839 3311 3007 3366 etiam
3033 3311 3148 3380 ipsa
3179 3284 3327 3366 enim
3366 3307 3617 3378 pertinet
3645 3304 3704 3359 ad

398 3401 636 3459 habebat
673 3403 731 3459 in
755 3406 974 3473 saeculo,
1027 3421 1137 3462 non
1166 3410 1431 3478 prta-heret
1468 3407 1693 3463 alteram
1722 3406 1997 3462 maxillam

397 3497 729 3555 cedentibus
755 3498 1057 3556 dexteram.
1118 3498 1237 3556 Non
1262 3503 1409 3558 enim
1441 3501 1703 3568 dicendo,
1721 3500 1860 3556 Civis
1886 3498 1998 3555 Roa

398 3600 585 3646 manus
624 3608 765 3659 sum,
806 3606 915 3649 non
939 3603 1057 3652 erat
1087 3604 1314 3666 paratus
1362 3594 1467 3651 hoc
1513 3597 1567 3651 in
1604 3611 1662 3652 se
1692 3595 1994 3662 contemni,

400 3681 544 3750 quod
590 3696 689 3754 pro
719 3680 941 3742 minimo
980 3686 1215 3744 habebat
1246 3686 1315 3743 ab
1346 3690 1427 3744 eis
1472 3678 1563 3758 q'ui
1596 3688 1651 3743 in
1672 3686 1764 3743 illo
1798 3703 1997 3743 nomen

398 3776 511 3826 tam
538 3774 835 3844 pretiosum
864 3784 919 3832 et
946 3776 1182 3833 salutare
1202 3786 1664 3849 contempserant.

469 3862 542 3918 Et
565 3865 614 3919 ei
649 3870 741 3937 qui
763 3867 872 3922 vult
897 3868 1068 3924 tecum
1081 3870 1288 3940 judicio
1320 3871 1655 3937 contendere,
1693 3880 1741 3925 et
1762 3872 1994 3926 tunicam

398 3962 545 4009 tuam
588 3956 790 4026 tollere,
830 3961 1034 4015 remitte
1056 3962 1102 4016 ei
1135 3971 1183 4016 et
1203 3961 1445 4033 pallium.
1494 3960 1671 4018 Lucas
1711 3962 1815 4019 hoc
1849 3964 1997 4035 capi-

399 4042 569 4100 tulum
594 4061 752 4103 versa
785 4049 901 4104 vice
927 4051 1126 4120 posuit.
1158 4051 1248 4106 Ait
1278 4055 1458 4107 enim:
1493 4053 1571 4107 Ab
1592 4070 1652 4108 eo
1677 4055 1766 4125 qui
1793 4054 1996 4124 auferet

400 4133 494 4188 tibi
516 4138 893 4204 vestimentum,
924 4141 1084 4194 etiam
1113 4143 1346 4197 tunicam
1385 4144 1494 4199 noti
1520 4145 1792 4215 prohibere
1837 4144 1990 4218 (Luc.

404 4224 505 4295 vi).
541 4224 694 4293 Quod
721 4229 787 4284 de
810 4230 1134 4286 vestimento
1152 4234 1293 4289 etde
1321 4236 1505 4291 tunica
1528 4238 1729 4292 dictum
1756 4244 1860 4303 est,
1887 4254 1992 4293 non

399 4314 549 4373 ineis
580 4318 731 4387 solis,
762 4320 856 4377 sed
885 4322 941 4377 in
953 4324 1203 4381 omnibus
1226 4324 1532 4382 faciendum
1558 4336 1796 4399 est,qu:e
1812 4328 1994 4401 alique

392 4407 517 4477 jure
556 4414 928 4482 temporaliter
955 4426 1141 4472 nostra
1176 4433 1297 4475 esse
1316 4421 1585 4489 dicimus;
1624 4423 1803 4478 tunica
1853 4423 1994 4479 inte-

398 4501 514 4557 rior
540 4506 727 4573 vestis,
773 4508 993 4577 pallium
1017 4513 1256 4569 exterior
1278 4521 1381 4569 εει.
1437 4512 1492 4569 Si
1519 4517 1664 4571 enim
1702 4517 1769 4572 de
1801 4532 1991 4572 neces-

397 4593 556 4650 sariis
586 4596 691 4652 hoc
723 4600 1048 4671 imperatum
1082 4612 1187 4671 est,
1250 4615 1454 4677 quanto
1499 4609 1670 4679 magis
1718 4606 1988 4680 superﬂua

2102 3402 2555 3457 misericordiam.
2608 3403 2719 3459 Nec
2770 3397 2996 3475 impedit
3031 3403 3159 3458 illud
3199 3402 3559 3479 propositum
3607 3415 3703 3470 quo

2101 3495 2333 3565 quisque
2362 3504 2584 3567 paratus
2605 3504 2689 3552 est
2728 3499 2797 3553 ab
2826 3513 2893 3553 eo
2923 3512 3082 3567 quem
3105 3504 3425 3552 correctum
3446 3508 3578 3550 esse
3604 3491 3704 3547 vult

2099 3588 2257 3657 plura
2294 3588 2558 3660 perferre,
2625 3592 2720 3647 sed
2770 3592 2894 3647 huic
2954 3591 3203 3645 vindictae
3250 3589 3569 3645 referenda:
3604 3603 3698 3643 nos

2100 3693 2185 3741 est
2215 3684 2459 3750 idoneus,
2494 3685 2597 3739 nisi
2624 3685 2715 3755 qui
2760 3684 2967 3748 odium,
2997 3697 3105 3753 quo
3130 3683 3308 3738 solent
3346 3680 3599 3753 flagrare
3618 3679 3698 3751 qui

2100 3794 2160 3835 se
2179 3778 2458 3833 vindicare
2495 3777 2826 3842 desiderant,
2872 3776 3178 3831 dilectionis
3208 3774 3599 3845 magnitudine
3625 3786 3703 3826 su-

2098 3854 2391 3942 peraverit.
2423 3870 2537 3925 Non
2566 3870 2707 3924 enim
2749 3868 3096 3923 metuendum
3137 3873 3220 3921 est
3247 3880 3318 3920 ne
3358 3865 3559 3919 odisse
3584 3877 3699 3933 par-

2098 3962 2285 4020 vulum
2323 3964 2493 4019 ﬁlium
2519 3972 2776 4034 parentes
2803 3963 3111 4028 videantur,
3157 3975 3282 4015 cum
3319 3957 3391 4013 ab
3422 3958 3506 4014 eis
3544 3972 3701 4027 vapu-

2098 4058 2176 4113 lat
2229 4074 2487 4128 peccans,
2537 4072 2603 4112 ne
2656 4066 2842 4127 peccet
2894 4056 3144 4111 ulterius.
3197 4053 3307 4109 Sed
3343 4068 3452 4107 nec
3504 4050 3701 4106 alicubi

2098 4150 2517 4215 contradicitur,
2549 4149 2653 4203 nisi
2695 4157 2753 4203 ut
2781 4144 2869 4203 ille
2898 4148 3157 4212 vindicet,
3181 4146 3269 4202 cui
3297 4161 3490 4200 rerum
3511 4145 3699 4200 ordine

2097 4250 2336 4312 potestas
2367 4240 2493 4294 data
2521 4248 2635 4305 est;
2669 4246 2722 4295 et
2767 4254 2830 4294 ea
2858 4239 3137 4293 voluntate
3180 4237 3426 4291 vindicet
3456 4251 3570 4307 qua
3610 4251 3698 4307 pa-

2098 4341 2181 4387 ter
2226 4333 2279 4386 in
2325 4332 2609 4403 parvulum
2663 4331 2855 4399 ﬁlium,
2899 4346 3060 4402 quem
3108 4344 3206 4401 per
3248 4338 3474 4383 :etatem
3522 4329 3701 4384 odisse

2097 4425 2336 4481 nondum
2357 4432 2555 4496 potest.
2586 4422 2700 4479 Non
2724 4424 2868 4479 enim
2892 4424 3154 4479 Dominus
3182 4422 3401 4477 abdicat
3423 4436 3525 4491 per
3538 4419 3700 4488 justi-

2099 4517 2229 4571 tiam
2283 4517 2696 4580 correctionem,
2748 4528 2926 4586 neque
2954 4523 3103 4571 vetat
3139 4513 3555 4583 correptionem
3619 4510 3700 4565 ubi

2016 4643 2070 4704 Β
2097 4610 2407 4664 necessaria
2452 4618 2556 4676 est,
2591 4606 2687 4665 scd
2734 4611 2892 4665 docet
2941 4622 3042 4681 per
3077 4607 3557 4663 mansuetudinem
3612 4621 3699 4677 pa-

396 4693 747 4744 contemnere
778 4693 1048 4758 convenit,
1100 4702 1157 4749 et
1198 4698 1380 4752 omnia
1432 4714 1553 4769 quae
1581 4714 1611 4752 a
1638 4707 1824 4753 nostro
1866 4691 2065 4768 jure”
2096 4698 2342 4753 ticntiam
2391 4707 2445 4753 et
2499 4699 2946 4770 tranquillitatem
2986 4700 3187 4754 habere
3248 4699 3304 4752 in
3356 4699 3692 4753 innocentia.

397 4775 451 4830 in
488 4777 711 4835 alterius
757 4793 986 4850 possunt
1018 4788 1253 4843 transire
1287 4797 1631 4859 potestatem.
1695 4790 1866 4847 Sicuti
1908 4797 1995 4847 est
2096 4792 2203 4849 Sed
2234 4793 2504 4862 quomodo
2551 4808 2775 4863 parvum
2818 4802 2905 4849 est
2959 4810 3067 4849 non
3111 4806 3334 4858 nocere,
3390 4792 3506 4846 nisi
3538 4793 3693 4846 etiam

397 4867 588 4933 vestis,
654 4867 867 4937 domus,
912 4871 1132 4941 fundus,
1176 4876 1508 4947 jumentum,
1559 4888 1614 4935 et
1664 4881 1991 4953 generaliter
2092 4893 2317 4955 praestes
2372 4884 2694 4939 beneﬁcium
2744 4893 3004 4954 quantum
3066 4892 3241 4956 potes,
3294 4892 3697 4953 consequenter

396 4959 574 5058 omnis
606 4961 855 5058 pecunia.
909 4964 1064 5032 Quod
1093 4976 1277 5024 utrum
1306 4972 1472 5026 etiam
1507 4972 1573 5027 de
1613 4975 1788 5029 servis
1839 4976 1988 5030 acci-
2094 4976 2338 5047 adjungit
2380 4986 2436 5031 et
2469 4977 2643 5031 dicit:
2674 4977 2777 5043 Qui
2822 4979 2945 5048 petit
2979 4996 3009 5031 a
3056 4987 3127 5041 te,
3159 4977 3230 5031 da
3269 4977 3338 5041 ei,
3394 4986 3446 5028 et
3510 4973 3695 5030 mirati

395 5049 650 5115 piendum
668 5051 769 5117 sit,
800 5062 998 5124 magna
1021 5059 1248 5127 qumstio
1268 5069 1371 5114 est.
1410 5060 1526 5116 Non
1555 5064 1699 5117 enim
1723 5062 1988 5119 Christia~
2097 5069 2329 5123 mutuari
2349 5085 2381 5121 τι
2408 5076 2477 5133 te,
2502 5084 2565 5121 ne
2583 5069 2854 5122 avertaris.
2874 5065 3144 5140 (Ηίενοη.)
3169 5067 3225 5121 Si
3251 5068 3316 5121 de
3341 5067 3689 5137 cleemosyna

397 5154 525 5194 nutu
550 5151 765 5211 oportet
793 5145 873 5202 sic
895 5151 1171 5219 possidere
1201 5168 1439 5219 servum,
1476 5151 1747 5224 quomodo
1771 5168 1989 5227 equum,
2099 5164 2308 5211 tantum
2359 5157 2710 5232 intelligimus
2749 5159 2975 5224 dictum,
3019 5160 3074 5213 in
3119 5160 3395 5229 plerisque
3427 5159 3690 5229 pauperi-

397 5238 490 5321 aut
519 5243 825 5304 argentum,
856 5248 950 5295 aut
980 5256 1191 5297 aurum.
1238 5243 1345 5299 Sed
1376 5246 1464 5300 ille
1491 5260 1682 5302 servus
1712 5249 1758 5302 si
1792 5251 1991 5305 rectius
2094 5249 2196 5302 bus
2234 5250 2337 5302 hoc
2364 5259 2511 5303 stare
2541 5266 2646 5304 non
2689 5259 2888 5320 potest.
2940 5250 3047 5306 Sed
3075 5259 3129 5305 et
3153 5251 3369 5317 divites,
3394 5252 3436 5306 si
3472 5265 3691 5321 semper

396 5328 451 5416 et
476 5320 754 5383 honestius
778 5336 834 5384 et
864 5332 932 5386 ad
979 5331 1147 5387 Deum
1183 5335 1990 5408 colendummaccommodatius
2094 5340 2358 5409 dederint,
2410 5358 2623 5412 semper
2666 5344 2797 5398 dare
2851 5359 2958 5399 non
3012 5354 3258 5416 possunt.
3313 5346 3443 5400 Post
3484 5320 3688 5401 bonum

395 5413 490 5467 abs
521 5423 574 5470 te
599 5418 818 5478 domino
842 5428 1105 5484 educatur
1124 5438 1181 5485 ct
1215 5432 1440 5502 regitur,
1486 5448 1647 5503 quam
1674 5432 1742 5489 ab
1769 5433 1859 5490 illo
1894 5451 1989 5505 po-

396 5513 522 5571 test,
547 5508 639 5576 qui
671 5525 793 5567 eum
825 5519 974 5591 cupit
1003 5521 1238 5589 auferre,
1272 5525 1457 5580 nescio
1492 5536 1674 5580 utrum
1698 5526 1983 5597 quisquam

394 5596 579 5653 dicere
626 5604 844 5673 audeat,
900 5618 960 5666 ut
1007 5615 1571 5683 vestimentumeum
1608 5618 1807 5673 debere
1856 5634 1984 5674 con-

395 5691 581 5781 temni.
614 5692 898 5756 Hominem
946 5706 1142 5779 quippe
1176 5707 1339 5764 homo
1364 5710 1503 5765 sicut
1524 5710 1875 5781 semetipsum
1904 5709 1984 5765 di-

393 5776 562 5851 ligere
592 5787 770 5865 debet.
827 5792 925 5849 Cui
954 5798 1024 5851 ab
1043 5776 1293 5855 omnium
1326 5800 1555 5856 Domino
1584 5776 1746 5874 (sicut
1772 5817 1835 5855 ea
1864 5814 1983 5872 qua:

296 5928 307 5937 .
395 5886 717 5956 multantur,
758 5884 1075 5965 ostendunt)
1105 5891 1267 5948 etiam
1300 5898 1358 5950 ut
1384 5892 1636 5951 inimicos
1661 5893 1850 5971 diligat
1876 5892 1980 5951 im-

2090 5447 2220 5502 ergo
2258 5432 2634 5504 eleemosyum,
2669 5433 2947 5503 apostolis,
2988 5433 3041 5488 id
3067 5443 3151 5490 est
3176 5436 3513 5505 doctoribus,
3547 5452 3688 5511 pne-

2090 5535 2245 5594 cepta
2292 5525 2627 5590 tribuuntur,
2661 5533 2718 5579 ut
2765 5527 2854 5594 qui
2897 5528 3067 5595 gratis
3111 5536 3458 5597 acceperunt,
3514 5529 3684 5600 gratis

2092 5616 2350 5669 tribuant.
2396 5615 2701 5670 Istiusmodi
2738 5618 2965 5686 pecunia
3009 5633 3283 5687 nunquam
3316 5618 3536 5683 dellcit;
3588 5618 3683 5671 scd

2090 5718 2295 5779 quanto
2318 5709 2437 5779 plus
2460 5712 2583 5764 data
2615 5709 2798 5777 fuerit,
2828 5719 2977 5766 tanto
3003 5712 3237 5783 amplius
3270 5708 3678 5783 duplicabitur;

2089 5810 2145 5857 et
2195 5816 2318 5856 cum
2368 5802 2610 5872 subjecta
2658 5803 2760 5858 sibi
2793 5818 2919 5858 arva
2973 5804 3131 5875 riget,
3182 5814 3457 5875 nunquam
3510 5803 3681 5857 forulis

2090 5894 2234 5951 unda
2258 5894 2512 5952 siccatur.
2544 5895 2728 5970 (Aug.)
2774 5894 2947 5954 Aliter
2975 5906 3157 5954 autem
3192 5898 3247 5953 id
3273 5894 3515 5973 profecto
3536 5897 3679 5955 dat!-
