3914 6512
1196 452 1550 522 ooum'r.
1590 458 1661 520 ιιι
1694 454 2131 527 ΜΑττιιΕιιιι.
2172 462 2259 515 Ξῖ
2279 457 2408 532 LIII.
2445 477 2510 533 ll.

3401 485 3502 545 ὧι)

234 574 367 677 dum
408 581 494 677 est
520 568 665 677 qbod
836 577 931 677 tibi
973 592 1074 634 nec
1121 577 1521 677 alteri—noceat,
1553 586 1817 650 quantum
1843 590 1897 652 Α
1919 600 2028 656 quo
2050 586 2127 641 ait
2155 602 2171 643 :
2214 586 2532 661 Benedicite,
2564 603 2612 649 et
2652 594 2811 650 nolite
2837 595 3147 654 maledicere
3170 594 3344 673 (Rom.
3380 605 3506 677 ιιιι),

234 666 367 724 sciri
394 672 486 722 aut
517 667 664 724 credi
691 668 760 724 ab
783 670 1005 726 homine
1046 678 1240 744 potest.
1270 670 1339 726 Et
1361 671 1448 727 cui
1478 669 1628 743 juste
1654 687 1816 746 nega-

1917 696 2039 736 cum
2069 690 2124 738 et
2148 682 2216 738 de
2239 682 2466 740 Domino
2494 689 2759 759 scriptum
2788 690 2859 745 sit
2882 693 3027 761 quod
3067 693 3408 751 maledixerit
3431 697 3510 753 ci-

232 762 381 819 verls
407 763 552 859 quod
594 764 746 836 petit,
779 765 1063 824 iudicanda
1108 767 1184 824 illi
1223 777 1307 825 est
1351 769 1465 841 ipsa
1492 769 1724 842 justitia,
1757 778 1818 827 ut
1917 772 2176 830 vitatibus
2218 791 2339 846 quae
2370 779 2596 834 verbum
2637 779 2754 851 ejus
2783 796 2891 837 non
2931 793 3259 856 acceperunt
3286 787 3505 859 (Matth.

232 870 343 912 non
373 860 499 913 eum
536 856 751 914 inanem
773 859 1034 917 dimittas.
1065 862 1146 918 Ita
1172 863 1314 918 enim
1350 865 1496 920 omni
1522 867 1726 937 petenti
1759 875 1816 923 te

231 949 408 1015 dabis,
440 949 687 1021 quamvis
734 969 840 1008 non
887 969 1103 1026 semper
1149 954 1202 1010 id
1243 956 1385 1026 quod
1435 957 1588 1027 petit,
1619 957 1811 1026 dabis;

232 1042 328 1099 sed
359 1042 644 1114 aliquando
690 1042 881 1101 melius
920 1045 1123 1118 aliquid
1175 1048 1348 1115 dabis,
1381 1065 1502 1104 cum
1542 1058 1812 1119 petentem

230 1133 430 1204 injuste
482 1138 803 1194 correxeris.
859 1138 1012 1206 Quod
1053 1148 1234 1196 autem
1267 1142 1362 1207 ait,
1416 1140 1520 1208 Qui
1568 1142 1673 1197 vult
1704 1152 1816 1197 ate

226 1231 486 1295 mutuari,
514 1245 577 1285 ne
598 1238 867 1286 aversatus
891 1232 1075 1303 literis,
1104 1233 1171 1288 ad
1203 1234 1438 1289 animam
1469 1233 1812 1291 referendum

225 1326 334 1387 est,
373 1321 427 1377 id
471 1330 573 1388 est,
602 1339 671 1379 ne
715 1326 1045 1383 voluntatem
1073 1328 1274 1385 alienes
1310 1330 1377 1385 ab
1417 1346 1521 1387 eo:
1571 1330 1812 1387 Hilarem

225 1418 366 1469 enim
408 1414 641 1473 datorem
687 1416 860 1491 diligit
907 1421 1068 1476 Deus.
1117 1422 1524 1492 lutclligemhlm
1572 1430 1655 1478 est
1683 1438 1813 1495 ergo

225 1506 515 1565 Dominum
561 1511 649 1567 hic
690 1512 801 1583 ipsa
830 1513 935 1567 duo
970 1529 1166 1585 genera
1209 1512 1499 1584 praestandi
1525 1529 1645 1569 esse
1667 1529 1809 1569 com-

220 1598 462 1670 plexum.
513 1600 755 1674 Namque
791 1613 880 1660 aut
909 1603 1174 1661 donamus
1223 1605 1366 1676 quod
1414 1605 1603 1661 damus
1653 1607 1814 1661 bene-

221 1693 366 1759 vole,
416 1702 508 1750 aut
562 1696 842 1752 reddituro
889 1698 1352 1753 commendamus.
1389 1697 1457 1751 Et
1495 1697 1812 1768 plerumque

220 1785 472 1844 homines
524 1789 639 1859 qui,
682 1790 962 1861 proposito
993 1790 1173 1845 divino
1214 1790 1458 1861 prmmio,
1494 1790 1693 1845 donare
1719 1805 1814 1860 pa—

218 1878 327 1935 rati
370 1892 514 1949 sunt,
557 1885 623 1938 ad
672 1884 905 1941 dandum
937 1885 1080 1957 quod
1132 1896 1378 1941 mutuum
1420 1887 1624 1957 petitur
1671 1884 1810 1957 pigri

216 1973 377 2041 ﬁunt,
420 1978 580 2057 quasi
634 1978 770 2033 nihil
814 1976 1084 2050 recepturi
1138 1996 1168 2034 a
1215 1980 1345 2045 Deo,
1378 1995 1500 2035 cum
1532 1994 1645 2033 rem
1688 1993 1809 2048 qum
1837 1966 1884 2026 Β

214 2069 400 2135 datur,
426 2069 513 2124 ille
539 2070 628 2140 qui
654 2071 882 2144 accepit,
906 2071 1168 2127 exsolvat.
1198 2072 1365 2127 Recte
1395 2071 1579 2142 itaque
1606 2072 1673 2126 ad
1704 2071 1809 2126 hoc

213 2161 469 2217 beneficii
499 2158 767 2218 tribuendi
806 2180 977 2236 genus
1007 2180 1105 2219 nos
1130 2156 1311 2218 divina
1338 2162 1588 2219 hortatur
1617 2170 1807 2218 aucto-

211 2252 354 2307 ritas
380 2252 560 2319 dicens
599 2270 613 2307 :
646 2255 713 2321 Et
742 2256 831 2327 qui
859 2254 1077 2310 voluerit
1106 2272 1138 2309 a
1171 2264 1223 2309 te
1271 2256 1529 2319 mutuari,
1563 2272 1625 2308 ne
1657 2271 1806 2309 aver—

209 2340 363 2399 satus
394 2338 589 2414 fueris;
614 2340 663 2400 id
700 2354 804 2412 est,
828 2362 897 2402 ne
925 2354 1209 2421 propterea
1242 2344 1577 2401 voluntatem
1606 2344 1810 2400 alienes

210 2433 284 2490 ab
322 2452 385 2490 eo
405 2437 494 2507 qui
544 2438 697 2509 petit.
754 2438 880 2508 quia
932 2444 990 2494 et
1034 2437 1265 2510 pecunia
1299 2446 1389 2493 tua
1423 2454 1591 2494 vacua
1621 2437 1703 2504 ﬁt,
1754 2443 1809 2493 et

209 2529 358 2584 Deus
389 2526 481 2585 tibi
512 2546 616 2585 non
661 2524 972 2585 redditurus
993 2536 1098 2595 est,
1138 2546 1261 2586 cum
1286 2530 1450 2586 homo
1470 2530 1766 2586 reddiderit
1791 2544 1806 2596 ;

208 2620 310 2676 sed
348 2636 471 2676 cum
524 2620 577 2677 id
623 2638 690 2677 ex
741 2630 1010 2694 przecepto
1053 2621 1149 2678 Dei
1182 2621 1335 2690 lacis,
1362 2620 1499 2694 apud
1530 2621 1677 2677 illum
1714 2620 1807 2692 qui

207 2713 329 2767 haec
372 2698 544 2783 jubet,
588 2709 988 2771 infructuosum
1034 2727 1151 2769 esse
1196 2730 1303 2769 non
1334 2721 1534 2784 potest.
1589 2711 1723 2778 Quia
1754 2710 1809 2768 in

210 2805 506 2875 Evangelio
529 2822 718 2861 servus
748 2806 837 2861 ille
865 2823 893 2861 a
920 2805 1141 2863 domino
1158 2806 1411 2861 laudatur
1435 2806 1551 2878 qui,
1584 2812 1807 2876 accepta

210 2896 418 2952 talenta
446 2897 770 2975 uegotiando
805 2896 1118 2971 duplicavit,
1143 2907 1198 2955 et
1225 2900 1293 2955 ob
1319 2899 1421 2956 hoc
1460 2899 1513 2954 in
1550 2898 1807 2971 gaudium

210 2986 417 3043 domini
470 2989 553 3045 sui
606 2989 810 3046 intrare
835 2986 1061 3060 iubetur
1109 2980 1326 3059 (Matth.
1380 2988 1532 3063 xxv).
1582 2987 1809 3059 Oportet

207 3097 341 3153 ergo
376 3078 671 3154 spiritalem
719 3084 994 3140 doctorem
1025 3085 1173 3140 verbi
1205 3084 1373 3140 divini
1405 3083 1563 3140 fenus
1592 3083 1808 3139 audito-

210 3175 362 3229 ribus
389 3176 500 3232 suis
515 3178 941 3246 accommodare,
971 3187 1030 3234 ut
1049 3178 1175 3235 boni
1197 3180 1377 3252 operis
1394 3174 1809 3235 retributionem

209 3270 285 3323 ab
317 3256 420 3324 illis
443 3266 615 3342 possit
651 3273 917 3345 accipere.
953 3274 1017 3328 Et
1043 3291 1139 3346 pro
1161 3272 1267 3331 hoc
1292 3275 1476 3345 itaque
1511 3292 1542 3330 a
1574 3275 1682 3330 Deo
1713 3273 1806 3330 de-

208 3360 346 3415 bent
376 3368 635 3421 aeternam
675 3367 1168 3422 remunerationem
1195 3367 1412 3438 utrique
1437 3384 1681 3438 sperare,
1707 3384 1807 3426 nec
1833 3334 1879 3399 Ο

208 3444 324 3508 ullo
354 3450 511 3509 modo
556 3448 609 3510 in
644 3452 786 3512 bono
817 3456 993 3512 studio
1023 3456 1331 3528 defatigari.
1363 3458 1624 3529 Sequitur
1655 3474 1672 3515 :

284 3536 520 3600 Audistis
554 3546 678 3621 quia
725 3546 919 3602 dictum
946 3557 1020 3625 est
1044 3563 1061 3600 :
1085 3548 1283 3620 Diliges
1309 3551 1605 3620 proximum
1633 3560 1804 3617 tuum,

206 3646 263 3693 et
289 3630 430 3693 adies
462 3639 734 3694 inimicum
760 3649 927 3693 tuum.
958 3637 1071 3712 Ego
1098 3651 1273 3696 autem
1313 3642 1429 3696 dico
1452 3634 1619 3710 vobis,
1674 3642 1808 3697 Dili-

204 3731 314 3801 gile
360 3730 600 3785 inimicos
640 3740 858 3798 vestros,
890 3728 1172 3803 benefacite
1202 3736 1283 3790 his
1314 3734 1404 3807 qui
1443 3736 1665 3791 oderunt
1693 3753 1805 3805 vos,

205 3835 260 3879 et
308 3834 452 3880 orate
498 3843 592 3897 pro
621 3826 1043 3899 persequentibus
1095 3839 1142 3884 et
1201 3829 1645 3887 calumniantibus
1694 3849 1805 3888 vos.

208 3914 484 3989 (Ilieron.)
516 3910 666 3973 Multi
704 3930 974 3995 prtecepta
1006 3915 1099 3978 Dei
1144 3918 1511 3980 imbecillitate
1537 3941 1656 3991 sua,
1696 3941 1807 3982 non

208 4016 531 4063 sanctorum
560 4006 770 4065 viribus
805 4010 1161 4079 aestimantes,
1194 4022 1387 4084 putant
1417 4030 1537 4071 esse
1565 4015 1809 4086 impossi-

205 4098 339 4154 bilia
379 4115 498 4171 qua:
522 4107 792 4173 prrecepta
841 4110 987 4169 sunt,
1021 4112 1072 4158 et
1102 4102 1287 4159 dicunt
1316 4104 1562 4163 sullicere
1596 4106 1809 4163 virtuti-

207 4194 332 4259 bus,
381 4210 491 4249 non
536 4192 717 4250 odisse
776 4194 1025 4252 inimicos
1076 4215 1089 4252 :
1141 4208 1397 4253 caeterum
1428 4200 1650 4269 diligere
1685 4199 1805 4271 plus

206 4285 450 4357 praecipi,
498 4303 660 4359 quam
708 4282 944 4345 humana
975 4298 1165 4349 natura
1195 4293 1452 4362 patiatur.
1512 4290 1804 4349 Sciendum

211 4387 299 4432 est
328 4393 457 4449 ergo
506 4372 780 4434 Christum
818 4397 924 4437 non
974 4380 1325 4453 impossibilia
1355 4384 1671 4454 praecipere,
1711 4380 1805 4439 sed

208 4467 471 4540 perfecta.
496 4470 626 4541 Qua:
649 4469 777 4526 fecit
810 4466 977 4527 David
1006 4473 1059 4535 in
1093 4472 1223 4528 Saul
1247 4482 1303 4529 et
1321 4473 1556 4529 Absalon
1590 4474 1641 4545 (1
1671 4474 1805 4544 Reg.

210 4578 361 4627 xxw;
412 4556 471 4615 II
506 4558 631 4634 Reg.
667 4564 846 4636 xvm).
895 4564 1204 4637 Stephanus
1227 4582 1439 4636 quoque
1470 4575 1679 4638 martyr
1705 4582 1804 4636 pro

1917 864 2016 936 XI),
2064 872 2119 921 et
2165 879 2500 924 memoratur
2544 872 2832 943 Apostolus
2860 872 3007 945 quod
3043 877 3109 932 de
3152 877 3387 947 quodam
3431 880 3506 937 ita

1914 956 2115 1014 dixerit
2145 977 2160 1014 :
2187 959 2388 1016 Reddet
2435 961 2516 1018 illi
2562 965 2821 1023 Dominus
2846 970 3133 1025 secundum
3180 987 3336 1042 apem
3363 972 3509 1029 illius

1915 1050 2005 1125 (II
2037 1053 2170 1108 Tim.
2201 1055 2296 1128 Iv).
2326 1055 2435 1112 Sed
2464 1058 2578 1114 haec
2608 1058 2766 1116 facile
2811 1063 3112 1118 solvuntur.
3140 1063 3275 1130 Quia
3297 1074 3349 1120 et
3371 1065 3506 1120 Pro-

1888 1150 2073 1221 pheta
2106 1164 2202 1222 per
2235 1152 2680 1223 imprecationem
2731 1158 2859 1228 quid
2909 1167 3056 1215 esset
3112 1158 3377 1225 futurum,
3410 1175 3503 1215 ce-

1912 1241 2061 1306 cinit,
2118 1258 2226 1297 non
2279 1245 2516 1313 optantis
2568 1255 2714 1313 voto,
2743 1249 2839 1303 sed
2879 1250 3069 1319 spiritu
3120 1250 3501 1320 pnevidentis;

1911 1333 1986 1389 ita
2036 1341 2091 1389 et
2134 1335 2412 1399 Dominus,
2445 1337 2519 1392 ita
2551 1346 2605 1393 et
2633 1338 2919 1410 Apostolus
2947 1361 2958 1396 :
2987 1358 3296 1412 quanquam
3331 1344 3380 1397 in
3412 1344 3508 1397 bo-

1910 1443 2032 1482 rum
2060 1428 2243 1483 verbis
2278 1444 2385 1483 non
2429 1430 2532 1485 hoc
2569 1430 2841 1488 invenitur
2874 1434 3016 1502 quod
3046 1435 3372 1502 optaverint,
3410 1434 3502 1487 εριΙ

1912 1516 2054 1589 quod
2084 1519 2449 1590 praedixerint.
2492 1520 2608 1577 Non
2634 1522 2779 1576 enim
2811 1538 2933 1576 cum
2981 1523 3057 1575 ait
3093 1522 3374 1585 Dominus,
3414 1521 3508 1575 Vw

1911 1613 2024 1679 tibi,
2049 1610 2444 1686 Capharnaum,
2469 1615 2610 1671 aliud
2633 1625 2790 1672 sonat
2818 1618 2921 1673 nisi
2953 1618 3154 1689 aliquid
3182 1618 3305 1671 mali
3342 1633 3507 1671 even-

1913 1716 2094 1763 turum
2133 1708 2208 1762 illi
2258 1707 2375 1764 fore
2415 1710 2609 1764 merito
2652 1710 3008 1776 inﬁdelitatis,
3057 1711 3201 1782 quod
3264 1710 3503 1764 futurum

1913 1798 2175 1855 Dominus
2220 1818 2328 1857 non
2376 1804 2752 1858 malevolentia
2804 1804 3044 1872 optabat,
3090 1802 3182 1857 sed
3218 1802 3502 1857 divinitate

1913 1891 2190 1946 cernebat.
2213 1891 2281 1946 Et
2305 1891 2593 1963 Apostolus
2626 1910 2733 1948 non
2763 1893 2859 1957 ait,
2890 1891 3121 1958 Reddat,
3163 1892 3275 1958 sed,
3311 1891 3507 1946 Reddet

1911 1981 1990 2036 illi
2020 1982 2278 2037 Dominus
2315 1984 2474 2055 juxta
2514 2002 2668 2056 opera
2719 1983 2834 2055 ejus
2872 1999 2890 2037 :
2925 1982 3069 2054 quod
3100 1982 3325 2037 verbum
3368 1996 3507 2052 prte-

1910 2073 2213 2129 nuutianlis
2243 2083 2341 2140 est,
2375 2091 2479 2130 non
2514 2074 2884 2145 imprecantis.
2923 2074 3055 2128 ltem
3085 2073 3191 2127 alio
3220 2072 3333 2127 loco
3365 2072 3506 2125 idem

1909 2164 2217 2238 Apostolus,
2272 2164 2598 2222 enumerans
2658 2164 2981 2236 capitalibus
3039 2162 3362 2219 criminibus
3409 2161 3507 2216 ob-

1911 2259 2121 2322 noxios,
2168 2259 2322 2330 jubet
2372 2274 2491 2313 cum
2539 2256 2905 2329 hujuscemodi
2955 2273 3047 2311 nee
3096 2255 3267 2310 cibum
3305 2268 3509 2310 sumere

1914 2349 1967 2423 (1
2007 2347 2129 2405 Cor.
2163 2350 2240 2424 v).
2269 2348 2423 2419 Quod
2455 2368 2556 2407 nec
2581 2350 2916 2406 contrarium
2942 2352 3025 2404 est
3050 2344 3160 2403 ullo
3198 2346 3359 2401 modo
3382 2344 3508 2400 huic

1911 2442 2124 2498 Domini
2180 2441 2439 2497 mandato
2465 2443 2532 2498 de
2580 2441 2870 2498 dilectione
2899 2449 2954 2495 et
2984 2439 3342 2496 beneﬁcentia
3396 2435 3506 2491 ini-

1911 2537 2175 2593 micorum
2238 2557 2251 2592 :
2302 2538 2427 2608 quia
2480 2536 2702 2609 diligere
2758 2536 3017 2593 debemus
3069 2533 3340 2599 inimicos,
3399 2544 3508 2585 non

1912 2632 2175 2699 quantum
2214 2626 2418 2683 inimici
2470 2633 2614 2693 sunt,
2651 2626 2744 2683 sed
2779 2631 3040 2697 quantum
3071 2622 3323 2678 homines
3348 2628 3505 2688 sunt;

1912 2716 2139 2790 diligere
2162 2728 2435 2784 naturam,
2465 2717 2644 2773 odisse
2670 2718 2802 2773 vitia
2832 2736 2846 2771 :
2876 2722 2933 2771 et
2955 2716 3137 2772 omnia
3162 2726 3283 2785 quae
3313 2714 3366 2768 in
3405 2711 3509 2767 illis

1912 2811 2142 2884 agimus,
2174 2812 2286 2865 sive
2324 2809 2584 2867 beneﬁcia
2634 2810 2940 2878 tribuendo,
2986 2810 3103 2865 sive
3134 2807 3506 2880 corripiendo,

1911 2903 2027 2957 sive
2054 2900 2411 2965 admonendo,
2463 2902 2578 2958 sive
2626 2902 2789 2957 etiam
2842 2884 3384 2963 excommunicando,
3441 2896 3510 2953 ad

1912 2995 2016 3051 hoc
2038 2992 2298 3049 debemus
2320 2994 2521 3064 facere,
2554 3002 2742 3048 nonut
2771 2993 2973 3049 inimici
3002 2997 3383 3064 permaneant,
3412 2986 3510 3044 sed

1911 3092 1973 3141 ut
2000 3083 2199 3140 fratres
2236 3083 2388 3140 ﬁant.
2417 3084 2558 3154 Quid
2585 3087 2730 3142 enim
2761 3086 3028 3142 orandum
3060 3090 3145 3140 est
3189 3096 3290 3154 pro
3320 3096 3509 3152 perse-

1911 3175 2203 3250 quentibus
2250 3192 2371 3243 nos,
2417 3176 2519 3233 nisi
2570 3178 2711 3249 quod
2764 3176 3054 3248 Apostolus
3103 3176 3197 3239 ait,
3234 3182 3291 3228 ut
3324 3172 3508 3244 resipi-

1911 3276 2059 3322 scant
2089 3284 2121 3320 a
2146 3264 2344 3321 diaboli
2370 3266 2594 3339 laqueis,
2622 3269 2808 3340 quibus
2835 3270 2973 3339 capti
2996 3276 3235 3321 tenentur
3256 3265 3326 3320 ad
3357 3278 3508 3318 suam

1911 3361 2146 3433 ipsorum
2199 3361 2542 3430 perditionem
2590 3358 2678 3429 (II
2709 3359 2846 3414 Tim.
2878 3357 2963 3428 II),
2991 3364 3052 3411 ut
3084 3356 3258 3412 sanati
3288 3354 3357 3409 ab
3405 3356 3509 3409 hac

1912 3451 2123 3507 insania
2151 3449 2423 3505 declinent
2463 3464 2492 3504 a
2517 3450 2659 3504 malo
2682 3457 2736 3505 et
2762 3448 2963 3504 faciant
2990 3449 3221 3513 bunum;
3256 3444 3329 3499 ita
3359 3451 3506 3499 recte

1909 3559 2010 3615 pro
2030 3544 2112 3599 eis
2132 3558 2371 3610 oramus,
2395 3544 2521 3599 dum
2548 3544 2653 3598 hoc
2690 3543 2768 3598 eis
2797 3541 2915 3596 fieri
2944 3536 3093 3610 quod
3113 3538 3268 3594 nobis
3301 3534 3509 3593 deside-

1909 3646 2128 3702 ramus;
2159 3642 2219 3691 ut
2257 3651 2395 3707 quos
2423 3636 2477 3690 in
2503 3633 2759 3707 praesenti
2794 3641 3037 3704 tempore
3066 3631 3305 3703 patimur
3327 3629 3508 3685 inimi-

1909 3744 2025 3795 cos,
2075 3742 2172 3800 per
2214 3729 2609 3783 correctionem
2653 3728 2779 3784 vita:
2832 3732 3114 3781 consortes
3159 3721 3502 3797 postmodum

1909 3819 2206 3874 habeamus
2238 3818 2290 3873 in
2321 3832 2505 3889 regno.
2538 3816 2725 3890 (Aug.)
2757 3816 2967 3871 Rursus
2995 3815 3083 3871 hlc
3120 3813 3365 3869 oboritur
3402 3811 3506 3865 alia

1908 3912 2137 3982 quaestio
2168 3928 2181 3965 :
2212 3911 2272 3967 Si
2305 3925 2406 3981 pro
2436 3910 2671 3966 inimicis
2708 3926 2809 3965 nos
2848 3909 3113 3965 Dominus
3145 3922 3306 3962 orare
3328 3903 3503 3974 jubet,

1908 4018 2009 4060 cur
2037 4003 2314 4075 apostolus
2349 4003 2587 4059 Joannes
2634 4003 2780 4059 dicat
2832 4018 2845 4057 :
2896 4001 2961 4058 Si
3003 4002 3119 4073 quis
3158 4001 3255 4056 scit
3290 4014 3507 4071 peccare

1909 4096 2128 4168 fratrem
2168 4113 2324 4152 suum
2365 4106 2633 4169 peccatum
2665 4108 2768 4151 non
2811 4094 2882 4150 ad
2917 4098 3155 4159 inertem,
3198 4090 3504 4166 postulabit,

1907 4196 1956 4245 et
1990 4188 2137 4243 dabit
2182 4187 2230 4243 ei
2280 4188 2539 4243 Dominus
2585 4187 2743 4242 vitam
2771 4187 2863 4260 qui
2906 4195 3087 4258 peccat
3117 4202 3219 4240 non
3270 4184 3340 4239 ad
3368 4198 3507 4237 mor-

1908 4288 2011 4334 tem
2040 4292 2060 4332 :
2091 4286 2168 4334 est
2214 4288 2390 4334 autem
2443 4289 2711 4350 peccatum
2767 4278 2838 4333 ad
2867 4286 3107 4344 mortem,
3140 4292 3243 4332 non
3285 4292 3379 4347 pro
3412 4272 3505 4329 illo

1908 4368 2025 4425 dico
2068 4378 2126 4423 ut
2176 4379 2319 4441 roget
2350 4362 2532 4442 (Joan.
2564 4370 2640 4442 v).
2677 4362 2880 4440 Aperte
2924 4370 3069 4425 enim
3101 4367 3337 4425 ostendit
3386 4378 3503 4423 esse

1908 4463 2171 4533 quosdam
2209 4461 2409 4517 fratres
2432 4477 2533 4532 pro
2563 4462 2760 4531 quibus
2788 4476 2949 4516 orare
2974 4477 3081 4515 non
3123 4458 3279 4514 nobis
3305 4455 3503 4527 praeci-

1907 4548 2079 4623 pitur,
2108 4564 2229 4606 tum
2274 4548 2416 4607 Deus
2464 4552 2628 4605 etiam
2675 4566 2775 4621 pro
2812 4546 3254 4620 persecutoribus
3304 4546 3504 4601 nostris

210 4654 449 4709 inimicis
495 4670 552 4710 se
594 4650 954 4727 lapidautibus
989 4635 1310 4727 deprecatus
1349 4635 1434 4712 est
1490 4635 1630 4729 (Act.
1682 4635 1801 4729 vin).

1911 4642 2071 4697 orare
2100 4652 2198 4697 nos
2221 4638 2432 4712 jubeat.
2470 4639 2581 4695 Nec
2608 4642 2711 4695 ista
2753 4636 2982 4710 ιιιιεεειίο
3011 4636 3143 4693 solvi
3172 4646 3366 4707 potest,
3401 4635 3502 4691 nisi

210 4743 281 4799 Et
324 4735 521 4800 Paulus
549 4748 837 4809 anathema
877 4748 1025 4817 cupit
1062 4763 1181 4805 esse
1228 4765 1327 4819 pro
1366 4748 1803 4818 persecutoribus

1911 4734 2184 4789 fateamur
2210 4748 2331 4788 esse
2373 4732 2552 4801 aliqua
2598 4739 2819 4802 peccata
2876 4731 2929 4785 in
2961 4728 3219 4783 fratribus
3252 4742 3374 4797 quae
3405 4727 3503 4782 ini-

212 4835 326 4888 suis
355 4831 531 4906 (Rom.
576 4834 675 4905 Ix).
711 4828 835 4892 llaec
859 4846 1037 4892 autem
1067 4834 1225 4893 Jesus
1253 4846 1306 4893 et
1346 4838 1528 4893 docuit
1576 4847 1630 4893 et
1655 4838 1803 4904 fecit,

214 4924 401 4980 dicens
443 4944 465 4991 ε,
493 4920 674 4994 Pater,
731 4929 938 4999 ignosce
982 4925 1076 4995 eis,
1112 4928 1239 4999 quid
1279 4928 1415 4982 enim
1463 4928 1684 4997 faciunt,
1718 4946 1807 4984 ne-

212 5017 382 5072 sciunt
415 5010 565 5089 (Luc.
599 5018 778 5091 xxm).
824 5018 1006 5092 (Aug.)
1059 5018 1244 5075 Oritur
1274 5034 1403 5074 sane
1430 5019 1517 5074 hic
1554 5018 1800 5089 quaastio,

215 5126 334 5180 qua:
382 5111 558 5165 minus
610 5106 1035 5182 intelligentibus
1092 5104 1305 5165 videtur
1349 5124 1468 5165 esse
1522 5104 1802 5165 diﬂicilis:

217 5201 342 5270 quia
368 5208 423 5255 et
459 5192 509 5254 in
531 5200 806 5273 prophetis
852 5200 1200 5258 inveniuntur
1234 5203 1416 5257 multae
1453 5202 1803 5273 imprecatio-

219 5306 313 5350 nes
348 5291 606 5347 adversus
638 5291 909 5359 inimicos,
943 5308 1061 5363 qua:
1088 5291 1493 5348 maledictiones
1521 5302 1802 5364 putantur,

217 5380 371 5436 sicuti
402 5387 485 5436 est
522 5380 681 5435 illud:
705 5378 827 5435 Fiat
851 5399 1029 5436 mensa
1053 5399 1234 5436 eorum
1266 5383 1320 5436 in
1350 5380 1594 5454 laqueum
1625 5378 1800 5450 (Psal.

218 5470 463 5542 LXXXVI),
491 5479 545 5527 et
574 5462 767 5547 caetera
812 5487 933 5543 qua:
962 5470 1035 5527 ibi
1064 5471 1336 5527 dicuntur.
1366 5472 1433 5527 Et
1460 5471 1611 5538 illud,
1646 5470 1802 5526 Fiant

220 5561 316 5631 filii
356 5562 471 5633 ejus
517 5561 727 5635 pupilli,
755 5571 804 5617 et
848 5579 983 5616 uxor
1007 5563 1120 5633 ejus
1151 5564 1306 5619 uidua
1340 5560 1513 5635 (Psal.
1547 5560 1721 5632 CVIII),
1752 5569 1807 5617 et

222 5669 337 5725 qure
395 5655 497 5711 alia
534 5655 618 5712 vel
649 5673 812 5731 supra
863 5656 949 5711 vel
998 5654 1136 5712 infra
1189 5658 1242 5712 in
1273 5656 1462 5713 eodem
1509 5654 1719 5727 psalmo
1750 5656 1803 5711 in

223 5765 507 5821 personam
529 5748 679 5808 Iudae
707 5767 804 5823 per
830 5748 1155 5822 Prophetam
1192 5746 1463 5808 dicuntur.
1495 5748 1660 5811 Multa
1702 5749 1808 5809 alia

227 5843 278 5898 in
324 5836 619 5914 Scripturis
646 5845 1009 5915 reperiuntur,
1050 5859 1169 5915 qua:
1196 5844 1483 5900 videantur
1521 5860 1640 5899 esse
1678 5859 1809 5899 con-

227 5935 393 5993 traria
439 5942 494 5993 et
523 5935 651 5994 huic
683 5944 957 6014 praecepto
984 5935 1219 6004 Domini,
1256 5945 1312 5993 et
1363 5937 1441 5993 illi
1488 5934 1823 6011 apostolico,

1910 4827 2175 4883 micorum
2221 4825 2599 4896 persecutione
2650 4823 2901 4897 graviora
2962 4821 3090 4877 sint.
3145 4819 3365 4875 Fratres
3404 4819 3503 4876 hos

1910 4920 2251 4976 Christianos
2281 4917 2609 4989 signiﬁcem,
2639 4917 2826 4973 multis
2860 4914 3168 4973 divinarum
3195 4913 3503 4985 Scriptura-

1910 5028 2031 5069 rum
2061 5012 2394 5086 argumentis
2423 5012 2641 5083 probari
2670 5020 2869 5084 potest.
2907 5002 3185 5066 Peccatum
3232 5026 3361 5078 ergo
3388 5007 3501 5064 fra-

1910 5106 2012 5161 tris
2044 5102 2115 5161 ad
2152 5113 2371 5160 mortem
2392 5112 2523 5175 puto
2544 5120 2681 5171 esse,
2711 5104 2853 5174 quod
2895 5106 3018 5172 post
3050 5100 3377 5172 agnitionem
3408 5098 3500 5155 Dei

1911 5216 2010 5272 per
2037 5200 2264 5270 gratiam
2290 5196 2502 5254 Domini
2541 5198 2712 5254 nostri
2744 5196 2869 5252 Jesu
2897 5195 3122 5260 Christi,
3158 5194 3386 5264 quisque
3412 5210 3501 5264 op-

1907 5296 2112 5365 pugnat
2161 5290 2583 5357 fraternitatem,
2609 5298 2665 5345 et
2712 5287 2973 5343 adversus
3025 5287 3195 5356 ipsam
3251 5284 3495 5355 gratiam,

1908 5399 2014 5455 qua
2061 5382 2440 5438 reconciliatus
2488 5390 2572 5437 est
2616 5380 2749 5445 Deo,
2796 5377 3106 5432 lnvidentiae
3157 5375 3365 5430 facibus
3397 5375 3481 5444 agi

1910 5486 2073 5536 tatur.
2108 5474 2391 5532 Peccatum
2419 5474 2523 5531 hoc
2553 5491 2656 5529 non
2682 5473 2752 5527 ad
2776 5481 2995 5526 mortem
3030 5476 3105 5525 est
3144 5470 3187 5523 si
3213 5469 3501 5538 quisquam

1908 5588 2015 5629 non
2047 5587 2287 5626 amorem
2309 5586 2337 5624 a
2369 5567 2534 5623 fratre
2562 5565 2907 5633 alienaverit,
2936 5565 3030 5621 sed
3056 5562 3229 5619 ofﬁcia
3255 5562 3502 5617 fraterni-

1909 5662 2006 5718 tati
2036 5660 2213 5716 debita
2238 5677 2334 5732 per
2356 5659 2591 5730 aliquam
2622 5656 2993 5713 inﬁrmitatem
3025 5657 3190 5711 animi
3217 5671 3322 5709 non
3353 5654 3498 5707 exhi-

1908 5752 2107 5808 bueril.
2141 5750 2481 5822 Quapropter
2510 5755 2563 5805 et
2592 5747 2853 5803 Dominus
2881 5747 2934 5802 in
2968 5762 3129 5803 cruce
3157 5745 3234 5799 ait
3278 5792 3281 5797 .
3313 5741 3497 5806 Pater,

1907 5843 2117 5915 ignosce
2170 5840 2294 5908 illis,
2350 5842 2474 5913 quia
2526 5840 2765 5895 nesciunt
2807 5838 2933 5911 quid
2984 5839 3206 5910 faciunt.
3249 5830 3497 5890 Nondum

1910 5938 2056 5997 enim
2087 5937 2274 6012 gratiae
2304 5935 2539 6010 Spiritus
2563 5934 2739 5995 sancti
2772 5935 3077 6008 participes
3094 5928 3247 6000 facit,
3269 5928 3497 5987 societa-
