3914 6486
413 435 509 507 851

1081 430 1146 486 Β.
1183 425 1438 484 ΒΑΒΑΝΙ
1477 424 1699 482 MAURI
1733 423 1991 482 ARCHlEl

2097 422 2397 482 MOGUNT.
2437 423 2724 482 OPERUM
2762 423 2939 481 PARS
2974 424 3015 482 l.

3567 433 3679 490 853

415 563 521 606 tem
556 556 756 606 sanctae
804 543 1161 602 fraternitatis
1205 542 1461 598 inierant.
1525 540 1634 595 lsta
1685 537 1985 595 differentia
2011 541 2066 604 Α
2090 536 2254 592 istum
2299 537 2467 594 solem
2511 539 2682 594 mavis
2710 540 2972 610 accipere,
3003 554 3108 596 non
3137 541 3312 598 solum
3355 546 3676 616 hominum,

413 655 758 718 peccatorum
785 640 978 697 Judam
1014 639 1340 704 tradentem,
1387 652 1418 691 a
1445 635 1607 690 Petro
1659 633 1940 704 distinguit
1969 647 1984 686 :

415 754 522 804 non
557 736 682 806 quia
703 732 905 804 petenti
949 746 1056 787 non
1081 730 1154 785 sit
1192 728 1600 799 ignoscendum,
1622 739 1690 779 ne
1715 731 1903 779 contra
1924 721 1990 777 il-

413 828 522 881 lam
539 823 858 880 sententiam
874 820 1085 877 Domini
1102 819 1380 874 veniamus
1399 833 1505 887 qua
1519 815 1764 887 praecipit
1776 829 1990 883 semper

2089 630 2185 685 sed
2228 629 2390 684 etiam
2437 644 2692 700 pecorum
2746 632 3019 701 corporeis
3066 632 3235 688 oculis
3288 635 3676 706 propalatum;

2089 727 2143 776 et
2186 722 2344 774 istam
2395 720 2631 790 pluviam
2662 737 2768 792 qua
2799 721 3003 778 fructus
3030 724 3322 794 gignuntur
3345 727 3442 796 qui
3489 729 3566 782 ad
3593 745 3682 785 re—

2089 810 2377 868 fectionem
2423 815 2668 884 corporis
2720 815 2833 869 dati
2883 822 3026 870 sunt.
3060 816 3335 884 Quantum
3377 820 3532 875 enim
3581 823 3681 876 hu-

415 916 802 990 ignoscendum
842 928 962 969 esse
993 911 1148 966 fratri
1187 910 1390 982 petenti
1417 919 1477 964 ut
1504 907 1607 963 sibi
1642 906 1814 961 frater
1839 907 1989 978 igno—
2085 906 2173 976 jus
2197 907 2320 962 vitae
2349 907 2596 963 solatium
2627 907 2818 963 afferat
2846 909 2933 963 lux
2963 911 3065 965 ista
3111 911 3362 978 visibilis,
3398 921 3458 968 et
3491 915 3682 984 pluvia

415 1018 563 1076 seat;
593 1007 686 1064 sed
717 1007 844 1077 quia
871 1005 1015 1060 illius
1047 1002 1256 1073 peccati
1288 1008 1436 1056 tanta
1486 999 1637 1055 labes
1662 1006 1765 1065 est,
1797 1005 1858 1052 ut
1891 997 1989 1052 de-

413 1099 667 1171 precandi
691 1097 1051 1153 humilitatem
1075 1094 1258 1150 subire
1285 1109 1392 1148 non
1414 1093 1604 1162 possit,
1631 1091 1844 1146 etiamsi
1866 1105 1994 1160 pec-

415 1200 594 1246 catum
613 1205 770 1245 suum
785 1188 926 1243 mala
951 1186 1281 1243 conscientia
1306 1198 1598 1255 agnoscere
1629 1189 1685 1236 et
1709 1180 1992 1236 enuntiare

415 1291 659 1352 cogatur.
689 1281 823 1337 Cum
845 1281 989 1334 enim
1012 1279 1146 1333 dixit
1175 1277 1363 1342 Judas,
1396 1276 1636 1340 Peccavi,
1670 1276 1808 1346 quod
1831 1273 1994 1326 tradi-

415 1373 578 1427 derint
605 1371 914 1442 sanguinem
952 1369 1157 1438 justum
1188 1367 1404 1438 (Matth.
1451 1365 1642 1436 xxvu),
1675 1363 1885 1420 facilius
1913 1372 1994 1418 ta-

415 1476 538 1514 men
563 1461 937 1529 desperatione
961 1458 1203 1514 cucurrit
1230 1457 1297 1511 ad
1328 1457 1596 1526 laqueum,
1631 1471 1792 1526 quam
1812 1455 1992 1510 humi-

413 1549 564 1604 litate
615 1551 825 1604 veniam
880 1551 1201 1621 deprecatus
1249 1557 1351 1604 est.
1396 1547 1735 1618 Quapropter
1764 1547 1994 1602 multum

415 1641 642 1696 interest
666 1641 811 1710 quali
838 1642 1171 1712 poenitentia:
1191 1642 1437 1712 ignoscat
1462 1639 1626 1694 Deus.
1654 1637 1806 1692 Multi
1849 1639 1994 1694 enim

416 1730 581 1784 multo
605 1732 769 1787 citius
794 1746 853 1787 se
889 1733 1132 1788 fatentur
1159 1747 1434 1803 peccasse,
1467 1741 1630 1802 atque
1651 1732 1720 1786 ita
1745 1731 1847 1786 sibi
1867 1746 1991 1786 suc—

412 1832 635 1878 censent
663 1834 722 1880 ut
746 1827 1094 1882 vehementer
1123 1842 1182 1881 se
1209 1842 1462 1898 peccasse
1498 1826 1733 1894 nollent;
1782 1827 1877 1882 sed
1914 1837 1996 1881 ta-

2090 999 2402 1067 corporalis,
2447 1001 2567 1070 quis
2614 1008 2722 1054 tam
2779 1001 3020 1070 ingratus
3052 1008 3135 1056 est
3179 1011 3239 1056 ut
3282 1017 3391 1057 non
3452 1006 3678 1059 sentiat.

2091 1086 2240 1154 Quod
2271 1089 2520 1144 solatium
2550 1090 2792 1145 videmus
2809 1099 2865 1146 et
2881 1091 3043 1161 justis
3063 1091 3116 1145 in
3145 1091 3251 1146 hac
3294 1092 3433 1156 vita,
3471 1102 3531 1146 et
3559 1109 3682 1162 pec-

2092 1182 2363 1238 catoribus
2384 1184 2743 1238 communiter
2769 1184 3036 1238 exhiberi.
3058 1182 3175 1239 Non
3201 1194 3383 1241 autem
3407 1185 3492 1239 ait
3524 1204 3539 1238 :
3578 1185 3681 1251 Qui

2091 1270 2218 1339 facit
2267 1271 2426 1327 salem
2464 1274 2592 1328 oriri
2619 1291 2774 1344 super
2813 1275 2972 1328 bonos
3000 1283 3048 1329 et
3095 1274 3282 1339 malos,
3318 1277 3417 1330 sed
3449 1277 3678 1340 addidit,

2093 1379 2265 1428 suum,
2298 1365 2349 1418 id
2396 1372 2498 1430 est,
2521 1379 2680 1435 quem
2722 1365 2835 1436 ipse
2867 1364 2995 1420 fecit
3039 1375 3202 1436 atque
3223 1366 3541 1430 constituit,
3575 1378 3628 1421 et
3653 1386 3680 1422 a

2095 1453 2239 1506 nullo
2267 1453 2467 1523 aliquid
2491 1455 2718 1524 sumpsit
2738 1463 2797 1509 ut
2823 1453 3058 1522 faceret;
3099 1456 3256 1510 sicuti
3308 1456 3363 1510 in
3386 1455 3597 1510 Genesi
3623 1460 3680 1511 de

2096 1543 2345 1598 omnibus
2393 1543 2750 1600 luminaribus
2795 1545 3082 1611 scribitur;
3115 1547 3205 1616 qui
3233 1546 3464 1616 proprie
3513 1556 3684 1615 potest

2098 1634 2277 1689 dicere
2304 1651 2401 1689 sua
2424 1650 2542 1691 esse
2559 1637 2740 1691 omnia
2763 1652 2883 1706 quae
2906 1637 2971 1692 de
2993 1636 3161 1691 nihilo
3180 1637 3387 1691 creavit
3424 1653 3440 1688 :
3475 1645 3541 1690 ut
3567 1638 3684 1691 hinc

2098 1723 2509 1779 admonerentur
2534 1735 2734 1794 quanta
2768 1725 3090 1781 liberalitate
3122 1726 3358 1781 inimicis
3384 1728 3599 1780 nostris
3626 1743 3681 1781 ex

2096 1825 2366 1884 praecepto
2396 1815 2512 1886 ejus
2554 1825 2812 1886 prmstare
2841 1819 3155 1883 debeamus,
3177 1832 3300 1888 quae
3324 1832 3442 1872 non
3479 1818 3684 1872 creavi-

413 1928 536 1967 men
585 1915 824 1970 animum
873 1918 941 1972 ad
979 1918 1368 1973 humiliandum
1414 1926 1470 1973 et
1513 1919 1994 1990 obtemperantium
2022 1917 2071 1978 Β
2100 1922 2242 1972 mus,
2275 1908 2369 1962 sed
2396 1909 2710 1964 muneribus
2737 1909 3064 1981 accepimus-

418 2001 818 2079 [obterendum]
847 2023 962 2074 cor,
996 2009 1497 2080 implorandamque
1525 2010 1737 2064 veniam
1762 2026 1868 2067 non
1898 2011 1996 2065 de-

412 2105 636 2163 ponunt.
674 2098 848 2165 Quam
888 2102 1086 2156 mentis
1126 2100 1463 2156 allectionem
1519 2108 1743 2172 propter
1789 2101 1996 2172 peccati

412 2190 857 2258 magnitudinem,
876 2193 992 2262 jam
1016 2193 1082 2249 de
1105 2194 1456 2249 damnatione
1497 2194 1620 2251 illos
1649 2195 1852 2250 habere
1879 2209 1998 2250 cre-

413 2279 644 2336 dendum
667 2291 769 2340 est.
797 2284 866 2339 Et
899 2285 1001 2342 hoc
1023 2296 1107 2341 est
1136 2286 1365 2341 fortasse
1394 2301 1622 2356 peccare
1649 2285 1704 2340 in
1733 2286 1998 2356 Spiritum

411 2380 682 2439 sanctum,
709 2373 763 2428 id
785 2383 867 2429 est
892 2391 990 2445 per
1026 2375 1288 2430 malitiam
1316 2384 1370 2431 et
1395 2375 1676 2441 invidiam,
1700 2374 1998 2430 fraternam

412 2476 722 2533 Oppugnare
748 2466 1070 2521 charitalem
1096 2476 1218 2537 post
1248 2473 1526 2536 acceptam
1568 2465 1799 2536 gratiam
1827 2463 1998 2536 Spiri-

412 2560 501 2606 tus
533 2555 724 2609 sancti.
751 2556 904 2622 Quod
944 2564 1227 2626 peccatum
1274 2556 1533 2612 Dominus
1557 2570 1730 2626 neque
1767 2556 1876 2622 hic,
1903 2570 1998 2611 ne-

414 2658 521 2712 que
557 2644 613 2698 in
643 2643 826 2701 futuro
851 2648 1047 2702 sasculo
1077 2648 1275 2704 dimitti
1337 2647 1489 2703 dicit.
1537 2645 1667 2702 Sine
1713 2647 1824 2702 ulla
1863 2661 1997 2718 ergo

411 2734 746 2793 dubitatione
792 2739 1076 2811 diligamus
1115 2741 1363 2797 inimicos
1407 2751 1647 2808 nostros,
1695 2740 2001 2797 benefacia-

413 2841 533 2882 mus
562 2829 646 2883 his
685 2830 778 2900 qui
807 2831 1040 2887 oderunt
1067 2849 1186 2898 nos,
1211 2841 1269 2888 et
1294 2848 1514 2888 oremus
1534 2846 1635 2903 pro
1657 2832 1736 2888 eis
1763 2832 1858 2902 qui
1879 2847 1997 2902 per-

410 2929 707 2988 sequuntur
719 2938 839 2989 nos,
857 2933 918 2978 ut
947 2924 1041 2979 ﬁat
1064 2927 1207 2995 quod
1228 2932 1622 2995 consequenter
1635 2926 1868 2996 positum
1881 2933 1995 2982 est:

483 3010 552 3065 Ut
599 3014 713 3068 sitis
769 3016 870 3085 ﬁlii
921 3016 1101 3072 Patris
1132 3021 1309 3087 vestri,
1358 3021 1447 3092 qui
1476 3021 1533 3074 in
1575 3019 1716 3074 caelis
1765 3027 1860 3085 est,
1890 3020 1998 3091 ,qui

410 3103 569 3157 solem
629 3122 783 3161 suum
833 3109 962 3164 oriri
1010 3112 1136 3182 facit
1180 3127 1336 3185 super
1395 3113 1555 3169 bonas
1609 3122 1661 3169 et
1716 3112 1906 3180 malas,
1948 3121 1996 3168 et

410 3195 541 3267 pluit
584 3214 738 3270 super
759 3202 935 3271 justas
963 3214 1010 3258 et
1035 3206 1281 3276 injustas.
1313 3206 1497 3262 Prima
1531 3223 1661 3278 pars
1686 3204 1847 3276 hujus
1871 3220 1996 3264 seu-

2173 2000 2233 2054 Si
2271 2001 2410 2054 enim
2441 2001 2656 2072 diligitis
2686 2019 2771 2055 eos
2805 2001 2896 2073 qui
2925 2019 3011 2057 vos
3042 2002 3287 2073 diligunt,
3341 2019 3535 2074 quam-
3564 2019 3688 2055 mer-

2099 2089 2273 2144 cedent
2313 2090 2586 2156 habebitis,
2645 2108 2814 2146 nonne
2837 2103 2884 2146 et
2913 2093 3178 2163 publicani
3215 2093 3314 2146 hac
3351 2090 3685 2162 faciunt?!)

2097 2185 2142 2237 si
2165 2183 2514 2240 salutaveritis
2541 2186 2730 2256 fratres
2768 2197 2962 2242 vestros
3014 2197 3237 2255 tantum,
3281 2189 3416 2260 quid
3474 2190 3686 2258 amplius

2099 2276 2300 2346 facitis,
2342 2294 2511 2332 nonne
2534 2288 2582 2332 et
2604 2279 2793 2332 ethnici
2835 2279 2933 2332 hoc
2972 2279 3214 2348 faciunt?
3239 2278 3482 2352 (ΜΑῠιι.)
3523 2281 3688 2335 Publi-

2098 2384 2262 2425 canos
2285 2371 2501 2441 quidem
2528 2370 2720 2437 Judaei,
2768 2380 3049 2428 exactores
3080 2373 3359 2429 Romanos
3401 2375 3684 2438 vocabant,

2099 2460 2189 2528 qui
2220 2461 2285 2515 de
2329 2462 2605 2533 republica
2648 2478 2836 2518 curam
2858 2464 3149 2519 habebant.
3179 2464 3461 2521 Dicuntur
3493 2467 3588 2521 hic
3607 2483 3686 2536 pu-

2099 2555 2318 2621 blicani,
2347 2558 2438 2625 qui
2467 2557 2681 2628 publica
2719 2558 3002 2630 vectigalia
3029 2555 3272 2630 exigunt,
3301 2560 3403 2628 qui
3434 2558 3579 2632 [vel]
3609 2577 3685 2631 po-

2098 2645 2240 2701 blica
2281 2647 2496 2718 negotia
2541 2648 2722 2704 saeculi
2771 2649 2922 2705 lucra
2962 2657 3261 2704 sectantur.
3290 2649 3530 2706 Ethnici
3561 2653 3674 2706 enim

2099 2734 2306 2802 Graece,
2356 2736 2548 2793 Latine
2599 2747 2787 2811 gentes
2830 2741 3098 2796 dicuntur.
3150 2740 3286 2796 Nam
3327 2741 3485 2806 ἔθνος
3516 2741 3683 2799 (ἐι-ω

2098 2841 2230 2898 gens
2253 2828 2468 2884 dicitur.
2495 2829 2674 2900 Atque
2699 2832 2820 2888 ideo
2839 2831 3067 2902 gentiles
3089 2834 3392 2902 nuncupati
3423 2845 3582 2898 sunt,
3607 2835 3681 2904 qui

2102 2921 2237 2977 tales
2263 2931 2391 2979 sunt
2415 2933 2475 2979 ut
2511 2923 2728 2980 fuerunt
2746 2925 2936 2999 geniti,
2964 2928 3065 2982 sub
3084 2935 3309 2999 peccato
3332 2929 3556 2984 scilicet
3583 2930 3685 2983 ido-

2098 3011 2165 3067 lis
2199 3015 2513 3071 servientes.
2540 3017 2687 3074 Talis
2704 3018 2848 3073 enim
2870 3019 2926 3074 in
2959 3020 3064 3076 hac
3096 3020 3379 3091 Evangelii
3423 3020 3684 3076 sententia

2098 3117 2290 3160 sensus
2333 3114 2417 3161 est
2445 3124 2458 3162 :
2486 3106 2545 3162 Si
2587 3110 2752 3165 etiam
2796 3111 3068 3181 publicani
3101 3120 3158 3167 et
3187 3112 3399 3168 ethnici
3445 3128 3579 3185 erga
3608 3113 3687 3168 di-

2102 3194 2332 3257 lectores
2355 3214 2484 3257 suos
2505 3210 2699 3257 natura
2721 3205 2858 3260 duce
2878 3214 3076 3261 norunt
3097 3221 3218 3262 esse
3239 3207 3499 3273 beneﬁci,
3521 3222 3685 3278 quan-

413 3287 596 3342 tcntize
625 3304 692 3344 ex
725 3290 815 3345 illa
843 3293 1026 3364 regula
1057 3294 1403 3367 intelligenda
1433 3305 1517 3352 est
1541 3313 1649 3368 qua
1677 3305 1734 3353 et
1756 3297 1994 3354 Joannes
2021 3283 2070 3346 Ο
2101 3300 2213 3345 lum
2247 3308 2366 3360 VOS.
2402 3293 2600 3365 inquit.
2640 3299 2834 3368 (illibus
2857 3305 2917 3356 ul
2950 3300 3148 3373 gradus
3173 3296 3538 3372 DI'OfCSSiOHiS
3581 3298 3688 3356 επί-

411 3375 540 3431 dicit
570 3399 582 3434 :
611 3379 769 3436 Dedit
796 3382 901 3438 illis
931 3395 1235 3454 potestatem
1261 3388 1400 3455 filios
1430 3387 1527 3442 Dei
1560 3388 1677 3457 ﬁeri
1707 3387 1889 3461 (Jaan.
1927 3391 1990 3460 ι).

416 3468 565 3525 Unus
611 3473 759 3528 enim
795 3476 1122 3532 naturaliter
1169 3478 1338 3534 Filius
1385 3480 1479 3534 Dei
1530 3488 1634 3547 est,
1679 3480 1774 3551 qui
1824 3483 1998 3538 nescit

411 3563 632 3617 omnino
677 3580 902 3634 peccare
951 3586 965 3623 :
1019 3584 1119 3625 nos
1147 3579 1328 3626 autem
1352 3579 1620 3642 potestate
1641 3581 1864 3644 accepta
1883 3572 1996 3630 elli-

412 3651 586 3706 cimur
605 3653 721 3721 lilii,
759 3657 813 3711 in
843 3668 1102 3729 quantum
1126 3675 1191 3716 ea
1213 3678 1334 3733 quae
1362 3664 1429 3718 ab
1458 3663 1551 3717 iUo
1579 3663 1993 3735 praacipiuntur,

411 3748 714 3820 implemus.
746 3753 898 3812 Unde
935 3765 990 3812 et
1016 3757 1307 3830 apostolica
1343 3758 1624 3829 disciplina
1648 3759 1994 3831 adoptionem

411 3843 660 3912 appellat,
691 3862 800 3917 qua
841 3848 900 3903 in
947 3857 1207 3906 aeternam
1235 3851 1605 3906 hereditatem
1631 3867 1908 3921 vocamur,
1935 3859 1997 3909 ut

409 3933 717 3998 cobzeredes
759 3938 962 3996 Christi
1008 3956 1131 3998 esse
1169 3945 1457 4015 possimus.
1501 3944 1623 3998 Filii
1649 3960 1779 4016 ergo
1831 3944 1996 4001 effici-

409 4043 531 4102 mur
564 4034 974 4100 regeneratione
996 4036 1248 4106 spiritali,
1275 4044 1330 4092 et
1350 4039 1738 4106 adoptamurin
1769 4053 1996 4108 regnum

409 4117 530 4183 Dei,
563 4137 668 4176 non
704 4131 960 4193 tanquam
989 4126 1170 4191 alieni,
1202 4128 1304 4182 sed
1345 4136 1604 4198 tanquam
1631 4129 1698 4183 ab
1747 4128 1838 4183 illo
1865 4128 1996 4184 facti

411 4218 466 4264 et
492 4214 682 4280 creati,
717 4214 772 4270 id
794 4226 878 4270 est
924 4219 1124 4273 conditi
1151 4231 1198 4285 ιι,
1238 4229 1298 4274 ut
1335 4236 1502 4276 unum
1531 4220 1855 4276 beneficium
1899 4221 1986 4284 sit,

411 4318 518 4371 quo
566 4319 668 4359 nos
717 4304 848 4362 fecit
875 4323 995 4366 esse
1043 4325 1142 4381 per
1187 4313 1638 4383 omnipotentiam
1668 4329 1841 4382 suam,
1872 4329 1995 4369 cum

334 4448 341 4454 .
411 4404 536 4451 ante
574 4397 712 4453 nihil
734 4415 1009 4469 essemus;
1047 4404 1298 4472 alterum,
1329 4423 1438 4477 quo
1459 4408 1754 4476 adoptavit,
1782 4416 1842 4462 ut
1870 4422 1994 4463 cum

407 4501 472 4560 eo
505 4495 759 4560 tanquam
818 4492 913 4548 filii
961 4495 1073 4550 vita
1117 4503 1320 4552 aeterna
1362 4513 1460 4568 pro
1487 4507 1671 4552 nostra
1701 4498 1994 4569 participa-

410 4579 552 4634 tione
580 4579 904 4638 frueremur.
937 4583 1123 4656 Itaque
1175 4601 1284 4641 non
1319 4588 1396 4642 ait
1430 4605 1442 4640 :
1476 4585 1664 4643 Facite
1693 4587 1817 4653 ista,
1864 4587 1992 4657 quia

2100 3383 2255 3449 mior,
2317 3385 2392 3440 ita
2420 3400 2551 3442 cura
2589 3405 2813 3448 necesse
2853 3394 3042 3449 estsit
3088 3395 3308 3451 virtutis
3332 3395 3586 3460 uberior,
3617 3393 3686 3448 la—

2099 3473 2258 3530 tioris
2301 3474 2425 3532 sinu
2470 3479 2777 3539 dilectionis
2821 3483 3075 3555 amplecti
3125 3486 3336 3541 debetis
3383 3487 3556 3541 etiam
3587 3501 3687 3540 non

2099 3572 2360 3621 amantes.
2413 3566 2567 3625 Unde
2620 3573 2851 3642 quaesitu
2886 3576 3104 3648 dignum
3142 3578 3362 3633 videtur
3419 3580 3687 3650 quomodo

2097 3671 2222 3712 eum
2268 3659 2527 3718 Dominus
2560 3677 2653 3718 eos
2679 3665 2774 3737 qui
2799 3660 3084 3739 diligentes
3117 3683 3178 3725 se
3223 3669 3406 3726 solum
3438 3671 3684 3740 diligunt.

2098 3747 2562 3810 benefacientibus
2606 3755 2712 3811 sibi
2769 3757 3114 3816 benefaciunt
3165 3761 3382 3827 amicis,
3443 3762 3685 3817 ferantur

2100 3854 2208 3895 non
2239 3843 2399 3898 modo
2421 3845 2716 3916 perfectam
2738 3865 2848 3906 non
2875 3852 3077 3907 habere
3115 3854 3475 3921 eharitatem,
3502 3871 3682 3912 verum

2098 3936 2471 4000 peccatoribus
2523 3940 2843 4012 :equiparari
2884 3951 3111 4000 testetur
3159 3945 3248 4001 ille
3286 3950 3537 4017 pectoris
3593 3951 3684 4005 Do-

2098 4024 2281 4079 minlci
2341 4027 2633 4097 recubitor,
2681 4032 2978 4105 Epistolam
3004 4035 3070 4091 de
3097 4037 3192 4092 Dei
3232 4046 3291 4093 et
3342 4040 3587 4110 proximi
3615 4043 3685 4095 di-

2098 4112 2328 4172 lectione
2353 4133 2757 4190 consummans,
2802 4141 2872 4181 ne
2896 4127 3104 4197 uspiam
3131 4128 3384 4185 inimicos
3411 4134 3686 4187 monuerit

2097 4219 2218 4261 esse
2246 4207 2564 4279 diligendus,
2607 4215 2700 4268 sed
2732 4215 2976 4271 absolute
3001 4217 3200 4274 dixerit
3231 4240 3244 4275 :
3275 4220 3436 4289 Quod
3474 4226 3522 4278 si
3572 4225 3684 4277 dili-

2096 4315 2281 4368 gamus
2326 4302 2566 4371 invicem,
2589 4305 2732 4362 Deus
2759 4310 2815 4363 in
2842 4309 2989 4364 nobis
3013 4322 3209 4378 manet,
3231 4322 3278 4368 et
3307 4314 3552 4370 charitas
3578 4318 3684 4386 ejus

2094 4392 2151 4446 in
2173 4393 2317 4448 nobis
2342 4397 2570 4466 perfecta
2598 4410 2672 4454 est
2689 4400 2741 4473 (Ι
2753 4401 2910 4456 Jaan.
2929 4401 3026 4474 iv).
3051 4403 3203 4471 Quod
3227 4406 3270 4460 si
3294 4421 3462 4476 quem
3481 4419 3680 4474 movet,

2098 4483 2234 4538 sciat
2272 4501 2394 4541 eum
2430 4504 2537 4543 non
2568 4491 2632 4546 de
2677 4492 3020 4551 inimicorum
3052 4511 3236 4551 amore
3280 4497 3561 4566 docuisse,
3597 4500 3684 4554 sed

2098 4583 2152 4629 et
2181 4575 2300 4632 illos
2320 4577 2551 4634 fratrum
2579 4584 2795 4638 nomine
2817 4587 3310 4655 comprehendisse,
3341 4587 3684 4662 fraternique

407 4673 535 4727 estis
563 4673 689 4740 lilii;
720 4677 812 4732 sed
837 4676 1004 4732 facite
1034 4679 1136 4733 ista
1171 4689 1228 4732 ut
1251 4680 1364 4735 sitis
1391 4679 1510 4748 filii.
1541 4681 1676 4735 Cum
1713 4688 1893 4737 autem
1919 4679 1990 4735 ad
2015 4657 2068 4718 D
2096 4668 2298 4723 amoris
2353 4669 2549 4725 ἰηιιιῖιιι
2599 4673 2763 4745 diligi.
2793 4683 2847 4731 et
2894 4691 2994 4746 pro
3020 4677 3098 4733 eis
3142 4679 3474 4750 praecepisse
3503 4657 3680 4746 orate-

408 4764 510 4838 lioc
536 4781 635 4820 nos
663 4775 822 4822 vocat
857 4784 953 4838 per
982 4770 1155 4838 ipsum
1186 4772 1552 4844 Unigenitum,
1581 4774 1647 4828 ad
1675 4771 1989 4829 similitudi-

408 4869 528 4920 nem
566 4871 721 4912 suam
767 4871 864 4912 nos
899 4868 1074 4913 vocat.
1099 4861 1189 4915 Ille
1220 4863 1382 4925 enim,
1416 4863 1558 4918 sicut
1593 4873 1990 4934 consequenter

407 4944 557 5010 dicit,
589 4943 751 5001 solem
775 4962 930 5000 suum
955 4951 1084 5002 oriri
1115 4950 1242 5018 facit
1264 4969 1421 5022 super
1442 4953 1602 5009 bonos
1629 4964 1675 5009 et
1705 4954 1892 5020 malas,
1938 4963 1988 5011 et

403 5036 534 5110 pluit
561 5054 717 5110 super
735 5039 910 5110 justas
951 5049 1000 5094 et
1035 5040 1276 5110 injustas.
1313 5043 1439 5098 Sive
1463 5044 1627 5099 solem
1664 5062 1841 5112 suum,
1875 5059 1986 5100 non

405 5125 568 5202 istum
591 5129 804 5184 carneis
826 5130 997 5184 oculis
1014 5130 1280 5186 visibilem
1302 5134 1558 5202 accipias,
1588 5135 1681 5189 sed
1709 5135 1856 5190 illam
1889 5151 1980 5190 sa-

405 5219 685 5288 pientiam,
735 5222 802 5277 de
853 5237 956 5292 qua
997 5223 1195 5277 dicitur
1250 5242 1263 5277 :
1323 5223 1535 5279 Candor
1561 5237 1636 5281 est
1678 5227 1814 5281 enim
1849 5226 1982 5282 lucis

407 5317 614 5374 ωιεγηω
671 5308 822 5381 (Sap.
888 5311 1021 5384 vn);
1073 5314 1140 5370 de
1189 5330 1294 5384 qua
1358 5315 1488 5369 item
1536 5315 1770 5371 dicitur:
1820 5316 1982 5374 Ortus

402 5408 482 5456 est
551 5400 675 5452 milii
722 5401 942 5469 justitia:
992 5405 1090 5458 sol.
1152 5406 1222 5461 Et
1287 5406 1483 5460 iterum
1541 5425 1554 5459 :
1610 5405 1766 5460 Vobis
1805 5418 1980 5462 autem

405 5490 496 5560 qui
536 5490 724 5544 timetis
772 5509 956 5548 nomen
992 5495 1223 5562 Domini,
1258 5498 1454 5550 orietur
1472 5495 1550 5551 sol
1566 5497 1792 5567 justitim
1833 5495 1977 5566 (Ma-

408 5583 547 5649 (ach.
583 5584 680 5654 tv).
730 5583 800 5641 Ut
828 5587 990 5642 etiam
1035 5589 1272 5658 pluviam
1322 5590 1556 5659 accipias
1611 5589 1981 5660 irrigationem

407 5677 664 5750 doctrina:
692 5678 954 5744 veritatis,
985 5681 1111 5750 quia
1160 5689 1214 5736 et
1246 5682 1402 5737 bonis
1428 5689 1485 5737 et
1510 5681 1668 5736 malis
1709 5681 1976 5750 apparuit,

407 5779 464 5827 et
515 5771 670 5836 bonis
708 5779 762 5827 et
789 5771 945 5828 malis
987 5774 1386 5845 evangelizatus
1440 5783 1526 5833 est
1561 5774 1822 5833 Christus.
1853 5774 1980 5832 Sive

409 5919 433 5932 .-
477 5895 506 5926 ι
535 5883 602 5942 ld
628 5895 704 5943 est
727 5885 945 5954 conditi,
974 5887 1149 5960 glossa
1174 5897 1345 5947 certe.

2095 4757 2302 4813 scilicet
2337 4769 2394 4814 ut
2420 4777 2524 4817 non
2556 4779 2769 4835 semper
2803 4766 3007 4822 inimici
3037 4779 3374 4838 remaneant,
3426 4774 3528 4828 sed
3557 4776 3680 4829 resi-

2093 4849 2304 4919 piscant
2334 4868 2364 4906 a
2391 4854 2585 4910 diaboli
2616 4857 2842 4929 laqueis,
2874 4859 3140 4930 nobisque
3163 4877 3424 4933 germano
3474 4865 3679 4922 fmdere

2093 4944 2386 5000 socientur.
2424 4945 2534 5002 Nec
2575 4949 2768 5005 durum
2808 4952 3056 5007 videatur
3087 4955 3229 5023 quod
3276 4957 3523 5012 nondum
3553 4973 3678 5012 cre-

2093 5036 2302 5101 dentes,
2341 5047 2562 5108 propter
2591 5055 2742 5110 spem
2767 5047 2952 5097 tamen
2979 5044 3233 5100 credendi
3263 5046 3468 5104 fratres
3496 5050 3676 5120 appel-

2092 5127 2190 5182 lari
2237 5145 2396 5198 posse
2452 5131 2700 5188 dicimus.
2757 5133 2889 5190 Nam
2938 5134 3080 5192 idem
3113 5135 3350 5197 Joannes
3374 5157 3472 5199 eos
3511 5145 3674 5200 etiam

2088 5218 2224 5288 ﬁlias
2272 5220 2372 5274 Dei
2407 5238 2601 5278 vocare
2628 5224 2826 5296 legitur
2853 5244 2867 5280 :
2899 5225 3052 5293 Quod
3095 5228 3274 5300 Jesus,
3321 5233 3522 5305 inquit,
3557 5255 3672 5292 mo-

2089 5310 2287 5364 riturus
2316 5322 2427 5365 erat
2457 5330 2550 5383 pro
2579 5325 2744 5384 gente,
2772 5325 2820 5370 et
2849 5333 2953 5372 non
2996 5327 3202 5376 tantum
3243 5340 3340 5394 pro
3385 5336 3562 5395 gente,
3584 5329 3674 5382 sed

2089 5410 2144 5454 ut
2166 5402 2304 5470 ﬁlios
2333 5403 2454 5471 Dei,
2481 5407 2569 5476 qui
2595 5416 2742 5460 erant
2768 5408 3012 5479 dispersi,
3059 5426 3392 5486 congregaret
3418 5419 3476 5471 in
3506 5437 3671 5474 unum

2087 5493 2269 5564 (Joan.
2296 5495 2392 5568 ιιι).
2419 5499 2664 5564 Quandiu
2685 5502 2832 5556 enim
2858 5504 3110 5575 dispersi,
3134 5509 3370 5565 nondum
3396 5511 3495 5569 filii
3524 5525 3668 5578 sunt;

2085 5589 2179 5643 sed
2205 5591 2573 5647 convcniendo
2599 5592 2654 5648 in
2685 5611 2850 5650 unum
2882 5594 2998 5665 jam
3033 5597 3335 5656 elliciuntur
3364 5602 3483 5658 ﬁlii.

2156 5681 2336 5736 Estote
2365 5699 2486 5754 ergo
2536 5701 2622 5739 vos
2644 5687 2878 5757 perfecti,
2909 5689 3042 5743 sicut
3069 5699 3119 5744 et
3157 5689 3319 5747 Pater
3351 5704 3523 5749 uester
3561 5712 3666 5750 ca-

2081 5772 2222 5830 tastis
2251 5774 2510 5846 perfectus
2553 5787 2649 5834 est.
2691 5777 2821 5838 Sine
2841 5781 2948 5838 ista
2985 5781 3292 5854 dilectione,
3340 5795 3526 5858 quaet
3549 5787 3664 5846 ini-
