3914 6448
191 451 295 507 855

1149 428 1500 501 COMMENT.
1541 440 1608 496 1N
1648 421 2080 499 MAT'r‘umUM.
2105 464 2177 478 -
2213 410 2342 490 Lm.
2382 429 2456 489 u.‘

3327 428 3436 488 85‘

188 559 358 614 micos
391 563 445 611 et
472 564 870 628 persecutores,
888 562 1106 612 nostros
1135 555 1355 625 diligere
1373 555 1645 624 jubemur,
1688 567 1754 610 ea
1779 543 1834 621 Α
1857 559 1976 604 tuus
1990 549 2101 604 oleo
2116 535 2476 604 exsultationis
2489 539 2947 618 prwparticipibus
2959 542 3062 599 tuis
3074 540 3246 616 (Psal.
3260 543 3431 617 xuv).

187 665 306 721 quae
331 649 578 720 superius
623 649 766 705 dicta
791 657 934 716 sunt,
967 648 1192 718 implere
1217 649 1337 718 quis
1365 647 1581 718 potest?
1623 646 1758 702 Per-

187 744 346 800 fectio
401 750 578 798 autem
634 742 1041 810 misericordiae,
1076 757 1182 812 qua
1227 741 1518 811 plurimum
1569 739 1760 794 anima:

186 837 453 893 laboranti
482 835 798 903 consulitur,
828 836 971 890 ultra
1013 835 1352 891 dilectionem
1381 834 1584 889 inimici
1631 848 1758 904 por-

186 927 285 998 rigi
336 943 443 983 non
479 935 676 996 potest.
705 927 772 981 Et
809 927 930 982 ideo
957 927 1034 982 sic
1062 925 1329 981 clauditur
1361 945 1373 980 :
1409 924 1590 980 Estote
1640 942 1761 996 ergo

184 1036 270 1074 vos
313 1019 553 1090 perfecti,
592 1019 724 1073 sicut
775 1017 937 1074 Pater
965 1027 1130 1074 vester
1149 1019 1240 1090 qui
1267 1019 1324 1072 in
1369 1017 1507 1073 ctelis
1540 1029 1634 1086 est,
1669 1018 1762 1087 qui

184 1113 456 1186 perfectus
503 1122 605 1170 est.
659 1114 738 1168 lta
783 1122 963 1169 tamen
1001 1121 1060 1168 ut
1103 1113 1246 1168 Deus
1289 1111 1614 1183 intelligatur
1641 1127 1764 1183 per-

183 1204 356 1260 fectus
404 1213 464 1259 ut
488 1204 648 1270 Deus,
678 1211 732 1259 et
764 1205 944 1258 anima
985 1203 1225 1273 perfecta
1271 1211 1524 1272 tanquam
1560 1203 1759 1257 anima.

184 1297 423 1354 Gradum
463 1307 642 1354 tamen
671 1313 791 1353 esse
827 1298 1058 1367 aliquem
1097 1297 1491 1353 Pharisaeorum
1517 1296 1764 1366 justitiae,

181 1407 300 1461 quae
340 1392 409 1446 ad
448 1400 684 1447 veterem
727 1391 899 1463 legem
945 1391 1198 1461 pertinet,
1250 1391 1378 1446 hinc
1423 1391 1760 1462 intelligitur,

183 1484 324 1554 quod
352 1482 702 1538 manifestum
729 1498 795 1538 ex
823 1482 909 1536 his
935 1482 1224 1552 praeceptis
1261 1497 1477 1537 omnem
1517 1491 1762 1538 nostram

184 1575 538 1630 intentionem
573 1575 627 1629 in
659 1575 918 1629 interiora
942 1572 1136 1645 gaudia
1157 1573 1336 1644 dirigi,
1368 1588 1435 1626 ne
1459 1573 1592 1628 foris
1618 1589 1766 1643 quae-

182 1675 361 1722 rentes
413 1665 717 1721 mercedem
769 1665 897 1720 huic
963 1663 1159 1719 saeculo
1227 1661 1652 1728 conformemur,
1710 1669 1766 1717 et

181 1759 492 1814 amittamus
535 1758 953 1829 promissionem
986 1763 1134 1811 tanto
1163 1753 1436 1811 solidioris
1483 1762 1643 1824 atque
1676 1753 1768 1808 fir-

183 1849 396 1913 mioris,
425 1857 626 1918 quanto
651 1848 923 1903 interioris
943 1847 1318 1912 beatitudinis,
1346 1861 1454 1918 qua
1479 1860 1581 1901 nos
1606 1845 1768 1917 elegit

1861 643 1930 697 Et
1955 642 2010 696 id
2055 640 2292 711 praecipi,
2328 648 2389 694 ut
2411 645 2730 694 exercentes
2759 636 3012 702 virtutes,
3041 634 3267 706 spiritali
3311 635 3437 691 oleo

1858 732 2156 803 principale
2202 731 2384 787 cordis
2423 729 2593 786 nostri
2649 742 2858 800 ungere
2909 726 3198 782 debeamus
3247 723 3438 797 (Aug.)

1859 823 1972 878 Hoc
1993 823 2138 878 enim
2158 831 2306 878 recte
2326 822 2620 892 accipimus
2639 828 2801 891 caput
2840 819 2984 890 quod
3017 819 3072 874 in
3096 818 3277 873 anima
3295 833 3436 888 prte-

1859 916 2078 981 eminet,
2135 923 2190 970 et
2235 929 2344 985 quo
2385 923 2577 970 caetera
2619 911 2852 968 hominis
2899 910 3014 982 regi
3043 918 3102 966 et
3148 909 3438 981 gubernari

1860 1005 2210 1060 manifestum
2248 1011 2355 1060 est.
2393 1003 2460 1059 Et
2497 1005 2600 1059 hoc
2630 1002 2782 1068 facit,
2812 1000 2904 1072 qui
2950 1015 3056 1056 non
3083 998 3218 1056 foris
3246 1000 3441 1071 quaerit

1861 1095 2128 1164 laetitiam,
2176 1103 2237 1150 ut
2288 1094 2356 1150 de
2406 1095 2653 1151 laudibus
2695 1092 2972 1148 hominum
3006 1092 3296 1147 carnaliter
3317 1107 3443 1163 gau-

1863 1185 2007 1241 deat.
2035 1187 2176 1242 Caro
2211 1196 2414 1252 autem,
2460 1201 2579 1256 qua:
2623 1184 2866 1255 subjecta
2907 1198 3028 1238 esse
3063 1184 3252 1249 debet,
3295 1182 3440 1238 nullo

1863 1281 2023 1335 modo
2054 1288 2140 1336 est
2174 1281 2338 1336 totius
2384 1288 2592 1334 naturae
2633 1279 2882 1333 humanae
2901 1284 3084 1347 caput.
3118 1276 3288 1330 Nemo
3319 1277 3442 1346 qui-

1865 1371 1986 1427 dem
2017 1389 2250 1443 unquam
2273 1387 2483 1426 carnem
2509 1386 2662 1424 suam
2682 1369 2801 1423 odio
2824 1368 3028 1434 habuit,
3059 1367 3201 1423 sicut
3219 1367 3442 1438 Apostoo

1864 1459 1950 1516 lus
1984 1461 2114 1516 dicit
2143 1460 2359 1533 (Ephes.
2408 1458 2486 1532 v),
2517 1473 2642 1514 cum
2667 1459 2735 1513 de
2763 1457 3034 1529 diligenda
3059 1471 3229 1512 uxore
3257 1456 3445 1526 praeci-

1863 1551 1946 1623 pit
2002 1568 2014 1602 :
2071 1551 2224 1607 Sicut
2264 1557 2420 1622 caput
2469 1549 2704 1622 mulieris
2750 1549 2847 1613 vir,
2915 1549 3002 1602 cui
3033 1548 3141 1602 viro
3185 1556 3342 1618 caput
3370 1556 3445 1602 est

1868 1639 2129 1697 Christus.
2179 1642 2412 1698 Interius
2455 1658 2584 1713 ergo
2638 1642 2869 1714 gaudeat
2913 1640 2968 1696 in
2989 1640 3196 1711 jejunio
3237 1656 3354 1708 suo,
3384 1656 3448 1698 eo

1868 1732 1987 1803 ipso
2013 1748 2119 1804 quo
2145 1734 2223 1790 sic
2252 1732 2546 1806 jejunando
2582 1749 2640 1789 se
2661 1733 2862 1787 avertit
2890 1747 2921 1787 a
2940 1731 3218 1787 voluntate
3237 1733 3443 1800 saeculi,

1869 1832 1928 1880 ut
1953 1826 2024 1882 sit
2043 1827 2290 1882 subditus
2309 1826 2545 1893 Christo,
2568 1826 2662 1898 qui
2687 1824 2981 1882 secundum
2998 1825 3102 1881 hoc
3119 1837 3445 1899 praeceptum

179 1939 323 1994 Deus
349 1941 642 2010 conformes
681 1940 800 2009 ﬁeri
834 1939 1081 2009 imaginis
1118 1935 1248 1991 Filii
1273 1939 1358 1992 sui
1397 1935 1574 2009 (Rom.
1623 1936 1762 2010 vm).

1886 1929 2033 1990 :aput
2059 1928 2280 1976 unctum
2311 1921 2513 1976 habere
2542 1919 2832 1975 desiderat.
2881 1917 2962 1972 lta
2988 1917 3132 1972 enim
3163 1927 3219 1973 et
3259 1919 3448 1988 faciem

179 2029 419 2088 Verbum
440 2030 809 2093 exterminant,
851 2029 995 2100 quod
1022 2029 1078 2083 in
1105 2027 1487 2084 ecclesiasticis
1530 2025 1773 2097 Scriptu-

179 2122 257 2177 ris
279 2123 414 2177 vitio
442 2123 798 2191 interpretum
821 2120 1009 2174 tritum
1032 2127 1134 2184 est,
1168 2119 1312 2172 aliud
1340 2117 1510 2172 multo
1556 2115 1769 2186 signiﬁ—

179 2222 268 2266 cat
303 2228 466 2282 quam
510 2213 668 2282 vulgo
696 2211 1028 2282 intelligitur.
1083 2210 1533 2266 Exterminantur
1575 2209 1772 2280 quippe

178 2303 419 2369 exsules,
446 2305 538 2374 qui
561 2304 850 2358 mittuntur
863 2311 1017 2358 extra
1059 2303 1339 2358 terminos.
1365 2301 1471 2356 Pro
1496 2302 1599 2356 hoc
1641 2315 1772 2371 ergo

179 2408 451 2459 sermone,
502 2393 862 2447 demoliuntur
918 2408 1139 2463 semper
1184 2393 1434 2463 accipere
1487 2392 1766 2448 debemus.

179 2483 480 2541 Demolitur
504 2492 682 2539 autem
709 2484 998 2556 hypocrita
1019 2481 1218 2538 faciem
1241 2497 1397 2538 suam
1425 2488 1483 2535 ut
1505 2479 1772 2550 justitiam

180 2575 423 2641 simulet,
474 2585 529 2630 et
583 2576 765 2630 animo
795 2574 935 2630 forte
981 2574 1220 2640 laetante,
1267 2573 1470 2629 luctum
1507 2581 1679 2644 gestet
1716 2574 1772 2628 in

183 2669 351 2722 vultu.
394 2667 580 2740 (Aug)
608 2669 668 2723 1n
698 2669 800 2724 hoc
831 2677 1010 2724 autem
1048 2667 1281 2739 capitulo
1318 2668 1554 2723 maxime
1595 2667 1769 2722 anim-

181 2760 569 2816 advertendum
620 2770 704 2816 est
759 2776 827 2816 ne
876 2762 932 2815 in
985 2760 1101 2816 solo
1153 2774 1336 2816 rerum
1389 2774 1772 2830 corporearum

183 2851 356 2907 nitore
404 2860 569 2922 atque
617 2866 834 2923 pompa,
875 2851 968 2906 sed
1020 2851 1183 2905 etiam
1241 2849 1297 2904 in
1347 2849 1480 2920 ipsis
1522 2849 1774 2905 sordibus

184 2943 440 2998 luctuosis
485 2957 606 2998 esse
657 2957 816 3012 posse
842 2941 1180 3010 jactantiam,
1213 2948 1269 2996 et
1313 2955 1378 2996 eo
1422 2941 1775 3012 periculosio—

185 3047 319 3099 rem,
373 3047 482 3103 quo
513 3032 612 3087 sub
663 3032 880 3086 nomine
926 3031 1200 3086 servitutis
1256 3029 1351 3085 Dei
1406 3029 1626 3101 decipit.
1671 3030 1774 3098 Qui

186 3137 308 3194 ergo
353 3122 710 3178 immoderato
735 3121 880 3176 cultu
926 3122 1172 3192 corporis
1200 3129 1365 3192 atque
1399 3122 1648 3188 vestitus,
1689 3121 1775 3177 vel

187 3224 524 3271 caeterarum-
556 3230 740 3272 rerum
785 3217 964 3271 nitore
1005 3215 1192 3285 fulget,
1239 3214 1399 3271 facile
1437 3215 1777 3271 convincitur

1870 2013 2088 2080 Iuvabit,
2113 2013 2169 2068 id
2200 2021 2305 2079 est,
2336 2029 2432 2069 cor
2459 2012 2758 2077 mundahit,
2797 2025 2904 2080 quo
2923 2010 3138 2066 visurus
3165 2018 3248 2066 est
3275 2010 3454 2067 Domi-

1871 2120 1999 2159 num
2040 2119 2150 2159 non
2178 2104 2494 2174 interposito
2516 2103 2788 2159 velamine
2823 2109 3046 2172 pr0pter
3080 2102 3448 2158 infirmitatem

1872 2201 2209 2250 contractam
2233 2195 2300 2250 de
2321 2193 2592 2259 sordibus,
2628 2193 2722 2248 sed
2751 2192 2938 2247 firmus
2969 2200 3024 2248 et
3060 2191 3290 2260 stabilis,
3319 2207 3454 2262 quo-

1871 2288 2016 2342 niam
2063 2288 2297 2342 mundus
2325 2294 2380 2341 et
2407 2285 2656 2355 simplex.
2684 2282 2980 2350 Lavumini,
3027 2283 3223 2354 inquit,
3269 2281 3454 2337 mundi

1871 2387 2050 2443 estote,
2102 2378 2303 2447 auferte
2353 2377 2611 2447 nequitias
2649 2374 2714 2429 ab
2761 2374 2950 2428 animis
2998 2375 3200 2440 vestris,
3248 2383 3401 2444 atque
3422 2389 3455 2427 a

1872 2479 2148 2542 conspectu
2177 2468 2448 2523 oculorum
2497 2483 2732 2523 meorum
2780 2465 2916 2538 (Isa.
2945 2465 3008 2538 ι).
3043 2466 3125 2522 Ab
3161 2466 3246 2521 his
3292 2466 3456 2537 igitur

1873 2561 2123 2618 sordibus
2151 2560 2318 2616 facies
2345 2567 2533 2616 nostra
2567 2558 2796 2614 lavanda
2828 2565 2931 2626 est,
2958 2557 3157 2628 quibus
3182 2556 3278 2614 Dei
3305 2572 3460 2627 aspe-

1831 2697 1849 2709 .
1874 2663 1994 2710 ctus
2019 2653 2329 2709 offenditur.

1945 2745 2084 2818 [IV.]
2109 2744 2290 2799 Nolite
2325 2745 2685 2799 thesaurizare
2710 2742 2852 2798 vobis
2877 2743 3146 2798 thesauros
3190 2743 3249 2797 in
3293 2750 3456 2806 terra,

1874 2839 1964 2893 ubi
1984 2855 2162 2910 terugo
2175 2848 2222 2892 et
2242 2839 2381 2892 tinea
2398 2837 2696 2902 demolitur,
2711 2847 2756 2891 et
2774 2837 2860 2890 ubi
2877 2836 3019 2906 fures
3040 2835 3296 2905 eﬂ'odiunt
3315 2842 3363 2889 et
3378 2833 3463 2903 fu-

1875 2940 2079 2986 rantur.
2108 2930 2482 2985 Tltesaurizate
2503 2939 2677 2984 autem
2691 2929 2832 2983 vobis
2853 2929 3122 2983 thesauros
3138 2929 3194 2982 in
3214 2927 3356 2990 caelo,
3373 2929 3461 2981 ubi

1877 3040 2040 3094 neque
2069 3039 2267 3094 terugo,
2303 3039 2465 3094 neque
2498 3023 2639 3076 tinea
2667 3020 2966 3085 demolitur,
2997 3029 3045 3073 et
3070 3019 3159 3073 ubi
3189 3020 3332 3089 fures
3361 3036 3464 3073 non

1876 3111 2134 3181 eﬁ‘odiunt
2188 3128 2279 3166 nec
2331 3111 2596 3181 furantur.
2661 3108 2887 3182 (MAUR.)
2940 3108 3045 3164 Per
3095 3116 3206 3164 tres
3258 3109 3466 3178 species

1879 3201 2240 3267 adversitatis,
2260 3202 2365 3257 hoc
2386 3209 2470 3256 est
2493 3200 2763 3272 aeruginis,
2793 3201 2953 3256 tineae
2972 3207 3028 3256 et
3053 3199 3235 3256 furum
3271 3199 3468 3270 quibus

187 3311 348 3364 rebus
397 3311 531 3380 ipsis
578 3325 898 3380 pomparum
949 3281 1128 3364 saeculi
1178 3281 1310 3364 resse
1363 3316 1622 3374 sectator,
1678 3281 1853 3364 οεοῦ
1880 3299 2030 3345 vetat
2058 3290 2568 3363 divitias'colligere
2613 3291 2669 3345 in
2696 3298 2862 3355 terra,
2909 3289 3264 3345 historialiter
3309 3305 3468 3345 omne

189 3417 516 3473 quemquam
539 3401 676 3455 fallit
695 3401 880 3456 dolosa
910 3401 1145 3472 imagine
1172 3400 1496 3455 sanctitatis.
1542 3399 1646 3467 Qui
1675 3415 1776 3454 au-

190 3501 292 3548 tem
321 3495 380 3549 in
403 3494 741 3564 professione
768 3493 1198 3549 Christianitatis
1239 3493 1500 3548 inusitato
1527 3493 1779 3563 squalore

193 3601 249 3640 ac
295 3587 546 3642 sordibus
595 3586 828 3642 intentos
856 3587 912 3640 in
960 3601 1018 3641 se
1073 3585 1354 3640 hominum
1395 3584 1581 3640 oculos
1629 3583 1779 3650 facit,

192 3694 311 3733 cum
364 3679 417 3733 id
450 3679 730 3734 voluntate
773 3679 957 3746 faciat,
1009 3695 1114 3734 non
1154 3678 1483 3734 necessitate
1517 3678 1781 3749 patiatur,

194 3769 406 3824 caeteris
435 3767 553 3838 ejus
573 3769 826 3838 operibus
870 3777 1050 3839 potest
1089 3767 1287 3838 conjici
1316 3778 1498 3824 utrum
1538 3771 1642 3824 hoc
1662 3785 1787 3825 cou-

194 3866 400 3929 temptu
445 3858 696 3930 superflui
724 3859 923 3926 cultus,
965 3876 1032 3914 an
1063 3859 1357 3915 ambitione
1384 3859 1563 3930 aliqua
1596 3859 1782 3916 faciat.

195 3949 327 4017 Quia
367 3960 424 4006 et
473 3953 576 4007 sub
614 3953 774 4007 ovina
815 3953 955 4022 pelle
1002 3952 1271 4008 cavendos
1319 3952 1474 4022 lupos
1526 3950 1786 4007 Dominus

196 4044 488 4114 praecepit;
541 4045 635 4100 sed
673 4063 737 4099 ea:
781 4045 1059 4114 fructibus,
1109 4047 1305 4116 inquit,
1353 4047 1671 4117 cognoscetis
1701 4063 1788 4101 eos

198 4132 415 4205 (Matth.
440 4135 558 4208 vn).
586 4135 721 4192 Cum
757 4138 901 4192 enim
932 4137 1195 4209 coeperint
1235 4137 1504 4209 aliquibus
1534 4138 1790 4194 tentatio—

200 4229 358 4285 nibus
381 4245 447 4285 ea
475 4231 592 4301 ipsa
622 4230 731 4284 illis
758 4231 1002 4286 subtrahi
1032 4231 1118 4286 vel
1147 4231 1334 4302 negari
1361 4246 1482 4300 qua:
1511 4230 1619 4286 isto
1643 4229 1792 4285 vela-

201 4323 343 4379 mine
371 4324 460 4381 vel
489 4324 766 4380 consecuti
811 4333 959 4389 sunt,
985 4323 1073 4378 vel
1102 4323 1360 4393 consequi
1387 4325 1632 4394 cupiunt,
1663 4331 1794 4377 tunc

202 4432 425 4474 necesse
463 4427 546 4474 est
572 4425 828 4490 appareat
853 4427 1039 4472 utrum
1063 4417 1222 4487 lupus
1257 4416 1314 4470 in
1351 4417 1511 4472 ovina
1535 4414 1672 4486 pelle
1699 4417 1792 4482 sit,

203 4523 267 4564 an
303 4511 418 4567 ovis
452 4511 508 4566 in
535 4527 653 4566 sua.
677 4511 795 4568 Non
822 4510 965 4566 enim
988 4519 1276 4580 propterea
1308 4517 1502 4565 ornatu
1525 4506 1796 4579 superfluo

205 4599 360 4656 debet
403 4601 636 4658 affectus
681 4603 960 4657 hominum
993 4601 1232 4656 mulcere
1275 4600 1641 4665 Christianus,
1668 4599 1797 4670 quia

205 4691 351 4750 illum
389 4712 623 4769 parcum
650 4696 894 4752 habitum
944 4712 1008 4752 ac
1034 4697 1399 4752 necessarium
1437 4695 1605 4750 etiam
1625 4694 1797 4749 simu-

207 4781 403 4842 latores
478 4787 673 4858 saepius
738 4795 1001 4858 usurpant
1071 4797 1131 4842 ut
1184 4787 1432 4842 incautos
1509 4785 1800 4856 decipiant,

211 4875 330 4942 quia
358 4884 412 4932 et
448 4876 552 4931 illae
578 4892 706 4933 oves
727 4893 832 4933 non
857 4879 1054 4932 debent
1084 4877 1254 4948 pelles
1286 4891 1413 4932 suas
1437 4875 1728 4945 deponere,
1755 4875 1804 4931 si

211 4965 501 5036 aliquando
523 4969 602 5023 eis
624 4969 732 5040 lupi
765 4984 823 5023 se
846 4977 1158 5038 contegant.

282 5056 362 5113 Tu
391 5067 574 5114 autem
613 5075 732 5112 cum
769 5059 1007 5129 jejunus,
1060 5076 1195 5130 unge
1243 5069 1399 5130 caput
1428 5068 1594 5124 tuum,
1635 5065 1686 5112 et
1720 5057 1805 5128 fa-

217 5149 342 5204 elem
366 5162 516 5207 tuam
543 5150 681 5215 lava,
714 5167 777 5205 ne
807 5150 1032 5205 videaris
1077 5149 1372 5203 hominibus
1404 5149 1683 5219 jejunans,
1711 5147 1802 5203 sed

223 5238 369 5296 Patri
417 5252 512 5297 tuo
562 5243 651 5313 qui
699 5250 774 5296 est
817 5242 872 5295 in
911 5240 1162 5295 absconso
1188 5256 1206 5294 :
1232 5249 1280 5293 et
1312 5236 1476 5292 Pater
1520 5246 1664 5304 tuus,
1714 5237 1804 5309 qui

222 5333 432 5390 videtin
473 5334 745 5399 absconso,
777 5333 958 5388 reddet
982 5333 1096 5388 tibi.
1121 5331 1392 5405 (Hieron.)
1437 5330 1562 5414 Ritu
1581 5329 1805 5401 provin-

227 5422 320 5479 cia:
341 5425 644 5481 Palaestinae
681 5423 939 5494 loquitur,
968 5425 1062 5480 ubi
1101 5425 1288 5479 diebus
1312 5423 1468 5478 festis
1505 5421 1684 5477 solent
1707 5437 1807 5476 un-

230 5525 354 5583 gere
392 5516 590 5588 capita.
627 5514 880 5585 Praecipit
925 5514 1090 5583 igitur
1131 5521 1194 5568 ut
1237 5512 1453 5584 quando
1474 5512 1805 5582 jejunamus,

233 5602 381 5663 laetos
399 5623 497 5664 nos
519 5617 576 5663 et
596 5607 820 5662 festivos
841 5619 964 5660 esse
984 5612 1370 5660 monstremus.
1396 5603 1547 5658 Multi
1569 5603 1810 5676 legentes

237 5693 364 5751 illud
413 5699 715 5756 Psalmistte
748 5739 762 5753 .
795 5695 984 5752 Oleum
1031 5695 1318 5766 peccatoris
1366 5713 1469 5751 non
1527 5696 1811 5766 impinguet

239 5795 390 5854 caput
425 5805 594 5846 meum
626 5787 799 5862 (Psal.
829 5785 977 5858 cu),
1020 5801 1052 5841 e
1083 5788 1352 5842 contrario
1378 5787 1567 5842 volunt
1612 5787 1812 5842 bonum

241 5889 359 5932 esse
382 5878 581 5952 oleum,
604 5883 670 5941 de
690 5896 798 5954 quo
827 5878 955 5937 alibi
977 5877 1176 5935 dicitur
1205 5895 1217 5933 :
1253 5875 1413 5934 Unxit
1435 5888 1485 5933 te
1509 5877 1652 5934 Deus
1673 5875 1814 5933 Deus

1881 3398 2051 3453 genus
2079 3383 2430 3452 reprehendit
2460 3381 2722 3436 avaritiae.
2754 3381 2891 3448 Quia
2921 3380 3039 3435 alia:
3067 3395 3153 3435 res
3185 3387 3312 3436 sunt
3335 3396 3470 3450 quas

1881 3491 1991 3534 non
2014 3493 2252 3544 vermes,
2282 3477 2378 3533 sed
2407 3477 2618 3548 rubigo,
2647 3475 2731 3531 vel
2769 3472 3040 3542 obfuscat,
3068 3473 3152 3530 vel
3175 3474 3465 3541 consumit,

1883 3577 1944 3625 ut
1979 3579 2066 3625 est
2110 3583 2323 3635 aurum,
2375 3575 2658 3639 argentum
2697 3575 2753 3622 et
2800 3575 2995 3622 caetera
3045 3566 3299 3634 metalla;
3355 3565 3472 3622 alia:

1883 3678 2014 3718 vero
2057 3678 2176 3733 quae
2205 3677 2235 3717 a
2275 3661 2553 3718 vermibus
2600 3658 2686 3714 vel
2728 3658 3016 3728 putredine
3067 3659 3366 3725 solvuntur,
3413 3665 3473 3712 ut

1888 3763 2014 3812 sunt
2059 3766 2239 3810 vestes
2270 3763 2325 3810 et
2370 3767 2502 3808 vasa
2533 3751 2730 3824 lignea,
2765 3766 2886 3820 qua:
2937 3749 3082 3806 carie
3127 3751 3474 3821 dispereunt;

1890 3849 2010 3904 alia:
2038 3864 2274 3920 quoque,
2307 3847 2433 3902 licet
2461 3861 2493 3900 a
2530 3843 2812 3900 vermibus
2847 3853 2903 3898 et
2927 3842 3165 3913 aerugine
3208 3843 3475 3896 immunes

1890 3941 2045 4006 fiant,
2081 3955 2223 4010 saepe
2271 3948 2452 3994 tamen
2506 3952 2606 4008 per
2649 3934 2796 3990 fures
2846 3933 3185 4000 auferuntur,
3231 3942 3292 3988 ut
3348 3940 3476 3989 sunt

1893 4045 2142 4102 gemmae,
2167 4028 2476 4100 margaritae
2502 4033 2557 4083 et
2582 4025 2789 4097 lapides
2813 4024 3055 4096 pretiosi.
3079 4024 3190 4080 Nec
3212 4024 3357 4079 enim
3386 4037 3473 4078 res

1891 4133 1974 4180 est
1993 4125 2171 4195 aliqua
2198 4125 2254 4178 in
2273 4123 2494 4187 mundo,
2521 4135 2641 4190 qua:
2667 4128 3014 4190 congregata,
3043 4118 3169 4173 licet
3193 4117 3478 4188 diligenter

1895 4223 2164 4282 servetur,
2192 4223 2375 4270 tamen
2422 4225 2636 4283 semper
2663 4211 2830 4266 illmsa
2867 4210 3066 4265 durare
3101 4209 3287 4280 possit.
3328 4208 3482 4265 Unde

1895 4315 1950 4361 et
1976 4321 2076 4377 per
2102 4307 2388 4376 quemdam
2412 4312 2713 4373 sapientem
2747 4301 2946 4357 dicitur
2976 4318 2990 4354 :
3015 4301 3180 4354 Omne
3201 4315 3330 4370 opus
3368 4315 3483 4352 cor-

1897 4397 2141 4469 ruptibile
2168 4399 2225 4452 in
2254 4397 2360 4466 ﬁne
2404 4395 2628 4464 deﬁciet,
2653 4401 2702 4448 et
2735 4394 2825 4464 qui
2863 4391 2996 4446 illud
3028 4399 3272 4461 operatur
3295 4390 3481 4459 peribit

1900 4506 2017 4544 cum
2038 4491 2170 4560 ipso.
2206 4488 2276 4542 Et
2304 4504 2453 4542 omne
2478 4502 2606 4556 opus
2637 4484 2856 4538 electum
2881 4480 3287 4552 justiﬁcabitur,
3325 4490 3372 4534 et
3397 4480 3487 4550 qui

1903 4589 2150 4652 Operatur
2173 4578 2306 4632 illud
2321 4575 2669 4631 honorabitur
2691 4575 2746 4626 in
2768 4572 2860 4626 illo
2885 4570 3076 4642 (Eccli.
3105 4569 3240 4642 xxv).
3270 4569 3484 4638 Allege-

1824 4645 1878 4706 Β
1904 4645 2017 4729 rice
2042 4681 2223 4728 autem
2245 4684 2430 4741 aerugo
2454 4675 2630 4740 potest
2664 4663 2970 4736 signiﬁcare
2999 4660 3304 4730 superbiam
3325 4668 3487 4730 atque

1903 4767 2235 4839 iactantiam,
2268 4777 2410 4833 quae,
2439 4761 2751 4830 ubicunque
2781 4756 2966 4822 fuerit,
2996 4770 3212 4810 omnem
3238 4755 3489 4811 decorem

1905 4869 1962 4916 et
2005 4859 2173 4914 robur
2215 4857 2476 4911 virtutum
2502 4851 2768 4918 obfuscat,
2815 4864 2880 4906 ac
2909 4849 3221 4930 thesaurum
3274 4846 3493 4917 spirita-

1906 4950 2037 5006 lium
2081 4951 2346 5005 donorum
2397 4945 2643 5014 dissipat.
2704 4941 2860 4998 Unde
2905 4947 2961 4994 et
2993 4938 3264 5007 Propheta
3310 4935 3487 4991 dicit:

1907 5040 2050 5097 Deus
2076 5041 2294 5111 dissipat
2311 5055 2430 5094 ossa
2455 5037 2726 5091 hominum
2751 5033 2849 5088 sibi
2867 5031 3206 5103 placentium.
3230 5029 3301 5083 Et
3324 5029 3493 5084 omnis

1911 5131 2219 5203 arrogantia
2277 5129 2597 5183 abominalio
2639 5133 2717 5180 est
2762 5123 2903 5196 apud
2937 5122 3106 5176 Deum
3156 5117 3328 5193 (Psal.
3368 5122 3492 5194 LII).

1913 5221 2079 5276 Tinea
2105 5233 2255 5285 vero,
2289 5233 2412 5290 quae
2451 5227 2632 5273 vestes
2684 5214 2914 5270 latenter
2955 5210 3216 5277 corrodit,
3249 5209 3496 5280 designat

1913 5315 2189 5381 invidiam,
2213 5327 2333 5384 quae
2367 5311 2603 5368 studium
2632 5309 2834 5366 bonum
2864 5305 3068 5361 lacerat
3091 5311 3146 5359 et
3163 5306 3495 5375 compactio-

1915 5422 2039 5463 nem
2085 5405 2309 5460 unitatis
2357 5400 2602 5459 demoliri
2665 5413 2773 5454 non
2805 5401 3002 5453 cessat.
3056 5393 3224 5451 Fures
3262 5409 3498 5466 namque

1917 5501 2190 5556 daemones
2217 5506 2379 5566 atque
2404 5491 2640 5548 haeretici
2663 5497 2809 5557 sunt,
2837 5487 2905 5546 de
2928 5486 3129 5558 quibus
3150 5485 3363 5544 Veritas
3385 5489 3495 5542 ait:

1919 5590 2114 5647 Omnes
2139 5595 2392 5662 quotquot
2423 5592 2671 5640 venerunt
2703 5590 2825 5636 ante
2874 5595 2976 5644 me,
3008 5577 3152 5649 fures
3179 5588 3300 5633 sunt
3326 5587 3374 5632 et
3412 5577 3497 5630 la-

1919 5695 2092 5741 trones
2125 5683 2329 5752 ’(Joan.
2385 5678 2465 5752 ι).
2495 5677 2578 5733 Ad
2609 5677 2712 5732 hoc
2752 5674 2898 5732 enim
2935 5672 3013 5730 illi
3061 5686 3277 5743 semper
3298 5667 3496 5724 intenti

1921 5789 2046 5836 sunt
2087 5787 2150 5835 ut
2175 5778 2462 5835 thesauros
2501 5771 2770 5843 spiritales
2808 5770 3069 5828 habentes
3098 5763 3497 5836 depraedeutur,

1921 5882 1978 5931 et
2001 5880 2227 5930 onustos
2268 5866 2602 5929 ornamentis
2621 5865 2885 5943 virtutum
2909 5861 3158 5934 spolient.
3207 5856 3352 5927 Ergo
3372 5854 3419 5911 si
3439 5855 3498 5913 in
