3914 6464
334 2906 337 2909 ’
434 2930 555 2975 tuus
577 2920 815 2991 simplex,
852 2930 1017 2983 totum
1054 2940 1241 2995 corpus
1265 2933 1416 2979 tuum
1438 2923 1672 2983 lucidam
1688 2926 1811 2981 erit.
1834 2923 1898 2983 Si
1916 2942 2016 2983 att‘

306 3028 309 3031 '
431 3024 533 3068 tem
582 3014 763 3070 oculus
798 3024 920 3070 tuus
963 3032 1187 3089 nequam
1216 3016 1375 3087 fuerit
1398 3057 1413 3085 ,
1454 3026 1620 3073 totum
1646 3034 1836 3089 corpus
1860 3026 2014 3079 tuum

442 431 554 501 βω
1086 426 1152 486 Β.
1191 422 1449 487 RABANI
1479 426 1702 489 MAURI
1732 423 2055 482 ARCHIEP.
2093 418 2405 483 IOGUNT.
2437 416 2729 483 OPEBUI
2766 416 2951 477 PARS
2986 419 3029 475 Ι.
3618 421 3734 481 836

446 554 594 613 terra
633 543 742 611 erit
778 555 898 615 per,
926 540 983 600 id
1007 548 1115 610 est,
1139 542 1190 599 si
1227 556 1296 597 eo
1324 539 1489 597 corde
1511 539 1745 611 quisque
1768 546 2023 611 operetur
2046 543 2102 613 Α
2121 538 2241 597 ﬁeri
2261 553 2495 610 namque
2522 543 2703 610 potest
2733 543 2796 594 ut
2830 537 2914 605 vel
2941 534 3107 601 faciat
3140 552 3212 593 ex
3240 552 3325 602 ea,
3351 538 3441 599 vel
3462 536 3738 607 patiatur

442 636 651 706 aliquid
696 642 756 690 ut
799 642 1074 701 terrenum
1119 631 1461 699 commodum
1505 630 1857 702 adipiscatur,
1884 644 2024 701 quo-
2118 634 2323 706 aliquid
2352 631 2504 699 mali,
2542 632 2689 702 quod
2722 644 2823 701 ego
2849 645 2972 687 cum
2999 629 3200 693 darent,
3229 645 3337 684 non
3366 630 3620 685 evenire
3643 646 3734 684 ve-

446 730 609 785 modo
640 729 747 785 erit
776 726 1034 784 mundum
1061 742 1159 782 eor
1196 726 1341 797 quod
1376 727 1432 789 in
1460 733 1609 791 terra
1636 724 1944 807 volutatur;
1973 724 2022 783 si
2115 726 2339 795 luerim,
2358 738 2535 795 neque
2559 723 2664 778 hoc
2693 722 2875 777 animo
2901 719 3159 777 dederim.
3186 720 3256 777 Et
3282 721 3405 775 ideo
3431 720 3730 779 illumina-

446 830 625 885 autem
646 820 699 876 in
726 821 889 885 caelo,
917 820 1175 876 mundum
1202 820 1325 885 erit,
1346 818 1474 889 quia
1497 818 1699 877 munda
1722 825 1849 881 sunt
1872 831 2021 887 (διω-
2118 826 2210 877 tur
2228 814 2433 873 factum
2460 827 2661 880 meum,
2694 809 3121 884 qualemcunque
3163 811 3371 879 exitum
3423 809 3723 875 habuerit.

442 927 658 983 cunque
682 910 945 967 caelestia.
984 909 1258 973 Sordeseit
1304 910 1450 969 enim
1478 908 1682 979 aliquid
1708 923 1834 973 cum
1876 908 2019 969 inio-
2120 908 2179 965 Si
2201 914 2387 962 autem
2426 904 2607 962 cordis
2649 903 2897 969 intentio,
2939 918 3045 974 qua
3091 902 3225 958 facis
3256 901 3531 974 quidquid
3565 901 3724 957 facii.

446 1002 578 1059 riori
607 1003 863 1065 miscetur
894 1010 1120 1068 naturae,
1148 1001 1394 1071 quamvis
1425 1000 1481 1059 in
1531 1015 1630 1057 suo
1660 1014 1857 1070 genere
1909 1016 2027 1063 non
2118 1016 2244 1075 qua:
2275 999 2372 1057 tibi
2415 1006 2545 1057 uota
2582 1004 2688 1065 est,
2727 996 3036 1069 sordidatur
3054 993 3296 1066 appetitu
3328 1007 3526 1049 rerum
3552 1000 3727 1048 terre

442 1094 663 1159 sordida
698 1101 805 1159 est,
837 1094 962 1163 quia
988 1094 1152 1149 etiam
1180 1094 1246 1148 de
1284 1107 1419 1165 puro
1447 1099 1672 1162 argento
1715 1091 2022 1155 sordidatur
2119 1108 2313 1153 narum
2334 1099 2389 1146 et
2415 1087 2811 1163 temporalium,
2860 1093 3023 1157 atque
3057 1091 3316 1150 caecatur,
3345 1090 3571 1153 quanto
3610 1098 3722 1137 ma-

441 1199 656 1251 aurum,
704 1184 753 1243 si
796 1184 1085 1240 misceatur
1116 1202 1130 1238 :
1176 1182 1253 1239 ita
1278 1192 1335 1247 et
1379 1183 1592 1241 animus
1622 1188 1810 1238 noster
1850 1188 2022 1239 terre—
2118 1184 2204 1259 gis
2232 1185 2407 1255 ipsum
2424 1180 2624 1241 factum
2646 1179 2799 1251 cujus
2821 1178 3062 1253 incertus
3086 1185 3170 1247 est
3195 1175 3399 1240 exitus,
3430 1174 3721 1230 sordidum

444 1290 635 1331 norum
673 1276 969 1347 cupiditate
995 1275 1284 1339 sordeseit,
1334 1273 1583 1345 quamvis
1628 1274 1747 1343 ipsa
1786 1281 1931 1335 terra
1962 1273 2020 1329 in
2118 1281 2176 1337 et
2217 1275 2562 1337 tenebrosum
2586 1269 2707 1327 est?
2734 1269 2863 1349 quia
2892 1268 2995 1329 etsi
3028 1268 3170 1327 bene
3203 1265 3367 1323 alicui
3399 1266 3714 1339 proveniat,

446 1380 544 1420 suo
568 1381 764 1436 genere
799 1374 963 1436 atque
990 1366 1179 1421 ordine
1213 1366 1411 1421 munda
1464 1366 1555 1427 sit.
1599 1364 1809 1425 Casium
1837 1374 2019 1429 autem
2119 1364 2262 1436 quod
2289 1379 2347 1421 tu
2372 1378 2478 1419 non
2505 1370 2653 1417 recta
2687 1368 2743 1417 et
2763 1360 2905 1435 bona
2926 1358 3226 1415 intentione
3250 1356 3418 1435 facis,
3450 1357 3580 1412 nihil
3612 1357 3710 1412 tibi

450 1457 555 1512 hoc
578 1457 700 1512 loco
730 1471 840 1515 non
868 1471 1188 1527 corporeum
1215 1456 1539 1528 acceperim,
1563 1455 1692 1525 quia
1715 1470 1876 1519 omne
1899 1469 2021 1513 cor—
2115 1454 2389 1537 proderit,
2436 1452 2565 1523 quia
2612 1449 2882 1531 quomodo
2932 1457 2992 1509 tu
3038 1448 3262 1512 ieceris,
3321 1447 3429 1507 tibi
3481 1457 3711 1516 imputa-

450 1564 552 1619 pus
570 1563 674 1620 pro
700 1558 844 1607 terra
872 1549 1174 1606 habendum
1202 1558 1289 1606 est
1317 1566 1333 1605 t
1364 1558 1534 1609 totum
1583 1549 1728 1606 enim
1756 1548 2020 1609 mundum
2118 1553 2230 1615 tur,
2276 1558 2385 1601 non
2429 1542 2703 1613 quomodo
2734 1540 2813 1597 illi
2839 1540 3173 1623 provenerit.
3205 1538 3363 1607 Quod
3398 1544 3597 1595 autem
3628 1552 3713 1591 se-

442 1639 604 1695 debet
634 1650 1001 1707 contemnere,
1038 1641 1130 1711 qui
1175 1641 1280 1698 sibi
1308 1642 1639 1707 thesaurisat
1679 1642 1735 1703 in
1763 1640 1856 1701 illo
1880 1639 2019 1696 catis
2117 1642 2331 1716 quitur,
2360 1640 2430 1697 ad
2458 1640 2601 1697 hanc
2626 1638 2799 1709 ipsam
2830 1636 3182 1713 intentionem
3208 1631 3576 1688 referendum
3598 1641 3711 1686 est:

444 1729 510 1787 de
534 1744 642 1811 quo
661 1731 863 1790 dictum
887 1738 973 1788 est
1001 1750 1016 1786 :
1044 1730 1376 1791 Caelumaeit'
1395 1732 1622 1801 Domino
1643 1731 2016 1807 (Buttmann),
2190 1731 2360 1788 Nemo
2407 1739 2573 1803 potest
2620 1728 2825 1787 duobus
2873 1726 3101 1783 dominis
3153 1725 3353 1781 servire
3380 1741 3397 1776 :
3436 1732 3538 1781 asa
3586 1724 3716 1776 ειὶιι

441 1819 495 1876 id
521 1830 606 1877 est
643 1822 698 1879 in
724 1822 1070 1879 ﬁrmamento
1092 1822 1356 1893 spiritali;
1386 1837 1493 1889 non
1519 1824 1667 1889 enim
1693 1823 1752 1883 in
1774 1837 1843 1883 eo
1871 1821 2017 1893 quod
2116 1841 2282 1881 unum
2305 1824 2425 1878 odio
2448 1822 2655 1879 habebit
2685 1830 2734 1881 et
2764 1818 2985 1877 alterum
3009 1819 3212 1891 diliget,
3243 1826 3338 1883 aut
3366 1833 3548 1872 unum
3571 1818 3717 1871 surio

441 1913 658 1979 transit,
687 1914 1017 1981 constituent
1041 1921 1097 1979 et
1121 1913 1390 1969 collocare
1412 1915 1671 1975 debemus
1700 1915 2016 1979 thesaurum
2041 1914 2091 1980 Β
2117 1915 2254 1981 nebit
2269 1924 2316 1970 et
2332 1912 2555 1971 alterum
2576 1919 2887 1987 contemnet.
2904 1909 3275 1983 (mutamus:
3295 1907 3480 1965 verba
3502 1905 3718 1976 diligen-

437 2014 680 2065 nostrum
704 2014 760 2060 et
786 2020 882 2062 eor
902 2012 1167 2073 nostrum,
1200 2006 1294 2061 sed
1316 2006 1373 2069 in
1399 2021 1468 2063 eo
1488 2007 1632 2078 quod
1656 2022 1876 2078 semper
1896 2022 2016 2071 ma-
2116 2018 2205 2069 ter
2223 2005 2613 2065 consideranda
2638 2009 2783 2061 sunt.
2809 2001 2965 2073 Stepe
2989 2001 3136 2057 enim
3164 1999 3289 2072 quis
3311 1997 3489 2054 alteri
3516 1996 3710 2066 senii,

436 2106 568 2151 net:
594 2095 792 2155 Catum
820 2106 995 2153 autem
1028 2106 1079 2151 et
1105 2106 1245 2153 terra
1270 2099 1512 2154 transibit
1538 2097 1692 2172 (Luc.
1722 2097 1858 2171 xxi).
2116 2113 2278 2171 quem
2305 2113 2414 2153 non
2441 2095 2645 2167 diligit;
2691 2092 2788 2150 sed
2815 2092 2907 2151 ille
2929 2091 3125 2151 merito
3169 2088 3380 2153 dicitur
3419 2102 3561 2145 eum
3598 2086 3712 2139 dili-

510 2186 609 2245 Ubi
655 2188 795 2251 enim
841 2198 921 2251 est
960 2188 1238 2251 thesaurus
1285 2199 1439 2257 tuus,
1480 2189 1553 2247 ibi
1589 2200 1667 2245 est
1712 2206 1805 2246 cor
1842 2199 2013 2249 tuum.
2111 2205 2263 2264 gere,
2313 2187 2469 2259 cujus
2513 2192 2765 2263 prompto
2810 2183 2994 2238 animo
3036 2182 3387 2253 obtemperat
3421 2177 3711 2233 voluntati.

434 2276 706 2351 (ιιίενοησ)
737 2279 851 2337 Hoc
884 2294 991 2337 non
1016 2279 1192 2345 solum
1221 2280 1287 2336 de
1312 2280 1564 2351 pecunia,
1593 2281 1689 2337 sed
1716 2281 1784 2339 de
1805 2281 2016 2343 cunctis
2115 2282 2255 2341 Nam
2300 2282 2396 2357 qui
2436 2281 2551 2341 sint
2588 2278 2696 2336 duo
2737 2275 2977 2349 dominii,
3013 2275 3269 2347 deinceps
3304 2272 3568 2331 ostendit
3600 2284 3710 2325 amt

432 2370 774 2442 passionibus
826 2368 950 2442 [AL
999 2366 1469 2443 possessionibus]
1526 2371 1811 2433 sciendum
1862 2370 2013 2444 [sen-
2123 2376 2293 2437 dicit:

444 2460 710 2535 tiendum]
735 2470 838 2519 est.
867 2460 1050 2519 Gulosi
1095 2462 1232 2521 deus
1265 2471 1456 2518 venter
1490 2470 1593 2519 est.
1635 2462 1737 2519 Ubi
1758 2477 1892 2535 ergo
1915 2463 2014 2527 ha-
2188 2466 2315 2523 Non
2356 2463 2571 2539 potestis
2618 2461 2728 2517 Deo
2778 2460 2974 2516 seruire
3018 2466 3069 2532 et
3117 2471 3465 2521 mammona.
3516 2453 3709 2524 (Βία.)

441 2553 601 2608 betur
640 2568 758 2621 cor,
786 2552 863 2608 ibi
887 2560 945 2609 et
970 2555 1259 2611 thesaurus
1289 2562 1418 2619 tuus
1442 2562 1546 2612 est.
1576 2554 1865 2619 Luxuriosi
1896 2556 2018 2621 lbet
2114 2558 2423 2619 Hammona
2475 2568 2728 2619 sermone
2772 2551 2999 2625 Syriaco
3040 2548 3242 2617 divitia:
3296 2554 3708 2617 nuncupantur.

444 2644 590 2700 sauri
615 2644 784 2716 epulae
806 2653 961 2712 sunt;
990 2645 1200 2712 lascivi,
1232 2646 1471 2713 ludicra;
1505 2647 1782 2715 amatoris,
1806 2647 2011 2707 libido:
2118 2650 2246 2709 Non
2266 2647 2507 2720 potestis,
2546 2644 2743 2715 inquit,
2793 2641 2900 2697 Deo
2938 2640 3130 2697 servire
3153 2648 3201 2697 et
3224 2652 3584 2692 mammona.
3618 2635 3708 2689 Διι-

447 2737 572 2793 buic
597 2738 764 2799 servit
790 2739 1157 2809 unusquisque
1185 2756 1216 2793 a
1245 2755 1353 2810 quo
1384 2741 1637 2803 vincitur.
2115 2742 2231 2801 dial
2254 2742 2357 2797 hoc
2385 2754 2605 2805 avarus,
2631 2735 2819 2793 audiat
2839 2734 2934 2807 qui
2965 2739 3221 2787 censetur
3248 2728 3534 2785 vocabulo

502 2828 737 2885 Lucerna
757 2829 991 2902 corporis
1014 2830 1089 2885 uti
1108 2840 1181 2886 est
1205 2829 1386 2889 oculos
1404 2841 1544 2888 tuus.
1571 2831 1632 2891 Si
1650 2831 2015 2903 [eorum
2117 2834 2315 2905 stiano,
2358 2846 2467 2887 non
2509 2842 2669 2907 posse
2701 2825 2861 2901 simul
2894 2823 3101 2879 divitiis
3126 2821 3464 2897 Christoque
3484 2818 3708 2876 servire

2114 2926 2184 2985 Et
2208 2935 2390 2982 tamen
2420 2939 2527 2980 non
2553 2922 2709 2986 dixit,
2737 2920 2839 2989 Qui
2864 2919 3030 2977 habet
3055 2917 3292 2983 divitias,
3329 2911 3458 2981 sed,
3483 2912 3594 2986 Qui
3616 2927 3713 2967 ser-

2113 3020 2194 3087 vit
2214 3018 2456 3095 divitiis:
2488 3015 2590 3083 Qui
2616 3014 2763 3069 enim
2789 3012 3108 3069 divitiarum
3132 3024 3327 3066 servus
3352 3017 3466 3081 est.
3496 3005 3711 3063 divitias

431 3105 760 3162 tenebrosum
796 3106 914 3161 erit.
939 3105 1073 3175 ~Sub
1108 3107 1361 3177 exemplo
1402 3108 1737 3165 exteriorum
1770 3109 1843 3173 ad
1866 3109 2009 3167 ittve-
2115 3112 2351 3171 custodit
2396 3118 2456 3165 ut
2497 3121 2724 3172 servus;
2748 3105 2864 3178 [qui
2910 3115 3093 3159 autem
3142 3101 3432 3167 servitutis
3471 3098 3713 3157 excussit

435 3196 576 3253 riora
615 3198 1005 3259 consideranda
1040 3214 1141 3255 nos
1176 3200 1450 3261 informat.
1494 3199 1805 3271 Lippieutes
1849 3216 2008 3257 uam—
2051 3274 2084 3280 _
2106 3206 2321 3280 jugum,
2366 3203 2644 3267 distribuit
2674 3217 2769 3258 eas
2811 3209 2874 3263 ut
2906 3201 3177 3259 dominus.
3218 3197 3416 3272 (Δια.)
3453 3197 3589 3253 Nam
3615 3196 3711 3265 φὶ

430 3307 535 3362 que
560 3292 735 3349 solent
763 3291 1014 3349 lucernas
1039 3293 1221 3349 videre
1242 3308 1603 3359 numerosas;
1632 3292 1861 3364 simplex
1882 3308 2013 3349 ocu—
2039 3274 2087 3338 c
2109 3274 2289 3363 servit
2328 3312 2673 3364 mammona},
2711 3296 2786 3351 illi
2816 3296 3004 3365 utique
3040 3293 3213 3357 servit
3237 3292 3334 3363 qui
3379 3291 3553 3351 mlius
3598 3288 3714 3344 iiii

430 3384 515 3440 lus
538 3393 595 3439 et
642 3401 810 3456 purus
851 3386 1117 3456 simplicia
1158 3387 1399 3445 intuetur
1422 3395 1480 3445 et
1504 3402 1661 3457 pura.
1689 3387 1804 3449 Hoc
1838 3395 2011 3445 totum
2118 3392 2352 3457 terrenis
2392 3389 2587 3449 merito
2614 3403 2728 3444 sum
2756 3385 3133 3459 perversiutis
3170 3383 3505 3455 prapositus
3528 3390 3635 3442 est.
3662 3390 3711 3434 αι

434 3474 693 3532 transfert
719 3476 787 3531 ad
815 3490 1052 3533 sensum.
1084 3476 1365 3544 Quomodo
1390 3478 1537 3536 enim
1558 3493 1776 3551 corpus,
1809 3479 1856 3536 si
1880 3494 2013 3536 oeu-
2116 3486 2470 3557 magistratus
2513 3482 2675 3553 lituus
2716 3481 2903 3545 βεβοηιί
2946 3495 2980 3535 a
3027 3479 3256 3539 Domino
3308 3478 3524 3559 dicitur
3558 3497 3577 3532 :
3616 3476 3711 3530 Ast

436 3567 520 3621 lus
565 3582 672 3622 non
710 3566 871 3625 fuerit
917 3568 1163 3639 simplex,
1207 3577 1379 3625 totum
1420 3569 1478 3643 in
1525 3570 1764 3629 tenebris
1788 3579 1898 3636 est;
1936 3569 2011 3629 itu
2116 3592 2248 3649 ergo
2282 3577 2429 3633 hunc
2471 3575 2595 3630 odio
2624 3574 2834 3633 habebit
2873 3573 3057 3639 homo,
3086 3580 3137 3627 et
3163 3570 3395 3626 alterum
3425 3570 3639 3640 diliget,
3664 3566 3710 3622 id

428 3661 646 3726 anima,
694 3676 743 3719 st
780 3661 1133 3731 principalem
1180 3677 1339 3717 suum
1382 3661 1647 3733 fulgorem
1691 3662 2008 3733 perdiderit,
2057 3682 2068 3692 -
2116 3677 2224 3736 est,
2255 3668 2576 3733 Dominum;
2606 3674 2697 3723 aut
2724 3664 2950 3719 alterum
2973 3664 3227 3735 patietur,
3254 3670 3303 3719 et
3333 3661 3575 3716 alterum
3597 3675 3712 3713 caa-

431 3751 714 3809 universus
758 3767 950 3809 sensus
985 3753 1041 3807 in
1078 3752 1309 3823 caligine
1351 3754 1797 3817 commorabitur.
1823 3752 2009 3827 (Ακθο)
2112 3770 2328 3817 temnet.
2368 3758 2582 3814 Patitur
2628 3756 2774 3821 enim
2822 3755 3016 3811 durum
3041 3761 3096 3809 et
3121 3752 3499 3824 perniciosum
3536 3750 3708 3805 domi—

430 3838 640 3913 COI‘PUS
680 3843 879 3914 quippe
906 3843 1039 3898 die“
1060 3858 1226 3912 006m
1249 3860 1372 3915 qua
1399 3844 1578 3916 palam
1606 3845 1814 3903 cunctis
1840 3860 2010 3916 appa-
2117 3869 2273 3918 num,
2310 3849 2558 3921 quisquis
2593 3847 2762 3904 servit
2801 3860 3158 3911 mammona;
3190 3859 3286 3900 sua
3311 3846 3472 3901 enim
3496 3843 3705 3913 cupidi.

429 3944 568 3999 rent,
614 3936 807 3992 oculus
853 3952 984 3993 vero
1022 3937 1196 4007 ipsam
1232 3938 1432 3995 mentis
1476 3938 1850 4003 intentionem,
1888 3954 2011 4008 quae
2118 3951 2231 3999 tate
2257 3941 2585 4012 implicatus,
2628 3937 2878 3999 subditur
2910 3934 3163 3991 diabolo:
3191 3943 3248 3989 et
3284 3948 3396 3989 non
3438 3948 3570 3991 eum
3596 3932 3710 3986 dili-

428 4034 704 4096 οΡετεωτν
757 4035 814 4083 α
842 4028 909 4082 d3
943 4027 1097 4096 ειιὶμδ
1132 4029 1329 4085 merito
1346 4029 1538 4089 ﬁdem
1560 4045 1725 4101 opera
1755 4029 1911 4095 lucis,
1938 4045 2011 4085 an
2112 4036 2233 4107 git;
2276 4034 2401 4104 quis
2427 4039 2512 4087 est
2532 4031 2677 4087 enim
2705 4029 2801 4100 qui
2836 4028 3026 4099 diligat
3065 4025 3374 4083 diabolum?
3403 4026 3505 4080 sed
3531 4034 3707 4080 tamen

432 4119 777 4177 tenebrarum
800 4119 1111 4189 sintopera,
1135 4120 1534 4181 discernuntur.
1554 4121 1634 4187 Si,
1655 4122 2010 4192 inquit,pura
2114 4126 2322 4197 patitur
2348 4138 2475 4179 eum
2504 4140 2518 4176 :
2541 4121 2694 4177 verbi
2726 4121 2899 4190 gratia
2926 4137 2940 4173 :
2965 4120 3010 4174 si
3038 4119 3093 4179 in
3116 4118 3325 4187 maiore
3345 4117 3532 4187 aliqua
3553 4117 3709 4173 domo

432 4216 687 4275 rectaque
716 4208 1036 4275 intentione,
1073 4225 1194 4280 quae
1222 4220 1403 4281 potes,
1428 4228 1593 4283 agere
1618 4215 1761 4273 bella
1786 4214 2010 4271 studue—
2116 4215 2241 4286 quis
2270 4213 2481 4270 ancillas
2507 4213 2700 4268 aliena:
2739 4210 3064 4281 coniunctos
3096 4210 3187 4276 sit,
3226 4218 3459 4280 propter
3505 4208 3709 4279 οιιιιίὥο

434 4299 530 4365 ris,
574 4298 709 4359 lucis
752 4299 1001 4369 profecto
1048 4311 1173 4356 sunt
1212 4317 1379 4373 opera
1420 4318 1543 4372 qua:
1584 4304 1754 4370 facis,
1794 4306 2012 4363 etiamsi
2120 4317 2288 4364 tatem
2329 4322 2487 4363 suam
2513 4307 2705 4363 duram
2744 4305 2953 4378 patitur
2982 4304 3325 4370 servitutem,
3356 4303 3581 4358 etiamsi
3609 4317 3711 4355 non

435 4404 622 4445 coram
657 4390 969 4446 hominibus
1008 4391 1432 4462 imperfectionis
1472 4394 1675 4463 aliquid
1700 4395 1905 4455 habere
1932 4394 2013 4451 vi—
2117 4400 2305 4471 diligat
2325 4414 2449 4455 eum
2471 4397 2625 4469 cujus
2645 4396 2898 4453 ancillam
2919 4395 3109 4467 diligit.
3131 4393 3372 4455 Alterum
3389 4404 3574 4449 autem
3588 4410 3710 4447 coa-

433 4480 683 4535 deantur.
718 4479 983 4547 Quoniam
1028 4481 1365 4553 diligentibus
1403 4482 1688 4538 Dominum
1733 4484 1909 4539 omnia
1928 4501 2014 4539 co-
2114 4499 2332 4556 ieiunet,
2379 4490 2532 4555 dicit,
2563 4486 2844 4556 non,'odio
2874 4486 3109 4542 nabebit.
3154 4483 3363 4539 Nullius
3387 4485 3542 4539 enim
3571 4483 3711 4538 rem

431 4582 712 4644 operantur
734 4576 789 4628 in
812 4574 1020 4641 bonum,
1044 4577 1127 4631 his
1153 4578 1243 4647 qui
1265 4578 1552 4633 secundant
1570 4579 1897 4649 propositam
1918 4596 2011 4635 vo-
2036 4641 2083 4651 _
2116 4581 2449 4638 conscientia
2489 4588 2670 4651 potest
2706 4578 2994 4634 Dominum
3025 4577 3203 4633 odisse
3230 4595 3244 4630 :
3275 4577 3587 4632 contemnit
3614 4592 3711 4631 au-

432 4641 533 4717 cati
575 4674 695 4719 sunt
735 4667 903 4720 sancti
931 4666 1110 4738 (Rom.
1142 4641 1284 4739 vui).
1324 4667 1385 4724 Si
1430 4641 1611 4727 autem
1646 4641 2012 4739 perversaest
2036 4641 2092 4703 Β
2117 4682 2248 4738 tem,
2281 4672 2337 4729 id
2363 4681 2470 4739 est,
2491 4641 2620 4727 ἰιοιι
2663 4671 2819 4726 timet
2874 4685 3020 4737 eum,
3063 4670 3158 4747 qui
3188 4667 3303 4738 ejus
3328 4683 3439 4724 non
3475 4668 3712 4724 custodit

436 4756 688 4821 intentio,
716 4772 843 4826 qua:
864 4758 1139 4827 praecedit,
1165 4774 1393 4830 pravum
1416 4768 1504 4818 est
1523 4776 1688 4817 omne
1711 4777 1849 4832 opus
1866 4763 2013 4832 quod
2118 4764 2373 4819 mandata
2398 4780 2413 4817 :
2441 4763 2581 4818 sicut
2620 4760 2798 4818 solent
2821 4761 3000 4832 minas
3028 4758 3146 4829 ejus
3176 4768 3510 4832 postponere
3561 4759 3708 4831 cupi-

428 4849 697 4919 sequitur,
724 4826 975 4919 quamvis
997 4826 1204 4907 rectum
1243 4866 1367 4913 esse
1407 4852 1674 4909 videatur.
1699 4826 1905 4924 Sieer
1930 4853 2014 4908 ιιι-
2119 4855 2381 4931 ditatibus
2425 4855 2561 4919 suis,
2592 4853 2685 4925 qui
2716 4852 2785 4907 de
2822 4826 3069 4907 bonﬁate
3092 4826 3209 4920 ejus
3236 4826 3316 4907 ad.
3338 4826 3708 4923 impnritatem

437 4956 554 4993 men
582 4940 724 5011 quod
778 4942 834 4995 in
888 4952 939 4995 te
987 4951 1087 5008 est,
1136 4943 1360 4999 tenebrte
1401 4953 1567 5010 sunt,
1615 4945 1743 5017 ipsa:
1792 4946 2016 5003 tenebat:
2120 4949 2226 5003 sibi
2278 4947 2647 5002 blandiuntur.
2695 4945 2901 5012 Quibus
2940 4960 3039 5019 per
3081 4944 3430 5001 Salomonem
3468 4944 3706 5003 dicitur:

428 5039 639 5099 quantm
656 5040 831 5085 erant.
850 5030 1120 5103 (Iliorum)
1139 5032 1196 5088 Si
1220 5049 1435 5099 sensus.
1459 5036 1551 5104 qui
1573 5035 1751 5091 lumen
1777 5044 1882 5101 est,
1902 5037 2019 5093 ani-
2122 5036 2259 5104 Fili,
2282 5054 2346 5093 ne
2370 5039 2597 5113 adiicias
2620 5046 2891 5108 peccatum
2922 5053 3079 5107 super
3109 5046 3406 5115 peccatum,
3446 5046 3502 5090 et
3537 5036 3708 5099 dicas,

434 5132 555 5183 tute,
590 5122 722 5189 vitio
755 5122 1041 5195 caligatur,
1070 5124 1183 5199 ipsa
1222 5133 1405 5194 putas,
1436 5125 1609 5195 caligo
1637 5127 1834 5194 quibus
1861 5135 2011 5182 tene-

433 5211 547 5265 bris
590 5213 939 5269 ubvolveturl
970 5213 1155 5287 (Aug.)
1180 5214 1414 5270 Intentio
1436 5216 1668 5287 simplex
1690 5226 1746 5271 et
1772 5218 1876 5275 soli
1903 5216 2015 5277 Deo

433 5302 573 5358 velle
601 5305 817 5374 placere
846 5307 1031 5365 lumen
1069 5314 1172 5367 est.
1206 5305 1379 5365 Omne
1413 5306 1557 5365 enim
1592 5308 1744 5379 quod
1782 5308 2012 5369 manife-

430 5403 612 5451 statur
660 5397 839 5455 lumen
890 5409 994 5456 est.
1040 5399 1110 5465 Ειι
1153 5400 1498 5461 manifestum
1553 5399 1709 5457 nobis
1750 5409 1835 5457 est
1869 5401 2016 5461 bono

436 5484 619 5541 animo
660 5501 759 5545 nos
801 5487 979 5561 facere
1014 5490 1179 5559 quod,
1204 5490 1453 5556 facimus.
1485 5490 1605 5561 Ipsa
1641 5500 1822 5547 autem
1864 5492 2012 5559 facta

436 5591 558 5648 quae
584 5577 653 5633 ad
678 5577 956 5643 hominum
984 5582 1302 5641 societatem
1328 5599 1361 5638 a
1388 5584 1545 5641 nobis
1572 5585 1893 5655 procedunt,
1922 5585 2009 5640 in-

434 5674 645 5725 certum
680 5669 880 5735 habent
915 5673 1142 5740 exim,
1173 5683 1230 5731 et
1252 5675 1377 5743 ideo
1400 5676 1652 5732 tenebras
1679 5692 1746 5734 ea
1773 5677 2005 5733 vocavit.

432 5760 552 5819 Non
592 5762 736 5820 enim
776 5763 927 5829 novi,
962 5781 1086 5820 cum
1111 5768 1393 5836 pecuniam
1420 5769 1641 5841 porrigo
1662 5768 1925 5841 indigenti
1952 5777 2011 5826 et

2124 5129 2398 5185 Miseralio
2427 5128 2527 5182 Dei
2558 5145 2749 5200 magna
2775 5138 2849 5185 est
2872 5126 3151 5200 (Eccli.v).
3186 5127 3295 5185 Sed
3320 5128 3573 5201 quisquis
3598 5126 3715 5181 vult

2122 5219 2350 5293 diligere
2387 5219 2677 5274 Dominum
2704 5227 2760 5275 et
2780 5234 2976 5289 cavere
3002 5233 3070 5274 ne
3097 5217 3356 5289 oll'endat,
3391 5235 3502 5291 non
3531 5233 3587 5274 se
3614 5234 3706 5273 ar-

2122 5312 2357 5369 bitretur
2393 5312 2605 5368 duobus
2645 5312 2882 5367 dominis
2915 5326 3078 5385 posse
3114 5312 3346 5379 servire,
3369 5320 3427 5371 st
3450 5312 3701 5367 intentio»

2123 5419 2250 5463 nem
2280 5404 2459 5479 cordis
2493 5404 2576 5458 sui
2605 5403 2674 5457 ab
2697 5404 2843 5458 omni
2872 5402 3189 5473 duplicitate
3212 5411 3423 5461 rectam
3449 5403 3705 5473 explicet.

2120 5496 2201 5567 ita
2243 5496 2387 5555 enim
2418 5496 2631 5569 sentiet
2658 5495 2725 5550 de
2761 5495 2991 5569 Domino
3015 5496 3071 5567 in
3094 5495 3358 5566 bonitate,
3402 5504 3462 5553 et
3486 5495 3547 5550 in
3574 5495 3709 5555 sim-

2113 5586 2361 5677 plicitate
2388 5586 2568 5677 cordis
2591 5594 2797 5655 quaeret
2824 5586 2997 5677 illum.

2188 5676 2321 5735 Ideo
2343 5676 2460 5731 dico
2486 5676 2645 5741 nobis,
2676 5693 2741 5732 ne
3002 5678 3120 5743 sitis
3146 5678 3338 5749 animm
3360 5687 3551 5747 aqua
3572 5678 3705 5749 qui

2114 5768 2461 5835 manducetis,
2477 5777 2568 5825 aut
2580 5772 2786 5840 corpori
2799 5769 3101 5841 uestroquid
3112 5768 3702 5839 indumniai.(ﬂieran.p

424 5855 653 5927 petenti,
688 5856 821 5929 quid
859 5855 984 5913 inde
1024 5866 1116 5915 aut
1158 5858 1401 5919 iactuum
1449 5861 1541 5933 sit,
1583 5868 1680 5918 aut
1722 5861 2001 5935 patiatur:
2054 5944 2070 5954 ‘
2108 5860 2174 5931 ιιι
2195 5859 2467 5919 nonnullis
2494 5860 2770 5923 codicibus
2788 5862 3030 5929 additum
3054 5868 3138 5919 est
3156 5861 3470 5935 neqqu
3488 5860 3695 5919 bibatis.
