3914 6458
180 414 283 483 83Ἰ

1162 420 1518 482 conamur.
1556 422 1626 479 IN
1662 406 2102 481 MATMUM.
2143 453 2215 464 —
2249 421 2378 479 LIB.
2416 416 2482 480 ll.

3464 494 3469 511 ὃ

180 538 338 613 Quod
377 540 472 608 ait,
506 537 637 595 Ideo
660 538 798 607 dico,
828 536 896 595 ad
916 496 1212 613 superiora
1261 538 1505 611 respicit,
1554 534 1610 594 id
1644 540 1761 605 est,
1790 540 1845 603 Α
1868 548 1987 592 ram
2008 510 2219 592 veniret
2248 550 2445 607 corpus
2478 542 2743 600 vestium,
2776 542 2848 590 ex
2878 531 2987 591 hoc
3014 534 3242 610 intelﬁgi
3266 544 3449 609 potest

180 636 304 691 ideo
339 632 719 704 temporalium
749 618 1165 693 sollicitudinem
1192 639 1335 697 veto,
1369 646 1436 685 ne
1472 644 1596 685 cum
1622 629 1763 686 divi-

1867 627 2010 699 quod
2051 628 2097 684 si
2142 627 2346 684 curetis
2386 635 2442 684 et
2481 626 2658 683 velitis
2705 625 2943 697 adjicere
2988 644 3159 685 unum
3201 629 3448 687 cubitum

180 730 328 785 tibus
367 725 548 783 saeculi
578 725 730 780 vobis
768 724 1135 780 thesaurizare
1165 723 1584 791 convincamini.
1624 722 1765 793 Ergo
1863 721 1996 778 huic
2038 728 2279 788 statura:
2324 734 2431 776 non
2470 720 2716 793 potestis.
2756 720 2834 776 illi
2862 736 2997 794 ergo
3031 724 3199 780 etiam
3230 725 3449 797 tegendi

178 820 325 893 quod
349 817 601 875 omnibus
638 826 828 873 natura
859 817 1067 885 tribuit,
1093 826 1148 873 et
1165 816 1423 889 jumentis
1450 830 1515 871 ac
1542 815 1759 881 bestiis,

178 910 492 968 hominibus
520 924 734 981 quoque
764 921 1048 963 commune
1088 914 1171 973 est
1194 926 1207 962 :
1232 905 1394 976 hujus
1440 920 1573 961 cura
1607 905 1766 975 peni-

180 1012 268 1059 tus
316 1003 629 1058 liberamur.
688 1000 795 1058 Sed
853 1000 1165 1077 przecipitur
1218 1000 1375 1055 nobis
1422 1013 1491 1054 ne
1548 995 1765 1053 solliciti

178 1093 351 1150 simus
389 1093 519 1164 quid
560 1091 927 1158 comedamus,
961 1092 1087 1171 quia
1112 1088 1169 1146 in
1200 1091 1413 1161 sudore_
1433 1090 1614 1145 vultus
1634 1102 1769 1158 pra:-

178 1200 435 1256 paramus
462 1184 617 1241 nobis
649 1200 865 1257 panem.
903 1178 1081 1241 Labor
1109 1183 1444 1240 exercendus
1474 1189 1578 1248 est,
1620 1179 1766 1237 solli-

178 1278 363 1335 citudo
391 1277 646 1341 tollenda.
693 1277 807 1337 Hoc
844 1278 988 1348 quod
1021 1276 1219 1332 dicitur
1247 1296 1259 1330 :
1296 1274 1379 1331 Ne
1406 1273 1619 1329 solliciti
1648 1272 1763 1327 sitis

178 1369 373 1427 anima:
415 1378 599 1433 vestrm
630 1369 756 1447 quid
787 1369 1091 1432 comedetis,
1140 1384 1303 1440 neque
1328 1366 1537 1438 corpori
1568 1374 1759 1433 vestro,

176 1458 304 1534 quid
347 1462 667 1531 induamini,
714 1463 782 1518 de
805 1460 1009 1517 carnali
1038 1461 1160 1516 cibo
1189 1459 1585 1516 etvestimento
1617 1457 1764 1513 acci-

177 1553 408 1624 piamus.
452 1551 721 1608 Caeterum
748 1552 815 1607 de
838 1550 1174 1625 spiritalibus
1201 1550 1339 1607 cibis
1376 1557 1431 1606 et
1460 1549 1764 1605 vestimen-

178 1645 250 1700 tis
274 1660 490 1715 semper
524 1644 782 1699 debemus
802 1659 923 1699 esse
953 1642 1189 1698 solliciti.

252 1733 440 1788 Nonne
461 1734 641 1788 anima
675 1733 795 1805 plus
825 1742 898 1788 est
935 1749 1092 1805 quam
1127 1748 1264 1797 esca,
1306 1739 1355 1786 et
1386 1746 1573 1801 corpus
1606 1747 1765 1802 quam

176 1825 573 1880 vestimentum?
595 1822 667 1896 (Η
675 1824 864 1896 ieron.)
880 1823 1033 1891 Quod
1054 1823 1203 1888 dicit,
1221 1821 1522 1878 istiusmodi
1544 1829 1648 1889 est,
1669 1821 1764 1891 qui

1866 814 2109 885 corporis
2131 828 2319 871 curam
2341 813 2653 886 relinquite,
2681 814 2835 885 cujus
2857 815 3071 871 videtur
3091 833 3221 874 cura
3240 817 3448 877 factum

1867 922 1989 963 esse
2013 916 2075 964 ut
2095 916 2257 964 tanta:
2288 917 2514 965 staturae
2550 923 2749 982 corpus
2772 907 3039 965 habeatis.
3072 907 3316 965 Dandum
3342 924 3445 965 au-

1869 1007 1976 1055 tem
2001 1009 2121 1056 erat
2144 1000 2525 1058 documentum
2552 1001 2717 1057 etiam
2744 1011 2967 1075 prepter
2983 1003 3258 1069 vestitum,
3284 1003 3449 1059 sicuti

1866 1088 2055 1146 datum
2099 1100 2186 1147 est
2227 1100 2448 1164 propter
2494 1091 2832 1149 alimentum.
2868 1091 3063 1164 Itaque
3100 1094 3352 1163 sequitur
3392 1102 3450 1151 et

1867 1181 1997 1237 dicit
2013 1200 2027 1237 :

1939 1272 2279 1329 Considerate
2312 1273 2426 1329 lilia
2457 1275 2595 1347 agri,
2641 1275 2902 1348 quomodo
2926 1280 3196 1340 crescunt;
3222 1288 3327 1331 non
3370 1274 3449 1331 la-

1867 1360 2072 1427 borant,
2119 1379 2282 1435 neque
2319 1373 2461 1419 nent.
2510 1362 2615 1420 Sed
2648 1364 2755 1421 ista
2791 1366 3115 1421 documenta
3160 1381 3267 1421 non
3310 1366 3450 1421 sicut

1866 1449 2154 1523 allegorica
2182 1451 2518 1509 discutienda
2546 1462 2695 1522 sunt,
2723 1463 2787 1510 ut
2806 1468 3113 1525 quaeramus
3131 1455 3259 1526 quid
3279 1454 3448 1527 signi-

1866 1541 2031 1599 ﬁcent
2067 1558 2197 1600 aves
2242 1545 2386 1612 caeli,
2415 1554 2510 1601 aut
2534 1544 2644 1601 lilia
2671 1547 2788 1620 agri
2815 1563 2830 1601 :
2859 1547 3038 1618 posita
3062 1556 3192 1603 sunt
3220 1547 3366 1604 enim
3388 1556 3453 1604 ut

1867 1635 1934 1691 de
1955 1637 2117 1692 rebus
2149 1637 2448 1695 minoribus
2474 1638 2681 1709 majora
2708 1639 3181 1709 persuadere-mur.

1936 1728 2070 1785 Dico
2110 1740 2283 1786 autem
2318 1731 2481 1797 vobis,
2519 1733 2767 1805 quoniam
2808 1749 2901 1787 nec
2941 1728 3193 1787 Suiomon
3227 1731 3284 1786 in
3308 1731 3451 1786 omni

1867 1819 2038 1893 gloria
2084 1838 2183 1877 sua
2217 1831 2489 1894 conpertus
2533 1832 2608 1879 est
2643 1823 2780 1878 sicut
2813 1836 2976 1876 unum
3020 1838 3086 1877 ea:
3126 1822 3262 1876 istis.
3300 1820 3454 1893 (Hie-

178 1915 386 1986 majora
428 1916 680 1986 paestitit
715 1957 731 1982 ,
758 1916 942 1985 utique
978 1915 1189 1969 minora
1230 1913 1528 1985 pnestabit.
1578 1911 1763 1984 (Aug.)
1793 1904 1843 1965 Β
1871 1912 2012 1989 r'on.)
2036 1914 2102 1972 Et
2129 1930 2341 1982 revera,
2374 1917 2514 1988 quod
2539 1916 2797 1982 sericum,
2827 1928 2949 1986 qua
2973 1926 3162 1984 regum
3187 1926 3452 1984 purpura,

174 2006 443 2067 Admonet
467 2015 525 2062 ut
557 2005 963 2071 meminerimus
986 2006 1152 2061 multo
1173 2005 1403 2078 amplius
1424 2004 1577 2061 nobis
1596 2004 1768 2061 Deum

175 2100 412 2167 dedisse,
434 2099 579 2169 quod
600 2114 698 2154 nos
721 2097 850 2154 fecit
869 2107 925 2155 et
944 2099 1245 2169 composuit
1269 2113 1337 2152 ex
1362 2098 1541 2152 anima
1572 2105 1628 2153 et
1647 2112 1768 2152 cor-

175 2208 333 2264 pore,
356 2210 517 2264 quam
548 2202 634 2250 est
658 2193 974 2251 alimentum
1004 2202 1062 2250 et
1092 2204 1480 2265 tegumentum.
1511 2194 1578 2249 Ut
1606 2190 1767 2248 intel-

175 2284 314 2357 ligas
351 2300 477 2343 eum
508 2286 602 2356 qui
643 2285 791 2341 dedit
820 2286 1077 2353 animam.
1121 2286 1290 2343 multo
1330 2285 1543 2345 facilius
1568 2299 1766 2355 ‘cscam

172 2391 298 2432 esse
317 2376 593 2437 daturum.
622 2375 887 2433 Similiter
909 2392 1033 2433 eum
1058 2377 1152 2447 qui
1174 2392 1371 2447 corpus
1393 2375 1563 2441 dedit,
1596 2374 1768 2437 multo

173 2464 391 2523 facilius
427 2467 681 2522 daturum
708 2482 829 2523 esse
864 2468 1266 2524 vestimentum.
1299 2469 1416 2536 Quo
1442 2469 1561 2524 loco
1590 2467 1767 2539 quaeri

174 2562 314 2617 solet
362 2569 545 2617 utinm
585 2563 655 2618 ad
696 2563 935 2618 animam
972 2564 1130 2619 cibus
1174 2563 1281 2619 iste
1323 2564 1613 2635 pertineat,
1640 2578 1767 2619 cum

173 2652 354 2706 anima
399 2652 725 2723 incorporea
765 2653 860 2719 sit,
892 2653 1045 2709 cibus
1085 2661 1270 2708 autem
1312 2653 1415 2709 iste
1442 2667 1762 2723 corporeus.

172 2742 285 2799 Sed
324 2742 564 2799 animam
593 2746 698 2799 hoc
732 2744 855 2801 loco
882 2758 984 2815 pro
1018 2745 1121 2801 ista
1152 2746 1261 2799 vita
1285 2745 1522 2814 positam
1549 2744 1766 2801 noveri-

174 2850 317 2903 mus,
344 2837 505 2909 cujus
532 2838 892 2894 retinaculum
927 2847 1013 2894 est
1046 2839 1368 2894 alimentum
1400 2837 1547 2893 istud
1572 2854 1767 2910 oorpo-

170 2945 347 2984 reum.
388 2927 705 2986 Secundum
746 2930 885 2986 banc
929 2931 1385 3000 signiﬁcationem
1431 2930 1638 2985 dictum
1681 2936 1769 2986 est

168 3020 337 3074 etiam
368 3019 541 3076 illud:
575 3020 681 3087 Qui
717 3031 861 3076 amat
900 3023 1130 3076 anitum
1167 3036 1341 3089 suam,
1396 3022 1575 3093 pendet
1618 3020 1768 3075 illam

172 3110 359 3183 (Joan.
398 3112 523 3183 xu).
576 3113 733 3180 Quod
781 3113 890 3169 nisi
940 3113 1010 3168 de
1051 3113 1160 3168 hac
1199 3114 1313 3168 vita
1365 3113 1763 3184 acciperemus,

172 3218 336 3273 quam
365 3211 581 3274 oportet
623 3219 724 3275 pro
763 3219 932 3276 regno
957 3204 1055 3260 Dei
1086 3205 1336 3276 perdere,
1362 3203 1505 3275 quod
1524 3205 1767 3275 potuisse

1871 2026 1993 2082 quze
2035 2011 2247 2083 pictura
2293 2011 2585 2068 textricum
2628 2018 2809 2083 potest
2847 2004 3070 2063 ﬂoribus
3108 2005 3457 2076 comparari?

1870 2105 2011 2174 Quid
2050 2106 2125 2161 ita
2157 2108 2316 2163 rubet
2350 2115 2410 2162 ut
2443 2104 2603 2163 rosa?
2647 2101 2786 2171 Quid
2822 2102 2899 2157 ita
2949 2102 3227 2159 candet-t
3250 2097 3457 2154 lilium?

1869 2196 2039 2255 Violae
2072 2213 2203 2254 vero
2236 2212 2532 2271 purpuram
2558 2197 2707 2253 nullo
2740 2197 2983 2270 superari
3013 2194 3237 2259 murice,
3270 2188 3456 2248 oculo-

1868 2304 1991 2343 rum
2021 2288 2197 2360 magis
2221 2303 2384 2360 quam
2415 2303 2725 2345 sermonum
2749 2285 3014 2357 judicium
3043 2289 3146 2341 est.

1939 2376 1999 2434 Si
2022 2389 2198 2433 autem
2222 2379 2400 2449 fenum
2426 2381 2564 2452 agri,
2592 2379 2733 2452 quod
2754 2364 2912 2434 bodie
2934 2386 3033 2444 est,
3073 2382 3121 2433 et
3145 2388 3262 2429 crus
3282 2372 3338 2427 in
3363 2369 3458 2425 cli-

1870 2470 2065 2529 banum
2095 2472 2343 2540 mittitur,
2367 2470 2509 2528 Deus
2532 2474 2609 2528 sic
2632 2470 2802 2540 vestit,
2832 2480 3030 2544 quanto
3051 2468 3218 2541 magis
3248 2482 3333 2522 vos
3358 2466 3458 2519 mi—

1870 2562 2026 2618 nima:
2054 2563 2221 2633 fidei?
2261 2561 2395 2621 Cras
2435 2564 2491 2620 in
2532 2564 2829 2637 Scripturis
2857 2564 3098 2619 futurum
3124 2566 3335 2631 tempus
3370 2557 3456 2613 in-

1869 2652 2152 2724 telligitur,
2195 2656 2410 2712 dicente
2436 2654 2605 2713 Jacob
2633 2674 2646 2711 :
2680 2650 2751 2712 Et
2782 2657 3027 2712 exaudiet
3056 2670 3138 2710 me
3159 2670 3275 2709 cras
3296 2651 3461 2723 justi-

1867 2747 1940 2801 tia
1965 2764 2081 2801 mea
2112 2745 2267 2820 (Gen.
2300 2746 2453 2823 xxx).
2485 2747 2554 2803 Et
2576 2748 2633 2804 in
2663 2747 2934 2804 Samuelis
2961 2746 3337 2819 phantasmate
3361 2756 3459 2816 py-

1871 2838 2114 2895 thonissa
2137 2839 2380 2911 loquitur
2402 2841 2467 2896 ad
2488 2839 2710 2903 Saulcm
2730 2860 2742 2895 :
2761 2839 2893 2895 Cras
2914 2840 3017 2894 eris
3040 2852 3237 2903 mecum
3262 2835 3312 2909 (1
3328 2832 3455 2906 Reg.

1870 2929 2084 3003 xxvm).
2128 2929 2279 2986 Talis
2330 2940 2513 2987 autem
2554 2940 2639 2988 est
2683 2938 2912 2987 sensus:
2942 2928 2998 2985 Si
3041 2928 3206 2995 enim,
3248 2927 3456 2997 inquit,

1869 3023 2225 3095 germinantia
2258 3032 2437 3090 terrm,
2469 3039 2589 3093 qua:
2610 3024 2678 3079 ad
2703 3022 2988 3094 praesentis
3012 3020 3272 3093 temporis
3301 3035 3460 3074 usum

1871 3112 2247 3170 tantummodo
2284 3114 2579 3184 pertinent,
2610 3121 2664 3169 et
2691 3114 2801 3169 cito
2831 3110 3055 3169 deciduo
3084 3111 3208 3184 igne
3234 3122 3460 3166 conete-

1869 3204 2209 3271 mabuntur,
2260 3213 2374 3259 tam
2425 3212 2654 3260 Venusta
2720 3205 2901 3275 specie
2957 3204 3200 3259 omnium
3268 3200 3461 3258 artifex

173 3270 443 3369 martyres
485 3270 703 3366 claruit,
751 3270 1104 3354 contrarium
1132 3300 1239 3354 hoc
1280 3270 1614 3370 praioeptum
1658 3270 1839 3355 eritC
1871 3299 2121 3364 adornat,
2154 3307 2362 3368 quanto
2409 3298 2583 3369 magis
2629 3270 2765 3366 vos;
2795 3299 2887 3369 qui
2925 3298 2993 3353 ad
3026 3297 3317 3369 imaginem
3364 3294 3461 3350 Dei

171 3388 248 3442 illi
270 3390 552 3444 sententiae
579 3404 685 3460 qua
715 3390 919 3444 dictum
938 3398 1061 3445 est:
1091 3388 1232 3455 Quid
1265 3391 1472 3460 prodest
1493 3390 1694 3444 homini
1721 3390 1769 3445 si
1870 3389 2039 3444 creati
2080 3389 2233 3456 estis,
2290 3398 2344 3444 et
2383 3388 2452 3445 ad
2481 3398 2741 3444 aeternam
2789 3388 3160 3457 limreditatem
3204 3388 3259 3443 in
3309 3386 3462 3443 cmlis

171 3488 337 3534 totum
365 3480 621 3535 mundum
645 3480 901 3548 lucretur,
925 3483 1118 3538 anisna:
1140 3492 1321 3537 autem
1348 3498 1460 3538 sua:
1482 3482 1769 3537 detrimen-
1868 3478 2182 3551 pertinctis,
2235 3482 2474 3537 auctoris
2516 3481 2688 3537 vestri
2734 3481 2972 3552 provisio
3024 3478 3081 3535 in
3133 3477 3461 3535 necessariis

170 3580 282 3625 tum
308 3571 469 3640 faciat
500 3570 714 3644 (Matth.
742 3574 878 3645 xw).

246 3660 499 3731 Respicite
527 3663 761 3744 volatilia
787 3664 929 3732 caeli,
950 3667 1199 3738 quoniam
1226 3682 1332 3723 non
1359 3678 1561 3735 serunt,
1602 3684 1767 3740 neque

1868 3575 2202 3644 procumbit,
2234 3583 2289 3629 et
2320 3575 2565 3629 nuditate
2594 3575 2819 3630 interire
2846 3591 2950 3629 non
2973 3571 3246 3646 patietur?

1942 3664 2123 3721 Nolite
2147 3666 2361 3722 solliciti
2382 3684 2516 3733 esse,
2541 3667 2809 3722 dicentes:
2834 3666 2975 3733 Quid
2997 3664 3457 3731 manducabimus,

168 3766 399 3821 metunt,
434 3772 596 3827 neque
625 3769 941 3830 congregant
979 3760 1034 3815 in
1074 3762 1285 3827 horrea,
1327 3772 1376 3817 et
1410 3757 1574 3817 Pater
1603 3773 1769 3817 vester
1869 3765 1961 3811 aut
2001 3757 2127 3829 quid
2168 3757 2421 3824 bibemus,
2464 3766 2557 3811 aut
2602 3773 2705 3829 quo
2748 3757 3084 3828 aperientur?
3110 3755 3322 3827 (Beda.)
3347 3754 3457 3809 No-

167 3847 391 3902 cmlestt's
411 3849 575 3918 pascit
602 3848 715 3904 illa.
745 3849 946 3923 (Hier.)
974 3852 1113 3907 Sunt
1143 3854 1363 3929 quidam
1389 3853 1485 3925 qui
1513 3855 1642 3910 dum
1671 3870 1766 3910 vo-

165 3937 290 3991 lunt
326 3937 590 3994 terminos
619 3950 836 4010 patrum
866 3943 1155 4007 excedere,
1186 3952 1243 3999 et
1271 3946 1337 3999 ad
1371 3943 1479 3999 alta
1512 3944 1764 4011 volitare,

168 4031 224 4086 in
271 4031 378 4086 ima
420 4040 760 4105 merguntur,
797 4034 1037 4091 volatilia
1081 4037 1326 4094 dicentes
1365 4038 1494 4094 coeli
1544 4038 1765 4110 angelos

165 4143 326 4191 esse,
379 4138 713 4200 caeterasque
766 4130 824 4184 in
872 4129 967 4185 Dei
1020 4132 1340 4203 ministerio]
1384 4131 1762 4199 fortitudines,

169 4234 289 4289 qua:
328 4222 532 4291 absque
574 4236 704 4275 cura
748 4223 861 4288 sui,
906 4221 1002 4277 Dei
1044 4222 1262 4279 aluntur
1298 4225 1661 4298 providentia.
1705 4223 1765 4281 Si

166 4309 273 4364 hoc
303 4309 375 4363 ita
400 4320 485 4365 est
505 4321 565 4365 ut
591 4311 821 4384 intelligi
850 4313 1056 4379 volunt,
1090 4318 1363 4383 quomodo
1404 4318 1653 4388 sequitur
1677 4316 1763 4370 di-

166 4408 316 4454 ctum
343 4400 410 4455 ad
440 4402 687 4464 homines
715 4419 729 4456 :
769 4403 960 4458 Nonne
992 4421 1080 4459 vos
1102 4405 1270 4476 pluris
1301 4409 1425 4461 estis
1446 4406 1597 4461 illis?
1622 4406 1765 4461 Sim—
1798 4410 1799 4413 “

130 4520 139 4523 -
167 4492 387 4562 pliciter
437 4510 567 4566 ergo
616 4495 992 4565 accipiendum
1042 4505 1149 4551 est.
1202 4498 1356 4564 Quod
1409 4499 1456 4554 si
1503 4497 1760 4563 volatilia,

170 4584 375 4654 absque
425 4600 557 4639 cura
602 4586 993 4657 :erumnisque,
1027 4587 1122 4641 Dei
1153 4588 1377 4643 aluntur
1400 4589 1760 4660 providentia,

168 4688 289 4744 qua:
319 4675 481 4730 hodie
512 4685 658 4743 sunt,
695 4685 751 4732 et
780 4693 903 4732 cras
946 4693 1053 4733 non
1096 4688 1279 4745 erunt,
1318 4696 1548 4749 quorum
1578 4682 1760 4736 anima

166 4766 414 4822 mortalis
442 4775 547 4835 est,
579 4777 784 4825 etcum
825 4786 946 4826 esse
985 4773 1340 4839 cessaverint,
1386 4788 1608 4845 semper
1648 4790 1758 4829 non

164 4869 347 4927 erunt,
376 4872 580 4931 quanto
617 4864 791 4937 magis
835 4865 1104 4933 homines,
1141 4866 1338 4936 quibus
1365 4868 1643 4925 aeternitas
1666 4884 1761 4927 re-

164 4953 541 5024 promittitur?

223 5041 413 5099 Nonne
432 5062 515 5100 vos
530 5045 698 5114 pluris
713 5048 835 5103 estis
850 5047 956 5102 illis
973 5047 1191 5122 ?(Aug.)
1207 5049 1320 5107 lloc
1333 5059 1417 5107 est
1430 5038 1649 5107 charius
1660 5065 1758 5108 vos

163 5137 380 5205 valetis,
405 5141 530 5209 quia
558 5140 740 5212 utique
773 5141 1035 5198 rationale
1058 5143 1260 5198 animal
1282 5145 1443 5200 sicuti
1465 5153 1549 5201 est
1571 5146 1754 5213 homo,

165 5232 452 5289 sublimius
494 5235 801 5292 ordinatum
837 5246 919 5293 est
948 5234 1003 5292 in
1036 5253 1222 5293 rerum
1248 5248 1462 5306 natura,
1495 5253 1661 5311 quam
1682 5236 1763 5295 ir—

166 5325 512 5380 rationabilia
542 5368 558 5394 ,
587 5327 728 5382 sicut
754 5336 881 5383 sunt
905 5345 1051 5385 aves.

241 5414 371 5482 Quis
394 5427 569 5472 autem
606 5428 831 5473 vestrum
854 5421 1087 5491 cogitans
1107 5430 1271 5493 potest
1307 5421 1537 5493 adjicere
1560 5422 1630 5476 ad
1650 5428 1761 5477 sta-

165 5522 345 5568 turam
392 5530 545 5569 suam
588 5514 820 5569 cubitum
868 5532 1054 5582 unum,
1098 5528 1148 5571 et
1188 5518 1252 5572 de
1293 5519 1593 5574 vestimento
1632 5518 1759 5590 quid

164 5604 380 5661 solliciti
404 5606 569 5661 estis?
596 5604 653 5661 Id
683 5614 789 5673 est,
819 5606 972 5679 cujus
996 5616 1266 5677 potestate
1292 5616 1455 5681 atque
1481 5608 1760 5671 dominatu

162 5701 375 5758 factum
396 5711 478 5758 est
501 5711 561 5759 ut
592 5702 659 5758 ad
693 5701 833 5757 hanc
856 5707 1124 5757 staturam
1153 5718 1352 5774 corpus
1374 5711 1614 5759 vestrum
1641 5717 1763 5775 pcr-

167 5794 502 5863 duoeretur,
558 5794 675 5866 ejus
707 5793 1046 5867 providentia
1087 5794 1253 5850 etiam
1300 5795 1490 5852 vestiri
1534 5802 1757 5868 potest:

165 5902 281 5947 non
309 5894 489 5946 autem
517 5895 694 5945 vestra
726 5902 860 5945 cura
886 5884 1093 5945 factum
1117 5894 1205 5945 est
1233 5893 1294 5944 ut
1321 5887 1391 5945 ad
1412 5887 1557 5946 hanc
1585 5894 1810 5973 statu;

1870 3853 2094 3907 tandum
2131 3853 2276 3923 quod
2318 3870 2425 3907 non
2455 3853 2571 3906 ait:
2601 3850 2779 3906 Nolite
2820 3865 3079 3920 quaerere,
3117 3849 3202 3906 vel
3244 3847 3460 3903 solliciti

1864 3957 1990 3998 esse
2016 3943 2083 3999 de
2118 3944 2241 3999 cibo
2277 3983 2293 4008 ,
2326 3950 2420 3997 aut
2447 3950 2600 4014 potu,
2631 3951 2725 3996 aut
2758 3942 3094 4006 indumento,
3118 3939 3215 3995 sed
3235 3954 3459 4009 expres-

1866 4035 2013 4090 sius:
2041 4033 2207 4102 Quid,
2242 4036 2439 4106 inquit,
2468 4035 2813 4102 manducetis,
2848 4044 2942 4088 aut
2966 4034 3093 4105 quid
3125 4033 3331 4097 bibatis,
3363 4040 3457 4086 aut

1870 4128 1997 4199 quid
2024 4127 2337 4182 vestiamini.
2366 4127 2467 4183 Ubi
2498 4127 2629 4182 mihi
2650 4126 2903 4182 videntur
2924 4125 3097 4197 angui,
3128 4125 3241 4194 qui,
3273 4131 3457 4194 spreto

1865 4220 2011 4274 victu
2059 4219 2142 4274 vel
2177 4219 2377 4274 vestitu
2412 4219 2712 4285 communi,
2753 4216 2982 4273 lautiora
3019 4216 3121 4271 sibi
3152 4214 3235 4270 vel
3273 4222 3455 4268 auste-

1866 4312 2011 4370 riora
2058 4326 2171 4384 pne
2200 4310 2287 4369 his
2322 4328 2447 4369 eum
2480 4314 2676 4383 quibus
2706 4314 2874 4368 vitam
2904 4311 3127 4379 ducunt,
3167 4311 3447 4375 alimenta,

1864 4404 1951 4459 vel
1986 4404 2325 4472 indumenta,
2356 4407 2663 4474 requirunt.

1938 4494 2069 4551 Htec
2096 4499 2235 4551 enim
2272 4498 2447 4552 omnia
2481 4507 2655 4568 gentes
2698 4496 2991 4567 inquirunt.
3022 4493 3250 4565 (Mitem)
3290 4492 3454 4547 Scili-

1868 4595 1953 4641 cet
1980 4588 2175 4657 quibus
2196 4604 2328 4642 cura
2352 4587 2658 4642 futurorum
2686 4602 2791 4641 non
2817 4595 2926 4651 est,
2962 4585 3059 4640 sed
3082 4592 3291 4636 tantum
3319 4598 3457 4653 ρι’ίο-

1867 4683 2112 4737 sentibus
2159 4682 2376 4746 intenti,
2426 4692 2487 4735 ut
2534 4680 2694 4735 bruta
2749 4677 3029 4742 animalia,
3078 4675 3193 4729 haec
3234 4683 3454 4729 terrena

1866 4788 2079 4843 semper
2135 4780 2413 4843 appetunt.
2470 4772 2545 4827 De
2591 4771 2787 4842 quibus
2826 4768 3097 4839 Propheta
3152 4764 3452 4821 ait:Com--

1860 4865 2036 4936 parati
2063 4874 2184 4918 sunt
2200 4864 2453 4935 jumentis
2474 4862 2856 4936 insipientibus,
2883 4871 2928 4915 et
2954 4859 3151 4915 similes
3173 4859 3300 4930 facti
3326 4866 3445 4911 sunt

1858 4954 1968 5009 illis
1998 4953 2171 5025 (Psal.
2197 4953 2405 5027 XLVIII).

1937 5047 2048 5102 Scit
2074 5048 2210 5101 enim
2248 5044 2413 5100 Pater
2442 5057 2630 5112 vester,
2663 5048 2786 5118 quia
2811 5048 2892 5102 his
2920 5046 3158 5101 omnibus
3180 5044 3448 5115 indigetis.

1866 5139 2099 5206 Qumrite
2129 5156 2249 5211 ergo
2278 5142 2504 5212 primum
2537 5156 2752 5212 regnum
2776 5141 2874 5196 Dei
2918 5150 2966 5196 et
2998 5138 3265 5212 justitiam
3308 5139 3445 5210 ejus,

1862 5240 1912 5285 et
1961 5220 2291 5286 htec‘omnia
2334 5233 2654 5303 adjicientur
2700 5232 2859 5287 vobis.
2893 5232 3074 5303 (Aug.)
3126 5230 3225 5286 Hic
3278 5229 3446 5285 mani-

1860 5322 2154 5378 festissime
2204 5324 2439 5378 ostendit
2486 5340 2595 5378 non
2646 5322 2761 5378 haec
2803 5336 2928 5378 esse
2976 5322 3274 5393 appetenda
3324 5327 3446 5375 tan—

1862 5430 2027 5488 quam
2071 5416 2199 5470 talia
2246 5417 2386 5472 bona
2431 5424 2638 5480 nostra,
2683 5422 2743 5469 ut
2767 5416 2990 5487 propter
3010 5430 3073 5469 ea
3103 5414 3218 5484 ipsa
3248 5412 3446 5469 debea—

1864 5526 1987 5566 mus
2013 5512 2152 5566 tene
2185 5509 2386 5577 facere,
2434 5511 2480 5565 si
2506 5508 2638 5581 quid
2678 5507 2928 5574 facimus,
2967 5506 3063 5563 sed
3109 5515 3291 5563 tamen
3328 5520 3448 5561 esse

1864 5606 2193 5661 necessaria.
2237 5604 2377 5671 Quid
2416 5604 2564 5661 enim
2607 5601 2822 5658 intersit
2869 5603 3009 5658 inter
3053 5603 3252 5658 bonum
3304 5599 3447 5670 quod

1864 5699 2225 5770 appetendum
2246 5706 2351 5764 est,
2372 5705 2428 5753 et
2452 5697 2815 5753 necessarium
2838 5695 2980 5767 quod
3004 5694 3323 5752 sumendum
3342 5698 3443 5755 est,

1864 5791 1969 5846 hac
1997 5792 2265 5847 sententia
2297 5788 2613 5855 declaravit,
2646 5804 2767 5843 cum
2810 5788 2922 5843 ait:
2946 5786 3181 5855 Quterite
3215 5784 3444 5854 primum

1867 5896 2080 5956 regnum
2120 5882 2219 5939 Dei
2244 5891 2291 5939 et
2307 5883 2578 5953 justitiam
2604 5881 2741 5955 ejus,
2774 5891 2822 5939 et
2844 5880 3162 5963 Itazc__omnia
3187 5873 3451 5956 adiicien:
