3914 6440
162 418 255 479 84ί

1136 388 1498 480 causam;
1523 416 1596 477 IN
1631 413 2069 475 narramus.
2104 445 2180 461 -
2211 415 2346 478 LIB.
2379 417 2444 475 ιι.

3317 415 3430 481 842

163 537 316 594 etiam
336 533 483 593 Deus
498 530 809 604 iudicabit?
833 532 944 590 Aut
974 535 1221 607 nunquid
1266 536 1315 593 si
1353 550 1607 594 mensura
1633 535 1737 590 ini-
1761 531 1817 594 A
1839 531 2157 587 memoriam
2180 528 2483 587 communis
2502 528 2790 586 inﬁrmitas
2804 569 2818 596 ,
2864 535 2926 585 ut
2960 528 3106 585 illam
3130 531 3427 603 reprehen-

164 648 264 704 qua
288 628 460 687 mensi
480 626 764 695 fuerimus,
788 628 931 699 apud
955 628 1239 684 Dominum
1262 644 1517 685 mensura
1547 629 1734 701 iniqua

163 733 243 784 est
266 724 406 782 unde
432 722 590 779 nobis
609 721 928 778 remetietur
947 722 971 776 ?
992 720 1129 777 Nam
1153 729 1210 777 et
1229 737 1497 780 mensurae
1515 722 1734 780 nomine

163 819 329 890 ipsum
369 814 638 890 judicium
685 813 1046 889 significatum
1091 812 1346 873 arbitror.
1384 813 1548 871 Nullo
1572 816 1734 872 modo

163 908 295 965 Deus
343 906 429 981 vel
479 915 684 963 temere
718 905 949 977 iudicat,
990 906 1076 963 vel
1110 907 1296 978 iniqua
1333 918 1587 964 mensura
1612 908 1732 963 cui-

163 1015 315 1072 quam
349 998 594 1071 rependit
636 1018 649 1053 ε
692 1000 787 1056 sed
815 1000 920 1056 hoc
936 999 1152 1057 dictum
1174 1009 1258 1057 est
1281 1002 1537 1073 quoniam
1562 1010 1733 1058 teme-

162 1090 289 1146 ritas
314 1107 419 1163 qua
444 1090 603 1161 punis
626 1089 812 1157 alium,
835 1092 1022 1148 eadem
1049 1092 1167 1164 ipsa
1194 1100 1249 1149 te
1286 1093 1479 1163 puniat
1512 1108 1737 1150 necesse

162 1189 259 1240 est.
288 1181 556 1259 Iudicium
589 1184 906 1256 plerumque
949 1186 1084 1242 nihil
1125 1193 1282 1243 nocet
1321 1189 1372 1244 ei
1402 1189 1470 1244 de
1502 1205 1611 1260 quo
1656 1198 1736 1245 te-

161 1289 304 1331 mere
338 1273 632 1346 iudicatur,
663 1277 714 1332 ei
740 1285 921 1332 autem
951 1279 1045 1348 qui
1077 1287 1280 1335 temere
1317 1277 1568 1348 iudicat,
1618 1281 1735 1353 ipsa

164 1364 430 1421 temeritas
461 1380 684 1422 necesse
709 1374 795 1422 est
833 1375 896 1423 ut
943 1376 1156 1423 noceat.
1193 1367 1302 1424 Ista
1348 1369 1531 1442 regula
1569 1372 1737 1427 etiam

162 1455 283 1513 illud
309 1457 513 1514 dictum
542 1468 627 1514 est
655 1473 670 1513 :
701 1458 889 1516 Omnis
915 1460 1008 1531 qui
1033 1462 1366 1531 percusserit
1390 1462 1589 1535 gladio,
1623 1464 1738 1536 gla-

161 1548 243 1603 dio
272 1551 551 1618 morietur,
582 1552 686 1608 hoc
715 1560 818 1619 est,
849 1568 957 1609 non
987 1553 1165 1626 gladio
1190 1554 1323 1612 ferri
1354 1595 1369 1623 ,
1422 1558 1516 1613 sed
1560 1557 1739 1628 gladio

158 1644 357 1712 peccati
399 1663 411 1699 :
446 1645 573 1716 quia
619 1647 736 1716 ipso
786 1653 1010 1717 peccato
1044 1632 1225 1705 animo
1258 1649 1489 1705 moritur
1522 1691 1539 1716 ,
1594 1649 1739 1721 quod

158 1735 419 1792 commisit
444 1736 500 1792 in
524 1737 709 1794 alium.

230 1824 365 1892 Quid
397 1836 574 1882 autem
601 1827 742 1882 vides
766 1828 1024 1898 festucam
1053 1833 1109 1885 in
1135 1830 1285 1886 oculo
1312 1830 1497 1902 fratris
1523 1832 1600 1886 tui
1628 1874 1643 1899 ,
1688 1840 1739 1887 et

1839 622 2046 679 sionem
2070 628 2167 676 aut
2193 620 2626 694 obiurgationem
2678 637 2787 677 non
2835 622 3059 688 odium,
3089 623 3183 678 sed
3213 624 3423 681 miseri-

1838 715 2023 771 cordia
2048 714 2346 786 praaeedat,
2370 722 2432 769 ut
2460 715 2576 771 sive
2610 713 2680 770 ad
2715 714 3110 771 correctionem
3148 714 3268 785 eius
3293 731 3428 788 pro-

1836 823 1959 886 pter
1992 828 2154 885 quem
2177 812 2234 869 id
2256 811 2511 878 facimus,
2534 812 2649 868 sive
2670 811 2737 867 ad
2764 810 3169 883 perversionem
3197 810 3432 867 valuerit

1837 905 1988 979 (nam
2024 906 2267 963 incertus
2287 912 2374 961 est
2393 903 2616 976 exitus),
2647 919 2748 959 nos
2778 911 2959 958 tamen
2987 902 3054 957 de
3081 900 3430 973 simplicitate

1837 997 1982 1052 oculi
2020 997 2193 1053 nostri
2234 996 2414 1054 securi
2483 996 2674 1052 simus.
2732 992 2789 1050 Si
2847 1002 3028 1050 autem
3076 994 3378 1065 cogitantes
3409 1034 3426 1061 ,

1837 1091 2198 1160 nosmetipsos
2230 1088 2601 1145 invenerimus
2624 1088 2681 1144 in
2711 1102 2776 1144 eo
2802 1102 2923 1144 esse
2951 1086 3083 1143 vitio
3126 1086 3184 1141 in
3220 1103 3328 1159 quo
3347 1095 3433 1142 est

1836 1181 1930 1237 ille
1975 1196 2136 1253 quem
2175 1182 2574 1252 reprehendere
2612 1181 2942 1253 parabamus
2963 1222 2978 1247 ,
3005 1195 3115 1236 non
3141 1180 3434 1252 reprehen-

1840 1274 2049 1340 damus,
2085 1288 2263 1346 neque
2287 1273 2786 1346 obiurgemus,-sed
2817 1281 3028 1328 tantum
3062 1271 3435 1344 congemisca-

1840 1381 1993 1431 mus;
2027 1373 2083 1422 et
2117 1380 2229 1421 non
2276 1363 2429 1421 illum
2478 1365 2546 1421 ad
2594 1363 3077 1436 obtemperantium
3113 1365 3302 1430 nobis,
3339 1363 3436 1421 sed

1841 1457 1910 1513 ad
1933 1456 2140 1528 pariter
2162 1456 2468 1513 conandum
2490 1455 2798 1511 invitemus.
2828 1453 2973 1510 Raro
2997 1470 3127 1526 ergo
3164 1465 3222 1510 et
3238 1470 3435 1526 magna

1841 1550 2169 1607 necessitate
2194 1548 2602 1619 obiurgationes
2630 1549 2952 1605 adhibendae
2979 1559 3121 1615 sunt,
3148 1549 3221 1605 ita
3252 1558 3435 1606 tamen

1840 1654 1903 1699 ut
1928 1646 2093 1700 etiam
2115 1645 2171 1701 in
2195 1643 2284 1700 bis
2311 1644 2445 1715 ipsis
2468 1659 2576 1699 non
2599 1643 2774 1710 nobis,
2799 1643 2895 1698 sed
2918 1641 3031 1698 Deo
3054 1651 3116 1697 ut
3139 1642 3433 1708 serviatur,

1842 1739 2125 1795 instemus.
2158 1739 2279 1811 Ipse
2302 1748 2389 1795 est
2420 1740 2566 1796 enim
2592 1738 2718 1796 ﬁnis
2743 1758 2755 1794 :
2786 1747 2847 1794 ut
2870 1738 3009 1794 nihil
3031 1739 3231 1812 duplici
3273 1739 3439 1796 corde

1842 1835 2140 1906 faciamus,
2186 1837 2494 1894 auferentes
2533 1837 2745 1893 trabem
2773 1835 2841 1892 de
2868 1836 3026 1892 oculo
3067 1844 3254 1892 nostro
3300 1836 3439 1892 invi-

158 1918 347 1973 trabem
399 1920 453 1972 in
490 1918 642 1973 oculo
687 1929 777 1976 tuo
817 1937 922 1977 non
951 1924 1091 1978 vides
1124 1936 1144 1974 :
1173 1931 1267 1978 aut
1296 1925 1556 1996 quomodo
1605 1923 1736 1978 dicis
1764 1902 1815 1971 Β
1841 1929 2073 1997 (lentiae,
2114 1902 2202 1986 vel
2248 1929 2502 1995 malitiae,
2532 1928 2619 1985 vel
2650 1928 3044 1996 simulationis,
3074 1936 3136 1984 ut
3157 1927 3439 1983 videamus

158 2009 307 2080 fratri
335 2021 427 2067 tuo
465 2026 484 2064 .'
528 2010 673 2080 Sine,
716 2014 923 2085 ejiciam
959 2014 1215 2086 festucam
1253 2015 1318 2071 de
1355 2016 1507 2073 oculo
1547 2026 1660 2085 tuo,
1691 2026 1740 2072 et

163 2123 276 2162 ecce
302 2107 445 2162 trabs
466 2117 543 2163 est
572 2109 627 2162 in
650 2108 800 2164 oculo
826 2111 959 2165 tuo?
999 2109 1148 2166 Multi
1178 2110 1324 2167 enim
1351 2112 1625 2183 superbia,
1656 2112 1739 2168 vel

158 2198 299 2264 odio,
330 2199 415 2255 vel
434 2200 684 2265 avaritia,
712 2200 797 2256 vel
820 2201 925 2257 alio
946 2202 1187 2272 quolibet
1210 2204 1439 2259 crimine
1456 2204 1737 2275 praeventi,

154 2288 290 2346 levia
315 2292 431 2347 hac
458 2300 553 2348 aut
585 2293 732 2348 nulla
772 2293 1105 2364 iudicantes,
1139 2297 1407 2352 acerrime
1440 2298 1741 2369 corripiunt

155 2398 268 2452 eos,
295 2400 432 2455 quos
455 2386 632 2442 subita
658 2386 895 2442 viderint
922 2388 1005 2443 ira
1028 2390 1279 2445 turbatos
1299 2431 1313 2456 ,
1345 2390 1563 2447 oculum
1588 2406 1742 2447 men-

154 2480 224 2535 tis
264 2494 295 2533 a
338 2479 498 2535 solito
543 2479 798 2550 puritatis
843 2488 989 2536 statu
1029 2482 1184 2552 quasi
1228 2481 1438 2539 festuca
1499 2483 1742 2541 irruente

151 2580 424 2630 mutasse:
452 2583 615 2645 atque
660 2573 1008 2631 immemores
1036 2575 1303 2631 Dominici
1338 2577 1593 2649 prtecepti
1632 2591 1742 2647 quo

149 2667 228 2721 ait
257 2686 269 2720 :
301 2665 479 2722 Nolite
513 2668 864 2723 candemnare
893 2710 907 2735 ,
955 2677 1005 2723 et
1052 2686 1157 2724 non
1220 2669 1698 2726 condemnabimini
1723 2710 1739 2737 ,

150 2760 321 2830 magis
356 2768 544 2816 amant
580 2761 890 2831 vituperare
924 2768 979 2817 et
1019 2762 1320 2830 damnare,
1356 2779 1519 2834 quam
1551 2778 1740 2819 emen—

150 2852 281 2908 dare
306 2860 471 2923 atque
496 2854 792 2925 corrigere.
834 2853 960 2911 Haec
994 2871 1119 2910 cum
1164 2854 1331 2911 fratre
1356 2857 1473 2927 agis
1496 2855 1563 2923 si,
1592 2857 1743 2913 verbi

148 2944 342 3013 gratia,
364 2945 511 3016 quod
541 2945 625 3000 ira
669 2946 759 3001 ille
795 2948 1041 3018 peccavit
1092 2956 1149 3002 tu
1193 2947 1319 3004 odio
1368 2947 1740 3019 reprehendis.

148 3034 420 3101 Quantum
452 3043 635 3091 autem
668 3036 813 3092 inter
840 3036 1105 3094 festucam
1136 3047 1193 3094 et
1218 3038 1435 3094 trabem
1468 3079 1483 3105 ,
1532 3045 1746 3094 tantum

149 3126 293 3182 inter
321 3129 458 3184 iram
486 3128 669 3185 distat
684 3138 848 3202 atque
878 3131 1062 3187 odium
1092 3151 1104 3186 :
1137 3133 1321 3187 odium
1356 3140 1440 3188 est
1488 3131 1634 3189 enim
1663 3133 1747 3187 ira

148 3219 452 3277 inveterata
478 3264 494 3290 ,
534 3225 691 3295 quasi
727 3240 850 3295 quae
898 3232 1169 3281 vetustate
1206 3233 1415 3281 tantum
1471 3225 1745 3298 acceperit

147 3320 211 3363 ut
263 3311 459 3368 merito
503 3312 799 3384 appelletur
833 3315 1035 3371 trabes.
1076 3315 1220 3373 Fieri
1252 3325 1435 3373 autem
1468 3325 1651 3388 potest
1677 3325 1740 3372 ut

144 3403 193 3459 si
250 3404 507 3462 irascaris
557 3408 809 3475 homini,
858 3408 993 3465 velis
1019 3424 1146 3465 eum
1188 3410 1417 3480 corrigi;
1468 3410 1513 3465 si
1557 3419 1741 3467 autem

146 3495 330 3553 oderis
357 3498 651 3564 hominem,
686 3516 794 3556 non
821 3508 977 3572 potes
1013 3517 1138 3559 eum
1177 3501 1316 3557 velle
1342 3502 1618 3573 corrigere
1645 3517 1659 3555 :
1688 3509 1745 3557 et

144 3587 272 3643 ideo
324 3589 658 3660 impossibile
686 3592 883 3647 dicitur
932 3602 994 3648 ut
1041 3592 1307 3650 festucam
1356 3593 1542 3650 fratris
1585 3593 1742 3651 oculo

143 3679 352 3747 demat,
378 3682 472 3752 qui
493 3697 594 3737 suo
618 3682 825 3739 trabem
851 3692 1028 3754 gestat
1051 3684 1107 3739 in
1135 3685 1312 3741 oculo.

218 3767 518 3840 Hypocn'ta
546 3811 561 3837 ,
610 3773 742 3842 ejice
776 3774 1003 3842 primum
1037 3774 1235 3828 trabem
1279 3773 1345 3829 de
1375 3774 1525 3829 oculo
1554 3784 1662 3841 tuo,
1694 3784 1742 3830 et

138 3873 271 3918 tunc
301 3862 496 3918 videbis
525 3865 711 3936 ejicere
741 3866 995 3936 festucam
1038 3869 1103 3923 de
1148 3868 1300 3923 oculo
1340 3870 1524 3940 fratris
1550 3872 1646 3925 tui.
1685 3871 1745 3927 1d

140 3962 249 4021 est,
276 3954 456 4024 primo
486 3956 583 4012 abs
616 3966 671 4012 te
698 3960 905 4029 expelle
926 3960 1130 4027 odium,
1160 3968 1215 4016 et
1241 3962 1497 4033 deinceps
1538 3964 1742 4033 poteris

130 4042 255 4114 iam
280 4061 405 4101 eum
430 4061 593 4117 quem
615 4048 796 4120 diligis
819 4052 1129 4107 emendare.
1155 4051 1225 4107 Et
1252 4061 1337 4109 est
1358 4068 1489 4109 vere
1511 4055 1743 4110 multum

141 4136 451 4197 cavendum
477 4150 535 4198 et
558 4142 847 4200 molestum
884 4145 1313 4217 hypocritarum,
1372 4145 1430 4202 id
1460 4154 1546 4202 est
1572 4147 1743 4203 simu-

139 4232 405 4306 latorum,
436 4253 609 4309 genus
636 4257 650 4293 :
682 4241 776 4311 qui
803 4256 927 4297 cum
961 4243 1203 4299 omnium
1225 4242 1480 4299 vitiorum
1508 4259 1739 4300 accusa-

139 4332 327 4389 tiones
366 4334 491 4390 odio
523 4342 580 4390 et
623 4335 793 4395 livore
832 4338 1162 4407 suscipiant,
1209 4339 1378 4395 etiam
1404 4339 1742 4396 consultores

137 4424 325 4481 videri
366 4442 426 4482 se
458 4427 665 4483 volunt.
708 4427 934 4501 (Hilam)
956 4429 1045 4485 Fit
1067 4429 1212 4485 enim
1239 4445 1382 4501 saepe
1415 4438 1476 4485 ut
1499 4446 1741 4487 assuma-

138 4531 273 4572 mus
326 4517 487 4574 nobis
530 4519 791 4589 arguendi
842 4519 976 4576 alios
1013 4520 1396 4577 auctoritatem
1460 4522 1575 4577 sine
1629 4521 1741 4577 ullo

133 4608 384 4680 propria:
420 4610 812 4667 emendationis
846 4612 1110 4683 exemplo,
1140 4622 1196 4670 et
1223 4614 1546 4670 mundandm
1578 4614 1739 4670 caeci-

134 4696 278 4773 tatis
309 4697 500 4755 aliena:
515 4699 833 4770 iactantiam
860 4701 1212 4772 praeferamus
1238 4744 1255 4772 ,
1288 4704 1390 4775 ipsi
1415 4704 1472 4759 in
1502 4704 1740 4759 tenebris

136 4791 394 4861 corrupti
422 4790 641 4848 luminis
663 4792 943 4848 constituti
970 4810 984 4860 ;
1017 4810 1143 4850 cum
1165 4792 1382 4850 difﬁcile
1407 4810 1740 4866 quemquam

136 4880 216 4935 sit
230 4889 498 4950 praestare
511 4897 618 4951 quo
639 4890 816 4955 egeat,
833 4891 889 4940 et
908 4883 1173 4955 optimum
1198 4884 1270 4940 sit
1289 4885 1537 4956 exemplo
1559 4886 1741 4955 potius

134 4972 346 5028 docere
394 4989 558 5045 quam
596 4974 777 5031 dictis.
808 4974 949 5031 Cura
1000 4992 1129 5049 ergo
1161 4977 1395 5049 propriae
1435 4976 1739 5033 adhibenda

131 5074 227 5121 est
254 5066 536 5123 caecitati:
574 5069 699 5140 quia
744 5068 849 5124 hoc
886 5083 953 5124 ex
1000 5078 1196 5125 natura
1252 5085 1435 5125 rerum
1481 5079 1583 5138 est,
1629 5085 1739 5126 non

129 5158 300 5229 prius
351 5158 588 5232 aliquem
633 5162 925 5233 purganda:
975 5163 1042 5218 de
1085 5162 1242 5218 oculo
1291 5162 1479 5218 fratris
1516 5163 1738 5225 festuca:

129 5247 406 5305 idoneum
433 5250 571 5312 elIici
609 5268 769 5324 posse
791 5252 1091 5322 doctorem,
1120 5270 1285 5327 quam
1314 5256 1381 5310 de
1404 5255 1604 5311 mentis
1625 5272 1738 5312 suae

127 5340 354 5400 lumine
387 5347 595 5402 trabem
618 5346 859 5416 perfidia:
884 5348 1162 5419 gravantis
1194 5347 1436 5418 eiecerit.
1464 5348 1648 5423 (Aug.)
1672 5350 1740 5406 Et

127 5437 270 5494 ideo
314 5440 405 5510 pie
448 5449 718 5511 cauteque
764 5442 1097 5513 vigilandum
1129 5453 1214 5500 est
1240 5452 1303 5499 ut
1341 5459 1466 5499 cum
1501 5443 1735 5513 aliquem

126 5532 551 5604 reprehendere
594 5534 682 5591 vel
727 5534 1012 5607 obiurgare
1072 5537 1375 5593 necessitas
1447 5538 1687 5607 coegerit
1718 5576 1733 5604 ,

124 5625 327 5697 primo
346 5628 643 5702 cogitemus
660 5617 843 5686 uti-um
869 5628 979 5686 tale
998 5629 1071 5686 sit
1087 5630 1278 5687 vitium
1298 5630 1441 5702 quod
1460 5644 1737 5703 nunquam

125 5719 461 5791 habuimus,
489 5725 576 5780 vel
607 5739 715 5795 quo
740 5722 854 5793 iam
897 5724 1212 5781 caruimus:
1252 5732 1308 5781 et
1358 5725 1406 5781 si
1458 5739 1738 5795 nunquam

125 5813 459 5880 habuimus,
480 5816 777 5888 cogitemus
804 5825 860 5873 et
887 5833 987 5873 nos
1011 5817 1258 5873 homines
1283 5832 1425 5882 esse,
1453 5827 1510 5872 et
1536 5814 1739 5872 habere

124 5910 434 5979 potuisse;
460 5910 505 5986 si
525 5925 653 5995 vero
680 5910 987 5977 habuimus,
1016 5918 1071 5965 et
1102 5922 1209 5964 non
1234 5907 1517 5976 habemus,
1552 5914 1740 5995 tangat

440 5988 714 6069 Ριτιιόι.
759 6004 944 6071 CVII.

1769 3263 1815 3330 C

1840 2021 1887 2092 ei
1897 2024 2040 2080 icere
2062 2021 2328 2078 festucam
2353 2023 2419 2078 de
2442 2021 2602 2078 oculo
2629 2020 2837 2078 fratris.

1914 2113 2094 2169 Nolite
2119 2123 2359 2169 sanctum
2382 2114 2511 2168 dare
2536 2114 2775 2180 canibus,
2794 2130 2960 2186 neque
2972 2112 3193 2169 mittatis
3222 2130 3438 2184 marga-

1843 2206 1973 2260 ritas
1996 2214 2191 2260 vestras
2217 2215 2339 2260 ante
2366 2222 2575 2276 porcos,
2627 2223 2691 2261 ne
2734 2194 2873 2276 forte
2901 2203 3205 2261 conculcent
3243 2223 3331 2260 eas
3358 2221 3445 2276 pe-

1842 2298 1997 2353 dibus
2024 2299 2158 2365 suis,
2199 2308 2248 2354 et
2295 2301 2528 2354 conversi
2556 2298 2890 2370 disrumpunt
2922 2317 3033 2355 vos.
3064 2299 3328 2357 Sanctum
3359 2308 3446 2355 est

1842 2392 1986 2461 quod
2020 2391 2224 2447 violare
2274 2400 2437 2463 atque
2477 2408 2827 2464 corrumpere
2883 2395 3038 2449 nefas
3092 2402 3178 2450 est
3219 2412 3232 2449 :
3289 2391 3445 2463 cuius

1841 2482 2029 2553 utique
2082 2482 2305 2539 sceleris
2360 2494 2587 2540 conatus
2632 2493 2687 2540 et
2734 2484 2987 2541 voluntas
3039 2494 3254 2542 tenetur
3302 2501 3392 2540 rea
3424 2525 3442 2552 ,

1843 2577 2092 2648 quamvis
2128 2575 2259 2631 illud
2298 2585 2545 2634 sanctum
2584 2586 2777 2633 natura
2817 2578 3128 2634 inviolabile
3154 2587 3317 2650 atque
3358 2578 3444 2635 in-

1845 2671 2198 2743 corruptibile
2226 2681 2466 2728 maneat.
2507 2671 2817 2742 Margaritae
2857 2680 3062 2740 autem,
3107 2683 3445 2743 quaecunque

1846 2764 2110 2836 spiritalia
2161 2772 2503 2821 sacramenta
2552 2764 2914 2820 existimanda
2961 2772 3106 2820 sunt.
3136 2765 3205 2819 Et
3230 2763 3357 2834 quia
3387 2762 3445 2817 in

1847 2856 2033 2929 abdito
2071 2855 2276 2921 latent,
2324 2864 2580 2925 tanquam
2622 2857 2688 2911 de
2717 2856 2987 2925 profundo
3037 2863 3304 2909 eruuntur
3330 2894 3344 2920 ,
3388 2862 3445 2907 et

1847 2948 2230 3019 allegoriarum
2271 2948 2688 3020 integumentis,
2723 2949 2880 3018 quasi
2933 2948 3137 3018 apertis
3171 2947 3396 3003 conchis
3427 2985 3443 3012 ,

1835 3039 2217 3095 inveniuntur.
2250 3039 2404 3095 Licet
2427 3039 2611 3109 itaque
2633 3039 2859 3112 intelligi
2892 3056 2998 3094 una
3027 3039 3328 3110 eademque
3354 3054 3446 3095 res

1849 3141 1904 3188 et
1949 3142 2197 3189 sanctum
2244 3142 2302 3190 et
2341 3134 2639 3205 margarita
2683 3134 2788 3189 dici
2837 3152 2850 3188 :
2894 3135 2991 3190 sed
3017 3141 3266 3190 sanctum
3289 3147 3357 3187 ex
3378 3146 3446 3188 eo

1848 3226 1993 3296 quod
2037 3242 2147 3283 non
2203 3225 2365 3283 debet
2406 3225 2704 3296 corrumpi,
2740 3226 3036 3297 margarita
3080 3241 3150 3281 ex
3189 3239 3255 3282 eo
3300 3225 3445 3295 quod

1845 3333 1957 3373 non
2028 3318 2189 3374 debet
2240 3319 2536 3374 contemni.
2608 3317 2847 3373 Conatur
2911 3326 3093 3373 autem
3156 3317 3446 3386 unusquis-

1846 3427 1953 3483 que
1992 3426 2343 3484 corrumpere
2376 3412 2523 3483 quod
2549 3428 2659 3467 non
2688 3412 2803 3466 vult
2826 3426 2946 3466 esse
2975 3411 3242 3481 integrum
3271 3448 3288 3476 ,
3316 3424 3447 3464 con-

1848 3503 2041 3558 temnit
2069 3517 2203 3559 vero
2230 3504 2375 3572 quod
2404 3500 2510 3557 vile
2537 3501 2687 3557 ducit
2711 3509 2767 3556 et
2794 3501 2949 3570 quasi
2984 3500 3127 3556 infra
3159 3514 3219 3553 se
3258 3497 3447 3555 existi-

1846 3604 1961 3652 mat
2014 3611 2168 3662 esse;
2212 3605 2269 3651 et
2312 3596 2434 3652 ideo
2469 3594 2668 3651 calcari
2696 3595 2894 3650 dicitur
2916 3593 3178 3665 quidquid
3203 3601 3446 3648 contem-

1845 3687 2015 3743 nitur.
2054 3686 2398 3758 Quapropter
2427 3703 2592 3742 canes
2623 3686 2879 3756 quoniam
2920 3684 3165 3740 insiliunt
3193 3684 3261 3739 ad
3305 3684 3442 3739 dila-

1846 3781 2143 3835 cerandum
2168 3820 2183 3844 ,
2231 3779 2375 3849 quod
2419 3787 2601 3833 autem
2656 3777 2959 3832 dilacerant
3003 3777 3275 3846 integrum
3324 3787 3448 3830 esse

1848 3885 1955 3925 non
1992 3870 2213 3933 sinunt;
2259 3870 2413 3939 porci
2467 3885 2597 3923 vero
2641 3869 2889 3939 quamvis
2926 3883 3036 3925 non
3078 3867 3154 3921 ita
3186 3875 3253 3921 ut
3281 3882 3445 3923 canes

1847 3975 2033 4015 morsu
2061 3966 2352 4030 appetant,
2383 3960 2587 4030 passim
2617 3969 2796 4014 tamen
2823 3959 3084 4014 calcando
3112 3959 3402 4029 inquinant
3426 3976 3439 4011 :

1847 4069 2012 4109 canes
2027 4068 2129 4123 pro
2151 4052 2613 4123 expugnatoribus
2638 4052 2904 4118 veritatis,
2948 4067 3144 4122 porcos
3182 4068 3282 4122 pro
3313 4067 3445 4107 con-

1846 4147 2201 4218 temptoribus
2259 4144 2511 4219 [positos]
2555 4162 2663 4201 non
2751 4147 3047 4217 incongrue
3121 4145 3438 4217 accipimus.

1845 4238 2000 4307 Quod
2033 4247 2215 4295 autem
2250 4239 2329 4294 ait
2365 4258 2377 4293 :
2408 4235 2659 4294 Conversi
2688 4239 3019 4310 disrumpunt
3048 4256 3156 4307 vos,
3203 4255 3312 4295 non
3365 4238 3445 4294 ait

1843 4332 1993 4404 ipsas
2020 4333 2345 4404 margaritas
2369 4333 2731 4403 disrumpant.
2758 4333 2883 4388 Illas
2912 4333 3059 4388 enim
3094 4334 3445 4405 disrumpunt

1844 4425 2011 4479 etiam
2044 4440 2168 4480 cum
2205 4436 2602 4483 convertuntur
2644 4437 2702 4482 ut
2741 4428 2919 4482 adhuc
2951 4426 3153 4496 aliquid
3177 4428 3439 4492 audiant,

1846 4516 2189 4587 disrumpunt
2220 4526 2401 4573 tamen
2428 4534 2552 4572 eum
2578 4533 2610 4572 a
2634 4516 2873 4588 quoiam
2896 4517 3092 4572 missas
3111 4518 3443 4589 margaritas

1764 4604 1821 4710 D
1848 4606 2325 4663 conculcaverunt.
2385 4606 2505 4661 Non
2563 4607 2709 4661 enim
2761 4605 2923 4660 facile
2984 4606 3257 4660 inveneris
3310 4606 3442 4675 quid

1844 4708 2060 4770 gratum
2084 4700 2135 4755 ei
2164 4714 2286 4755 esse
2313 4698 2506 4769 possit,
2536 4698 2628 4768 qui
2660 4697 2987 4769 margaritas
3014 4697 3439 4763 conculcaverit,

1845 4792 1899 4845 id
1926 4800 2044 4856 est,
2093 4807 2219 4847 cum
2268 4805 2465 4860 magno
2495 4789 2682 4845 labore
2712 4789 2895 4844 divina
2934 4789 3151 4846 iuventa
3200 4799 3440 4845 contem-

1842 4884 2034 4954 pserit.
2070 4883 2174 4951 Qui
2207 4892 2387 4939 autem
2420 4882 2557 4938 tales
2609 4884 2806 4939 docent
2848 4881 3119 4951 quomodo
3170 4896 3280 4937 non
3330 4880 3439 4936 dis-

1844 4982 2169 5045 rumpantur
2200 4974 2528 5045 indignando
2553 4982 2609 5028 et
2640 4974 3073 5038 stomachando,
3118 4988 3227 5027 non
3256 4972 3435 5026 video.

1846 5066 2148 5137 Utrumque
2170 5065 2372 5121 animal
2397 5066 2733 5122 immundum
2755 5074 2858 5133 est,
2886 5074 2942 5120 et
2966 5064 3117 5120 canis
3143 5073 3194 5137 et
3215 5080 3433 5134 porcus.

1846 5156 2160 5213 Cavendum
2187 5172 2317 5229 ergo
2342 5174 2409 5213 ne
2433 5158 2561 5227 quid
2592 5157 2867 5227 aperiatur
2896 5156 2947 5211 ei
2979 5155 3071 5226 qui
3102 5171 3208 5210 non
3255 5158 3432 5228 capit:

1846 5248 2039 5304 melius
2070 5248 2217 5304 enim
2237 5249 2432 5320 quaerit
2461 5249 2607 5320 quod
2630 5248 2873 5303 clausum
2901 5256 3189 5316 est,quam
3214 5246 3268 5303 id
3290 5248 3432 5318 quod

1845 5350 2093 5411 apertum
2122 5348 2207 5396 est
2244 5347 2340 5394 aut
2374 5339 2593 5396 infestat
2619 5346 2712 5392 aut
2738 5338 2979 5408 negligit.
3009 5337 3210 5410 (Hier.)
3230 5338 3435 5393 Notau-

1845 5435 1974 5490 dum
2022 5443 2206 5489 autem
2250 5434 2393 5504 quod
2446 5433 2666 5504 quidam
2691 5473 2708 5499 ,
2762 5446 2925 5486 canes
2972 5430 3199 5502 intelligi
3249 5432 3436 5486 volunt

1846 5530 2152 5595 haereticos,
2177 5529 2261 5584 vel
2283 5544 2378 5584 eos
2397 5527 2490 5597 qui
2520 5533 2643 5594 post
2674 5523 2834 5578 fidem
2861 5521 3064 5577 Christi
3090 5530 3434 5578 revertuntur

1848 5622 1917 5681 ad
1954 5612 2216 5681 vomitum
2255 5629 2607 5692 peccatorum
2662 5631 2916 5682 suorum;
2968 5631 3165 5685 porcos
3202 5624 3382 5670 autem
3412 5653 3429 5683 ,

1847 5734 1942 5775 eos
1967 5719 2060 5789 qui
2090 5716 2316 5772 necdum
2354 5712 2646 5784 Evangelio
2701 5710 3051 5769 crediderunt
3081 5752 3097 5780 ,
3136 5719 3192 5766 et
3231 5712 3285 5765 in
3314 5712 3429 5766 luto

1849 5810 2243 5868 incredulitatis
2278 5808 2531 5878 vitiisque
2560 5814 2863 5862 versantur.
2892 5804 3011 5871 Non
3054 5802 3309 5858 convenit
3328 5801 3430 5873 igi-

1850 5917 1938 5965 tur
1980 5905 2283 5963 istiusmodi
2332 5902 2641 5958 hominibus
2671 5901 2778 5958 cito
2804 5898 3172 5971 evaiigelicam
3209 5895 3431 5953 credere

2912 5997 2986 6055 27
