3914 6434
165 437 274 496 ω
1165 426 1515 487 COIIMENT.
1556 427 1624 481 IN
1658 411 2093 483 nummum.
2127 456 2199 468 -
2235 427 2364 483 un.
2404 426 2467 484 ll.
3334 431 3442 487 sto
3477 476 3497 539 δ

168 550 314 608 aliud
336 548 540 604 dictum
569 543 784 601 videtur
807 558 995 615 quam,
1039 541 1239 613 Diliges
1270 543 1567 613 proximum
1601 550 1751 594 tuum
1778 544 1831 606 Α
1854 539 2192 608 praeveniens
2215 537 2477 596 Dominus
2504 538 2827 594 adhortatus
2851 545 2954 604 est,
2999 538 3189 594 dicens
3222 557 3234 593 :
3268 539 3447 596 Atten-
3486 537 3502 608 ξ

166 646 302 699 sicut
329 643 550 711 teipsunt
575 637 790 710 (Matth.
815 635 974 708 uti).
1021 636 1127 690 Sed
1157 651 1265 692 non
1290 642 1378 690 est
1421 634 1756 705 negligenter
1855 631 1961 686 dite
1991 650 2024 688 a
2055 632 2206 704 falsis
2232 633 2531 704 pr0pltetia;
2576 632 2834 687 attendite
2863 631 3204 703 diligentius,
3256 633 3446 689 obser-

168 733 555 790 attendendum
599 731 741 802 quod
774 729 1005 799 subjecit
1048 747 1062 782 :
1121 727 1250 784 Haec
1295 737 1370 783 est
1416 727 1555 782 enim
1582 725 1666 780 lex
1704 734 1755 781 et

167 828 456 898 prophetae,
487 840 609 881 cum
637 824 747 881 alio
785 823 904 882 loco
935 839 949 877 :
981 821 1050 877 In
1088 822 1168 877 his
1196 831 1371 878 autem
1398 821 1599 876 duobus
1625 835 1756 891 pnes

167 919 327 990 ceptis
348 935 456 975 non
482 926 711 983 tantum,
744 917 839 984 alt,
875 917 960 972 lea:
991 917 1175 988 pendet
1212 925 1258 971 et
1314 916 1579 987 prophetae
1600 953 1616 980 ,
1658 914 1756 970 sed

167 1009 331 1065 etiam
381 1010 586 1066 addidit
614 1023 632 1064 :
663 1008 798 1064 Tota
842 1007 926 1066 lea
967 1018 1016 1064 et
1059 1009 1322 1080 prophetas
1349 1035 1368 1074 δ
1395 1023 1495 1080 pro
1517 1019 1584 1064 eo
1610 1007 1756 1077 quod

166 1111 252 1157 est
279 1104 455 1159 omnis
491 1103 796 1174 prophetia.
853 1103 1006 1170 Quod
1041 1119 1166 1159 cum
1212 1103 1300 1158 hic
1352 1118 1460 1158 non
1511 1100 1751 1167 addidit,

166 1195 403 1250 servavit
427 1195 604 1252 locum
636 1196 792 1252 alteri
816 1205 1107 1266 pracepto,
1131 1190 1282 1266 quod
1315 1194 1384 1250 ad
1410 1193 1753 1249 dilectionem

164 1286 261 1343 Dei
299 1289 554 1358 pertinet.
608 1289 665 1344 ln
713 1290 912 1360 quibus
972 1290 1184 1345 duobus
1224 1287 1512 1360 praeceptis
1555 1288 1755 1359 pendet

163 1381 426 1452 quidquid
449 1392 674 1453 propter
702 1383 932 1440 salutem
968 1384 1250 1440 hominum
1287 1383 1551 1455 scriptum
1589 1384 1755 1440 estin

164 1474 445 1544 prophetis
481 1485 538 1530 et
568 1475 704 1546 leget

239 1563 437 1641 Intrate
479 1584 573 1636 per
609 1578 888 1638 angustam
933 1578 1138 1640 portant
1162 1611 1177 1638 ,
1207 1572 1333 1641 quia
1373 1570 1483 1627 lata
1526 1581 1679 1643 porta
1707 1581 1755 1627 et

161 1658 395 1727 spatiosa
426 1659 512 1714 eia
540 1668 615 1714 est
641 1675 758 1732 qua:
787 1661 932 1717 ducit
973 1662 1045 1716 ad
1091 1662 1469 1732 perditionem;
1513 1673 1562 1719 et
1605 1663 1756 1721 multi

158 1757 283 1802 sunt
334 1750 426 1819 qui
456 1751 656 1806 intrant
694 1769 787 1824 per
832 1771 968 1808 eam.
1028 1753 1202 1820 Quam
1246 1767 1468 1826 angusta
1511 1767 1664 1829 porta
1707 1765 1757 1814 et

158 1850 310 1895 arcta
338 1843 424 1896 via
457 1861 575 1914 qua:
612 1844 754 1899 ducit
803 1846 872 1899 ad
913 1846 1071 1901 vitam
1097 1873 1112 1912 ,ι
1145 1857 1193 1903 et
1223 1851 1381 1919 pauci
1405 1860 1528 1905 sunt
1554 1851 1646 1922 qui
1675 1851 1757 1908 itt-

157 1933 371 1989 eeniunt
397 1951 534 1990 eam.
568 1935 671 1990 Per
712 1947 991 2010 angustam
1021 1947 1238 2009 portam
1279 1941 1403 1998 aula
1444 1943 1638 2000 salutis
1669 1944 1756 2002 in-

159 2030 339 2081 tratur
365 2068 382 2092 ,
414 2029 539 2098 quia
580 2045 677 2100 per
714 2030 930 2088 labores
971 2047 1194 2089 necesse
1237 2043 1322 2090 est
1350 2050 1416 2092 ac
1443 2033 1649 2105 jejunis
1696 2037 1776 2094 ut‘

157 2113 398 2173 fallentis
437 2121 616 2176 saeculi
659 2121 914 2179 illecebra‘
944 2124 1214 2180 vincatur;
1268 2125 1389 2182 Non
1435 2128 1584 2183 enim
1633 2129 1758 2185 ideo

159 2207 294 2264 dicit
320 2223 598 2282 angustam
625 2226 833 2286 portam
861 2226 918 2272 et
957 2227 1162 2274 arctam
1209 2220 1368 2286 viam,
1415 2220 1541 2290 quia
1564 2219 1756 2291 iugum

157 2300 364 2359 Christi
408 2323 662 2377 asperum
686 2310 758 2364 sit
795 2319 851 2366 et
883 2312 1097 2367 sarcina
1128 2313 1350 2381 gravis,
1376 2315 1472 2370 Sed
1508 2316 1636 2386 quia
1672 2315 1752 2370 la-

153 2391 320 2450 bores
348 2395 506 2451 ﬁnire
547 2399 704 2468 pauci
743 2400 955 2465 volunt,
991 2403 1174 2459 minus
1203 2405 1488 2460 credentes
1514 2405 1754 2462 claman-

155 2483 201 2541 ti
229 2504 242 2541 :
288 2485 468 2543 Venite
492 2490 562 2543 ad
586 2507 690 2557 me,
714 2509 889 2548 omnes
909 2493 1001 2564 qui
1019 2493 1273 2549 laboratis
1297 2504 1345 2550 et
1376 2497 1580 2551 onerati
1606 2498 1751 2564 estis,

153 2587 205 2634 et
231 2596 325 2650 ego
349 2582 581 2650 reﬁciam
602 2601 689 2639 vos
717 2598 735 2637 .°
759 2585 925 2640 tollite
939 2586 1131 2656 jugum
1154 2603 1327 2642 meum
1343 2605 1500 2660 super
1520 2605 1626 2656 eos,
1643 2600 1750 2645 etc.

153 2669 374 2744 (Matth.
403 2673 502 2746 ιι).
537 2675 739 2750 [llier.]
756 2677 887 2733 Lata
909 2678 999 2734 via
1013 2688 1096 2737 est
1125 2679 1308 2736 sreculi
1331 2683 1399 2740 ad
1425 2681 1750 2753 voluptates,

151 2778 292 2832 quas
340 2775 600 2836 appetunt
640 2769 918 2837 homines;
952 2781 1180 2841 angusta
1208 2813 1223 2838 ,
1263 2788 1386 2843 qum
1413 2790 1510 2844 per
1538 2775 1754 2834 labores

151 2861 213 2908 et
249 2853 453 2923 jejunia
507 2859 783 2928 panditur.
833 2861 1006 2928 Quam
1050 2870 1108 2917 et
1149 2863 1444 2934 Apostolus
1474 2865 1752 2936 ingressus

151 2953 260 3012 est,
291 2956 346 3001 et
374 2957 434 3004 ut
468 2947 786 3010 Timotheus
830 2969 930 3024 per
957 2970 1079 3012 eam
1124 2956 1459 3028 ingrediatur
1482 2959 1748 3017 hortatur.

151 3038 439 3113 Simulque
467 3047 750 3106 considera
778 3057 942 3119 quam
971 3050 1251 3126 signantes
1279 3052 1344 3107 de
1390 3061 1623 3123 utraque
1665 3055 1750 3110 via

149 3131 366 3192 locutus
392 3138 480 3192 sit.
531 3139 638 3194 Per
691 3140 856 3196 latam
909 3142 1065 3198 multi
1115 3145 1423 3212 ambulant,
1464 3156 1751 3219 angustam

147 3227 313 3296 pauci
348 3227 651 3286 inveniunt.
695 3231 891 3287 Latam
935 3249 1044 3290 non
1076 3235 1392 3307 quwrimus,
1434 3252 1536 3293 nec
1564 3238 1751 3294 inven-

151 3319 304 3376 tione
338 3337 472 3392 opus
509 3333 593 3379 est
616 3366 632 3392 ,
653 3335 709 3382 et
737 3335 929 3397 sponte
955 3344 1017 3383 se
1041 3328 1222 3395 offert,
1259 3338 1312 3386 et
1342 3332 1642 3386 errantium
1668 3331 1755 3388 via

147 3420 258 3468 est.
286 3413 584 3487 Angustam
631 3436 762 3476 vero
811 3437 913 3477 nec
953 3437 1144 3479 omnes
1184 3424 1488 3492 inveniunt,
1517 3442 1619 3482 nec
1662 3429 1756 3498 qui

147 3505 476 3564 invenerunt
514 3513 699 3566 statim
740 3514 1119 3586 ingrediuntur
1153 3532 1254 3586 per
1286 3533 1408 3574 eam
1440 3537 1456 3573 :
1483 3520 1754 3590 siquidem

147 3600 309 3655 multi
328 3603 545 3659 inventa
568 3607 815 3662 veritatis
837 3609 950 3674 via,
977 3610 1121 3679 capti
1153 3611 1340 3668 saeculi
1365 3612 1751 3684 voluptatibus,

148 3695 222 3748 de
253 3697 430 3751 medio
459 3698 672 3755 itineris
704 3711 1070 3757 revertuntur.

231 3786 368 3860 [ιιι]
418 3791 680 3848 Attendite
713 3812 744 3848 a
775 3796 928 3866 falsis
961 3799 1227 3868 prophetis
1253 3835 1274 3864 ,
1319 3803 1412 3871 qui
1448 3812 1656 3856 venrunt
1686 3804 1754 3857 ad

145 3893 242 3933 vos
264 3879 318 3932 in
343 3882 658 3939 vestimentis
684 3887 879 3954 ovium,
916 3889 1232 3946 intrinsecus
1261 3901 1438 3946 autem
1478 3901 1601 3947 sunt
1645 3892 1756 3964 lupi

149 3985 392 4039 rapaces.
429 3974 498 4028 Et
526 3977 591 4030 de
623 3979 876 4034 omnibus
914 3982 1133 4050 quidem
1179 3983 1405 4055 intelligi
1435 3993 1632 4054 potest,
1662 3985 1751 4056 qui

149 4061 300 4117 aliud
345 4064 530 4121 habitu
576 4083 640 4123 ac
681 4069 933 4126 sermone
988 4073 1352 4142 promittunt,
1401 4074 1547 4130 aliud
1591 4091 1754 4145 opere

150 4151 551 4210 demonstrant.
585 4155 691 4214 Sed
725 4161 1040 4230 specialiter
1058 4164 1126 4218 de
1152 4165 1426 4220 haereticis
1452 4166 1754 4238 intelligen-

148 4245 304 4308 dum,
339 4248 430 4314 qui
462 4248 713 4304 videntur
759 4253 1093 4308 continentia
1123 4295 1138 4320 ,
1176 4256 1428 4310 castitate
1449 4297 1464 4318 ,
1501 4254 1710 4325 jejunio
1737 4297 1752 4323 ,

149 4336 312 4407 quasi
348 4337 580 4405 riuadam
626 4341 846 4410 pietatis
869 4357 927 4398 se
956 4353 1103 4400 veste
1143 4347 1486 4402 circumdare
1507 4387 1522 4412 ,
1556 4349 1746 4404 intrin-

146 4443 315 4484 secus
353 4446 483 4486 vero
532 4433 795 4488 habentes
845 4437 1088 4490 animum
1133 4447 1496 4505 venenatum,
1550 4441 1756 4511 simpli-

146 4523 366 4578 ciorum
404 4540 620 4595 quoque
657 4526 886 4584 fratrum
933 4533 1099 4586 corda
1138 4532 1431 4603 decipiunt.
1463 4534 1542 4588 Ex
1572 4535 1752 4592 inten-

148 4614 307 4669 tione
334 4633 466 4686 ergo
499 4619 693 4674 anima:
718 4660 733 4683 ,
766 4628 822 4674 et
851 4621 1061 4676 insidiis
1089 4624 1288 4692 quibus
1327 4625 1644 4682 innocentes
1686 4628 1752 4681 ad

148 4706 369 4762 ruinam
389 4709 626 4771 trahunt,
649 4711 788 4780 lupis
809 4713 1095 4782 rapacibus
1122 4724 1526 4782 comparantur.
1553 4718 1570 4786 (
1578 4717 1752 4790 Orig.)

151 4797 441 4869 Simulque
488 4804 782 4858 notandum
815 4805 940 4874 quia
971 4806 1115 4874 quod
1154 4807 1314 4876 paulo
1355 4809 1604 4877 superius
1631 4827 1755 4880 spa—

151 4889 354 4944 tiosatn
384 4900 439 4946 et
472 4893 636 4948 latam
677 4895 820 4949 viam
870 4897 1211 4963 nominavit,
1266 4899 1368 4953 hoc
1415 4917 1558 4955 nunc
1599 4919 1755 4974 aper-

153 4981 276 5036 tius
302 4982 467 5038 falsos
495 4987 790 5056 prophetas
853 4988 1131 5054 ostendit,
1185 5004 1281 5058 per
1325 5004 1460 5058 quos
1503 4992 1659 5048 multi
1699 4993 1752 5046 in

155 5075 526 5144 perditionem
571 5078 990 5134 abominabilem
1015 5079 1284 5134 abierunt.
1313 5082 1449 5147 Quia
1491 5084 1665 5151 primo
1699 5085 1754 5137 in

153 5165 350 5222 Judaaa
371 5169 529 5224 multi
549 5180 935 5242 apparuerunt,
966 5180 1022 5227 et
1057 5173 1218 5228 modo
1251 5173 1305 5227 in
1337 5176 1564 5244 perﬁdia
1584 5185 1752 5231 totum

155 5258 510 5329 repleverunt
551 5263 832 5319 mundum.
872 5263 982 5322 Sed
1011 5264 1086 5319 illi
1125 5266 1275 5337 prius
1311 5264 1434 5322 falsi
1476 5270 1754 5338 propheta:

157 5351 416 5421 fuerunt,
440 5354 862 5425 verissimosque
907 5357 1122 5412 Domini
1169 5359 1464 5428 prophetas
1493 5375 1664 5429 usque
1686 5361 1753 5416 ad

156 5454 396 5503 mortem
421 5449 691 5519 persecuti
718 5457 862 5512 sunt,
887 5449 1026 5503 sicut
1051 5449 1341 5508 Jeremiam
1368 5459 1425 5506 et
1452 5451 1750 5519 Michaeam,

158 5541 409 5613 aliosque
459 5543 679 5598 multos.
717 5542 812 5598 isti
850 5552 1032 5598 autem
1061 5559 1205 5600 nunc
1232 5543 1358 5599 falsi
1385 5545 1665 5615 propheta:
1697 5555 1752 5600 et

159 5634 290 5691 falsi
315 5636 611 5693 Christiani
653 5638 748 5707 qui
800 5645 946 5701 sunt,
998 5651 1223 5694 veraces
1247 5638 1588 5694 Christianos
1634 5639 1753 5694 sine

159 5726 541 5785 misericordia
582 5738 1012 5801 persequuntur,
1048 5740 1104 5786 et
1149 5732 1465 5801 opprimat
1508 5733 1754 5803 aliquan-

164 5818 261 5884 do,
293 5819 340 5876 si
367 5821 526 5875 detur
551 5824 727 5893 ecpia,
751 5822 915 5878 etiam
944 5823 1165 5894 gladiis,
1200 5825 1320 5880 sine
1354 5825 1756 5883 intermissione

162 5919 364 5976 autem
377 5914 496 5972 suis
513 5918 696 5988 pravis
715 5915 1320 5992 moribusetexemplis.
1337 5919 1546 5979 Idcirco
1563 5935 1751 5981 omnes

1855 736 1981 782 vate
2028 727 2260 793 cautius,
2302 735 2366 784 ut
2390 743 2499 784 non
2528 726 2882 793 seducamini,
2913 736 2971 783 ut
3002 742 3109 782 non
3137 727 3441 784 circumve—

1855 818 2084 875 niamini
2112 862 2126 887 ,
2182 828 2244 876 ut
2296 835 2405 876 non
2458 819 2742 876 fallamini.
2773 819 3034 875 Attendite
3067 832 3227 892 ergo,
3252 820 3306 875 id
3335 828 3443 887 est,

1856 911 2199 967 considerate
2241 911 2371 983 quia
2418 927 2526 968 non
2558 919 2687 968 sunt
2719 925 2850 968 oves
2878 951 2894 978 ,
2927 912 3020 968 sed
3046 911 3156 982 lupi
3189 927 3245 966 m
3277 911 3446 968 vestio

1856 1013 2040 1062 mento
2062 1007 2279 1074 ovium;
2317 1007 2442 1078 quia
2473 1023 2584 1062 non
2612 1016 2738 1062 sunt
2765 1005 3004 1077 religiosi
3031 1007 3127 1061 sed
3155 1003 3448 1078 irreligiosi

1856 1099 1912 1154 in
1948 1100 2122 1171 ﬁgura
2171 1101 2539 1173 religiositatis
2567 1119 2580 1155 :
2607 1101 2752 1172 quod
2787 1111 2896 1155 non
2933 1107 3060 1155 sunt
3106 1097 3403 1155 Christiani
3427 1137 3443 1163 ,

1857 1191 1953 1246 sed
1979 1191 2206 1248 veritate
2227 1193 2383 1248 vacui
2407 1191 2844 1247 Christianorum
2873 1198 3272 1260 persecutores.
3296 1188 3451 1259 Ipsos

1856 1293 1914 1340 et
1938 1285 2130 1341 beatus
2179 1283 2468 1356 Apostolus
2507 1286 2576 1341 ad
2615 1285 2876 1356 Ephesios
2916 1285 3144 1356 loquens
3200 1285 3450 1357 designa-

1856 1375 1972 1441 bat,
2004 1377 2190 1433 dicens
2223 1395 2239 1432 :
2271 1377 2398 1434 Scio
2445 1378 2584 1432 enim
2634 1378 2758 1450 quia
2796 1387 2914 1448 post
2961 1377 3248 1433 discessum
3276 1389 3450 1433 meum

1857 1463 2143 1524 introibant
2185 1470 2244 1524 in
2278 1486 2369 1526 uos
2399 1469 2510 1541 lupi
2549 1485 2766 1541 rapaces
2811 1468 2950 1542 (Act.
2999 1469 3113 1540 xx).
3152 1469 3290 1540 Lupi
3320 1486 3451 1527 vero

1860 1573 2054 1632 graves
2099 1563 2453 1618 nominantur
2499 1577 2690 1618 omnes
2733 1562 2980 1618 indeles
3028 1561 3314 1634 haeretici,
3357 1562 3451 1632 qui

1860 1654 2099 1724 graviter
2127 1662 2370 1711 sanctam
2386 1655 2682 1712 Ecclesiam
2708 1657 3020 1728 opprimunt
3042 1664 3097 1712 et
3117 1671 3453 1727 persequun—

1861 1747 1986 1810 tur,
2008 1745 2095 1801 vel
2125 1746 2413 1803 molestare
2442 1747 2809 1818 frequentant,
2857 1749 2949 1820 qui
2991 1749 3109 1804 sine
3139 1748 3450 1804 misericor-

1825 1914 1832 1920 _
1863 1837 1951 1892 dia
1988 1853 2179 1908 rapere
2219 1848 2277 1896 et
2305 1856 2632 1897 coacervare
2681 1857 2790 1898 non
2840 1842 3110 1897 desinunt.
3150 1839 3455 1910 Aliquando

1787 1913 1837 1986 Ε
1863 1931 2105 2000 pecunia:
2135 1932 2352 1988 irruunt
2380 1933 2591 2002 alienae,
2610 1934 2904 2006 aliquando
2934 1935 2990 1990 in
3021 1935 3168 2004 ipsos
3197 1934 3454 2004 pecunia-

1859 2035 1980 2074 rum
2007 2019 2278 2078 dominos.
2336 2022 2506 2080 Multo
2555 2026 2730 2096 magis
2765 2025 2933 2080 etiam
2963 2032 3212 2096 satagunt
3241 2025 3454 2080 animas

1859 2125 2074 2180 rapere,
2105 2121 2162 2168 et
2191 2127 2377 2170 secum
2408 2117 2795 2174 miserabiliter
2821 2118 2876 2173 in
2906 2119 3264 2188 perditionem
3293 2117 3456 2174 dedu-

1858 2215 2000 2260 cere.
2053 2202 2123 2257 Et
2169 2206 2428 2263 vestitum
2479 2209 2664 2264 ovium
2717 2208 2924 2266 habere
2982 2210 3262 2276 dicuntur,
3311 2210 3457 2278 quod

1857 2311 2055 2353 nomen
2099 2298 2340 2356 habeant
2384 2301 2816 2359 Christianitatis
2840 2343 2856 2370 ,
2887 2303 2974 2359 vel
3001 2305 3130 2374 quia
3155 2303 3458 2360 assimilant

1857 2403 1917 2444 se
1944 2389 2479 2462 ministrisjustitize,
2510 2392 2744 2466 ﬁguram
2774 2394 3152 2466 religiositatis
3189 2395 3457 2452 mentien-

1857 2486 1958 2534 tes.
1985 2480 2091 2534 Per
2114 2481 2486 2539 Christianum
2514 2485 2702 2556 itaque
2732 2501 2931 2542 nomen
2968 2486 3170 2543 multos
3197 2488 3458 2543 seducere

1856 2572 2129 2640 nituntur,
2153 2574 2403 2633 dulcibus
2429 2579 2775 2635 sermonibus
2799 2579 2987 2636 multis
3013 2581 3334 2636 scandalum
3374 2581 3459 2636 in-

1853 2663 2116 2722 ferentes.
2145 2667 2238 2724 lsti
2271 2679 2398 2725 sunt
2431 2671 2498 2727 de
2539 2671 2739 2742 quibus
2767 2673 2970 2730 iterum
2997 2675 3076 2729 ait
3115 2673 3406 2745 Apostolus
3439 2692 3455 2730 :

1855 2753 1966 2810 Per
2008 2774 2133 2812 suos
2161 2758 2340 2818 dulces
2375 2773 2642 2817 sermones
2665 2772 2712 2817 et
2735 2763 2959 2820 blandos
3003 2765 3257 2820 seducunt
3294 2765 3460 2820 corda

1852 2847 2211 2906 innocentium
2241 2853 2423 2926 (Rom.
2450 2854 2599 2929 lxvi).
2645 2855 2752 2913 Sed
2781 2859 3053 2928 quomodo
3083 2859 3176 2915 isti
3202 2858 3312 2916 sint
3354 2874 3456 2915 no-

1853 2945 2062 3011 scendi,
2091 2947 2423 3020 subjungens
2447 2951 2704 3006 ostendit.

1924 3037 1970 3088 Α
2000 3034 2256 3104 fructibus
2291 3056 2472 3094 eorum
2502 3041 2824 3113 cognoscetis
2852 3059 2960 3097 eos.
3013 3041 3129 3099 Hoc
3151 3047 3256 3111 est,
3292 3044 3460 3103 nolite

1854 3125 1924 3180 ad
1951 3126 2158 3182 vultum
2187 3131 2487 3198 attendere,
2513 3133 2610 3188 sed
2637 3134 2704 3188 ad
2730 3149 2918 3205 opera.
2960 3133 3140 3193 Nolite
3170 3136 3461 3194 vestimen-

1856 3224 1970 3274 tum
1996 3219 2360 3288 considerare,
2385 3224 2480 3279 sed
2501 3225 2752 3296 inspicite
2771 3225 3002 3297 ﬁguram
3027 3227 3276 3284 fallaciae.
3314 3229 3461 3301 Apo-

1784 3293 1830 3362 0
1860 3311 2029 3368 stolos
2053 3314 2368 3383 praedicant,
2401 3320 2498 3374 sed
2523 3293 2780 3390 apostolis
2801 3293 3074 3376 contraria
3101 3293 3458 3391 annuntiant;

1859 3413 2133 3476 martyres
2178 3409 2548 3479 magniﬁcam,
2596 3414 2690 3467 sed
2738 3423 3040 3484 martyrum
3083 3423 3460 3486 persecutores

1855 3500 2174 3570 probantur.
2215 3502 2457 3573 Apostoli
2486 3513 2541 3561 et
2570 3514 2842 3578 martyres
2865 3506 3038 3562 sancti
3069 3523 3175 3562 non
3204 3523 3460 3579 persecu-

1856 3591 2062 3646 tionem
2089 3590 2356 3661 fecerunt,
2385 3598 2484 3652 sed
2507 3599 2937 3667 persecutionem
2958 3601 3334 3670 pertulerunt;
3353 3617 3460 3656 non

1858 3683 2280 3753 maledixerunt,
2309 3689 2404 3745 sed
2425 3689 2713 3746 maledicta
2738 3693 3144 3759 sustinuerunt;
3174 3709 3280 3749 non
3310 3693 3458 3749 blas-

1857 3777 2252 3846 phemaverunt
2277 3781 2586 3849 Dominum,
2615 3785 2709 3839 sed
2751 3800 2783 3839 a
2820 3785 3349 3856 blasphematoribus
3379 3785 3462 3841 in-

1857 3869 2072 3926 terfecti
2115 3882 2260 3928 sunt.
2317 3873 2501 3947 (Anq)
2541 3875 2632 3930 Isti
2673 3886 2854 3932 autem
2901 3878 3228 3950 iniquissimi
3277 3880 3459 3934 omnia

1856 3963 2159 4034 irreligiosa
2195 3967 2421 4039 implere
2453 3979 2745 4039 curarunt;
2789 3980 3006 4028 sanctos
3033 3979 3459 4044 persequuntur,

1855 4056 2044 4112 ﬁdeles
2065 4061 2395 4129 opprimunt,
2421 4063 2709 4120 Dominum
2733 4065 2897 4120 etiam
2918 4066 2963 4120 si
2988 4080 3098 4120 non
3120 4065 3317 4130 verbis,
3345 4075 3462 4120 mo-

1856 4150 2010 4206 ribus
2049 4153 2445 4223 blasphemant.
2504 4156 2610 4212 Sed
2648 4167 2828 4214 tamen
2866 4159 3186 4230 quibusdam
3217 4173 3462 4230 quaren-

1857 4244 1984 4299 dum
2014 4245 2176 4303 altius
2204 4264 2326 4304 esse
2363 4250 2579 4306 videtur
2615 4267 2751 4321 quos
2795 4253 3002 4307 fructus
3042 4268 3140 4307 nos
3179 4253 3460 4308 attendere

1855 4337 2088 4394 voluerit
2116 4341 2400 4407 Dominus,
2421 4344 2619 4413 quibus
2649 4359 2980 4416 cognoscere
3010 4346 3259 4400 arborem
3280 4344 3457 4415 possi-

1857 4446 1979 4486 mus
2008 4446 2022 4485 ε
2055 4433 2210 4488 multi
2235 4435 2378 4488 enim
2400 4436 2648 4504 quaedam
2670 4437 2725 4490 in
2751 4435 3019 4491 fructibus
3047 4437 3309 4505 deputant
3338 4451 3460 4506 qua:

1857 4527 1927 4581 ad
1959 4528 2212 4582 vestitum
2243 4530 2483 4584 omnium
2512 4532 2692 4584 ovium
2719 4531 3013 4600 pertinent,
3061 4539 3116 4584 et
3154 4531 3258 4585 hoc
3298 4530 3459 4584 modo

1860 4633 1891 4672 a
1918 4618 2056 4688 lupis
2080 4621 2445 4690 decipiuntur,
2472 4623 2631 4677 sicuti
2665 4632 2792 4677 sunt
2820 4624 2902 4677 vel
2939 4621 3160 4691 jejunis,
3207 4622 3291 4675 vel
3335 4637 3460 4676 ora-

1862 4710 2055 4776 tiones,
2092 4711 2177 4765 vel
2204 4713 2579 4784 elcemosynae.
2619 4713 2749 4781 Quae
2774 4714 2956 4768 omnia
2989 4713 3093 4768 nisi
3135 4714 3300 4768 etiam
3340 4712 3460 4768 ﬁeri

1859 4802 1926 4855 ab
1960 4801 2254 4871 hypocrilis
2282 4811 2523 4873 possent,
2564 4820 2670 4858 non
2710 4806 2958 4876 superius
2999 4806 3223 4871 diceret,
3274 4803 3461 4860 Cavete

1848 4900 2118 4968 justitiam
2148 4909 2370 4953 vestram
2399 4900 2571 4970 facere
2595 4918 2772 4954 coram
2791 4901 3084 4955 hominibus
3103 4911 3158 4954 ut
3180 4899 3459 4954 videamini

1858 4990 1923 5044 ab
1953 4993 2047 5045 eis.
2087 4991 2216 5058 Qum
2239 4994 2504 5047 sententia
2537 4995 2810 5064 proposita
2842 4996 2952 5064 ipsa
2991 4995 3088 5048 tria
3119 4993 3456 5064 exsequitur,

1858 5082 2255 5154 eleemosynam
2281 5124 2296 5149 ,
2332 5085 2632 5140 orationem
2662 5127 2676 5150 ,
2718 5083 3006 5155 jejunium.
3053 5083 3162 5138 Sed
3207 5082 3349 5136 nulla
3397 5098 3460 5138 re

1858 5174 1963 5227 alia
2004 5173 2195 5229 melius
2237 5174 2290 5229 hi
2339 5175 2474 5230 tales
2515 5175 2758 5246 dignosci
2805 5183 3030 5245 queunt,
3073 5189 3234 5243 quam
3266 5174 3456 5228 incon-

1856 5267 2078 5331 stantia,
2121 5267 2204 5322 vel
2245 5268 2579 5338 impatientia
2637 5268 2688 5321 in
2729 5267 3072 5322 adversitate.
3130 5265 3264 5321 Cum
3311 5268 3456 5321 enim

1858 5358 2124 5428 cmperint
2142 5358 2409 5427 aliquibus
2433 5358 2817 5413 tcntationibus
2837 5374 2901 5411 ea
2925 5359 3040 5427 ipsa
3064 5357 3167 5414 illis
3187 5360 3455 5426 subtrahi,

1858 5451 1945 5505 vel
1967 5453 2172 5523 negari,
2204 5467 2322 5522 qum
2350 5451 2453 5506 isto
2482 5451 2745 5505 velamine
2766 5452 3040 5505 consecuti
3067 5459 3192 5506 sunt
3211 5451 3296 5506 vel
3327 5467 3456 5506 cono

1858 5543 2016 5613 sequi
2050 5543 2296 5613 cupiunt,
2328 5551 2456 5597 tunc
2487 5555 2710 5596 necesse
2737 5549 2824 5596 est
2850 5551 3107 5612 appareat
3150 5550 3331 5596 utrum
3369 5542 3456 5595 lu-

1860 5650 1962 5704 pus
1995 5636 2049 5690 in
2084 5636 2245 5691 ovina
2268 5635 2406 5707 pelle
2429 5636 2499 5690 sit
2524 5652 2594 5690 an
2618 5636 2734 5700 ovis
2763 5636 2817 5690 in
2843 5651 2959 5691 sua.
3005 5635 3123 5692 Non
3143 5637 3299 5693 .enim
3329 5651 3453 5703 pro-

1859 5737 2048 5799 pterea
2100 5738 2296 5786 ornatu
2347 5728 2619 5800 superfluo
2665 5731 2823 5785 debet
2870 5738 3124 5802 aspectus
3176 5729 3454 5800 nominum

1863 5821 2102 5876 mulcere
2140 5819 2504 5888 Christianus,
2535 5820 2661 5891 quia
2693 5820 3097 5892 illumoparcum
3126 5819 3366 5874 habitum
3388 5829 3456 5870 ac

1861 5919 2227 5977 necessarium
2259 5919 2426 5974 etiam
2462 5917 2808 5976 simulatores
2832 5932 2972 5987 saepe
2997 5923 3257 5986 usurpant
3283 5924 3339 5968 ut
3370 5914 3456 5974 ille
