3914 6456
425 454 532 517 847

1102 450 1162 503 B.
1206 423 1464 502 RABANI
1500 439 1721 498 mum
1759 435 2079 494 ARCHIEP.
2120 438 2429 496 uocum.
2471 436 2759 496 OPERUM
2791 435 2972 493 rans
3007 434 3049 489 1.

3607 432 3725 491 848

425 578 618 628 cautos
644 570 921 637 decipiant
945 581 957 615 :
987 568 1114 632 quia
1143 571 1199 616 et
1223 561 1326 614 illa:
1344 573 1473 614 oves
1499 571 1605 611 non
1635 554 1834 610 debent
1853 551 2019 622 pelles
2045 555 2099 617 Α
2124 569 2230 623 quo
2255 553 2576 623 loquebatur
2611 551 2828 617 existat,
2873 549 2967 605 sed
2999 547 3328 602 voluntatem
3377 558 3475 600 seu
3513 551 3729 604 bonam

422 675 552 718 suas
593 659 881 728 deponere,
915 655 960 709 si
990 652 1280 721 aliquando
1304 649 1415 720 lupi
1443 648 1522 704 eis
1547 661 1606 701 se
1633 651 1942 714 contegunt.

501 749 757 821 Nunquid
785 747 1035 817 colligunt
1065 745 1129 799 de
1155 745 1320 815 spinis
1354 758 1480 796 uvas
1503 748 1594 794 aut
1620 738 1683 792 de
1708 735 1913 790 tribulis
1948 735 2016 804 ﬁ-

316 881 327 888 -
423 864 516 902 cus
537 848 562 900 .9
613 840 811 916 (0rig.)
848 838 1130 895 Manifeste
1162 837 1424 892 Dominus
1463 847 1560 904 per
1593 831 1736 886 hanc
1765 828 2017 885 similitu-

420 942 605 995 dinem
634 933 933 992 declaravit
959 932 1087 1002 quia
1130 929 1309 985 nullus
1347 925 1692 998 prudentium
1731 921 1798 976 ad
1837 920 2020 992 spinas

417 1043 671 1102 pergens,
701 1041 930 1081 uvarum
957 1023 1155 1078 exinde
1183 1019 1523 1077 dulcedinem
1552 1015 1776 1087 quaerit;
1807 1022 1899 1068 aut
1925 1028 2017 1068 su-

416 1139 518 1195 per
563 1119 793 1177 tribulos
844 1116 1116 1179 incedens,
1170 1112 1366 1169 exinde
1401 1110 1627 1166 ﬁcorum
1663 1106 1866 1178 colligit
1893 1121 2020 1160 sua-

415 1217 662 1272 vitatem.
727 1213 805 1268 Ita
834 1227 964 1283 ergo
997 1209 1176 1265 nullus
1206 1205 1530 1276 sapientium
1557 1203 1641 1258 vel
1669 1200 2020 1273 prudentium

421 1311 490 1364 ab
530 1306 784 1363 inanibus
828 1303 1062 1359 veritate
1092 1297 1383 1362 haereticis,
1423 1304 1518 1351 aut
1554 1291 1895 1364 irreligiosis,
1928 1295 2023 1343 aut

419 1399 750 1463 inﬁdelibus,
781 1395 979 1450 exinde
1022 1391 1328 1448 sanctitatis
1371 1387 1732 1450 dulcedinem,
1775 1383 1859 1438 vel
1907 1381 2020 1436 fra-

420 1493 715 1565 grantiam,
756 1497 850 1544 aut
877 1485 1124 1542 veritatis
1163 1482 1486 1539 suavitatem
1522 1478 1721 1550 poterit
1756 1475 2018 1540 invenire,

421 1587 516 1642 sed
558 1584 797 1657 pessima
836 1581 977 1651 apud
1025 1578 1145 1634 illos
1192 1586 1246 1632 et
1291 1575 1526 1645 maligna
1566 1572 1817 1642 reperiet.
1868 1568 2023 1624 Sicut

421 1679 569 1738 enim
597 1677 766 1748 spinae
799 1683 854 1731 et
882 1673 1066 1728 tribuli
1107 1671 1290 1726 omnia
1319 1681 1654 1738 quaecunque
1683 1679 1880 1734 capere
1907 1677 2024 1732 pos-

421 1779 550 1826 sunt
577 1769 876 1832 attrahunt,
908 1765 1149 1822 detinent
1197 1771 1253 1817 et
1300 1756 1678 1822 conscindunt,
1729 1757 1803 1810 ita
1837 1769 2026 1810 omnes

423 1864 672 1920 inﬁdeles
706 1860 945 1918 haeretici
983 1859 1059 1930 (et
1083 1864 1371 1928 propterea
1409 1853 1549 1908 male
1568 1852 1828 1914 viventes,
1862 1849 2028 1903 etiam

424 1958 517 2028 qui
550 1965 756 2012 rectam
781 1955 1035 2009 videntur
1063 1951 1223 2005 ﬁdem
1254 1945 1462 2018 tenere)
1493 1959 1590 2016 per
1617 1945 1911 1998 humanam
1935 1956 2026 2010 po-

427 2049 655 2104 tentiam
701 2055 756 2102 et
804 2042 1212 2113 corruptibilem
1254 2039 1640 2111 principatum,
1677 2051 1776 2107 per
1813 2034 2028 2104 iniquos

427 2158 610 2199 mores
655 2151 710 2196 et
747 2155 915 2212 prava
952 2136 1220 2208 exempla,
1255 2150 1416 2190 omne
1438 2130 1702 2203 quidquid
1729 2127 2030 2198 apprehen-

425 2234 558 2289 dere
576 2240 822 2304 possunt,
847 2229 1228 2292 conscindunt,
1253 2226 1540 2281 attrahunt
1558 2231 1719 2292 atque
1743 2220 2026 2290 diripiunt.

427 2326 561 2394 Quis
604 2326 673 2381 ad
718 2325 902 2394 spinas
939 2331 994 2377 et
1027 2320 1258 2375 tribulos
1302 2319 1522 2372 mittens
1556 2328 1798 2378 manum,
1824 2310 1907 2366 vel
1938 2326 2032 2380 ap-

425 2420 763 2490 proximans,
792 2417 866 2472 ibi
900 2431 1008 2471 non
1043 2414 1390 2476 dilaceretur,
1430 2416 1523 2463 aut
1562 2422 1670 2462 non
1710 2402 2031 2461 conscindu—

430 2521 541 2577 tur,
575 2518 670 2566 aut
694 2510 943 2566 eamdem
977 2521 1196 2560 manum
1231 2519 1336 2558 non
1376 2508 1716 2557 cruentatam
1753 2495 2033 2550 inveniat?

431 2604 566 2670 Quis
591 2617 723 2672 ergo
752 2598 1022 2655 haereticis
1055 2611 1274 2651 manum
1303 2593 1587 2664 porrigens
1617 2596 1712 2643 aut
1742 2593 1906 2656 caput
1928 2585 2034 2639 hu-

430 2695 672 2761 milians,
709 2691 1074 2747 inconscissus
1112 2703 1142 2741 a
1177 2694 1362 2741 sancto
1397 2683 1621 2752 Spiritu,
1660 2687 1753 2734 aut
1783 2679 2036 2732 incruen-

431 2797 523 2844 tus
564 2787 631 2842 ab
678 2785 873 2839 anima:
912 2782 1137 2836 vulnere
1170 2776 1516 2834 inveniatur?
1569 2772 1702 2840 Quis
1731 2786 1788 2826 se
1823 2770 2037 2839 iniquo-

431 2896 554 2936 rum
594 2877 756 2934 factis
803 2873 1240 2937 accommodans,
1283 2886 1391 2924 non
1430 2868 1498 2922 ab
1556 2878 1743 2919 eorum
1783 2862 2036 2931 inquina-

431 2973 670 3028 tionibus
698 2967 909 3041 peccati
940 2964 1126 3021 aculeo
1155 2959 1498 3033 perforetur?
1537 2956 1696 3037 Tales
1721 2953 1866 3008 cnim
1895 2951 2037 3006 anti-

431 3065 616 3136 quitus
643 3031 889 3117 et-Judaei
916 3057 1138 3112 fuerunt
1155 3031 1182 3108 ῖς
1215 3069 1339 3108 cum
1367 3052 1629 3106 deberent
1657 3031 1792 3102 uvas
1818 3044 2032 3110 afferre,

430 3153 776 3226 protulerunt
830 3152 1053 3222 spinas;
1117 3155 1171 3204 et
1222 3147 1317 3216 qui
1365 3143 1665 3200 debuerant
1713 3140 2036 3196 suavitatem

431 3245 744 3310 ostendere,
788 3244 844 3299 in
895 3238 1314 3296 amaritudinem
1362 3253 1393 3290 a
1441 3233 1748 3304 semetipsis
1787 3230 2036 3287 conversi

2057 703 2064 710 ,
2123 663 2217 703 seu
2243 645 2462 712 malam,
2492 644 2700 700 fructus
2723 651 2905 699 autem
2939 633 3126 711 'opera,
3156 639 3280 711 quia
3307 654 3412 694 nec
3432 638 3584 693 bona
3627 655 3730 693 vo-

2121 739 2344 796 luntatis
2391 738 2547 793 mala:
2576 779 2591 804 ,
2641 752 2741 793 nec
2783 733 2923 791 mala
2974 742 3199 806 possunt
3247 747 3368 788 esse
3424 731 3735 789 voluntatis

2120 836 2294 892 bonas.
2350 833 2464 890 Hoc
2497 840 2582 888 est
2622 831 2766 887 enim
2797 829 2940 900 quod
2975 828 3090 882 ait:
3120 825 3296 882 Arbor
3323 824 3471 880 mala
3513 824 3731 880 fructus

2121 928 2294 984 bonos
2321 943 2427 983 non
2450 925 2597 991 facit,
2630 933 2686 979 et
2712 922 2876 988 arbor
2898 922 3039 977 bona
3068 918 3274 974 fruetus
3303 917 3484 973 malos
3506 931 3623 971 non
3649 917 3730 970 fa-

2125 1022 2219 1076 cit.
2270 1020 2551 1091 Tanquam
2598 1016 2842 1080 diceret,
2886 1029 2989 1070 nec
3028 1027 3192 1084 opera
3235 1011 3380 1066 bona
3410 1051 3427 1075 ,
3475 1009 3732 1064 voluntas

2124 1114 2265 1170 mala
2291 1156 2306 1181 ,
2348 1127 2449 1169 nec
2499 1110 2639 1167 mala
2681 1123 2846 1180 opera
2893 1106 3026 1162 facit
3067 1105 3318 1162 voluntas
3356 1102 3508 1157 bona
3546 1120 3560 1154 :
3609 1116 3731 1156 nam

2125 1208 2366 1280 ipsarum
2382 1206 2656 1269 arborum,
2684 1203 2739 1258 id
2759 1211 2864 1267 est,
2887 1202 3126 1271 ipsarum
3146 1197 3498 1254 voluntatum
3518 1195 3566 1250 si
3591 1209 3736 1262 qua-

2125 1308 2318 1355 rantur
2341 1297 2599 1369 origines,
2628 1294 2756 1365 quid
2783 1299 3078 1350 occurrunt
3097 1289 3200 1345 nisi
3220 1297 3438 1342 natura:
3467 1300 3612 1356 quas
3637 1283 3732 1339 bo-

2125 1407 2228 1447 nus
2270 1391 2413 1446 Deus
2455 1387 2712 1446 condidit.
2769 1386 2847 1440 Ac
2877 1400 2976 1456 per
3012 1383 3116 1439 hoc
3154 1397 3223 1437 ex
3250 1379 3419 1435 bonis
3456 1385 3584 1432 orta
3611 1383 3735 1432 sunt

2126 1489 2288 1552 mala,
2318 1503 2426 1543 non
2452 1502 2517 1542 ex
2542 1485 2700 1540 bonis
2725 1480 3094 1537 voluntatibus
3123 1491 3288 1548 opera
3318 1473 3498 1537 mala,
3532 1471 3624 1527 sed
3662 1487 3733 1526 ex

2126 1584 2286 1640 bonis
2326 1581 2538 1637 naturis
2587 1577 2894 1634 voluntates
2933 1573 3122 1639 malae;
3172 1579 3233 1626 ut
3272 1571 3348 1625 sit
3382 1569 3444 1625 in
3484 1582 3552 1623 eo
3586 1566 3733 1621 radix

2128 1675 2279 1739 mali,
2307 1672 2439 1728 nihil
2469 1671 2614 1726 aliud
2635 1683 2800 1741 quam
2831 1665 3124 1736 indigentia
3153 1662 3303 1718 boni.
3345 1660 3538 1716 Arbor
3563 1665 3734 1712 autem

2129 1767 2271 1822 bona
2298 1765 2418 1820 ideo
2447 1772 2531 1820 est
2558 1761 2808 1818 voluntas
2833 1759 2994 1821 bona,
3023 1754 3150 1825 quia
3178 1768 3278 1823 per
3300 1751 3488 1820 ipsam
3519 1761 3739 1804 conver-

2133 1861 2266 1917 titur
2307 1860 2470 1915 homo
2517 1858 2585 1912 ad
2631 1868 2904 1912 summum
2941 1858 3104 1920 atque
3147 1842 3612 1902 incommutabile
3645 1840 3735 1894 bc-

2131 1971 2283 2020 num,
2313 1960 2370 2007 et
2391 1951 2649 2021 impletur
2673 1949 2814 2003 bono
2847 1953 2908 2000 ut
2934 1942 3100 1998 faciat
3127 1939 3370 1994 fructum
3394 1937 3632 1991 bonum.
3669 1930 3737 1985 Ac

2130 2063 2228 2119 per
2252 2048 2357 2102 hoc
2382 2045 2526 2100 Deus
2553 2053 2638 2098 est
2662 2049 2856 2096 auctor
2890 2037 3134 2095 omnium
3171 2033 3478 2095 bonorum,
3521 2029 3627 2082 hoc
3667 2033 3740 2079 est

2131 2146 2186 2194 et
2214 2145 2421 2193 naturae
2455 2136 2611 2190 bona).
2639 2140 2694 2188 et
2727 2129 3020 2187 voluntatis
3055 2127 3229 2182 bonae.
3285 2123 3435 2192 Quia
3471 2120 3583 2175 nisi
3611 2119 3738 2173 Deus

2133 2231 2188 2285 in
2235 2230 2327 2286 illo
2371 2238 2644 2299 cperetur,
2689 2240 2796 2280 non
2836 2223 2970 2277 facit
3017 2220 3198 2281 homo,
3239 2215 3375 2286 quia
3401 2220 3738 2284 praparatur

2134 2323 2381 2378 voluntas
2408 2336 2441 2374 a
2473 2317 2703 2374 Domino
2732 2316 2786 2370 in
2812 2312 3032 2369 homine
3057 2310 3198 2365 bona
3219 2315 3281 2362 ut
3311 2305 3494 2360 faciat
3527 2304 3636 2358 Deo
3657 2303 3739 2356 do-

2137 2423 2322 2480 nante,
2361 2412 2507 2484 quod
2548 2426 2581 2465 a
2626 2409 2805 2479 seipso
2851 2405 3033 2462 facere
3067 2417 3176 2458 non
3212 2404 3576 2469 poteratrper
3602 2393 3736 2448 limri

2138 2509 2346 2565 arbitrii
2377 2506 2731 2562 voluntatem.
2783 2499 2987 2572 (Ηίειο.)
3014 2497 3336 2564 Quaeramus
3358 2491 3431 2546 ab
3455 2489 3736 2550 haereticis,

2139 2605 2231 2675 qui
2271 2605 2407 2658 duas
2448 2601 2592 2656 inter
2630 2613 2688 2653 se
2718 2593 3021 2652 contrarias
3047 2590 3235 2646 dicunt
3265 2601 3392 2642 esse
3421 2593 3678 2642 naturas,

2133 2674 2287 2766 juxta
2316 2690 2725 2762 intelligentiam
2752 2699 2942 2742 eorum
2968 2683 3129 2737 arbor
3156 2680 3298 2735 bona
3327 2675 3516 2731 malos
3547 2674 3737 2729 fructus

2140 2789 2321 2844 facere
2368 2799 2646 2855 nunquam
2693 2787 2909 2852 potest,
2967 2777 3236 2848 quomodo
3279 2770 3547 2842 Moyses,
3600 2766 3740 2820 artum

2140 2880 2282 2935 bona
2311 2919 2325 2944 ,
2372 2874 2684 2946 peccaverit
2731 2872 2800 2928 ad
2845 2885 3013 2942 aquas
3063 2861 3525 2922 contradictionis
3579 2860 3736 2930 (Deut.

2143 2969 2352 3040 xxx");
2398 2975 2453 3023 et
2498 2965 2688 3030 David,
2736 2963 2867 3019 Uria
2909 2959 3214 3025 interfecto,
3262 2972 3391 3012 cum
3452 2954 3741 3008 Bethsabee

2143 3060 2497 3120 concubuerit
2525 3057 2611 3131 (II
2643 3057 2772 3128 Reg.
2801 3055 2912 3125 XI);
2945 3053 3137 3108 Petrus
3166 3062 3388 3120 quoque
3413 3046 3473 3101 in
3505 3043 3742 3115 passione

2143 3155 2430 3212 Dominum
2471 3149 2692 3219 negavit
2722 3148 2907 3203 dicens
2937 3164 2950 3199 :
2984 3143 3177 3198 Nescio
3221 3141 3500 3194 hominem
3540 3135 3744 3208 (Haut.

2143 3245 2325 3318 xxvr);
2352 3253 2447 3300 aut
2465 3257 2571 3312 qua
2591 3236 2979 3310 consequentia
3001 3233 3188 3289 Jethro
3211 3245 3376 3286 socer
3398 3228 3572 3300 Moysi
3593 3227 3746 3280 arbor

433 3347 579 3394 sunt.
625 3337 798 3408 Aliter
836 3335 1019 3404 spinas
1052 3347 1214 3403 posse
1243 3345 1366 3385 reor
1390 3337 1446 3385 et
1471 3325 1701 3382 tribulos
1732 3324 1912 3381 saeculi
1945 3339 2038 3379 cu-
2066 3296 2114 3362 α
2145 3296 2325 3405 33);;
2345 3296 2690 3407 Inique
2728 3296 2793 3386 in.
2811 3327 3095 3384 Dominum
3134 3321 3301 3379 [smel
3330 3336 3444 3376 non
3479 3296 3745 3377 (El-edebat,

435 3444 526 3482 ras
565 3437 619 3481 et
658 3427 985 3498 punctiones
1032 3421 1340 3494 signiﬁcare
1383 3420 1663 3474 vitiorum.
1724 3416 1804 3472 De
1850 3414 2045 3484 quibus

434 3519 684 3592 peccanti
723 3517 931 3574 homini
977 3515 1179 3572 dictum
1220 3522 1350 3568 est:
1395 3511 1559 3566 Terra
1608 3517 1701 3562 tua
1747 3507 1946 3572 spinas,
1996 3514 2046 3560 et

436 3610 658 3666 tribulos
687 3608 996 3680 geminabit
1028 3607 1120 3661 tibi
1153 3603 1306 3678 (Gen.
1340 3603 1458 3675 m);
1489 3601 1626 3658 ﬁcus
1657 3614 1788 3655 vero
1806 3610 1862 3654 et
1883 3613 2045 3653 uvam

438 3702 779 3758 dulcedinem
811 3699 1240 3756 conversationis
1270 3711 1444 3761 novae,
1487 3708 1650 3764 quam
1691 3691 1953 3746 Dominus
1991 3690 2046 3743 in

436 3797 595 3852 nobis
631 3795 843 3862 esuriit,
896 3803 952 3850 et
997 3793 1267 3848 fervorem
1317 3789 1622 3846 dilectionis
1665 3787 1757 3857 qui
1805 3782 2048 3841 laetiﬁcat

390 3913 396 3918 -
438 3902 532 3943 cor
585 3887 841 3943 hominis.
897 3886 975 3942 De
1027 3885 1222 3955 quibus
1274 3884 1329 3938 in
1373 3881 1665 3952 Evangelia
1719 3887 2047 3935 coruscante

441 3981 690 4055 [Cantico
737 3977 1144 4051 canticorum]:
1186 3976 1298 4032 νοω
1338 3977 1560 4030 turturis
1602 3975 1656 4028 in
1698 3984 1849 4028 terra
1889 3972 2049 4043 longe

439 4076 658 4145 lateque
685 4074 996 4129 resonabat.
1044 4070 1207 4125 Ficus
1229 4067 1448 4141 protulit
1472 4082 1679 4138 grossos
1710 4082 1854 4129 suos,
1889 4065 2049 4118 vinea:

441 4171 688 4238 ﬂorentes
715 4168 971 4223 dederunt
1001 4167 1215 4220 adorent
1247 4162 1426 4236 (Cant.
1465 4161 1547 4230 ιι).
1597 4159 1717 4214 Νοιι
1767 4166 1949 4214 autem
1983 4157 2051 4213 de

443 4262 615 4333 spinis
643 4277 748 4315 uva
775 4268 868 4315 aut
895 4260 962 4316 de
990 4258 1200 4313 tribulis
1223 4256 1358 4312 ﬁcus
1385 4255 1693 4326 colligitur:
1719 4254 1844 4324 quia
1873 4268 2050 4319 mens,

445 4358 623 4414 adhuc
651 4356 852 4412 veteris
881 4355 1118 4412 hominis
1149 4350 1539 4409 consuetudine
1566 4350 1821 4420 depressa
1839 4387 1854 4412 ,
1888 4348 2053 4402 simu-

443 4446 562 4504 lare
588 4455 790 4519 potest,
823 4447 918 4503 sed
951 4446 1160 4501 fructus
1191 4444 1317 4500 novi
1347 4442 1583 4498 hominis
1619 4441 1763 4496 ferre
1805 4455 1913 4495 non
1957 4454 2055 4508 po-

369 4623 371 4625 _
446 4548 572 4597 test.
629 4539 785 4608 Quod
824 4539 871 4595 si
913 4538 1036 4609 quis
1077 4537 1314 4607 objieere
1347 4535 1582 4590 voluerit
1617 4549 1682 4589 ac
1703 4533 1886 4588 dicere
1911 4531 2056 4601 quod

445 4641 501 4688 et
526 4631 706 4688 Moses
734 4634 800 4688 de
829 4633 983 4702 spina
1011 4630 1358 4686 vindemiarit
1389 4644 1569 4693 uvam,
1614 4626 1834 4697 quando
1883 4640 1912 4678 a
1965 4638 2055 4679 co-

404 4727 406 4730 ’
447 4735 615 4797 gnato
640 4725 827 4797 gentili
866 4723 1151 4780 consilium
1185 4723 1318 4777 utile
1349 4721 1701 4790 suscepitzet
1740 4718 1806 4772 de
1844 4714 2057 4771 tribulis

449 4820 768 4893 collegerint
801 4817 1012 4875 fructus
1053 4819 1111 4872 hi
1150 4817 1348 4888 quibus
1395 4817 1599 4870 dictum
1640 4821 1723 4868 est
1757 4812 1823 4866 de
1859 4809 2056 4865 Phari-

448 4915 572 4969 saais
601 4932 614 4967 :
646 4910 836 4966 Facite
873 4927 991 4982 qua:
1018 4911 1219 4977 dicunt,
1258 4925 1376 4980 qua:
1414 4917 1588 4962 autem
1621 4904 1842 4972 faciunt,
1885 4903 2058 4972 facere

450 5001 645 5068 nolite;
686 5002 824 5057 sciat
870 5001 998 5072 quia
1048 5000 1188 5055 sicut
1235 4998 1388 5054 ferax
1427 5010 1817 5065 nonnunquam
1853 4993 2058 5063 palmes

452 5096 567 5166 sepi
606 5095 880 5151 involutus
920 5093 1211 5159 recumbit,
1252 5101 1585 5162 portansque
1627 5089 1864 5144 fructum
1904 5087 2058 5156 spina

453 5202 562 5242 non
593 5202 772 5253 suum,
800 5185 991 5242 usibus
1019 5192 1200 5241 servat
1225 5183 1512 5249 humanis;
1539 5183 1618 5237 sic
1648 5181 1793 5236 dicta
1825 5178 1908 5232 vel
1935 5185 2056 5232 acta

454 5277 744 5343 malormn,
798 5278 844 5333 si
886 5277 1103 5348 quando
1144 5274 1305 5332 bonis
1346 5281 1593 5345 prosunt,
1647 5288 1756 5328 non
1797 5272 1900 5327 hoc
1954 5269 2057 5340 ipsi

453 5368 662 5425 faciunt
713 5370 869 5436 mali,
919 5370 1014 5426 sed
1059 5368 1121 5424 ﬁt
1166 5369 1234 5424 de
1277 5367 1414 5436 illis,
1456 5381 1689 5439 superno
1736 5364 2058 5437 providente

454 5463 703 5520 consilio.

528 5553 620 5611 Sic
655 5559 820 5612 omnis
848 5558 1005 5615 arbor
1031 5559 1166 5613 bona
1199 5559 1401 5628 fructus
1427 5558 1585 5612 bonos
1615 5556 1764 5625 facit,
1795 5551 1937 5607 mala
1959 5569 2058 5607 au-

455 5658 560 5703 tem
583 5648 742 5703 arbor
768 5651 972 5719 fructus
999 5650 1166 5705 malos
1196 5649 1342 5718 facit.
1382 5648 1504 5703 Non
1532 5655 1694 5718 potest
1731 5644 1887 5698 arbor
1921 5649 2055 5699 bona

457 5741 666 5812 fructus
691 5743 862 5798 malos
892 5746 1084 5814 facere,
1111 5760 1272 5812 neque
1300 5743 1458 5796 arbor
1482 5739 1625 5794 mala
1658 5737 1860 5808 fructus
1894 5737 2054 5792 bonos

462 5831 650 5899 facere.
700 5832 899 5906 (0rig.)
938 5835 1073 5888 Cum
1111 5833 1276 5902 igitur
1308 5833 1566 5903 magister
1603 5830 1768 5896 Deus,
1807 5846 1912 5886 non
1943 5814 2050 5893 uti-

448 5939 567 6000 (que
606 5935 822 5995 natura,
867 5927 1162 5992 constituat
1201 5926 1473 5993 arborem,
1506 5939 1575 5982 ex
1608 5939 1716 5998 qua
1751 5922 1960 5983 fructus
1987 5925 2053 5983 de

2147 3431 2358 3490 dederit
2399 3428 2682 3486 consilium
2736 3424 2906 3494 Moysi
2953 3422 3155 3476 bonum
3191 3424 3292 3472 :et
3339 3414 3561 3469 Achior
3604 3409 3745 3466 Bolo-

2147 3525 2286 3581 ferni
2317 3521 2535 3592 aliquod
2572 3519 2705 3574 utile
2733 3518 2806 3572 sit
2835 3515 3048 3570 locutus
3077 3509 3308 3582 (Iudith.
3353 3506 3414 3577 v)
3442 3523 3460 3572 ;
3496 3515 3558 3560 et
3582 3501 3744 3558 Comi-

2149 3635 2246 3676 cus
2279 3615 2496 3682 dixerit,
2531 3611 2675 3683 quod
2698 3611 2836 3665 bene
2869 3607 3074 3661 dictum
3098 3598 3398 3672 Apostolus
3433 3595 3743 3668 comproba-

2149 3714 2246 3779 vit,
2285 3713 2474 3768 dicens
2503 3727 2515 3764 :
2542 3703 2899 3774 Corrumpunt
2933 3714 3102 3754 mores
3129 3697 3292 3749 bonos
3316 3692 3596 3762 colloquia
3625 3686 3744 3741 sala

2152 3804 2206 3877 (Ι
2252 3803 2374 3858 Cor.
2428 3799 2541 3872 xv).
2593 3797 2663 3852 Et
2707 3809 2830 3851 cum
2864 3807 2973 3848 non
3013 3785 3318 3844 invenerint
3350 3783 3493 3863 quid
3543 3794 3744 3850 respon-

2152 3871 2336 3963 deant,
2377 3908 2480 3949 nos
2503 3871 2819 3944 inferemus
2852 3892 2907 3940 et
2939 3880 3155 3945 Judam,
3197 3877 3458 3932 arborem
3490 3871 3748 3944 quondam

2152 3988 2371 4052 bonam,
2424 3981 2619 4038 fecisse
2655 3979 2863 4033 fructus
2903 3975 3091 4042 malos,
3130 3977 3424 4040 postquam
3461 3962 3750 4037 prodiderit

2155 4078 2496 4134 Salvatorem
2544 4071 2759 4145 (Matth.
2805 4066 2970 4138 xxv);
3011 4073 3067 4119 et
3101 4062 3331 4119 Paulum
3360 4060 3626 4114 arborem
3653 4067 3751 4109 uno

2153 4173 2262 4228 lam
2298 4187 2364 4228 eo
2405 4177 2647 4238 tempore
2671 4177 2781 4234 quo
2807 4156 3237 4233 persequebatur
3267 4151 3585 4208 Ecclesiam
3613 4145 3752 4203 Chri-

2156 4266 2274 4331 sti,
2322 4261 2517 4319 fecisse
2563 4266 2752 4330 postea
2786 4253 2993 4308 fructus
3026 4251 3195 4305 bonos
3226 4287 3240 4311 ,
3289 4243 3518 4314 quando
3571 4241 3626 4295 in
3673 4250 3752 4288 ras

2157 4329 2441 4412 electionis
2493 4329 2580 4406 de,
2605 4353 2956 4420 persecutore
3005 4339 3302 4397 translatus
3343 4345 3434 4392 est
3483 4334 3627 4405 (Aa.
3667 4329 3751 4400 ιι).

2159 4447 2372 4504 Tandiu
2410 4460 2540 4517 ergo
2585 4442 2728 4498 bona
2771 4439 2936 4495 arbor
2979 4435 3187 4492 fructus
3235 4447 3346 4488 non
3394 4429 3537 4487 facit
3575 4427 3752 4488 malos.

2159 4541 2404 4613 quandiu
2456 4539 2511 4593 in
2563 4535 2821 4592 bonitatis
2868 4532 3047 4589 studio
3087 4537 3439 4601 perseverat;
3481 4534 3544 4581 et
3587 4519 3754 4578 tandin

2160 4633 2303 4688 mala
2338 4632 2501 4687 arbor
2529 4631 2584 4684 in
2609 4628 2876 4683 fructibus
2899 4634 3248 4697 peccatorum
3279 4628 3492 4685 manet,
3531 4617 3752 4690 quandiu

2079 4693 2136 4755 Β
2162 4729 2230 4784 ad
2258 4726 2635 4798 paenitentiam
2681 4738 2789 4778 non
2838 4693 3190 4776 convertitur.
3242 4714 3419 4771 Nemo
3470 4730 3609 4785 ergo
3653 4725 3786 4782 pert

2163 4834 2390 4874 manens
2420 4818 2477 4873 in
2503 4831 2566 4872 eo
2593 4814 2738 4886 quod
2763 4812 2885 4879 fuit,
2915 4809 3102 4881 incipit
3129 4807 3184 4864 id
3210 4821 3334 4863 esse
3354 4805 3509 4876 quod
3540 4803 3755 4860 necdum

2161 4912 2407 4983 coeperit.

2239 5003 2423 5060 Omnis
2457 5001 2615 5055 arbor
2643 5016 2760 5071 quae
2787 5014 2892 5052 non
2919 4995 3046 5067 facit
3071 4994 3303 5064 fructum
3333 4991 3537 5044 bonum
3565 4986 3758 5043 arride-

2165 5104 2270 5160 tur,
2295 5101 2344 5146 et
2366 5093 2421 5146 in
2441 5093 2611 5162 ignem
2635 5091 2886 5143 mittetur.
2916 5081 3210 5158 (Maenas)
3235 5081 3376 5150 Quia
3390 5081 3758 5151 unusquisque

2160 5199 2472 5256 perversus,
2513 5199 2612 5253 per
2657 5181 2891 5240 validam
2925 5177 3115 5250 iudicii
3158 5175 3494 5232 sententiam
3525 5175 3599 5230 de
3629 5183 3759 5226 terra

2161 5276 2458 5332 viventium
2501 5275 2828 5338 eradicatus,
2873 5272 2927 5326 in
2971 5269 3233 5342 gehennae
3275 5267 3466 5338 ignem
3509 5266 3758 5324 mittitur.

2160 5370 2253 5440 qui
2281 5369 2374 5424 hic
2409 5367 2537 5423 boui
2563 5367 2743 5437 operis
2783 5363 3023 5420 fructum
3065 5360 3263 5417 fecisse
3307 5374 3420 5414 non
3469 5357 3756 5414 invenitur.

2162 5459 2362 5532 (0rig.)
2395 5459 2601 5526 Omnis,
2641 5456 2838 5527 inquit,
2869 5454 3028 5510 arbor
3053 5469 3171 5525 qua:
3204 5468 3308 5506 non
3342 5450 3476 5519 facit
3508 5449 3760 5519 fructum,

2163 5559 2217 5606 et
2264 5565 2376 5606 non
2428 5558 2636 5606 tantum
2686 5547 2944 5612 fructum,
2995 5544 3091 5601 sed
3139 5552 3196 5599 et
3246 5543 3442 5597 bonum
3488 5543 3760 5610 fructum:

2164 5643 2346 5700 multa:
2371 5643 2590 5715 quidem
2617 5641 2837 5696 arbores
2863 5637 3100 5693 fructum
3127 5635 3330 5701 ferunt,
3360 5633 3460 5690 sed
3484 5631 3694 5688 malum
3716 5638 3765 5684 et

2163 5738 2408 5795 inutilem
2435 5738 2700 5801 fructum;
2736 5735 2816 5789 sic
2839 5741 2894 5788 et
2918 5730 3071 5787 multi
3099 5729 3347 5786 homines
3381 5725 3594 5782 malum
3631 5727 3764 5779 irre-

2161 5832 2490 5903 ligiositatis,
2523 5839 2579 5885 et
2607 5826 2960 5889 inﬁdelitatis,
3006 5833 3061 5878 et
3103 5821 3480 5894 perversitatis
3525 5817 3767 5872 fructim

2113 6000 2130 6006 ο
2163 5925 2412 6002 afferunt.
2465 5921 2561 5999 Ob
2575 5915 3297 5999 _hoc‘clareﬁd_e_r’nppstravit
3331 5910 3600 5980 Dominus
3639 5904 3772 5983 quia

2831 5986 2914 5994 -.ηομ
2940 5985 3098 5993 -..ο-,ὴ
3115 5986 3119 5989 .
