3914 6458
1206 397 1560 460 COMMENT.
1597 400 1668 458 IN
1705 399 2143 458 MATTHAEUM.
2173 433 2245 446 -
2281 403 2408 460 LIB.
2447 402 2511 460 Il.

3373 405 3486 464 850

209 513 384 571 omnis
411 511 570 568 arbor
592 529 711 585 quae
741 529 847 569 non
872 513 1000 584 facit
1032 514 1259 585 fructum
1290 515 1499 583 bonum,
1532 516 1803 571 excidatur
1828 516 1882 577 Α
1906 516 2140 571 maxime
2177 517 2410 587 pertinet
2455 531 2522 570 ne
2565 517 2917 587 decipiamur,
2947 516 3232 574 tendentes
3259 519 3326 575 ad
3354 534 3487 576 con-

207 614 264 666 at
283 608 340 662 in
359 609 531 678 ignem
551 608 800 662 mittetur.
818 607 1006 664 Omnis
1034 609 1214 675 arbor,
1239 609 1293 664 id
1313 612 1586 667 estomnis
1605 612 1798 667 homo:

211 701 345 758 nulli
370 701 630 774 parcitur,
665 702 795 757 nulli
825 703 999 758 honor
1023 703 1277 769 defertur,
1312 705 1408 760 sed
1433 706 1612 762 omnis
1638 706 1801 762 arbor

208 793 550 852 infructifera
601 811 713 851 non
759 796 939 853 ferens
977 796 1216 855 fructum
1263 800 1543 855 excidetur
1571 841 1585 864 ,
1637 807 1691 856 et
1744 799 1800 854 in

208 885 393 958 ignem
412 885 658 941 mittetur
682 903 695 940 :
718 901 825 941 non
853 887 973 943 ideo
998 896 1059 942 ut
1086 888 1215 961 ligni
1235 905 1386 946 more
1411 891 1597 946 ardeat
1620 898 1674 946 et
1707 890 1801 947 de-

205 976 380 1043 ﬁciat,
409 977 503 1033 sed
529 978 584 1032 in
608 978 789 1050 ignem
815 979 1061 1036 mittetur
1087 980 1236 1036 illum
1264 983 1330 1038 de
1355 999 1462 1052 quo
1499 983 1577 1039 ait
1614 984 1798 1040 Domi--

205 1083 312 1124 nus
337 1086 349 1122 :
381 1067 482 1136 Ite,
505 1069 790 1137 maledicti,
821 1073 876 1127 in
903 1072 1074 1143 ignem
1099 1085 1369 1140 aeternum,
1391 1075 1498 1146 'qui
1533 1092 1801 1146 prtepara-

207 1169 292 1215 tus
321 1169 399 1216 est
422 1160 633 1216 diabolo
654 1172 704 1217 et
729 1163 927 1234 angelis
950 1167 1065 1237 ejus
1088 1163 1302 1239 (Matth.
1334 1167 1484 1239 xxv).

277 1252 452 1324 Igitur
491 1271 556 1309 ea:
601 1255 856 1325 fructibus
894 1275 1073 1314 eorum
1115 1262 1433 1332 cognoscetis
1464 1279 1570 1318 eos.
1614 1263 1797 1338 (Aug.)

205 1345 311 1414 Qui
343 1355 468 1402 sunt
493 1362 624 1418 ergo
652 1348 860 1406 fructus
878 1391 893 1417 ,
925 1353 1120 1422 quibus
1149 1353 1382 1411 inventis
1409 1344 1799 1428 cognoscamus

207 1440 459 1495 arborem
507 1442 724 1509 malam,
769 1443 899 1500 dicit
936 1444 1223 1516 Apostolus
1263 1446 1405 1520 (Gal.
1440 1448 1492 1519 v)
1528 1469 1540 1504 :
1577 1449 1800 1522 Manife-

204 1542 286 1586 sta
322 1542 445 1587 sunt
477 1543 652 1588 autem
682 1551 837 1604 opera
864 1539 1059 1602 carnis,
1098 1555 1215 1609 quae
1246 1550 1367 1594 sunt
1400 1540 1792 1610 fornicationes,

201 1624 572 1692 immunditite,
622 1625 870 1694 luxurite,
913 1628 1177 1685 idolorum
1221 1634 1470 1700 servitus,
1527 1635 1794 1704 veneﬁcia,

200 1716 515 1786 inimicitiis,
561 1723 936 1787 contentiones,
980 1724 1368 1792 wmulationes,
1413 1729 1794 1795 animositates,

199 1810 574 1878 dissensiones,
600 1813 845 1878 hiereses,
871 1815 1101 1882 invidite,
1135 1816 1429 1884 ebrietates,
1464 1821 1797 1874 comessatio-

1907 606 2302 680 templationem
2343 609 2588 665 veritatis
2626 623 2732 664 non
2778 610 2949 665 solum
2994 611 3211 665 nomine
3262 608 3485 678 Christi,

1900 716 1998 772 per
2045 716 2137 757 eos
2183 701 2274 772 qui
2320 716 2515 757 nomen
2562 711 2726 774 agunt
2763 711 2817 758 et
2849 702 2991 758 facta
3027 719 3136 758 non
3179 711 3363 774 agunt,
3393 702 3489 760 sed

1901 793 2066 848 etiam
2116 793 2435 864 quibusdam
2495 792 2652 849 factis
2701 803 2864 866 atque
2918 795 3193 850 miraculis
3243 813 3256 850 :
3305 794 3490 866 qualia

1900 894 2120 956 propter
2156 886 2401 942 inﬁdeles
2426 903 2567 947 ,cum
2607 887 2798 944 fecerit
2839 888 3118 954 Dominus,
3166 889 3374 944 monuit
3407 897 3489 943 ta-

1900 994 2026 1034 men
2055 994 2124 1033 ne
2149 979 2346 1034 talibus
2383 979 2730 1049 decipiamur,
2770 980 3098 1036 arbitrantes
3135 979 3205 1035 ibi
3247 993 3366 1035 esse
3398 979 3485 1034 in-

1898 1068 2168 1124 visibilem
2201 1070 2540 1140 sapientiam,
2569 1071 2660 1126 ubi
2694 1070 3013 1127 miraculum
3045 1069 3255 1125 visibile
3293 1067 3490 1124 videri-

1899 1177 2040 1217 mus.
2078 1162 2337 1235 Adjungit
2365 1177 2494 1235 ergo
2517 1171 2572 1218 et
2601 1162 2767 1219 dicit:

1971 1253 2129 1308 Multi
2172 1255 2300 1308 mihi
2339 1255 2512 1310 dicent
2553 1255 2610 1310 in
2654 1255 2747 1311 illa
2800 1256 2904 1322 die,
2960 1255 3200 1322 Domine,
3243 1253 3486 1321 Domine,

1900 1363 2069 1402 nonne
2097 1349 2153 1401 in
2183 1349 2389 1402 nomine
2417 1357 2506 1402 tuo
2531 1348 2971 1419 prophetavimus,
3002 1357 3049 1402 et
3079 1349 3135 1402 in
3162 1357 3253 1400 tuo
3282 1348 3490 1402 nomine

1898 1443 2160 1496 daemonia
2188 1443 2467 1513 ejecimus,
2499 1452 2546 1498 et
2581 1444 2636 1497 in
2672 1453 2759 1497 tuo
2795 1443 3002 1496 nomine
3038 1443 3255 1496 virtutes
3295 1440 3492 1496 multas

1899 1534 2164 1604 fecimus?
2201 1534 2470 1608 (llieron.)
2512 1535 2864 1605 Prophetare,
2911 1542 2966 1590 et
3006 1536 3237 1590 virtutes
3284 1534 3489 1600 facere,

1897 1636 1952 1682 et
1986 1627 2250 1682 daemonia
2279 1627 2475 1698 ejicere
2505 1629 2774 1684 interdum
2805 1645 2911 1684 non
2948 1627 3062 1698 ejus
3085 1635 3169 1684 est
3194 1629 3372 1684 meriti
3400 1627 3493 1698 qui

1897 1728 2178 1789 operatur,
2212 1720 2307 1775 sed
2340 1721 2610 1777 invocatio
2638 1722 2872 1778 nominis
2894 1721 3095 1777 Christi
3125 1723 3228 1776 hoc
3259 1722 3391 1792 agit,
3423 1722 3492 1775 ob

1898 1812 2403 1868 condemnationem
2430 1827 2617 1867 eorum
2641 1814 2732 1884 qui
2760 1813 3034 1877 invocant,
3059 1812 3144 1866 vel
3181 1811 3251 1866 ob
3288 1810 3492 1865 utilita-

200 1917 309 1967 nes,
347 1912 396 1957 et
433 1905 514 1958 his
549 1905 766 1972 similia,
789 1923 906 1977 qua:
938 1909 1167 1979 prtrdico
1193 1909 1332 1964 vobis
1358 1913 1491 1966 sicut
1518 1913 1743 1983 praedixi
1773 1928 1793 1967 :

1903 1913 2009 1960 tem
2033 1919 2222 1960 corum
2248 1905 2341 1975 qui
2369 1905 2556 1960 vident
2581 1914 2635 1961 et
2659 1906 2913 1972 audiunt,
2945 1903 3259 1960 conceditur
3285 1917 3299 1956 :
3334 1909 3392 1955 ut
3428 1901 3496 1955 li-

197 1995 450 2063 quoniam
487 1998 578 2067 qui
613 1997 744 2052 talia
785 2009 948 2070 agunt
977 2017 1195 2070 regnum
1219 2001 1319 2057 Dei
1347 2020 1451 2057 non
1479 2021 1794 2077 consequen—

197 2092 306 2138 tur.
349 2085 420 2140 Et
446 2087 539 2157 qui
577 2098 703 2144 sunt
730 2103 988 2160 per.quos
1017 2093 1392 2164 cognoscimus
1423 2095 1672 2150 arborem
1697 2095 1792 2151 bo-

199 2193 325 2233 nam
349 2180 492 2237 idem
527 2183 644 2254 ipse
681 2183 973 2255 Apostolus
1005 2199 1402 2257 consequenter
1438 2189 1570 2244 dicit
1603 2209 1615 2243 :
1651 2187 1796 2243 Fru-

197 2277 312 2322 ctus
342 2280 519 2325 autem
553 2274 768 2342 spiritus
808 2284 883 2328 est
916 2275 1168 2343 charitas,
1201 2277 1475 2347 gaudium,
1504 2294 1632 2349 pax,
1673 2279 1792 2335 lon-

196 2362 500 2430 ganimitas,
557 2365 866 2437 benignitas,
927 2369 1154 2436 bonitas,
1219 2372 1371 2441 ﬁdes,
1419 2377 1790 2445 mansuetudo,

196 2453 535 2521 continentia,
567 2467 671 2514 etc.
727 2459 1019 2534 (MAURUS.)
1051 2463 1181 2531 Quae
1205 2478 1264 2520 se
1285 2467 1553 2522 veraciter
1587 2469 1792 2525 haben-

198 2551 297 2610 tes,
335 2553 389 2599 et
422 2546 476 2601 in
512 2549 599 2605 his
631 2549 847 2608 Christo
878 2553 1177 2611 servientes
1205 2557 1510 2626 perducunt
1534 2560 1601 2614 ad
1623 2562 1790 2618 vitam

196 2643 474 2693 retentam.
531 2640 634 2697 Sed
666 2645 790 2714 quia
817 2646 971 2702 multi
1002 2647 1140 2704 falso
1177 2649 1278 2705 sub
1308 2652 1585 2723 religionis
1612 2655 1793 2723 specie

197 2729 429 2798 latitant,
469 2736 765 2791 cavendum
805 2753 934 2808 ergo
973 2749 1056 2796 est
1096 2756 1164 2797 ne
1199 2743 1316 2812 ipso
1342 2743 1540 2799 Christi
1571 2747 1789 2802 nomine

198 2823 266 2877 ab
302 2824 568 2883 haereticis
610 2830 690 2884 vel
726 2831 1054 2902 quibuslibet
1092 2837 1231 2891 male
1276 2838 1697 2910 intelligentibus
1735 2852 1791 2898 et

198 2919 380 2973 saeculi
407 2919 566 2990 hujus
594 2927 946 2994 amatoribus,
978 2928 1327 3000 deeipiamur.
1385 2930 1521 2987 Nam
1548 2933 1670 2990 ideo
1700 2949 1790 2991 se-

197 3012 404 3081 quitur,
429 3022 482 3068 et
511 3024 695 3071 monet

276 3104 396 3158 Non
423 3109 591 3162 omnis
623 3110 711 3180 qui
741 3111 866 3165 dicit
898 3114 1042 3179 mihi,
1072 3113 1316 3184 Domine,
1347 3115 1591 3186 Domine,
1620 3119 1788 3176 intra-

199 3199 270 3254 bit
298 3199 353 3254 in
381 3218 596 3272 regnum
627 3204 896 3274 caelorum,
927 3209 1018 3262 sed
1051 3211 1139 3280 qui
1171 3210 1298 3280 facit
1331 3210 1648 3267 voluntatem
1677 3213 1788 3268 Pa»

197 3294 292 3349 tris
331 3297 432 3351 mei
470 3300 558 3368 qui
609 3300 662 3354 in
706 3301 845 3355 caelis
882 3312 976 3370 est,
1010 3305 1118 3374 ipse
1147 3306 1361 3361 intrabit
1391 3325 1606 3379 regnum
1637 3310 1791 3366 calo-

200 3400 335 3437 rum.
418 3383 647 3456 (Hilar.)
717 3388 963 3460 Regnum
1017 3393 1276 3449 caelorum
1335 3397 1448 3452 sola
1502 3399 1793 3455 verborum

198 3474 371 3532 oﬂicia
395 3493 501 3533 non
521 3479 800 3548 obtinent;
833 3499 1008 3553 neque
1037 3486 1131 3556 qui
1163 3487 1381 3554 dixerit,
1418 3483 1663 3557 Domine,
1691 3490 1797 3546 Do-

199 3571 358 3637 mine,
400 3572 644 3628 cobzeres
681 3574 826 3630 illius
856 3577 980 3632 erit.
1037 3576 1176 3644 Quid
1199 3581 1346 3635 enim
1380 3583 1561 3637 meriti
1589 3592 1672 3640 est
1696 3583 1797 3640 Do-

199 3660 350 3715 mino
394 3661 598 3728 dicere,
639 3662 909 3721 Domine?
946 3665 1198 3738 Nunquid
1236 3670 1497 3728 Dominus
1525 3689 1632 3729 non
1668 3676 1791 3741 erit,

199 3755 307 3811 nisi
332 3755 498 3811 fuerit
525 3758 703 3814 dictus
731 3775 763 3813 a
791 3761 947 3816 nobis
977 3780 990 3816 :
1021 3770 1076 3816 et
1101 3779 1220 3833 quae
1245 3764 1402 3821 ofﬁcii
1427 3769 1684 3824 sanctitas
1713 3777 1796 3825 est

198 3849 436 3906 nominis
455 3854 806 3924 nuncupatio,
830 3870 954 3912 cum
975 3858 1214 3914 caelestis
1236 3862 1385 3932 regni
1409 3862 1510 3916 iter
1535 3863 1794 3918 obedien-

200 3941 277 3997 tia
322 3943 502 4012 potius
537 3944 832 4001 voluntatis
858 3947 988 4016 Dei,
1021 3966 1128 4004 non
1159 3953 1489 4023 nuncupatio
1514 3963 1795 4026 repertura

199 4032 290 4089 sit.
347 4033 618 4107 (Hieron)
661 4038 825 4109 Ergo,
869 4039 1010 4095 sicut
1045 4043 1294 4112 superius
1328 4045 1556 4111 dixerat,
1583 4062 1676 4101 eos
1701 4047 1795 4117 qui

200 4121 402 4177 habent
437 4133 644 4181 vestem
690 4128 817 4182 vitae
856 4129 1012 4184 bona:
1052 4146 1160 4186 non
1209 4134 1547 4204 recipiendos
1576 4145 1797 4206 propter

202 4215 396 4286 dogma
425 4218 698 4288 nequitiae,
726 4220 804 4274 ita
830 4235 974 4276 nunc
999 4237 1029 4277 e
1056 4224 1334 4279 contrario
1359 4225 1554 4280 asserit
1601 4241 1670 4281 ne
1710 4227 1796 4284 his

203 4308 420 4378 quidem
446 4311 958 4368 accommodandam
983 4314 1144 4370 ﬁdem
1167 4319 1259 4386 qui
1284 4334 1408 4373 cum
1437 4319 1676 4389 polleant
1708 4321 1794 4376 in-

203 4400 452 4470 tegritate
485 4400 627 4466 ﬁdei,
678 4405 908 4475 turpiter
945 4405 1152 4472 vivant,
1193 4417 1248 4462 et
1282 4409 1541 4465 doctrinae
1578 4412 1797 4483 integri-

203 4496 372 4546 tatem
433 4492 589 4548 malis
640 4495 892 4565 cperibus
943 4497 1247 4554 destruant.
1306 4497 1605 4572 Utrumque
1650 4504 1796 4560 enim

1898 2010 1986 2056 cet
2015 2002 2262 2057 homines
2291 1987 2591 2071 despiciant
2625 2001 2778 2074 signa
2807 2001 3084 2067 facientes,
3115 2011 3295 2055 tamen
3324 2000 3496 2054 hono-

1897 2101 2021 2148 rent
2047 2092 2346 2158 dominum,
2379 2094 2446 2148 ad
2481 2089 3064 2162 cujus'invocationem
3101 2091 3306 2147 faciant
3345 2098 3496 2146 tanta

1896 2189 2177 2245 miracula.
2216 2189 2352 2244 Nam
2381 2197 2436 2244 et
2463 2188 2594 2245 Saul
2622 2188 2672 2262 (Ι
2700 2187 2827 2259 Reg.
2857 2187 2936 2258 x),
2963 2199 3016 2242 et
3042 2185 3257 2242 Balaam
3286 2183 3489 2260 (Num.

1897 2280 2070 2353 xxxv),
2106 2289 2162 2336 et
2191 2280 2422 2351 Caiphas
2452 2279 2633 2352 (Joan.
2666 2279 2822 2352 xvm)
2881 2280 3361 2352 prophetaverunt,
3394 2292 3494 2333 ne-

1896 2375 2128 2430 scientes
2152 2376 2282 2445 quid
2311 2375 2586 2440 dicerent;
2618 2382 2673 2430 et
2695 2373 2908 2428 Pharao
2931 2371 3084 2445 (Gen.
3115 2370 3251 2446 xu),
3277 2379 3348 2443 (et
3389 2370 3498 2425 Na-

1895 2468 2312 2523 buchodonosor
2359 2467 2521 2539 (Dan.
2569 2483 2650 2533 iii,
2688 2466 2763 2539 1v)
2811 2467 3034 2522 somniis
3077 2465 3255 2520 futura
3293 2480 3494 2537 cogno-

1896 2566 2085 2624 scunt;
2116 2569 2172 2613 et
2194 2557 2250 2613 in
2272 2558 2496 2613 Actibus
2516 2557 2882 2628 apostolorum
2907 2556 3001 2612 ﬁlii
3027 2553 3212 2611 Seevae
3236 2556 3498 2610 videban-

1894 2653 1984 2702 tur
2016 2647 2216 2718 ejicere
2253 2647 2518 2702 daemonia
2558 2648 2695 2719 (Act.
2739 2646 2888 2719 xxx);
2923 2656 2977 2702 et
3011 2643 3178 2701 Judas
3219 2644 3494 2716 apostolus

1895 2757 2020 2798 cum
2044 2744 2226 2798 animo
2248 2741 2541 2813 proditoris
2567 2741 2735 2796 multa
2765 2742 2917 2810 signa
2951 2741 3091 2794 inter
3115 2748 3341 2794 caeteros
3366 2753 3497 2808 apo-

1891 2835 2058 2891 stolos
2089 2834 2285 2890 fecisse
2306 2843 2577 2890 narratur.
2621 2834 2804 2906 (Aug)
2831 2833 3005 2901 Quam
3041 2849 3171 2902 ergo
3207 2831 3409 2886 mundo
3443 2837 3501 2886 et

1894 2929 2126 2999 simplici
2159 2927 2316 2984 oculo
2345 2943 2480 2998 opus
2515 2936 2598 2982 est
2627 2934 2686 2988 ut
2720 2927 3027 2981 inveniatur
3073 2926 3158 2979 via
3200 2921 3497 2993 sapientiae,

1892 3022 1982 3078 cui
2016 3029 2178 3077 tanta:
2203 3021 2468 3077 malorum
2504 3029 2559 3076 et
2587 3035 2968 3091 perversorum
3012 3017 3292 3073 hominum
3336 3016 3497 3070 dece-

1890 3115 2103 3186 ptiones
2141 3129 2465 3185 erroresque
2503 3114 2840 3184 obstrepunt,
2877 3127 3014 3184 quos
3037 3127 3226 3168 omnes
3249 3110 3501 3174 evadere,

1895 3203 1949 3264 id
1968 3218 2070 3275 est,
2118 3209 2305 3264 venire
2348 3208 2417 3263 ad
2453 3207 2812 3263 certissimam
2847 3222 3034 3278 pacem
3084 3214 3140 3262 et
3171 3203 3502 3261 immobilem

1895 3301 2246 3357 stabilitatem
2280 3300 2596 3371 sapientiae!
2654 3300 3013 3356 Vehementer
3059 3298 3205 3354 enim
3252 3304 3502 3352 metuen-

1895 3395 2024 3449 dum
2048 3402 2133 3449 est
2159 3408 2227 3448 ne
2252 3394 2429 3449 studio
2450 3392 2750 3449 altercandi
2779 3402 2834 3446 et
2870 3389 3230 3446 contendendi
3271 3387 3503 3459 quisque

1895 3503 2004 3544 non
2029 3488 2211 3544 videat
2235 3488 2377 3557 quod
2406 3504 2436 3542 a
2460 3486 2649 3558 paucis
2670 3485 2841 3540 videri
2876 3492 3072 3555 potest,
3100 3492 3160 3539 ut
3186 3497 3386 3554 parvus
3426 3480 3501 3538 sit

1897 3579 2155 3650 strepitus
2181 3579 2691 3643 contradicentium,
2745 3575 2851 3632 nisi
2897 3575 3064 3631 etiam
3108 3575 3224 3646 ipse
3263 3572 3367 3630 sibi
3407 3572 3528 3653 οὶ)-Δ

1897 3680 2122 3744 strepat.
2155 3671 2414 3743 Sequitur
2437 3691 2448 3726 :

1966 3763 2039 3818 Et
2083 3773 2204 3818 tunc
2243 3763 2528 3832 conﬁtebor
2566 3762 2694 3829 illis,
2743 3763 2868 3834 quia
2915 3778 3184 3834 nunquam
3230 3762 3349 3816 novi
3385 3777 3500 3828 vos,

1897 3857 2147 3913 discedite
2185 3873 2218 3910 a
2259 3872 2362 3921 me,
2394 3857 2485 3927 qui
2515 3854 2803 3927 operamini
2826 3854 3179 3926 iniquitatem.
3229 3849 3507 3923 (Hieron.)

1901 3950 2190 4024 Signanter
2215 3950 2372 4015 dixit,
2397 3950 2703 4019 conﬁtebor,
2732 3949 2861 4019 quia
2896 3949 3068 4004 multo
3098 3956 3225 4003 ante
3256 3957 3501 4016 tempore

1899 4046 2080 4102 dicere
2120 4043 2556 4100 dissimulaverat
2590 4062 2602 4097 :
2635 4059 2739 4097 non
2768 4043 2886 4096 novi
2916 4059 3024 4097 vos.
3073 4041 3189 4096 Non
3221 4040 3374 4095 novit
3398 4041 3507 4095 D0—

1898 4139 2079 4195 minus
2102 4154 2196 4193 eos
2219 4137 2309 4208 qui
2332 4145 2583 4208 pereunt.
2642 4135 2884 4193 Observa
2927 4145 3107 4192 autem
3141 4151 3313 4208 quare
3348 4132 3500 4189 addi-

1901 4231 2060 4295 derit,
2105 4245 2374 4299 nunquam
2406 4230 2521 4283 novi
2571 4245 2693 4294 vos;
2735 4229 2779 4283 si
2814 4228 2970 4299 juxta
3013 4228 3277 4298 quosdam
3314 4238 3505 4281 omnes

1899 4320 2149 4376 homines
2191 4320 2336 4374 inter
2375 4317 2668 4374 rationales
2712 4328 2994 4374 creaturas
3040 4333 3254 4389 semper
3302 4316 3505 4372 versati

1901 4421 2046 4478 sunt,
2075 4411 2345 4482 quomodo
2382 4409 2514 4464 dicit
2545 4428 2558 4462 :
2585 4408 2876 4480 Nunquam
2906 4411 3023 4464 novi
3055 4427 3162 4476 vos,
3196 4425 3322 4464 cum
3353 4407 3501 4479 psal-

1901 4519 2022 4558 mus
2048 4503 2194 4558 dicat
2223 4520 2235 4554 :
2263 4501 2517 4555 Dominus
2541 4501 2677 4554 novit
2705 4502 3045 4571 cogitationes
3067 4501 3360 4565 hominum,
3380 4516 3508 4572 quo-

203 4583 378 4639 servis
407 4583 503 4638 Dei
531 4587 900 4642 necessarium
943 4597 1050 4656 est,
1087 4598 1147 4645 ut
1188 4600 1244 4646 et
1277 4607 1412 4663 opus
1441 4609 1710 4662 sermone,
1741 4605 1798 4652 et
1821 4616 1877 4676 D
1901 4596 2045 4648 niam
2072 4609 2222 4648 vana:
2249 4601 2372 4645 sunt
2403 4590 2575 4662 (Psal.
2608 4591 2797 4664 xcm);
2828 4600 2884 4647 et
2922 4590 3051 4646 alibi
3089 4592 3349 4662 scriptum
3385 4591 3456 4646 sit
3489 4605 3503 4645 :

202 4691 385 4732 sermo
411 4678 668 4747 operibus
695 4681 1096 4750 comprobetur.
1141 4682 1278 4739 Huic
1312 4687 1594 4741 sententia:
1622 4697 1800 4757 potest

204 4765 335 4822 illud
355 4767 526 4823 videri
551 4770 882 4824 contrarium
909 4789 921 4825 :
947 4769 1117 4827 Nemo
1139 4782 1302 4845 potest
1324 4774 1497 4829 dicere
1519 4775 1802 4831 Dominum
1843 4802 1858 4819 ο

203 4859 407 4927 Jesum,
447 4861 547 4916 nisi
568 4863 622 4916 in
649 4861 854 4935 Spiritu
880 4874 1061 4920 sancto
1087 4866 1139 4938 (1
1163 4865 1285 4922 Cor.
1323 4867 1444 4941 xu).
1488 4867 1594 4926 Sed
1635 4871 1804 4928 moris

206 4961 290 5007 est
315 4952 717 5024 Scripturarum
743 4956 886 5012 dicta
912 4972 1011 5027 pro
1032 4956 1190 5014 factis
1223 4960 1497 5030 accipere;
1534 4970 1595 5017 ut
1622 4962 1806 5017 statim

207 5047 263 5102 in
291 5051 744 5119 consequentibus
769 5053 1098 5122 approbatur
1121 5054 1344 5110 refutari
1367 5073 1461 5112 eos
1481 5059 1574 5128 qui
1597 5058 1808 5129 jactant

209 5145 327 5200 sine
355 5144 606 5214 operibus
626 5147 910 5203 scientiam
940 5149 1185 5214 Domini;
1215 5162 1270 5204 et
1297 5150 1521 5205 audiunt
1550 5167 1580 5206 a
1613 5149 1802 5206 Salva-

214 5246 326 5293 tore
351 5256 364 5288 :
393 5237 635 5294 Recedite
662 5256 696 5294 a
725 5257 824 5306 me,
848 5257 1025 5296 omnes
1053 5242 1280 5312 operarii
1296 5243 1609 5314 iniquitatis,
1632 5245 1804 5300 nescio

214 5345 300 5384 vos
331 5327 482 5400 (Luc.
511 5328 670 5402 xm);
700 5338 756 5385 et
772 5331 1061 5402 Apostolus
1081 5333 1138 5388 in
1165 5334 1309 5389 hunc
1329 5348 1545 5389 sensum
1567 5335 1806 5406 loquitur

214 5424 342 5497 (Tit.
373 5424 414 5497 ι)
441 5443 454 5480 :
484 5422 814 5494 Conﬁtentur
839 5444 893 5481 se
923 5427 1207 5483 Dominum
1245 5428 1412 5484 verbis
1450 5429 1601 5494 scire,
1647 5429 1804 5498 factis

215 5528 390 5573 autem
413 5526 624 5590 negant.
676 5518 858 5591 (Aug.)
892 5518 1032 5575 Vere
1065 5528 1249 5574 autem
1278 5535 1340 5576 ac
1360 5519 1578 5590 proprie
1615 5519 1693 5574 illi
1722 5521 1806 5576 di-

217 5620 416 5667 cuntur
449 5627 482 5667 a
520 5626 750 5683 quorum
779 5609 1055 5666 voluntate
1085 5626 1148 5666 ac
1183 5619 1363 5668 mente
1404 5625 1512 5666 non
1553 5611 1811 5667 abhorret

214 5702 446 5774 prolatio
480 5704 746 5760 sermonis
784 5703 884 5758 sui.
935 5701 1241 5759 Secundum
1271 5720 1436 5777 quam
1462 5704 1811 5776 signiﬁcatio—

220 5813 345 5854 nem
383 5797 514 5854 dicit
552 5799 840 5871 Apostolus
869 5819 882 5854 :
912 5796 1080 5854 Nemo
1121 5807 1287 5870 potest
1323 5799 1494 5853 dicere
1525 5798 1810 5854 Dominum

221 5890 430 5961 Iesum,
474 5895 575 5948 nisi
613 5896 668 5950 in
719 5894 920 5965 Spiritu
966 5902 1166 5950 sancto.
1209 5892 1388 5964 Atque
1434 5893 1567 5950 illud
1602 5895 1670 5951 ad
1696 5910 1811 5952 rem

1904 4688 2025 4759 Ipse
2043 4687 2180 4741 novit
2201 4685 2562 4754 decipientem,
2585 4693 2631 4739 et
2653 4702 2771 4738 eum
2789 4686 2880 4755 qui
2905 4684 3164 4755 decipitur
3205 4681 3347 4755 (Job.
3378 4681 3504 4754 xu),
3535 4706 3556 4759 εἰ

1906 4780 2013 4836 nisi
2041 4779 2168 4850 quia
2200 4778 2342 4834 scire
2369 4776 2464 4832 Dei
2495 4775 2786 4846 aliquando
2812 4790 3138 4847 cognoscere
3164 4773 3383 4840 dicitur,
3409 4773 3506 4828 ali-

1908 4873 2125 4945 quando
2148 4872 2445 4943 approbare
2478 4888 2492 4926 :
2521 4869 2785 4937 Quoniam
2809 4870 2951 4924 novit
2973 4869 3230 4924 Dominus
3254 4869 3391 4923 viam
3411 4871 3506 4940 ju-

1909 4974 2107 5021 storum
2132 4979 2149 5016 :
2177 4966 2266 5036 qui
2297 4975 2472 5018 autem
2505 4964 2736 5035 ignorat,
2773 4963 3104 5035 ignorabitur
3130 4961 3302 5031 (Psal.
3342 4960 3404 5034 ι).
3439 4961 3505 5016 Et
3550 4947 3592 5030 ξι

1912 5059 2017 5116 scit
2074 5075 2201 5131 ergo
2244 5060 2503 5129 reprobos
2546 5073 2682 5129 quos
2721 5056 3095 5129 cognoscendo
3130 5054 3338 5124 judicat
3370 5069 3384 5108 :
3413 5069 3508 5108 ne-

1913 5167 2019 5222 que
2046 5151 2192 5206 enim
2213 5149 2485 5220 judicaret
2509 5165 2645 5220 quos
2675 5151 2898 5204 minime
2923 5155 3304 5219 cognosceret;
3343 5154 3397 5201 et
3427 5155 3506 5200 ta-

1911 5257 2035 5298 men
2070 5242 2466 5313 quodammodo
2496 5243 2629 5298 dicit
2658 5260 2672 5296 :
2705 5241 2831 5296 Non
2859 5242 2978 5297 novi
2999 5259 3105 5307 vos,
3135 5257 3243 5297 non
3268 5239 3507 5313 approbo

1909 5350 2030 5401 vos,
2062 5335 2201 5406 apud
2239 5351 2375 5405 quos
2412 5335 2534 5392 ﬁdei
2574 5341 2630 5388 et
2663 5333 2967 5389 dilectionis
2995 5349 3106 5390 sua:
3135 5335 3506 5390 characterem

1910 5442 2019 5482 non
2065 5428 2347 5498 approbat.
2398 5426 2546 5492 Non,
2592 5427 2804 5495 inquit,
2847 5426 3099 5496 legalium
3150 5425 3506 5481 festivitatum

1912 5519 2146 5589 epulatio
2173 5518 2347 5589 juvat,
2377 5533 2535 5588 quem
2577 5517 2700 5572 ﬁdei
2740 5517 2916 5588 pietas
2963 5533 3070 5571 non
3116 5516 3502 5572 commendat:

1910 5628 2020 5668 non
2049 5612 2276 5668 scientia
2306 5610 2712 5681 Scripturarum
2755 5610 2865 5665 Deo
2915 5618 3101 5664 notum
3139 5609 3289 5674 facit,
3344 5622 3505 5679 quem

1911 5725 2135 5780 operum
2179 5710 2436 5779 iniquitas
2480 5708 2755 5764 obtutibus
2794 5708 2912 5778 ejus
2939 5707 3176 5762 ostendit
3205 5703 3504 5773 indignum.

1915 5801 2186 5874 (Hierom)
2233 5801 2385 5858 Unde
2424 5801 2670 5871 sequitur
2699 5816 2713 5854 :
2745 5799 2987 5854 Recedite
3022 5817 3055 5852 a
3087 5814 3168 5851 me
3202 5797 3291 5866 qui
3324 5807 3508 5864 opera-

1916 5895 2044 5950 mini
2066 5895 2411 5952 iniauitatem.
2463 5892 2580 5949 Non
2612 5893 2749 5950 dixit
2779 5911 2791 5948 :
2826 5893 2927 5960 Qui
2973 5889 3183 5961 operati
3230 5886 3361 5942 estis
3395 5884 3503 5943 ini-
