3914 6460
1061 405 1123 461 B.
1169 383 1418 464 suam
1457 404 1679 466 usum
1717 401 2037 466 necuter.
2075 401 2389 466 meum.
2423 399 2717 464 ornauit
2753 406 2935 465 rans
2977 406 3018 466 ι.

3605 405 3731 471 Μ

423 525 712 597 quitatem,
739 536 810 581 ne
833 521 1108 579 videretur
1132 524 1322 582 tollere
1353 527 1746 597 paenitentiam,
1777 531 1894 592 sed,
1919 529 2013 596 qui
2041 523 2091 586 Α
2116 529 2229 578 mf
2247 535 2409 594 tanta
2427 527 2648 594 ραηηι.
2677 520 2856 594 Super
2893 523 3036 577 ἤειδε
3065 531 3274 594 Μήτι
3295 523 3573 583 Dominus
3593 527 3730 584 ﬁtn-

421 617 732 688 opemntini,
765 617 870 673 hoc
894 625 978 674 est
1015 631 1188 690 usque
1215 621 1270 674 in
1295 629 1616 690 praesentem
1647 623 1862 692 horam,
1885 639 2014 681 eum

416 701 607 780 judicii
639 719 852 782 tempus
875 711 1176 779 advenerit,
1213 713 1340 770 licet
1369 731 1474 771 non
1502 717 1749 774 habeatis
1785 717 2012 776 faculta-

421 811 532 860 tem
559 805 840 876 peccandi,
869 813 1051 863 tamen
1076 806 1290 864 habetis
1315 809 1492 866 adhuc
1511 808 1782 868 affectum.
1827 811 2014 888 (Aug.)

418 895 705 954 Conclusio
729 914 862 972 ergo
885 897 1045 969 hujus
1073 901 1242 957 totius
1273 904 1540 959 sermonis
1567 919 1728 975 quam
1759 905 2016 962 terribili-

421 995 505 1044 ter
533 988 818 1059 inferatur,
857 992 1012 1048 valde
1041 994 1426 1050 attendendum
1454 1006 1552 1052 est.

487 1077 632 1154 [HL]
665 1079 853 1138 Omnis
873 1101 994 1155 ergo
1021 1086 1114 1157 qui
1150 1087 1298 1140 audit
1336 1089 1488 1143 verba
1525 1105 1640 1144 mea
1677 1091 1812 1157 hinc,
1851 1099 1898 1146 et
1933 1091 2016 1162 fa-

419 1173 485 1226 cit
523 1190 608 1238 ea,
650 1176 1032 1233 assimilabitur
1070 1179 1176 1234 viro
1215 1180 1461 1252 sapienti,
1491 1183 1581 1254 qui
1605 1182 1882 1253 «:diﬁcuvit
1915 1184 2012 1238 do—

417 1275 559 1317 mum
591 1281 744 1319 suam
771 1283 932 1338 supra
961 1277 1184 1339 petram.
1237 1270 1370 1326 Cum
1401 1285 1528 1343 ergo
1555 1289 1662 1328 non
1689 1272 1826 1331 dixit
1860 1294 1872 1330 :
1909 1277 2015 1343 Qui

417 1354 566 1408 audit
615 1357 768 1411 verba
817 1374 934 1412 mea
982 1367 1218 1428 tantum,
1267 1363 1362 1418 sed
1405 1364 1610 1420 addidit
1653 1365 1838 1422 dicens
1869 1385 1882 1422 :
1911 1367 2016 1434 Qui

417 1447 567 1501 audit
595 1449 750 1503 verba
780 1466 898 1505 mea
929 1451 1062 1518 hinc,
1098 1455 1251 1520 satis,
1290 1465 1348 1510 ut
1388 1458 1642 1525 arbitror,
1687 1459 2015 1530 signiﬁcavit

417 1539 533 1595 lucc
567 1541 734 1596 verba
769 1557 890 1612 quae
929 1543 981 1598 in
1024 1554 1204 1600 monte
1249 1547 1462 1606 locutus
1501 1558 1585 1606 est
1634 1559 1740 1606 tam
1778 1552 2016 1624 perfecte

414 1633 690 1695 instruere
715 1639 882 1695 vitam
913 1654 1101 1696 eorum
1137 1642 1230 1713 qui
1268 1645 1538 1702 voluerint
1572 1648 1866 1702 secundum
1893 1663 2014 1704 eam

414 1728 622 1797 vivere,
649 1739 708 1786 ut
729 1732 926 1791 merito
961 1745 1347 1807 comparentur
1391 1739 1679 1794 aedificanti
1722 1755 1885 1810 supra
1920 1756 2016 1812 pe-

414 1829 578 1878 tram.
629 1823 744 1880 Hoc
767 1827 902 1882 dixit
929 1837 990 1883 ut
1020 1839 1279 1900 appareat
1310 1831 1474 1886 istum
1504 1847 1808 1889 sermonem
1839 1834 2014 1889 enmi-

2114 614 2266 670 davit
2289 611 2592 670 Ecclesiam
2614 627 2789 670 suam.
2816 613 2900 670 Ab
2923 612 3030 669 hac
3071 623 3222 686 petra
3277 617 3565 687 apostolus
3613 618 3727 676 Pe.

2117 715 2234 764 trus
2259 707 2486 764 sortitus
2502 715 2590 762 est
2612 721 2831 763 nomen.
2886 704 3066 778 Super
3089 707 3466 778 hujuscemodi
3493 723 3726 782 petram

2115 815 2225 855 non
2261 799 2614 855 inveniuntur
2636 799 2909 870 serpentis
2929 799 3176 869 vestigia.
3218 801 3294 856 De
3323 801 3432 857 bac
3479 809 3544 858 et
3585 803 3726 860 Pro-

2113 889 2277 960 pheta
2321 889 2563 960 loquitur
2585 889 2938 946 confidenter.
2972 889 3040 944 Et
3088 892 3274 945 statuit
3311 909 3482 964 supra
3504 903 3722 964 petra-

2115 983 2270 1053 pedes
2295 999 2436 1038 meos
2461 983 2634 1054 (Psat.
2667 982 2880 1054 χχιιι),
2907 989 2963 1037 et
2989 983 3043 1038 in
3073 982 3180 1038 alio
3199 983 3352 1040 loco:
3378 981 3553 1040 Petra
3577 987 3727 1056 refu-

2113 1075 2258 1147 gium
2279 1075 2539 1147 leporibus
2564 1077 2668 1130 sive
2695 1076 2986 1134 herinaccit
3035 1073 3210 1147 (Paci.
3240 1078 3387 1148 cur).
3435 1077 3724 1135 Timidum

2116 1169 2260 1223 enim
2290 1168 2489 1222 animal
2517 1169 2572 1222 in
2597 1177 2766 1238 petrae
2787 1183 3082 1226 cavernam
3109 1183 3172 1224 se
3195 1169 3418 1240 recipit,
3469 1178 3530 1225 et
3583 1172 3726 1227 cutis

2112 1271 2328 1329 autem,
2353 1266 2413 1314 et
2461 1267 2573 1312 tota
2605 1269 2819 1314 armata
2860 1258 3079 1328 iaculis,
3123 1261 3228 1319 tali
3264 1275 3324 1315 se
3370 1263 3725 1332 protectione

2111 1363 2315 1410 tuetur.
2347 1353 2501 1416 {inde
2527 1363 2585 1410 et
2607 1356 2772 1430 Moysi
2787 1357 2991 1414 dicitur
3011 1373 3077 1414 eo
3093 1365 3336 1430 tempore
3358 1373 3478 1430 quo
3501 1361 3572 1415 de
3587 1361 3724 1433 Eg-

2111 1455 2208 1518 pto
2229 1447 2444 1520 fugerat
2466 1459 2522 1504 et
2546 1449 2856 1519 lepusculos
2879 1449 3095 1506 Domini
3125 1459 3245 1505 erat
3271 1469 3286 1504 :
3325 1450 3428 1506 Sta
3480 1453 3538 1505 in
3574 1453 3722 1523 fora-

2113 1539 2254 1596 utine
2271 1550 2458 1611 petra,
2477 1550 2528 1594 et
2555 1541 2848 1610 posteriora
2887 1557 3002 1594 mea
3034 1541 3228 1598 uidebis
3257 1542 3472 1614 (Exod.
3499 1545 3719 1615 xxxiii).

2185 1630 2254 1688 Et
2283 1633 2451 1688 omnis
2469 1632 2560 1704 qui
2588 1631 2738 1686 audit
2761 1632 2920 1688 acrba
2941 1649 3057 1688 mea
3085 1633 3221 1698 hac,
3257 1643 3310 1688 et
3337 1649 3449 1688 non
3484 1634 3621 1703 facit
3641 1653 3720 1700 ea,

2114 1723 2302 1780 similis
2331 1723 2429 1778 erit
2453 1724 2566 1778 uiro
2595 1722 2756 1778 stulto
2771 1719 2864 1792 qui
2891 1722 3173 1792 mdiﬁcauit
3193 1721 3416 1777 domum
3451 1741 3614 1778 suam
3638 1743 3725 1779 sa-

2111 1833 2210 1888 per
2245 1833 2485 1871 arenam.
2530 1815 2964 1871 Fundamentum
3005 1815 3151 1885 quod
3197 1816 3491 1886 apostolus
3525 1818 3722 1874 Paulus

411 1911 513 1969 bus
557 1919 864 1988 praeceptis,
915 1921 1114 1991 quibus
1147 1922 1458 1980 Christiana
1502 1926 1612 1980 vita
1661 1925 2006 1995 informatur,

2116 1909 2448 1966 architectus
2475 1909 2676 1980 posuit,
2705 1925 2872 1964 unum
2900 1916 2985 1964 est
3015 1908 3278 1964 Dominus
3319 1921 3524 1964 noster
3569 1909 3723 1966 Iesus

412 2019 533 2062 esse
578 2009 900 2077 perfectum.
972 2012 1136 2068 Multa
1179 2017 1378 2088 quippe
1427 2016 1688 2074 Dominus
1731 2035 1896 2090 supra
1942 2022 2009 2077 de

411 2108 601 2170 aperte
628 2103 786 2158 bonis
814 2105 1060 2171 malisve,
1085 2108 1252 2163 multa
1278 2109 1347 2164 de
1380 2125 1506 2166 vere
1535 2125 1598 2167 ac
1637 2112 1890 2168 simulate
1913 2113 2010 2170 bo-

410 2192 500 2247 nis
543 2192 827 2266 disputans
873 2197 1092 2270 (quibus
1135 2202 1310 2258 tribus
1357 2205 1604 2274 personis
1647 2221 1809 2260 omne
1838 2221 2009 2274 genus

410 2285 692 2342 hominum
736 2299 870 2360 puto
911 2294 1343 2366 comprehendi),
1389 2303 1561 2350 totum
1605 2312 1765 2352 suum
1797 2312 2007 2353 sermo-

409 2394 534 2435 nem
583 2383 816 2437 terribili
861 2385 1022 2439 simul
1063 2395 1120 2441 et
1157 2389 1378 2443 amabili
1419 2388 1674 2458 parabole
1714 2390 2005 2459 concludit,

410 2489 518 2544 qua
548 2476 684 2533 alios
713 2479 866 2534 verbi
895 2482 1172 2538 auditores
1201 2483 1430 2547 diabolo,
1465 2483 1599 2539 alios
1619 2483 1837 2541 Christo
1868 2487 2007 2542 assi-

409 2565 564 2621 miiat
593 2587 605 2621 :
631 2569 724 2639 qui
750 2571 938 2641 utique
963 2588 1117 2627 suam
1152 2573 1206 2628 in
1239 2575 1517 2630 hominum
1553 2576 1888 2648 subjectiouc
1915 2579 2008 2635 do-

409 2671 560 2714 mum
588 2662 862 2720 :ediiicare
888 2681 997 2720 non
1031 2666 1230 2722 desinit
1262 2681 1364 2738 per
1407 2677 1580 2724 totum
1625 2671 1786 2742 hujus
1827 2671 2009 2728 saeculi

413 2764 650 2822 tempus;
687 2763 742 2811 et
767 2765 894 2828 apte
921 2771 936 2812 :
968 2773 1201 2829 namque
1233 2760 1324 2829 qui
1357 2775 1638 2818 sermones
1665 2761 1865 2819 Christi
1907 2779 2007 2819 au-

406 2839 508 2908 dit,
537 2851 594 2898 ct
619 2844 770 2912 facit,
812 2849 1218 2920 comparabitur
1252 2848 1489 2916 Christo,
1521 2853 1646 2922 quia
1678 2853 1822 2909 sicut
1847 2853 2008 2911 Chri-

406 2939 524 2991 stus
553 2939 722 2994 variis
749 2939 1030 2996 hominum
1067 2943 1318 3012 personis
1358 2959 1523 2998 unam
1567 2944 1669 3001 sibi
1705 2944 2006 3002 Ecclesiam

405 3026 733 3085 catholicam
777 3034 1066 3100 construit,
1110 3035 1291 3090 erudit
1333 3044 1390 3091 et
1429 3038 1716 3108 gubernat,
1747 3039 1804 3094 in
1838 3039 2007 3096 vitam

403 3119 735 3192 quandoque
761 3125 1111 3182 dedicaturus
1139 3137 1422 3195 aeternam,
1465 3129 1544 3186 sic
1583 3139 1638 3186 et
1665 3132 1880 3188 auditor
1901 3133 2009 3189 uti-

2111 2002 2381 2060 Christns.
2413 2001 2594 2072 Super
2620 2001 2724 2056 hoc
2743 1999 3156 2059 fundamentum
3177 1999 3382 2056 stabile
3393 2010 3459 2056 et
3483 2000 3716 2069 limum,

2111 2101 2168 2148 et
2189 2108 2290 2163 per
2311 2109 2372 2148 se
2399 2091 2621 2148 robusta
2647 2091 2790 2146 mole
2811 2090 3122 2158 fundatum,
3171 2091 3494 2148 aediﬁcatur
3519 2092 3718 2148 Christi

2110 2185 2370 2241 Ecclesia.
2395 2183 2576 2256 Super
2603 2198 2827 2246 arenam
2855 2199 2982 2240 rem
3005 2183 3309 2254 qu-etlnida
3333 2192 3447 2248 est,
3476 2193 3536 2240 et
3561 2202 3716 2241 uiae-

2109 2277 2376 2349 gauentari
2414 2292 2520 2332 non
2543 2286 2743 2346 potest,
2779 2290 2884 2330 nec
2909 2276 2966 2330 in
2998 2290 3164 2330 unam
3213 2275 3484 2346 copulam
3537 2278 3710 2347 religi,

2109 2371 2290 2427 omnis
2309 2370 2692 2438 haereticorum
2713 2383 2896 2426 sermo
2920 2367 2989 2424 ad
3013 2369 3117 2424 hoc
3143 2367 3483 2434 aediﬁcatur,
3511 2379 3576 2424 ut
3599 2384 3712 2424 cor-

2109 2472 2250 2521 ruat.

2181 2577 2250 2632 Et
2275 2574 2540 2632 descendit
2587 2572 2789 2646 pluuia,
2827 2580 2878 2628 et
2914 2579 3163 2628 uenerunt
3191 2573 3453 2644 ﬂumina,
3490 2583 3544 2628 et
3573 2575 3714 2644 ﬂare-

2111 2678 2232 2725 runt
2261 2669 2422 2734 venti,
2475 2676 2525 2722 et
2572 2667 2843 2721 irrucrunt
2887 2665 2944 2720 in
2993 2665 3204 2720 domum
3230 2663 3496 2732 illam,et
3522 2666 3704 2721 cecidit.

2111 2759 2293 2834 (Aug.)
2318 2760 2458 2828 Quid
2479 2775 2578 2831 per
2601 2759 2860 2830 pluviam,
2883 2758 2991 2814 nisi
3007 2758 3364 2814 multimodas
3387 2759 3596 2815 diaboli
3613 2770 3714 2815 teti-

2111 2857 2374 2921 tationes;
2403 2870 2505 2926 per
2524 2853 2766 2920 ﬂumina,
2806 2860 3022 2924 apertas
3065 2851 3516 2926 manifestasqne
3545 2869 3712 2925 perse-

2109 2948 2388 3014 cutiones;
2425 2961 2526 3018 per
2545 2953 2757 3014 ventos,
2785 2944 3052 3017 malignos
3081 2944 3312 3016 spiritus
3342 2944 3591 3017 intelligi
3634 2961 3713 3000 ro-

2109 3039 2239 3095 luit:
2265 3040 2391 3110 quia
2421 3036 2846 3108 uniuscujusque
2871 3035 3209 3094 conscientia
3233 3049 3362 3106 quae
3389 3051 3496 3106 spe
3541 3035 3708 3091 deﬁxa

2110 3131 2165 3186 in
2187 3131 2474 3186 Dominum
2498 3145 2608 3186 non
2638 3136 2940 3200 permanet,
2983 3139 3162 3199 neque
3201 3126 3261 3181 in
3291 3128 3710 3194 tentatiouibis,

405 3209 492 3277 iis,
521 3211 676 3280 juxta
699 3218 982 3287 proprium
1010 3219 1290 3276 modulum
1316 3221 1488 3277 variis
1520 3223 1782 3280 virtutum
1814 3225 2006 3282 studiis
2036 3271 2078 3291 η
2112 3235 2291 3290 neque
2320 3235 2376 3274 Ill
2396 3219 2888 3291 persecutionibus,
2925 3231 3103 3290 neque
3126 3226 3258 3273 ante
3287 3217 3580 3290 malignos
3617 3219 3718 3289 spi-

405 3303 472 3358 ad
509 3320 744 3376 superna
776 3310 1069 3380 proficiens
1091 3353 1106 3379 ,
1153 3312 1542 3371 habitationem
1591 3318 1696 3374 sibi
1732 3329 2006 3390 perpetuae

402 3399 706 3454 mansionis
735 3401 974 3458 aedificat
1012 3423 1026 3459 :
1065 3404 1218 3476 cujus
1255 3407 1311 3462 in
1349 3410 1605 3478 praesenti
1653 3413 2004 3482 quadrandis,

403 3489 671 3558 potiendis
701 3495 1098 3568 charitatisque
1141 3499 1349 3571 glutino
1379 3503 1694 3573 copulandis
1739 3505 2006 3575 lapidibus

400 3581 591 3650 instat,
612 3587 712 3641 sed
729 3588 788 3642 in
811 3587 995 3644 futuro
1019 3607 1142 3646 cum
1166 3594 1387 3651 Christo
1409 3595 1747 3653 dedicatione
1767 3599 2003 3656 iactatur.

405 3677 474 3733 Et
503 3679 591 3736 ille
618 3697 749 3738 vere
775 3685 992 3754 sapiens
1016 3695 1101 3743 est
1127 3688 1219 3758 qui
1260 3706 1600 3758 mansurum,
1629 3708 1740 3748 non
1771 3693 1880 3750 cito
1907 3695 2002 3751 de-

402 3771 646 3839 eiduum,
693 3781 749 3830 et
783 3790 948 3848 supra
975 3786 1212 3849 petram,
1245 3795 1351 3836 non
1387 3797 1550 3854 supra
1583 3793 1807 3850 terram,
1837 3785 2007 3841 aedili-

401 3863 547 3920 cium
585 3883 746 3925 suum
783 3872 956 3941 ponit.
1009 3871 1129 3929 Non
1167 3876 1310 3930 enim
1336 3875 1622 3948 quisquam
1651 3879 1832 3934 firmat
1861 3879 2004 3952 quod

401 3958 574 4025 ntulit,
601 3961 684 4015 vel
710 3963 968 4033 percipit,
995 3965 1100 4020 nisi
1119 3965 1386 4022 faciendo.
1419 3968 1546 4024 Etsi
1565 3978 1720 4040 petra
1753 3970 2004 4026 Christus

402 4057 507 4113 est,
537 4051 682 4105 sicut
711 4053 879 4108 multa
905 4054 1315 4125 Scripturarum
1339 4059 1648 4116 testimonia
1683 4062 2002 4131 prredicant,

401 4139 495 4196 ille
517 4143 751 4200 aediﬁcat
774 4145 828 4199 in
849 4145 1090 4212 Christo,
1120 4147 1212 4218 qui
1253 4153 1395 4220 quod
1427 4153 1577 4208 audit
1605 4154 1672 4208 ab
1705 4153 1818 4219 illo,
1854 4153 2002 4210 facit.

477 4230 546 4285 Et
563 4233 827 4289 descendit
855 4237 1054 4307 pluvia,
1069 4248 1120 4292 et
1143 4252 1389 4296 uenerunt
1411 4244 1656 4313 flumina,
1678 4254 1724 4298 et
1746 4247 2004 4316 ﬂaverant

399 4326 542 4380 uenti
563 4336 612 4380 ct
639 4327 905 4385 irruerunt
931 4331 988 4386 in
1016 4331 1232 4388 domum
1252 4334 1423 4403 illam,
1454 4346 1501 4390 et
1528 4355 1630 4391 non
1643 4339 1848 4404 cecidit,
1880 4339 2002 4408 fun-

403 4415 533 4471 data
571 4419 710 4474 enim
751 4433 868 4476 erat
923 4440 1085 4498 supra
1113 4436 1336 4497 petram.
1381 4427 1564 4503 (Aug.)
1593 4429 1709 4485 Non
1741 4447 1870 4504 ergo
1898 4431 2003 4486 iste

397 4511 598 4565 metuit
651 4511 792 4570 ullas
821 4515 1142 4588 caliginosae
1197 4521 1611 4591 superstitiones
1659 4523 1810 4594 (quid
1856 4525 1998 4580 enim

2112 3314 2252 3370 ritus
2280 3313 2578 3372 subsistere
2604 3312 2772 3368 valet.
2799 3312 2867 3367 Et
2917 3320 3068 3369 tanto
3117 3311 3575 3384 uniuscujusque
3600 3327 3717 3367 eon-

2110 3405 2338 3462 scientia
2366 3404 2620 3477 malignis
2645 3403 2927 3474 spiritibus
2947 3402 3133 3459 acrius
3148 3401 3494 3468 concutitur,
3524 3411 3718 3475 quanto

2109 3515 2270 3556 mens
2294 3497 2537 3556 carnalis
2561 3497 2618 3552 in
2641 3497 2732 3553 his
2749 3512 2870 3568 qua
2889 3495 3078 3552 mundi
3101 3502 3230 3551 sunt
3258 3495 3516 3568 amplius
3562 3512 3596 3550 a
3639 3512 3718 3551 sr-

2108 3591 2418 3664 perioriints
2445 3580 2794 3662 disiungitur,
2817 3596 3133 3660 quantoque
3163 3587 3478 3658 ampliusin
3507 3587 3719 3644 inferio-

2110 3684 2262 3740 ribus
2279 3683 2541 3755 illigatur.
2553 3679 2764 3756 (Greg.)
2789 3681 2931 3754 Ergo
2951 3681 3046 3752 qui
3077 3681 3230 3736 audit
3256 3695 3562 3737 sermones
3574 3681 3718 3737 Chri-

2109 3777 2180 3833 sti
2211 3785 2396 3832 etnon
2422 3775 2570 3840 facit,
2605 3775 2720 3830 sive
2748 3774 2994 3833 initiatus
3023 3773 3300 3846 mysteriis
3331 3771 3577 3838 Chr-isti,
3627 3787 3717 3828 seu

2109 3872 2164 3925 in
2193 3878 2367 3925 totum
2399 3868 2660 3927 alienusa
2681 3866 2922 3934 Christo,
2951 3866 3082 3937 quia
3123 3865 3370 3936 seipsum
3413 3865 3568 3922 male
3597 3864 3717 3920 audi-

2109 3962 2258 4028 iicat,
2287 3961 2484 4020 similis
2505 3968 2592 4019 est
2610 3958 2819 4014 homini
2839 3956 3029 4023 stulto,
3059 3957 3126 4011 de
3169 3971 3282 4027 quo
3323 3956 3573 4012 dicitur:
3610 3955 3717 4010 lai-

2107 4057 2276 4110 micus
2305 4055 2461 4108 homo
2480 4053 2578 4107 hoc
2605 4050 2730 4123 fecit
2769 4049 2992 4122 (Matth.
3025 4047 3172 4120 xm),
3199 4046 3357 4118 wjus
3385 4063 3571 4120 opera
3609 4064 3716 4104 on-

2109 4149 2198 4204 nia
2227 4146 2501 4203 iustabilia
2527 4152 2653 4202 sunt
2677 4151 2735 4199 et
2761 4143 2932 4198 ruinae
2959 4149 3174 4214 parent.
3213 4139 3596 4214 ,Mauifestum
3639 4147 3716 4196 est

2107 4241 2256 4311 quia,
2285 4241 2570 4309 ingruente
2615 4235 2860 4308 qualibet
2913 4235 3236 4300 tentatione,
3303 4249 3438 4290 mox
3481 4243 3548 4290 et
3591 4247 3714 4292 vel!

2107 4335 2234 4389 mali
2259 4343 2316 4389 et
2345 4333 2470 4389 ﬁcte
2494 4333 2620 4388 boni
2647 4329 2868 4402 pejores
2900 4329 3058 4396 fiunt,
3091 4329 3268 4386 donec
3298 4329 3369 4384 ad
3401 4337 3714 4384 extremum

2105 4433 2428 4498 perpetuam
2457 4425 2710 4479 labantur
2735 4423 2788 4478 in
2811 4435 3049 4500 poenam.
3093 4420 3270 4478 Porro
3311 4421 3619 4478 moraliter
3639 4423 3718 4480 ἇ-

2107 4519 2340 4573 ecndum
2365 4517 2489 4587 quia
2529 4515 2886 4587 unusquisque
2925 4523 3157 4570 tentatur
3207 4532 3240 4569 ι
3279 4515 3717 4585 concupiscentia

403 4601 548 4657 aliud
577 4603 903 4678 intelligitur
919 4607 1126 4678 pluvia,
1154 4625 1280 4666 cum
1305 4611 1356 4666 in
1389 4613 1512 4666 mali
1541 4613 1770 4684 alicujus
1825 4615 1999 4688 signi-
2027 4645 2081 4704 D
2106 4608 2539 4675 sua,abstractus
2560 4616 2610 4662 et
2636 4605 2874 4660 illectus;
2898 4604 3104 4660 Dehinc
3123 4604 3563 4676 concupiscentia
3601 4621 3716 4659 can

399 4691 658 4750 iicatione
695 4698 993 4772 ponitur?)
1029 4710 1126 4756 aut
1181 4718 1432 4759 rumores
1485 4704 1767 4760 hominum
1801 4750 1813 4773 ,
1865 4724 2002 4778 quos
2031 4691 2075 4704 υ
2107 4703 2422 4773 conceperit,
2452 4701 2592 4772 parit
2611 4707 2905 4771 peccatum.
2929 4697 3222 4753 Peccatum
3249 4705 3432 4752 autem
3447 4713 3579 4752 curat
3603 4714 3717 4752 cea-

400 4789 578 4844 ventis
598 4799 944 4860 comparatos
971 4804 1132 4866 puto;
1155 4805 1249 4851 aut
1272 4796 1398 4852 vitae
1425 4797 1585 4867 hujus
1610 4797 1858 4863 ﬂuvium,
1883 4817 2001 4856 car-
2045 4807 2054 4816 ‘

400 4880 616 4938 nalibus
637 4884 1092 4956 concupiscentiis
1117 4895 1378 4958 tanquam
1407 4888 1666 4946 fluentem
1691 4907 1857 4963 super
1887 4902 1999 4949 ter—

399 4987 540 5028 ram.
597 4973 803 5030 Horum
837 4975 984 5032 enim
1011 4979 1199 5045 trium,
1227 4981 1322 5051 qui
1353 4983 1814 5053 prosperitatibus
1845 4985 2000 5041 indu-

402 5065 562 5132 citur,
592 5067 1016 5124 adversitatibus
1041 5067 1340 5142 frangitur;
1359 5087 1590 5143 quorum
1617 5075 1750 5130 nihil
1783 5077 1992 5145 metuit,

2105 4803 2428 4849 summatum
2469 4792 2632 4863 fuerit
2683 4800 2896 4864 generat
2941 4801 3162 4845 mortem
3215 4787 3363 4858 (Iac.
3407 4789 3482 4861 ι).
3525 4787 3716 4844 Potest

2101 4886 2266 4942 etiam
2296 4901 2394 4956 per
2416 4886 2675 4956 impetum
2693 4882 2930 4940 ﬂuminis
2948 4883 3178 4939 extremi
3197 4882 3388 4954 iudicii
3407 4881 3713 4937 diser-ima

2097 4977 2351 5051 intelligi,
2379 4977 2617 5051 quando,
2647 4988 2877 5049 utraque
2903 4975 3068 5032 dorno
3087 4983 3498 5040 consummata,
3539 4975 3714 5029 omnis

2103 5075 2195 5146 qui
2225 5091 2278 5128 se
2305 5073 2502 5129 exultat
2541 5071 2929 5136 humiliatiitur,
2959 5081 3007 5126 et
3034 5072 3127 5142 qui
3149 5085 3202 5124 se
3228 5069 3480 5123 humiliat
3502 5069 3715 5125 exalte-

400 5157 495 5228 qui
523 5159 800 5215 fundatam
824 5159 986 5217 habet
1013 5161 1235 5217 domum
1257 5177 1421 5234 super
1445 5173 1676 5235 petram,
1735 5167 1826 5235 qui
1885 5184 1993 5223 non
2107 5167 2266 5220 bitur.
2310 5166 2572 5238 Ibuntquc
2597 5164 2749 5235 impii
2786 5181 2893 5219 non
2918 5163 3090 5218 solum
3115 5159 3389 5228 homines,
3409 5163 3590 5217 sedet
3618 5178 3713 5217 au—

399 5248 576 5304 soium
629 5249 782 5307 audit
814 5264 1086 5324 praecepta
1141 5252 1373 5319 Domini,
1424 5255 1515 5310 sed
1557 5255 1722 5309 etiam
1748 5257 1898 5312 facit.
1931 5258 1998 5312 Et
2100 5257 2208 5330 geli
2238 5258 2329 5328 qui
2347 5257 2416 5310 ad
2437 5256 2709 5312 diabolum
2735 5257 3099 5328 pertinebant,
3125 5256 3180 5310 in
3201 5255 3520 5326 supplicium
3545 5265 3712 5311 mter-

399 5343 494 5400 his
515 5347 769 5403 omnibus
795 5349 1098 5420 periculose
1119 5347 1386 5418 subiacet,
1412 5351 1504 5419 qui
1523 5350 1675 5404 audit
1699 5359 1753 5404 et
1782 5367 1890 5405 non
1919 5352 1997 5405 fa-
2105 5365 2256 5414 num,
2305 5349 2434 5422 justi
2462 5357 2645 5404 autem
2685 5349 2740 5404 in
2765 5349 2938 5404 vitam
2982 5357 3242 5405 atatem
3272 5348 3498 5422 (Matth.
3525 5366 3704 5416 um;

401 5436 508 5492 cit:
537 5452 646 5494 non
670 5439 816 5494 enim
838 5441 1004 5497 habet
1031 5441 1224 5497 stabile
1248 5441 1688 5506 fundamentum;
1740 5443 1836 5496 sed
1895 5457 1992 5494 an-
2105 5439 2214 5496 Luc
2241 5457 2404 5507 xvur;
2432 5441 2622 5495 Matth.
2649 5440 2799 5511 xxv).

403 5529 601 5586 dicudo
631 5540 688 5588 et
736 5547 847 5589 non
889 5533 1142 5590 faciendo
1175 5533 1388 5588 ruinam
1416 5532 1672 5588 aediﬁcat.
1719 5530 1994 5605 (meram)
2177 5535 2244 5589 Et
2278 5536 2377 5606 fuit
2417 5535 2572 5590 ruina
2604 5534 2720 5604 ejus
2765 5549 2977 5604 magna.
3023 5532 3206 5604 (Aug)
3257 5533 3434 5593 Ruina
3475 5547 3700 5603 magna,

329 5685 333 5700 ζ
401 5621 575 5679 Aliter
599 5638 814 5696 quoque
837 5625 1019 5697 pluvia
1043 5625 1166 5692 ista,
1183 5639 1305 5694 qum
1326 5625 1546 5681 domum
1569 5625 1889 5680 subvertere
1916 5625 1998 5680 ni-
2097 5627 2190 5683 illa
2206 5627 2465 5682 nimirum
2493 5624 2842 5697 intelligenda
2861 5634 2946 5680 est
2963 5640 3071 5695 qua
3095 5626 3342 5679 dicutrus
3373 5633 3465 5679 est
3503 5624 3699 5679 Boni—

397 5716 559 5784 titur,
585 5717 832 5775 diabolus
857 5728 971 5785 est;
1020 5717 1267 5785 ﬂumina,
1295 5733 1487 5774 ornnes
1510 5718 1856 5784 Antichristi,
1899 5719 1994 5789 qui
2099 5737 2202 5776 nus
2223 5721 2568 5776 audientibus
2588 5729 2644 5780 et
2663 5736 2776 5775 non
2789 5719 3148 5774 facientibus:
3177 5717 3258 5772 Ite
3275 5719 3522 5788 iniquam
3537 5725 3701 5771 etab

405 5821 594 5866 contra
633 5812 916 5870 Christum
965 5812 1210 5882 sapiunt;
1240 5812 1413 5878 venti,
1434 5811 1713 5882 spiritales
1737 5812 1993 5882 nequitia:
2097 5829 2245 5877 nuru,
2277 5813 2366 5883 qui
2396 5821 2725 5882 preparatus
2749 5810 3052 5866 estdiabolo
3079 5819 3130 5864 ct
3153 5809 3358 5882 augetis
3383 5805 3524 5879 eius.
3548 5805 3700 5861 εει-

407 5899 462 5956 in
491 5903 822 5962 caelestibus.
862 5903 931 5959 Et
972 5921 1078 5959 non
1113 5906 1296 5960 cecidit
1323 5907 1538 5970 domus,
1579 5905 1807 5961 fundata
1850 5909 1989 5964 enim
2093 5904 2216 5971 risi,
2237 5913 2284 5957 et
2310 5919 2414 5958 non
2433 5902 2654 5964 dedistis
2672 5903 2806 5958 mihi
2819 5903 3181 5964 manducare:
3201 5902 3364 5964 :itici.
3379 5910 3434 5958 at
3457 5917 3568 5960 au
3587 5901 3696 5958 dc-
