  <div class='ocr_page' id='page_1' title='image "/cluster/home/n/w/nwhite01/storage/ocr_20150623/107/hvd.32044015466832/433.png"; bbox 0 0 3914 6444; ppageno 0'>
   <div class='ocr_carea' id='block_1_1' title="bbox 1097 360 3050 428">
    <p class='ocr_par' dir='ltr' id='par_1_1' title="bbox 1097 360 3050 428">
     <span class='ocr_line' id='line_1_1' title="bbox 1097 360 3050 428; baseline -0.003 -1"><span class='ocrx_word' id='word_1_1' title='bbox 1097 370 1160 428; x_wconf 84' lang='grc' dir='ltr'><strong>Β.</strong></span> <span class='ocrx_word' id='word_1_2' title='bbox 1202 370 1459 428; x_wconf 79' lang='lat' dir='ltr'><strong>RABANI</strong></span> <span class='ocrx_word' id='word_1_3' title='bbox 1493 367 1713 427; x_wconf 80' lang='lat' dir='ltr'><strong>MAURI</strong></span> <span class='ocrx_word' id='word_1_4' title='bbox 1748 360 2068 423; x_wconf 77' lang='lat' dir='ltr'><strong>ARCHIEP.</strong></span> <span class='ocrx_word' id='word_1_5' title='bbox 2102 360 2415 427; x_wconf 75' lang='lat' dir='ltr'><strong>MOGUNT.</strong></span> <span class='ocrx_word' id='word_1_6' title='bbox 2457 365 2755 425; x_wconf 75' lang='lat' dir='ltr'><strong>OPERUM</strong></span> <span class='ocrx_word' id='word_1_7' title='bbox 2790 364 2972 423; x_wconf 64' lang='lat' dir='ltr'><strong>PARS</strong></span> <span class='ocrx_word' id='word_1_8' title='bbox 3007 366 3050 422; x_wconf 88' lang='grc'><strong>1.</strong></span> 
     </span>
    </p>
   </div>
   <div class='ocr_carea' id='block_1_2' title="bbox 3642 361 3747 420">
    <p class='ocr_par' dir='ltr' id='par_1_2' title="bbox 3642 361 3747 420">
     <span class='ocr_line' id='line_1_2' title="bbox 3642 361 3747 420; baseline 0 0"><span class='ocrx_word' id='word_1_9' title='bbox 3642 361 3747 420; x_wconf 74' lang='lat'><strong>856</strong></span> 
     </span>
    </p>
   </div>
   <div class='ocr_carea' id='block_1_3' title="bbox 450 481 3747 563">
    <p class='ocr_par' dir='ltr' id='par_1_3' title="bbox 450 481 3747 563">
     <span class='ocr_line' id='line_1_3' title="bbox 450 481 3747 563; baseline -0.004 -10"><span class='ocrx_word' id='word_1_10' title='bbox 450 500 710 557; x_wconf 85' lang='lat' dir='ltr'><strong>taminari</strong></span> <span class='ocrx_word' id='word_1_11' title='bbox 745 506 852 549; x_wconf 89' lang='lat' dir='ltr'><strong>non</strong></span> <span class='ocrx_word' id='word_1_12' title='bbox 882 498 1114 563; x_wconf 80' lang='lat' dir='ltr'><strong>paterat,</strong></span> <span class='ocrx_word' id='word_1_13' title='bbox 1145 491 1384 561; x_wconf 89' lang='lat' dir='ltr'><strong>quialios</strong></span> <span class='ocrx_word' id='word_1_14' title='bbox 1403 488 1685 552; x_wconf 74' lang='lat' dir='ltr'><strong>liberabat,</strong></span> <span class='ocrx_word' id='word_1_15' title='bbox 1709 484 1860 555; x_wconf 85' lang='lat' dir='ltr'><strong>lepra</strong></span> <span class='ocrx_word' id='word_1_16' title='bbox 1880 489 2029 538; x_wconf 87' lang='lat' dir='ltr'><strong>tactu</strong></span> <span class='ocrx_word' id='word_1_17' title='bbox 2052 481 2110 544; x_wconf 79' lang='grc' dir='ltr'><strong>Λ</strong></span> <span class='ocrx_word' id='word_1_18' title='bbox 2132 495 2299 536; x_wconf 89' lang='lat' dir='ltr'><strong>manu</strong></span> <span class='ocrx_word' id='word_1_19' title='bbox 2325 481 2651 551; x_wconf 86' lang='lat' dir='ltr'><strong>Salvatoris,</strong></span> <span class='ocrx_word' id='word_1_20' title='bbox 2675 484 2731 540; x_wconf 87' lang='lat' dir='ltr'><strong>id</strong></span> <span class='ocrx_word' id='word_1_21' title='bbox 2759 492 2862 550; x_wconf 85' lang='lat' dir='ltr'><strong>est,</strong></span> <span class='ocrx_word' id='word_1_22' title='bbox 2888 484 3170 540; x_wconf 87' lang='lat' dir='ltr'><strong>incarnato</strong></span> <span class='ocrx_word' id='word_1_23' title='bbox 3189 483 3286 540; x_wconf 85' lang='lat' dir='ltr'><strong>Dei</strong></span> <span class='ocrx_word' id='word_1_24' title='bbox 3315 484 3519 550; x_wconf 70' lang='lat' dir='ltr'><strong>Verbo,</strong></span> <span class='ocrx_word' id='word_1_25' title='bbox 3545 487 3747 542; x_wconf 83' lang='lat' dir='ltr'><strong>huma-</strong></span> 
     </span>
    </p>
   </div>
   <div class='ocr_carea' id='block_1_4' title="bbox 448 581 2030 661">
    <p class='ocr_par' dir='ltr' id='par_1_4' title="bbox 448 581 2030 661">
     <span class='ocr_line' id='line_1_4' title="bbox 448 581 2030 661; baseline -0.012 -10"><span class='ocrx_word' id='word_1_26' title='bbox 448 594 669 651; x_wconf 90' lang='lat' dir='ltr'><strong>Domini</strong></span> <span class='ocrx_word' id='word_1_27' title='bbox 695 592 992 661; x_wconf 79' lang='lat' dir='ltr'><strong>fugaretur,</strong></span> <span class='ocrx_word' id='word_1_28' title='bbox 1025 600 1147 658; x_wconf 67' lang='lat' dir='ltr'><strong>quae</strong></span> <span class='ocrx_word' id='word_1_29' title='bbox 1179 585 1388 640; x_wconf 84' lang='lat' dir='ltr'><strong>solebat</strong></span> <span class='ocrx_word' id='word_1_30' title='bbox 1410 581 1783 638; x_wconf 75' lang='lat' dir='ltr'><strong>contaminare</strong></span> <span class='ocrx_word' id='word_1_31' title='bbox 1811 586 2030 649; x_wconf 87' lang='lat' dir='ltr'><strong>tangen-</strong></span> 
     </span>
    </p>
   </div>
   <div class='ocr_carea' id='block_1_5' title="bbox 450 674 2032 759">
    <p class='ocr_par' dir='ltr' id='par_1_5' title="bbox 450 674 2032 759">
     <span class='ocr_line' id='line_1_5' title="bbox 450 674 2032 759; baseline -0.013 -14"><span class='ocrx_word' id='word_1_32' title='bbox 450 699 586 745; x_wconf 85' lang='lat' dir='ltr'><strong>tem.</strong></span> <span class='ocrx_word' id='word_1_33' title='bbox 614 683 812 759; x_wconf 62' lang='grc' dir='ltr'><strong>(θήρ.)</strong></span> <span class='ocrx_word' id='word_1_34' title='bbox 837 681 1036 751; x_wconf 78' lang='lat' dir='ltr'><strong>Tetigit</strong></span> <span class='ocrx_word' id='word_1_35' title='bbox 1059 687 1122 735; x_wconf 91' lang='lat' dir='ltr'><strong>ut</strong></span> <span class='ocrx_word' id='word_1_36' title='bbox 1140 678 1499 734; x_wconf 72' lang='lat' dir='ltr'><strong>humilitatem</strong></span> <span class='ocrx_word' id='word_1_37' title='bbox 1522 674 1939 737; x_wconf 83' lang='lat' dir='ltr'><strong>demonstraret,</strong></span> <span class='ocrx_word' id='word_1_38' title='bbox 1970 679 2032 726; x_wconf 90' lang='lat' dir='ltr'><strong>ut</strong></span> 
     </span>
    </p>
   </div>
   <div class='ocr_carea' id='block_1_6' title="bbox 391 764 2032 845">
    <p class='ocr_par' dir='ltr' id='par_1_6' title="bbox 391 764 2032 845">
     <span class='ocr_line' id='line_1_6' title="bbox 391 764 2032 845; baseline -0.014 -5"><span class='ocrx_word' id='word_1_39' title='bbox 391 794 403 799; x_wconf 79' lang='lat'><strong>‘</strong></span> <span class='ocrx_word' id='word_1_40' title='bbox 449 798 552 839; x_wconf 88' lang='lat' dir='ltr'><strong>nos</strong></span> <span class='ocrx_word' id='word_1_41' title='bbox 584 782 803 836; x_wconf 89' lang='lat' dir='ltr'><strong>doceret</strong></span> <span class='ocrx_word' id='word_1_42' title='bbox 824 775 1030 831; x_wconf 92' lang='lat' dir='ltr'><strong>nullum</strong></span> <span class='ocrx_word' id='word_1_43' title='bbox 1049 786 1330 845; x_wconf 85' lang='lat' dir='ltr'><strong>spernere,</strong></span> <span class='ocrx_word' id='word_1_44' title='bbox 1346 769 1550 825; x_wconf 90' lang='lat' dir='ltr'><strong>nullum</strong></span> <span class='ocrx_word' id='word_1_45' title='bbox 1564 764 2032 833; x_wconf 88' lang='lat' dir='ltr'><strong>horrere,nullum</strong></span> 
     </span>
    </p>
   </div>
   <div class='ocr_carea' id='block_1_7' title="bbox 451 857 2029 940">
    <p class='ocr_par' dir='ltr' id='par_1_7' title="bbox 451 857 2029 940">
     <span class='ocr_line' id='line_1_7' title="bbox 451 857 2029 940; baseline -0.012 -11"><span class='ocrx_word' id='word_1_46' title='bbox 451 867 911 940; x_wconf 85' lang='lat' dir='ltr'><strong>contemptibilem</strong></span> <span class='ocrx_word' id='word_1_47' title='bbox 942 867 1158 929; x_wconf 90' lang='lat' dir='ltr'><strong>ducere,</strong></span> <span class='ocrx_word' id='word_1_48' title='bbox 1189 869 1413 935; x_wconf 88' lang='lat' dir='ltr'><strong>propter</strong></span> <span class='ocrx_word' id='word_1_49' title='bbox 1460 859 1704 930; x_wconf 90' lang='lat' dir='ltr'><strong>corporis</strong></span> <span class='ocrx_word' id='word_1_50' title='bbox 1732 857 2029 921; x_wconf 65' lang='lat' dir='ltr'><strong>lmsionem,</strong></span> 
     </span>
    </p>
   </div>
   <div class='ocr_carea' id='block_1_8' title="bbox 449 954 2030 1031">
    <p class='ocr_par' dir='ltr' id='par_1_8' title="bbox 449 954 2030 1031">
     <span class='ocr_line' id='line_1_8' title="bbox 449 954 2030 1031; baseline -0.012 -11"><span class='ocrx_word' id='word_1_51' title='bbox 449 972 544 1022; x_wconf 89' lang='lat' dir='ltr'><strong>aut</strong></span> <span class='ocrx_word' id='word_1_52' title='bbox 574 962 1016 1025; x_wconf 89' lang='lat' dir='ltr'><strong>maculationem,</strong></span> <span class='ocrx_word' id='word_1_53' title='bbox 1047 972 1169 1031; x_wconf 64' lang='lat' dir='ltr'><strong>quae</strong></span> <span class='ocrx_word' id='word_1_54' title='bbox 1188 972 1221 1012; x_wconf 89' lang='lat' dir='ltr'><strong>a</strong></span> <span class='ocrx_word' id='word_1_55' title='bbox 1247 956 1357 1011; x_wconf 92' lang='lat' dir='ltr'><strong>Deo</strong></span> <span class='ocrx_word' id='word_1_56' title='bbox 1384 954 1751 1009; x_wconf 85' lang='lat' dir='ltr'><strong>immittuntur</strong></span> <span class='ocrx_word' id='word_1_57' title='bbox 1782 964 1881 1020; x_wconf 91' lang='lat' dir='ltr'><strong>pro</strong></span> <span class='ocrx_word' id='word_1_58' title='bbox 1903 963 2030 1018; x_wconf 88' lang='lat' dir='ltr'><strong>qua,</strong></span> 
     </span>
    </p>
   </div>
   <div class='ocr_carea' id='block_1_9' title="bbox 446 1043 2035 1129">
    <p class='ocr_par' dir='ltr' id='par_1_9' title="bbox 446 1043 2035 1129">
     <span class='ocr_line' id='line_1_9' title="bbox 446 1043 2035 1129; baseline -0.011 -15"><span class='ocrx_word' id='word_1_59' title='bbox 446 1057 565 1129; x_wconf 89' lang='lat' dir='ltr'><strong>ipse</strong></span> <span class='ocrx_word' id='word_1_60' title='bbox 608 1058 732 1123; x_wconf 89' lang='lat' dir='ltr'><strong>scit,</strong></span> <span class='ocrx_word' id='word_1_61' title='bbox 764 1056 993 1111; x_wconf 89' lang='lat' dir='ltr'><strong>ratione.</strong></span> <span class='ocrx_word' id='word_1_62' title='bbox 1028 1050 1310 1122; x_wconf 86' lang='lat' dir='ltr'><strong>Simulque</strong></span> <span class='ocrx_word' id='word_1_63' title='bbox 1335 1047 1465 1103; x_wconf 91' lang='lat' dir='ltr'><strong>illud</strong></span> <span class='ocrx_word' id='word_1_64' title='bbox 1495 1045 1750 1102; x_wconf 83' lang='lat' dir='ltr'><strong>mirabile</strong></span> <span class='ocrx_word' id='word_1_65' title='bbox 1783 1043 1929 1114; x_wconf 91' lang='lat' dir='ltr'><strong>quod</strong></span> <span class='ocrx_word' id='word_1_66' title='bbox 1968 1055 2035 1096; x_wconf 89' lang='lat' dir='ltr'><strong>eo</strong></span> 
     </span>
    </p>
   </div>
   <div class='ocr_carea' id='block_1_10' title="bbox 445 1134 2034 1221">
    <p class='ocr_par' dir='ltr' id='par_1_10' title="bbox 445 1134 2034 1221">
     <span class='ocr_line' id='line_1_10' title="bbox 445 1134 2034 1221; baseline -0.013 -14"><span class='ocrx_word' id='word_1_67' title='bbox 445 1150 658 1207; x_wconf 81' lang='lat' dir='ltr'><strong>sanavit</strong></span> <span class='ocrx_word' id='word_1_68' title='bbox 681 1164 880 1221; x_wconf 79' lang='lat' dir='ltr'><strong>genere</strong></span> <span class='ocrx_word' id='word_1_69' title='bbox 904 1161 1011 1218; x_wconf 91' lang='lat' dir='ltr'><strong>quo</strong></span> <span class='ocrx_word' id='word_1_70' title='bbox 1038 1145 1215 1200; x_wconf 85' lang='lat' dir='ltr'><strong>fuerat</strong></span> <span class='ocrx_word' id='word_1_71' title='bbox 1239 1143 1575 1198; x_wconf 88' lang='lat' dir='ltr'><strong>obsecratus.</strong></span> <span class='ocrx_word' id='word_1_72' title='bbox 1602 1135 1660 1193; x_wconf 93' lang='lat' dir='ltr'><strong>Si</strong></span> <span class='ocrx_word' id='word_1_73' title='bbox 1690 1136 1787 1203; x_wconf 79' lang='lat' dir='ltr'><strong>vis,</strong></span> <span class='ocrx_word' id='word_1_74' title='bbox 1817 1134 1913 1200; x_wconf 90' lang='lat' dir='ltr'><strong>ait,</strong></span> <span class='ocrx_word' id='word_1_75' title='bbox 1936 1149 2034 1204; x_wconf 85' lang='lat' dir='ltr'><strong>po-</strong></span> 
     </span>
    </p>
   </div>
   <div class='ocr_carea' id='block_1_11' title="bbox 444 1232 1640 1308">
    <p class='ocr_par' dir='ltr' id='par_1_11' title="bbox 444 1232 1640 1308">
     <span class='ocr_line' id='line_1_11' title="bbox 444 1232 1640 1308; baseline -0.013 -7"><span class='ocrx_word' id='word_1_76' title='bbox 444 1256 518 1301; x_wconf 94' lang='lat' dir='ltr'><strong>tes</strong></span> <span class='ocrx_word' id='word_1_77' title='bbox 538 1262 620 1300; x_wconf 89' lang='lat' dir='ltr'><strong>me</strong></span> <span class='ocrx_word' id='word_1_78' title='bbox 644 1242 919 1299; x_wconf 87' lang='lat' dir='ltr'><strong>mundare.</strong></span> <span class='ocrx_word' id='word_1_79' title='bbox 955 1238 1111 1306; x_wconf 86' lang='lat' dir='ltr'><strong>Volo,</strong></span> <span class='ocrx_word' id='word_1_80' title='bbox 1138 1236 1332 1308; x_wconf 86' lang='lat' dir='ltr'><strong>inquit,</strong></span> <span class='ocrx_word' id='word_1_81' title='bbox 1364 1232 1640 1288; x_wconf 87' lang='lat' dir='ltr'><strong>mundare.</strong></span> 
     </span>
    </p>
   </div>
   <div class='ocr_carea' id='block_1_12' title="bbox 515 1341 2039 1427">
    <p class='ocr_par' dir='ltr' id='par_1_12' title="bbox 515 1341 2039 1427">
     <span class='ocr_line' id='line_1_12' title="bbox 515 1341 2039 1427; baseline -0.01 -15"><span class='ocrx_word' id='word_1_82' title='bbox 515 1357 586 1412; x_wconf 87' lang='lat' dir='ltr'><strong>Et</strong></span> <span class='ocrx_word' id='word_1_83' title='bbox 613 1357 888 1427; x_wconf 76' lang='lat' dir='ltr'><strong>confestim</strong></span> <span class='ocrx_word' id='word_1_84' title='bbox 930 1354 1188 1409; x_wconf 87' lang='lat' dir='ltr'><strong>mundata</strong></span> <span class='ocrx_word' id='word_1_85' title='bbox 1232 1359 1307 1406; x_wconf 89' lang='lat' dir='ltr'><strong>est</strong></span> <span class='ocrx_word' id='word_1_86' title='bbox 1336 1349 1481 1420; x_wconf 82' lang='lat' dir='ltr'><strong>lepra</strong></span> <span class='ocrx_word' id='word_1_87' title='bbox 1502 1348 1639 1419; x_wconf 88' lang='lat' dir='ltr'><strong>ejus.</strong></span> <span class='ocrx_word' id='word_1_88' title='bbox 1672 1343 1856 1418; x_wconf 81' lang='lat' dir='ltr'><strong>(Aug.)</strong></span> <span class='ocrx_word' id='word_1_89' title='bbox 1892 1341 2039 1397; x_wconf 87' lang='lat' dir='ltr'><strong>Nihil</strong></span> 
     </span>
    </p>
   </div>
   <div class='ocr_carea' id='block_1_13' title="bbox 440 1434 2040 1517">
    <p class='ocr_par' dir='ltr' id='par_1_13' title="bbox 440 1434 2040 1517">
     <span class='ocr_line' id='line_1_13' title="bbox 440 1434 2040 1517; baseline -0.012 -11"><span class='ocrx_word' id='word_1_90' title='bbox 440 1451 680 1506; x_wconf 89' lang='lat' dir='ltr'><strong>medium</strong></span> <span class='ocrx_word' id='word_1_91' title='bbox 704 1457 787 1505; x_wconf 92' lang='lat' dir='ltr'><strong>est</strong></span> <span class='ocrx_word' id='word_1_92' title='bbox 807 1451 949 1503; x_wconf 90' lang='lat' dir='ltr'><strong>inter</strong></span> <span class='ocrx_word' id='word_1_93' title='bbox 970 1460 1106 1517; x_wconf 91' lang='lat' dir='ltr'><strong>opus</strong></span> <span class='ocrx_word' id='word_1_94' title='bbox 1133 1444 1230 1499; x_wconf 89' lang='lat' dir='ltr'><strong>Dei</strong></span> <span class='ocrx_word' id='word_1_95' title='bbox 1259 1451 1420 1514; x_wconf 83' lang='lat' dir='ltr'><strong>atque</strong></span> <span class='ocrx_word' id='word_1_96' title='bbox 1440 1445 1794 1511; x_wconf 82' lang='lat' dir='ltr'><strong>praeceptum,</strong></span> <span class='ocrx_word' id='word_1_97' title='bbox 1819 1435 1947 1505; x_wconf 86' lang='lat' dir='ltr'><strong>quia</strong></span> <span class='ocrx_word' id='word_1_98' title='bbox 1983 1434 2040 1487; x_wconf 91' lang='lat' dir='ltr'><strong>in</strong></span> 
     </span>
    </p>
   </div>
   <div class='ocr_carea' id='block_1_14' title="bbox 442 1525 2035 1613">
    <p class='ocr_par' dir='ltr' id='par_1_14' title="bbox 442 1525 2035 1613">
     <span class='ocr_line' id='line_1_14' title="bbox 442 1525 2035 1613; baseline -0.011 -16"><span class='ocrx_word' id='word_1_99' title='bbox 442 1550 715 1613; x_wconf 70' lang='lat' dir='ltr'><strong>praecepto</strong></span> <span class='ocrx_word' id='word_1_100' title='bbox 736 1549 823 1596; x_wconf 92' lang='lat' dir='ltr'><strong>est</strong></span> <span class='ocrx_word' id='word_1_101' title='bbox 840 1555 995 1610; x_wconf 92' lang='lat' dir='ltr'><strong>opus.</strong></span> <span class='ocrx_word' id='word_1_102' title='bbox 1020 1537 1263 1606; x_wconf 90' lang='lat' dir='ltr'><strong>Denique</strong></span> <span class='ocrx_word' id='word_1_103' title='bbox 1303 1535 1436 1589; x_wconf 70' lang='lat' dir='ltr'><strong>dixit</strong></span> <span class='ocrx_word' id='word_1_104' title='bbox 1458 1542 1506 1588; x_wconf 86' lang='lat' dir='ltr'><strong>et</strong></span> <span class='ocrx_word' id='word_1_105' title='bbox 1533 1531 1675 1602; x_wconf 84' lang='lat' dir='ltr'><strong>facta</strong></span> <span class='ocrx_word' id='word_1_106' title='bbox 1703 1537 1825 1584; x_wconf 86' lang='lat' dir='ltr'><strong>sunt</strong></span> <span class='ocrx_word' id='word_1_107' title='bbox 1862 1525 2035 1599; x_wconf 87' lang='lat' dir='ltr'><strong>(Psal.</strong></span> 
     </span>
    </p>
   </div>
   <div class='ocr_carea' id='block_1_15' title="bbox 441 1619 2039 1705">
    <p class='ocr_par' dir='ltr' id='par_1_15' title="bbox 441 1619 2039 1705">
     <span class='ocr_line' id='line_1_15' title="bbox 441 1619 2039 1705; baseline -0.009 -17"><span class='ocrx_word' id='word_1_108' title='bbox 441 1632 690 1705; x_wconf 68' lang='lat' dir='ltr'><strong>exnvm).</strong></span> <span class='ocrx_word' id='word_1_109' title='bbox 719 1631 883 1687; x_wconf 82' lang='lat' dir='ltr'><strong>Vides</strong></span> <span class='ocrx_word' id='word_1_110' title='bbox 910 1631 1080 1702; x_wconf 79' lang='lat' dir='ltr'><strong>igitur</strong></span> <span class='ocrx_word' id='word_1_111' title='bbox 1104 1629 1248 1699; x_wconf 90' lang='lat' dir='ltr'><strong>quod</strong></span> <span class='ocrx_word' id='word_1_112' title='bbox 1274 1625 1512 1683; x_wconf 88' lang='lat' dir='ltr'><strong>dubitari</strong></span> <span class='ocrx_word' id='word_1_113' title='bbox 1546 1640 1655 1679; x_wconf 90' lang='lat' dir='ltr'><strong>non</strong></span> <span class='ocrx_word' id='word_1_114' title='bbox 1679 1628 1877 1694; x_wconf 90' lang='lat' dir='ltr'><strong>potest,</strong></span> <span class='ocrx_word' id='word_1_115' title='bbox 1909 1619 2039 1690; x_wconf 85' lang='lat' dir='ltr'><strong>quia</strong></span> 
     </span>
    </p>
   </div>
   <div class='ocr_carea' id='block_1_16' title="bbox 440 1716 2039 1795">
    <p class='ocr_par' dir='ltr' id='par_1_16' title="bbox 440 1716 2039 1795">
     <span class='ocr_line' id='line_1_16' title="bbox 440 1716 2039 1795; baseline -0.006 -17"><span class='ocrx_word' id='word_1_116' title='bbox 440 1726 690 1781; x_wconf 78' lang='lat' dir='ltr'><strong>voluntas</strong></span> <span class='ocrx_word' id='word_1_117' title='bbox 712 1725 807 1780; x_wconf 87' lang='lat' dir='ltr'><strong>Dei</strong></span> <span class='ocrx_word' id='word_1_118' title='bbox 828 1732 1069 1795; x_wconf 88' lang='lat' dir='ltr'><strong>potestas</strong></span> <span class='ocrx_word' id='word_1_119' title='bbox 1092 1732 1196 1778; x_wconf 88' lang='lat' dir='ltr'><strong>est.</strong></span> <span class='ocrx_word' id='word_1_120' title='bbox 1235 1721 1336 1788; x_wconf 86' lang='lat' dir='ltr'><strong>Qui</strong></span> <span class='ocrx_word' id='word_1_121' title='bbox 1361 1720 1519 1775; x_wconf 92' lang='lat' dir='ltr'><strong>unius</strong></span> <span class='ocrx_word' id='word_1_122' title='bbox 1547 1716 1843 1773; x_wconf 84' lang='lat' dir='ltr'><strong>voluntatis</strong></span> <span class='ocrx_word' id='word_1_123' title='bbox 1885 1729 2039 1770; x_wconf 91' lang='lat' dir='ltr'><strong>asse-</strong></span> 
     </span>
    </p>
   </div>
   <div class='ocr_carea' id='block_1_17' title="bbox 443 1806 2039 1886">
    <p class='ocr_par' dir='ltr' id='par_1_17' title="bbox 443 1806 2039 1886">
     <span class='ocr_line' id='line_1_17' title="bbox 443 1806 2039 1886; baseline -0.006 -15"><span class='ocrx_word' id='word_1_124' title='bbox 443 1826 587 1881; x_wconf 88' lang='lat' dir='ltr'><strong>runt,</strong></span> <span class='ocrx_word' id='word_1_125' title='bbox 621 1818 779 1871; x_wconf 89' lang='lat' dir='ltr'><strong>unius</strong></span> <span class='ocrx_word' id='word_1_126' title='bbox 804 1818 992 1886; x_wconf 89' lang='lat' dir='ltr'><strong>utique</strong></span> <span class='ocrx_word' id='word_1_127' title='bbox 1032 1823 1284 1871; x_wconf 90' lang='lat' dir='ltr'><strong>asserunt</strong></span> <span class='ocrx_word' id='word_1_128' title='bbox 1301 1811 1607 1883; x_wconf 88' lang='lat' dir='ltr'><strong>potestatis.</strong></span> <span class='ocrx_word' id='word_1_129' title='bbox 1658 1809 1841 1880; x_wconf 87' lang='lat' dir='ltr'><strong>Itaque</strong></span> <span class='ocrx_word' id='word_1_130' title='bbox 1883 1806 2039 1878; x_wconf 90' lang='lat' dir='ltr'><strong>quasi</strong></span> 
     </span>
    </p>
   </div>
   <div class='ocr_carea' id='block_1_18' title="bbox 444 1903 2041 1983">
    <p class='ocr_par' dir='ltr' id='par_1_18' title="bbox 444 1903 2041 1983">
     <span class='ocr_line' id='line_1_18' title="bbox 444 1903 2041 1983; baseline -0.004 -17"><span class='ocrx_word' id='word_1_131' title='bbox 444 1913 650 1968; x_wconf 88' lang='lat' dir='ltr'><strong>habens</strong></span> <span class='ocrx_word' id='word_1_132' title='bbox 662 1919 1009 1983; x_wconf 86' lang='lat' dir='ltr'><strong>potestatem,</strong></span> <span class='ocrx_word' id='word_1_133' title='bbox 1027 1919 1082 1966; x_wconf 91' lang='lat' dir='ltr'><strong>et</strong></span> <span class='ocrx_word' id='word_1_134' title='bbox 1102 1909 1325 1981; x_wconf 89' lang='lat' dir='ltr'><strong>jubendi</strong></span> <span class='ocrx_word' id='word_1_135' title='bbox 1354 1908 1759 1972; x_wconf 88' lang='lat' dir='ltr'><strong>auctoritatem,</strong></span> <span class='ocrx_word' id='word_1_136' title='bbox 1781 1903 2041 1976; x_wconf 86' lang='lat' dir='ltr'><strong>operandi</strong></span> 
     </span>
    </p>
   </div>
   <div class='ocr_carea' id='block_1_19' title="bbox 444 1998 2042 2074">
    <p class='ocr_par' dir='ltr' id='par_1_19' title="bbox 444 1998 2042 2074">
     <span class='ocr_line' id='line_1_19' title="bbox 444 1998 2042 2074; baseline -0.004 -15"><span class='ocrx_word' id='word_1_137' title='bbox 444 2007 813 2062; x_wconf 85' lang='lat' dir='ltr'><strong>testimonium</strong></span> <span class='ocrx_word' id='word_1_138' title='bbox 836 2022 945 2061; x_wconf 92' lang='lat' dir='ltr'><strong>non</strong></span> <span class='ocrx_word' id='word_1_139' title='bbox 972 2004 1191 2074; x_wconf 79' lang='lat' dir='ltr'><strong>refugit.</strong></span> <span class='ocrx_word' id='word_1_140' title='bbox 1225 2003 1379 2071; x_wconf 83' lang='lat' dir='ltr'><strong>Quod</strong></span> <span class='ocrx_word' id='word_1_141' title='bbox 1402 2010 1583 2058; x_wconf 89' lang='lat' dir='ltr'><strong>autem</strong></span> <span class='ocrx_word' id='word_1_142' title='bbox 1610 2000 1946 2057; x_wconf 89' lang='lat' dir='ltr'><strong>descendens</strong></span> <span class='ocrx_word' id='word_1_143' title='bbox 1975 1998 2042 2053; x_wconf 86' lang='lat' dir='ltr'><strong>de</strong></span> 
     </span>
    </p>
   </div>
   <div class='ocr_carea' id='block_1_20' title="bbox 440 2090 2041 2168">
    <p class='ocr_par' dir='ltr' id='par_1_20' title="bbox 440 2090 2041 2168">
     <span class='ocr_line' id='line_1_20' title="bbox 440 2090 2041 2168; baseline -0.004 -17"><span class='ocrx_word' id='word_1_144' title='bbox 440 2106 623 2153; x_wconf 86' lang='lat' dir='ltr'><strong>monte</strong></span> <span class='ocrx_word' id='word_1_145' title='bbox 652 2105 1003 2168; x_wconf 83' lang='lat' dir='ltr'><strong>posteaquam</strong></span> <span class='ocrx_word' id='word_1_146' title='bbox 1027 2103 1297 2167; x_wconf 65' lang='lat' dir='ltr'><strong>praecepta</strong></span> <span class='ocrx_word' id='word_1_147' title='bbox 1320 2095 1430 2150; x_wconf 92' lang='lat' dir='ltr'><strong>illic</strong></span> <span class='ocrx_word' id='word_1_148' title='bbox 1466 2091 1744 2162; x_wconf 89' lang='lat' dir='ltr'><strong>discipulis</strong></span> <span class='ocrx_word' id='word_1_149' title='bbox 1773 2102 1829 2145; x_wconf 90' lang='lat' dir='ltr'><strong>et</strong></span> <span class='ocrx_word' id='word_1_150' title='bbox 1852 2090 2041 2157; x_wconf 85' lang='lat' dir='ltr'><strong>multi-</strong></span> 
     </span>
    </p>
   </div>
   <div class='ocr_carea' id='block_1_21' title="bbox 443 2185 2039 2263">
    <p class='ocr_par' dir='ltr' id='par_1_21' title="bbox 443 2185 2039 2263">
     <span class='ocr_line' id='line_1_21' title="bbox 443 2185 2039 2263; baseline -0.006 -17"><span class='ocrx_word' id='word_1_151' title='bbox 443 2192 613 2247; x_wconf 86' lang='lat' dir='ltr'><strong>tudini</strong></span> <span class='ocrx_word' id='word_1_152' title='bbox 666 2190 850 2257; x_wconf 84' lang='lat' dir='ltr'><strong>dedit,</strong></span> <span class='ocrx_word' id='word_1_153' title='bbox 902 2190 1176 2263; x_wconf 88' lang='lat' dir='ltr'><strong>lcprosum</strong></span> <span class='ocrx_word' id='word_1_154' title='bbox 1226 2189 1410 2243; x_wconf 87' lang='lat' dir='ltr'><strong>statim</strong></span> <span class='ocrx_word' id='word_1_155' title='bbox 1472 2185 1772 2241; x_wconf 78' lang='lat' dir='ltr'><strong>extendens</strong></span> <span class='ocrx_word' id='word_1_156' title='bbox 1818 2198 2039 2238; x_wconf 87' lang='lat' dir='ltr'><strong>manum</strong></span> 
     </span>
    </p>
   </div>
   <div class='ocr_carea' id='block_1_22' title="bbox 438 2275 2041 2359">
    <p class='ocr_par' dir='ltr' id='par_1_22' title="bbox 438 2275 2041 2359">
     <span class='ocr_line' id='line_1_22' title="bbox 438 2275 2041 2359; baseline -0.007 -16"><span class='ocrx_word' id='word_1_157' title='bbox 438 2304 590 2344; x_wconf 90' lang='lat' dir='ltr'><strong>suam</strong></span> <span class='ocrx_word' id='word_1_158' title='bbox 620 2295 799 2355; x_wconf 87' lang='lat' dir='ltr'><strong>curat,</strong></span> <span class='ocrx_word' id='word_1_159' title='bbox 820 2286 1091 2359; x_wconf 84' lang='lat' dir='ltr'><strong>signiﬁcat</strong></span> <span class='ocrx_word' id='word_1_160' title='bbox 1117 2300 1211 2341; x_wconf 89' lang='lat' dir='ltr'><strong>eos</strong></span> <span class='ocrx_word' id='word_1_161' title='bbox 1233 2284 1325 2354; x_wconf 91' lang='lat' dir='ltr'><strong>qui</strong></span> <span class='ocrx_word' id='word_1_162' title='bbox 1357 2283 1424 2338; x_wconf 91' lang='lat' dir='ltr'><strong>de</strong></span> <span class='ocrx_word' id='word_1_163' title='bbox 1444 2281 1551 2336; x_wconf 88' lang='lat' dir='ltr'><strong>illis</strong></span> <span class='ocrx_word' id='word_1_164' title='bbox 1580 2278 1865 2350; x_wconf 90' lang='lat' dir='ltr'><strong>implendis</strong></span> <span class='ocrx_word' id='word_1_165' title='bbox 1887 2275 2041 2333; x_wconf 87' lang='lat' dir='ltr'><strong>dubi-</strong></span> 
     </span>
    </p>
   </div>
   <div class='ocr_carea' id='block_1_23' title="bbox 440 2371 2001 2450">
    <p class='ocr_par' dir='ltr' id='par_1_23' title="bbox 440 2371 2001 2450">
     <span class='ocr_line' id='line_1_23' title="bbox 440 2371 2001 2450; baseline -0.008 -14"><span class='ocrx_word' id='word_1_166' title='bbox 440 2391 558 2437; x_wconf 84' lang='lat' dir='ltr'><strong>tant</strong></span> <span class='ocrx_word' id='word_1_167' title='bbox 590 2397 688 2438; x_wconf 91' lang='lat' dir='ltr'><strong>suo</strong></span> <span class='ocrx_word' id='word_1_168' title='bbox 715 2380 919 2436; x_wconf 82' lang='lat' dir='ltr'><strong>auxilio</strong></span> <span class='ocrx_word' id='word_1_169' title='bbox 950 2381 1016 2435; x_wconf 87' lang='lat' dir='ltr'><strong>ab</strong></span> <span class='ocrx_word' id='word_1_170' title='bbox 1040 2377 1415 2450; x_wconf 87' lang='lat' dir='ltr'><strong>hujuscemodi</strong></span> <span class='ocrx_word' id='word_1_171' title='bbox 1441 2376 1703 2431; x_wconf 80' lang='lat' dir='ltr'><strong>varietate</strong></span> <span class='ocrx_word' id='word_1_172' title='bbox 1732 2371 2001 2427; x_wconf 87' lang='lat' dir='ltr'><strong>mundari.</strong></span> 
     </span>
    </p>
   </div>
   <div class='ocr_carea' id='block_1_24' title="bbox 508 2483 2035 2559">
    <p class='ocr_par' dir='ltr' id='par_1_24' title="bbox 508 2483 2035 2559">
     <span class='ocr_line' id='line_1_24' title="bbox 508 2483 2035 2559; baseline -0.007 -10"><span class='ocrx_word' id='word_1_173' title='bbox 508 2495 577 2550; x_wconf 85' lang='lat' dir='ltr'><strong>Et</strong></span> <span class='ocrx_word' id='word_1_174' title='bbox 600 2496 675 2550; x_wconf 89' lang='lat' dir='ltr'><strong>ait</strong></span> <span class='ocrx_word' id='word_1_175' title='bbox 704 2494 785 2549; x_wconf 84' lang='lat' dir='ltr'><strong>illi</strong></span> <span class='ocrx_word' id='word_1_176' title='bbox 805 2492 1001 2549; x_wconf 79' lang='lat' dir='ltr'><strong>Iesus:</strong></span> <span class='ocrx_word' id='word_1_177' title='bbox 1031 2492 1164 2547; x_wconf 84' lang='lat' dir='ltr'><strong>Vide</strong></span> <span class='ocrx_word' id='word_1_178' title='bbox 1185 2491 1380 2547; x_wconf 85' lang='lat' dir='ltr'><strong>nemini</strong></span> <span class='ocrx_word' id='word_1_179' title='bbox 1421 2490 1641 2545; x_wconf 70' lang='lat' dir='ltr'><strong>dixeris.</strong></span> <span class='ocrx_word' id='word_1_180' title='bbox 1667 2483 1941 2559; x_wconf 85' lang='lat' dir='ltr'><strong>(Hieron.)</strong></span> <span class='ocrx_word' id='word_1_181' title='bbox 1966 2484 2035 2538; x_wconf 87' lang='lat' dir='ltr'><strong>Et</strong></span> 
     </span>
    </p>
   </div>
   <div class='ocr_carea' id='block_1_25' title="bbox 441 2576 2037 2656">
    <p class='ocr_par' dir='ltr' id='par_1_25' title="bbox 441 2576 2037 2656">
     <span class='ocr_line' id='line_1_25' title="bbox 441 2576 2037 2656; baseline -0.006 -15"><span class='ocrx_word' id='word_1_182' title='bbox 441 2602 634 2642; x_wconf 85' lang='lat' dir='ltr'><strong>revera</strong></span> <span class='ocrx_word' id='word_1_183' title='bbox 663 2587 794 2656; x_wconf 89' lang='lat' dir='ltr'><strong>quid</strong></span> <span class='ocrx_word' id='word_1_184' title='bbox 825 2594 946 2640; x_wconf 90' lang='lat' dir='ltr'><strong>erat</strong></span> <span class='ocrx_word' id='word_1_185' title='bbox 975 2598 1200 2641; x_wconf 90' lang='lat' dir='ltr'><strong>necesse</strong></span> <span class='ocrx_word' id='word_1_186' title='bbox 1232 2590 1291 2638; x_wconf 89' lang='lat' dir='ltr'><strong>ut</strong></span> <span class='ocrx_word' id='word_1_187' title='bbox 1330 2596 1583 2638; x_wconf 89' lang='lat' dir='ltr'><strong>sermone</strong></span> <span class='ocrx_word' id='word_1_188' title='bbox 1624 2579 1859 2649; x_wconf 86' lang='lat' dir='ltr'><strong>jactaret</strong></span> <span class='ocrx_word' id='word_1_189' title='bbox 1891 2576 2037 2647; x_wconf 90' lang='lat' dir='ltr'><strong>quod</strong></span> 
     </span>
    </p>
   </div>
   <div class='ocr_carea' id='block_1_26' title="bbox 438 2670 2032 2751">
    <p class='ocr_par' dir='ltr' id='par_1_26' title="bbox 438 2670 2032 2751">
     <span class='ocr_line' id='line_1_26' title="bbox 438 2670 2032 2751; baseline -0.009 -14"><span class='ocrx_word' id='word_1_190' title='bbox 438 2696 668 2751; x_wconf 84' lang='lat' dir='ltr'><strong>corpore</strong></span> <span class='ocrx_word' id='word_1_191' title='bbox 687 2678 1051 2750; x_wconf 75' lang='lat' dir='ltr'><strong>praeferebat?</strong></span> <span class='ocrx_word' id='word_1_192' title='bbox 1066 2678 1247 2746; x_wconf 82' lang='lat' dir='ltr'><strong>Quare</strong></span> <span class='ocrx_word' id='word_1_193' title='bbox 1271 2675 1586 2747; x_wconf 67' lang='lat' dir='ltr'><strong>praecipitur</strong></span> <span class='ocrx_word' id='word_1_194' title='bbox 1608 2671 1811 2728; x_wconf 88' lang='lat' dir='ltr'><strong>nemini</strong></span> <span class='ocrx_word' id='word_1_195' title='bbox 1830 2670 2032 2732; x_wconf 87' lang='lat' dir='ltr'><strong>dicere,</strong></span> 
     </span>
    </p>
   </div>
   <div class='ocr_carea' id='block_1_27' title="bbox 434 2762 2036 2840">
    <p class='ocr_par' dir='ltr' id='par_1_27' title="bbox 434 2762 2036 2840">
     <span class='ocr_line' id='line_1_27' title="bbox 434 2762 2036 2840; baseline -0.007 -14"><span class='ocrx_word' id='word_1_196' title='bbox 434 2772 624 2827; x_wconf 89' lang='lat' dir='ltr'><strong>nisiut</strong></span> <span class='ocrx_word' id='word_1_197' title='bbox 655 2772 872 2827; x_wconf 88' lang='lat' dir='ltr'><strong>doceret</strong></span> <span class='ocrx_word' id='word_1_198' title='bbox 902 2787 1011 2826; x_wconf 91' lang='lat' dir='ltr'><strong>non</strong></span> <span class='ocrx_word' id='word_1_199' title='bbox 1058 2769 1328 2840; x_wconf 87' lang='lat' dir='ltr'><strong>vulganda</strong></span> <span class='ocrx_word' id='word_1_200' title='bbox 1372 2774 1561 2822; x_wconf 88' lang='lat' dir='ltr'><strong>nostra</strong></span> <span class='ocrx_word' id='word_1_201' title='bbox 1611 2763 1895 2828; x_wconf 87' lang='lat' dir='ltr'><strong>beneﬁcia,</strong></span> <span class='ocrx_word' id='word_1_202' title='bbox 1940 2762 2036 2817; x_wconf 89' lang='lat' dir='ltr'><strong>sed</strong></span> 
     </span>
    </p>
   </div>
   <div class='ocr_carea' id='block_1_28' title="bbox 430 2856 2034 2935">
    <p class='ocr_par' dir='ltr' id='par_1_28' title="bbox 430 2856 2034 2935">
     <span class='ocr_line' id='line_1_28' title="bbox 430 2856 2034 2935; baseline -0.007 -18"><span class='ocrx_word' id='word_1_203' title='bbox 430 2863 749 2935; x_wconf 89' lang='lat' dir='ltr'><strong>premenda,</strong></span> <span class='ocrx_word' id='word_1_204' title='bbox 781 2870 842 2916; x_wconf 93' lang='lat' dir='ltr'><strong>ut</strong></span> <span class='ocrx_word' id='word_1_205' title='bbox 860 2877 969 2917; x_wconf 91' lang='lat' dir='ltr'><strong>non</strong></span> <span class='ocrx_word' id='word_1_206' title='bbox 995 2862 1169 2917; x_wconf 90' lang='lat' dir='ltr'><strong>solum</strong></span> <span class='ocrx_word' id='word_1_207' title='bbox 1197 2875 1229 2915; x_wconf 91' lang='lat' dir='ltr'><strong>a</strong></span> <span class='ocrx_word' id='word_1_208' title='bbox 1251 2860 1501 2915; x_wconf 89' lang='lat' dir='ltr'><strong>mercede</strong></span> <span class='ocrx_word' id='word_1_209' title='bbox 1528 2856 1901 2913; x_wconf 83' lang='lat' dir='ltr'><strong>abstineamus</strong></span> <span class='ocrx_word' id='word_1_210' title='bbox 1936 2866 2034 2921; x_wconf 90' lang='lat' dir='ltr'><strong>pe-</strong></span> 
     </span>
    </p>
   </div>
   <div class='ocr_carea' id='block_1_29' title="bbox 432 2953 1172 3025">
    <p class='ocr_par' dir='ltr' id='par_1_29' title="bbox 432 2953 1172 3025">
     <span class='ocr_line' id='line_1_29' title="bbox 432 2953 1172 3025; baseline -0.001 -17"><span class='ocrx_word' id='word_1_211' title='bbox 432 2955 628 3021; x_wconf 67' lang='lat' dir='ltr'><strong>cuniae,</strong></span> <span class='ocrx_word' id='word_1_212' title='bbox 646 2955 741 3010; x_wconf 90' lang='lat' dir='ltr'><strong>sed</strong></span> <span class='ocrx_word' id='word_1_213' title='bbox 767 2955 933 3009; x_wconf 89' lang='lat' dir='ltr'><strong>etiam</strong></span> <span class='ocrx_word' id='word_1_214' title='bbox 961 2953 1172 3025; x_wconf 81' lang='lat' dir='ltr'><strong>gratiae.</strong></span> 
     </span>
    </p>
   </div>
   <div class='ocr_carea' id='block_1_30' title="bbox 505 3061 2031 3136">
    <p class='ocr_par' dir='ltr' id='par_1_30' title="bbox 505 3061 2031 3136">
     <span class='ocr_line' id='line_1_30' title="bbox 505 3061 2031 3136; baseline -0.005 -14"><span class='ocrx_word' id='word_1_215' title='bbox 505 3066 613 3123; x_wconf 87' lang='lat' dir='ltr'><strong>Sed</strong></span> <span class='ocrx_word' id='word_1_216' title='bbox 639 3070 790 3135; x_wconf 86' lang='lat' dir='ltr'><strong>vade,</strong></span> <span class='ocrx_word' id='word_1_217' title='bbox 817 3068 1028 3124; x_wconf 81' lang='lat' dir='ltr'><strong>ostende</strong></span> <span class='ocrx_word' id='word_1_218' title='bbox 1063 3077 1111 3122; x_wconf 85' lang='lat' dir='ltr'><strong>te</strong></span> <span class='ocrx_word' id='word_1_219' title='bbox 1140 3068 1423 3134; x_wconf 86' lang='lat' dir='ltr'><strong>sacerdoti,</strong></span> <span class='ocrx_word' id='word_1_220' title='bbox 1451 3076 1498 3121; x_wconf 89' lang='lat' dir='ltr'><strong>et</strong></span> <span class='ocrx_word' id='word_1_221' title='bbox 1519 3066 1652 3136; x_wconf 78' lang='lat' dir='ltr'><strong>oﬂ&#39;er</strong></span> <span class='ocrx_word' id='word_1_222' title='bbox 1673 3080 1864 3118; x_wconf 89' lang='lat' dir='ltr'><strong>munus</strong></span> <span class='ocrx_word' id='word_1_223' title='bbox 1889 3061 2031 3134; x_wconf 87' lang='lat' dir='ltr'><strong>quod</strong></span> 
     </span>
    </p>
   </div>
   <div class='ocr_carea' id='block_1_31' title="bbox 429 3154 2030 3231">
    <p class='ocr_par' dir='ltr' id='par_1_31' title="bbox 429 3154 2030 3231">
     <span class='ocr_line' id='line_1_31' title="bbox 429 3154 2030 3231; baseline -0.002 -18"><span class='ocrx_word' id='word_1_224' title='bbox 429 3161 675 3231; x_wconf 67' lang='lat' dir='ltr'><strong>praecepit</strong></span> <span class='ocrx_word' id='word_1_225' title='bbox 698 3160 907 3231; x_wconf 81' lang='lat' dir='ltr'><strong>Moyses</strong></span> <span class='ocrx_word' id='word_1_226' title='bbox 937 3161 994 3214; x_wconf 89' lang='lat' dir='ltr'><strong>in</strong></span> <span class='ocrx_word' id='word_1_227' title='bbox 1024 3161 1375 3214; x_wconf 86' lang='lat' dir='ltr'><strong>testimonium</strong></span> <span class='ocrx_word' id='word_1_228' title='bbox 1417 3157 1545 3212; x_wconf 85' lang='lat' dir='ltr'><strong>illis.</strong></span> <span class='ocrx_word' id='word_1_229' title='bbox 1579 3154 1850 3229; x_wconf 88' lang='lat' dir='ltr'><strong>(Hieron.)</strong></span> <span class='ocrx_word' id='word_1_230' title='bbox 1894 3155 2030 3210; x_wconf 90' lang='lat' dir='ltr'><strong>Tres</strong></span> 
     </span>
    </p>
   </div>
   <div class='ocr_carea' id='block_1_32' title="bbox 2133 579 3732 651">
    <p class='ocr_par' dir='ltr' id='par_1_32' title="bbox 2133 579 3732 651">
     <span class='ocr_line' id='line_1_32' title="bbox 2133 579 3732 651; baseline 0.003 -20"><span class='ocrx_word' id='word_1_231' title='bbox 2133 592 2262 632; x_wconf 86' lang='lat' dir='ltr'><strong>nam</strong></span> <span class='ocrx_word' id='word_1_232' title='bbox 2286 593 2393 649; x_wconf 88' lang='lat' dir='ltr'><strong>que</strong></span> <span class='ocrx_word' id='word_1_233' title='bbox 2418 580 2769 651; x_wconf 76' lang='lat' dir='ltr'><strong>contingente</strong></span> <span class='ocrx_word' id='word_1_234' title='bbox 2792 586 3068 645; x_wconf 87' lang='lat' dir='ltr'><strong>naturam,</strong></span> <span class='ocrx_word' id='word_1_235' title='bbox 3088 579 3157 634; x_wconf 91' lang='lat' dir='ltr'><strong>ab</strong></span> <span class='ocrx_word' id='word_1_236' title='bbox 3184 579 3391 637; x_wconf 89' lang='lat' dir='ltr'><strong>erroris</strong></span> <span class='ocrx_word' id='word_1_237' title='bbox 3420 579 3606 650; x_wconf 84' lang='lat' dir='ltr'><strong>prisci</strong></span> <span class='ocrx_word' id='word_1_238' title='bbox 3641 596 3732 635; x_wconf 57' lang='lat' dir='ltr'><strong>ra-</strong></span> 
     </span>
    </p>
   </div>
   <div class='ocr_carea' id='block_1_33' title="bbox 2134 670 3739 742">
    <p class='ocr_par' dir='ltr' id='par_1_33' title="bbox 2134 670 3739 742">
     <span class='ocr_line' id='line_1_33' title="bbox 2134 670 3739 742; baseline 0.001 -17"><span class='ocrx_word' id='word_1_239' title='bbox 2134 670 2329 727; x_wconf 88' lang='lat' dir='ltr'><strong>rietate</strong></span> <span class='ocrx_word' id='word_1_240' title='bbox 2342 672 2694 738; x_wconf 81' lang='lat' dir='ltr'><strong>mandentur,</strong></span> <span class='ocrx_word' id='word_1_241' title='bbox 2719 670 2928 742; x_wconf 87' lang='lat' dir='ltr'><strong>possint</strong></span> <span class='ocrx_word' id='word_1_242' title='bbox 2946 685 3188 742; x_wconf 87' lang='lat' dir='ltr'><strong>quecum</strong></span> <span class='ocrx_word' id='word_1_243' title='bbox 3210 670 3477 741; x_wconf 88' lang='lat' dir='ltr'><strong>apostolis</strong></span> <span class='ocrx_word' id='word_1_244' title='bbox 3500 670 3701 727; x_wconf 85' lang='lat' dir='ltr'><strong>audire</strong></span> <span class='ocrx_word' id='word_1_245' title='bbox 3723 691 3739 726; x_wconf 91' lang='lat'>:</span> 
     </span>
    </p>
   </div>
   <div class='ocr_carea' id='block_1_34' title="bbox 2100 763 3741 836">
    <p class='ocr_par' dir='ltr' id='par_1_34' title="bbox 2100 763 3741 836">
     <span class='ocr_line' id='line_1_34' title="bbox 2100 763 3741 836; baseline 0 -18"><span class='ocrx_word' id='word_1_246' title='bbox 2100 788 2115 793; x_wconf 55' lang='grc' dir='ltr'><em>α</em></span> <span class='ocrx_word' id='word_1_247' title='bbox 2132 763 2257 819; x_wconf 72' lang='lat' dir='ltr'><strong>lam</strong></span> <span class='ocrx_word' id='word_1_248' title='bbox 2284 781 2372 819; x_wconf 79' lang='lat' dir='ltr'><strong>vos</strong></span> <span class='ocrx_word' id='word_1_249' title='bbox 2394 764 2581 819; x_wconf 82' lang='lat' dir='ltr'><strong>mundi</strong></span> <span class='ocrx_word' id='word_1_250' title='bbox 2609 764 2754 831; x_wconf 83' lang='lat' dir='ltr'><strong>estis,</strong></span> <span class='ocrx_word' id='word_1_251' title='bbox 2781 773 2993 836; x_wconf 83' lang='lat' dir='ltr'><strong>propter</strong></span> <span class='ocrx_word' id='word_1_252' title='bbox 3026 779 3321 819; x_wconf 77' lang='lat' dir='ltr'><strong>sermonem</strong></span> <span class='ocrx_word' id='word_1_253' title='bbox 3347 780 3508 836; x_wconf 72' lang='lat' dir='ltr'><strong>quem</strong></span> <span class='ocrx_word' id='word_1_254' title='bbox 3533 764 3741 818; x_wconf 73' lang='lat' dir='ltr'><strong>locutas</strong></span> 
     </span>
    </p>
   </div>
   <div class='ocr_carea' id='block_1_35' title="bbox 2135 857 3743 931">
    <p class='ocr_par' dir='ltr' id='par_1_35' title="bbox 2135 857 3743 931">
     <span class='ocr_line' id='line_1_35' title="bbox 2135 857 3743 931; baseline -0.001 -18"><span class='ocrx_word' id='word_1_255' title='bbox 2135 873 2253 913; x_wconf 88' lang='lat' dir='ltr'><strong>sum</strong></span> <span class='ocrx_word' id='word_1_256' title='bbox 2273 858 2420 914; x_wconf 79' lang='lat' dir='ltr'><strong>vobis</strong></span> <span class='ocrx_word' id='word_1_257' title='bbox 2444 858 2627 931; x_wconf 85' lang='lat' dir='ltr'><strong>(Joan.</strong></span> <span class='ocrx_word' id='word_1_258' title='bbox 2657 857 2803 929; x_wconf 73' lang='lat' dir='ltr'><strong>stu),</strong></span> <span class='ocrx_word' id='word_1_259' title='bbox 2838 866 2896 913; x_wconf 91' lang='lat' dir='ltr'><strong>et</strong></span> <span class='ocrx_word' id='word_1_260' title='bbox 2922 857 3016 928; x_wconf 87' lang='lat' dir='ltr'><strong>qui</strong></span> <span class='ocrx_word' id='word_1_261' title='bbox 3038 857 3241 913; x_wconf 85' lang='lat' dir='ltr'><strong>diutius</strong></span> <span class='ocrx_word' id='word_1_262' title='bbox 3280 857 3693 913; x_wconf 85' lang='lat' dir='ltr'><strong>abominabiles</strong></span> <span class='ocrx_word' id='word_1_263' title='bbox 3713 875 3743 912; x_wconf 88' lang='lat' dir='ltr'><strong>a</strong></span> 
     </span>
    </p>
   </div>
   <div class='ocr_carea' id='block_1_36' title="bbox 2134 947 3744 1020">
    <p class='ocr_par' dir='ltr' id='par_1_36' title="bbox 2134 947 3744 1020">
     <span class='ocr_line' id='line_1_36' title="bbox 2134 947 3744 1020; baseline 0 -16"><span class='ocrx_word' id='word_1_264' title='bbox 2134 948 2332 1020; x_wconf 90' lang='lat' dir='ltr'><strong>populo</strong></span> <span class='ocrx_word' id='word_1_265' title='bbox 2352 949 2451 1005; x_wconf 85' lang='lat' dir='ltr'><strong>Dei</strong></span> <span class='ocrx_word' id='word_1_266' title='bbox 2467 957 2625 1006; x_wconf 90' lang='lat' dir='ltr'><strong>erant</strong></span> <span class='ocrx_word' id='word_1_267' title='bbox 2657 950 2854 1006; x_wconf 87' lang='lat' dir='ltr'><strong>castris</strong></span> <span class='ocrx_word' id='word_1_268' title='bbox 2879 948 3098 1015; x_wconf 86' lang='lat' dir='ltr'><strong>secreti,</strong></span> <span class='ocrx_word' id='word_1_269' title='bbox 3119 947 3240 1018; x_wconf 88' lang='lat' dir='ltr'><strong>jam</strong></span> <span class='ocrx_word' id='word_1_270' title='bbox 3269 948 3581 1018; x_wconf 87' lang='lat' dir='ltr'><strong>aliquando</strong></span> <span class='ocrx_word' id='word_1_271' title='bbox 3612 959 3744 1004; x_wconf 85' lang='lat' dir='ltr'><strong>tem-</strong></span> 
     </span>
    </p>
   </div>
   <div class='ocr_carea' id='block_1_37' title="bbox 2136 1041 3741 1116">
    <p class='ocr_par' dir='ltr' id='par_1_37' title="bbox 2136 1041 3741 1116">
     <span class='ocr_line' id='line_1_37' title="bbox 2136 1041 3741 1116; baseline 0.001 -19"><span class='ocrx_word' id='word_1_272' title='bbox 2136 1042 2226 1113; x_wconf 92' lang='lat' dir='ltr'><strong>plo</strong></span> <span class='ocrx_word' id='word_1_273' title='bbox 2249 1043 2402 1100; x_wconf 89' lang='lat' dir='ltr'><strong>reddi</strong></span> <span class='ocrx_word' id='word_1_274' title='bbox 2416 1052 2473 1101; x_wconf 88' lang='lat' dir='ltr'><strong>et</strong></span> <span class='ocrx_word' id='word_1_275' title='bbox 2501 1044 2773 1101; x_wconf 85' lang='lat' dir='ltr'><strong>sacerdoti</strong></span> <span class='ocrx_word' id='word_1_276' title='bbox 2799 1053 3000 1116; x_wconf 87' lang='lat' dir='ltr'><strong>queant</strong></span> <span class='ocrx_word' id='word_1_277' title='bbox 3049 1042 3258 1111; x_wconf 81' lang='lat' dir='ltr'><strong>otl‘erri,</strong></span> <span class='ocrx_word' id='word_1_278' title='bbox 3287 1041 3367 1097; x_wconf 92' lang='lat' dir='ltr'><strong>illi</strong></span> <span class='ocrx_word' id='word_1_279' title='bbox 3400 1044 3629 1114; x_wconf 85' lang='lat' dir='ltr'><strong>utique,</strong></span> <span class='ocrx_word' id='word_1_280' title='bbox 3659 1044 3741 1099; x_wconf 81' lang='lat' dir='ltr'><strong>cui</strong></span> 
     </span>
    </p>
   </div>
   <div class='ocr_carea' id='block_1_38' title="bbox 2139 1132 3742 1206">
    <p class='ocr_par' dir='ltr' id='par_1_38' title="bbox 2139 1132 3742 1206">
     <span class='ocr_line' id='line_1_38' title="bbox 2139 1132 3742 1206; baseline 0 -16"><span class='ocrx_word' id='word_1_281' title='bbox 2139 1135 2372 1191; x_wconf 87' lang='lat' dir='ltr'><strong>dicitur:</strong></span> <span class='ocrx_word' id='word_1_282' title='bbox 2415 1136 2494 1191; x_wconf 88' lang='lat' dir='ltr'><strong>Tu</strong></span> <span class='ocrx_word' id='word_1_283' title='bbox 2519 1154 2572 1192; x_wconf 79' lang='lat' dir='ltr'><strong>es</strong></span> <span class='ocrx_word' id='word_1_284' title='bbox 2598 1137 2843 1191; x_wconf 82' lang='lat' dir='ltr'><strong>sacerdos</strong></span> <span class='ocrx_word' id='word_1_285' title='bbox 2878 1137 2932 1191; x_wconf 91' lang='lat' dir='ltr'><strong>in</strong></span> <span class='ocrx_word' id='word_1_286' title='bbox 2961 1144 3212 1191; x_wconf 69' lang='lat' dir='ltr'><strong>internum</strong></span> <span class='ocrx_word' id='word_1_287' title='bbox 3244 1132 3424 1206; x_wconf 86' lang='lat' dir='ltr'><strong>(Psal.</strong></span> <span class='ocrx_word' id='word_1_288' title='bbox 3456 1135 3601 1206; x_wconf 78' lang='lat' dir='ltr'><strong>cu),</strong></span> <span class='ocrx_word' id='word_1_289' title='bbox 3656 1152 3742 1190; x_wconf 82' lang='lat' dir='ltr'><strong>au-</strong></span> 
     </span>
    </p>
   </div>
   <div class='ocr_carea' id='block_1_39' title="bbox 2139 1228 3739 1302">
    <p class='ocr_par' dir='ltr' id='par_1_39' title="bbox 2139 1228 3739 1302">
     <span class='ocr_line' id='line_1_39' title="bbox 2139 1228 3739 1302; baseline 0 -19"><span class='ocrx_word' id='word_1_290' title='bbox 2139 1228 2349 1285; x_wconf 90' lang='lat' dir='ltr'><strong>dientes</strong></span> <span class='ocrx_word' id='word_1_291' title='bbox 2384 1230 2453 1287; x_wconf 90' lang='lat' dir='ltr'><strong>ab</strong></span> <span class='ocrx_word' id='word_1_292' title='bbox 2473 1229 2765 1301; x_wconf 78' lang='lat' dir='ltr'><strong>Apostolo:</strong></span> <span class='ocrx_word' id='word_1_293' title='bbox 2795 1229 3066 1302; x_wconf 85' lang='lat' dir='ltr'><strong>Templum</strong></span> <span class='ocrx_word' id='word_1_294' title='bbox 3086 1231 3226 1285; x_wconf 87' lang='lat' dir='ltr'><strong>enim</strong></span> <span class='ocrx_word' id='word_1_295' title='bbox 3241 1229 3340 1284; x_wconf 76' lang='lat' dir='ltr'><strong>Dei</strong></span> <span class='ocrx_word' id='word_1_296' title='bbox 3370 1240 3631 1284; x_wconf 70' lang='lat' dir='ltr'><strong>sanctum</strong></span> <span class='ocrx_word' id='word_1_297' title='bbox 3651 1244 3739 1296; x_wconf 83' lang='lat' dir='ltr'><strong>est,</strong></span> 
     </span>
    </p>
   </div>
   <div class='ocr_carea' id='block_1_40' title="bbox 2138 1321 3744 1396">
    <p class='ocr_par' dir='ltr' id='par_1_40' title="bbox 2138 1321 3744 1396">
     <span class='ocr_line' id='line_1_40' title="bbox 2138 1321 3744 1396; baseline 0.002 -21"><span class='ocrx_word' id='word_1_298' title='bbox 2138 1322 2278 1393; x_wconf 85' lang='lat' dir='ltr'><strong>quod</strong></span> <span class='ocrx_word' id='word_1_299' title='bbox 2306 1322 2429 1378; x_wconf 87' lang='lat' dir='ltr'><strong>estis</strong></span> <span class='ocrx_word' id='word_1_300' title='bbox 2466 1340 2555 1378; x_wconf 81' lang='lat' dir='ltr'><strong>vos</strong></span> <span class='ocrx_word' id='word_1_301' title='bbox 2593 1323 2644 1396; x_wconf 90' lang='grc' dir='ltr'><strong>(Ι</strong></span> <span class='ocrx_word' id='word_1_302' title='bbox 2672 1321 2796 1379; x_wconf 88' lang='lat' dir='ltr'><strong>Cor.</strong></span> <span class='ocrx_word' id='word_1_303' title='bbox 2850 1324 2968 1396; x_wconf 83' lang='lat' dir='ltr'><strong>nt);</strong></span> <span class='ocrx_word' id='word_1_304' title='bbox 3008 1321 3351 1394; x_wconf 62' lang='lat' dir='ltr'><strong>aderantque</strong></span> <span class='ocrx_word' id='word_1_305' title='bbox 3404 1338 3517 1394; x_wconf 85' lang='lat' dir='ltr'><strong>pro</strong></span> <span class='ocrx_word' id='word_1_306' title='bbox 3566 1338 3744 1378; x_wconf 66' lang='lat' dir='ltr'><strong>emuni-</strong></span> 
     </span>
    </p>
   </div>
   <div class='ocr_carea' id='block_1_41' title="bbox 2142 1414 3739 1491">
    <p class='ocr_par' dir='ltr' id='par_1_41' title="bbox 2142 1414 3739 1491">
     <span class='ocr_line' id='line_1_41' title="bbox 2142 1414 3739 1491; baseline 0.001 -21"><span class='ocrx_word' id='word_1_307' title='bbox 2142 1414 2360 1472; x_wconf 92' lang='lat' dir='ltr'><strong>datione</strong></span> <span class='ocrx_word' id='word_1_308' title='bbox 2383 1432 2502 1485; x_wconf 89' lang='lat' dir='ltr'><strong>sua,</strong></span> <span class='ocrx_word' id='word_1_309' title='bbox 2534 1418 2675 1474; x_wconf 90' lang='lat' dir='ltr'><strong>sicut</strong></span> <span class='ocrx_word' id='word_1_310' title='bbox 2698 1418 2959 1490; x_wconf 68' lang='lat' dir='ltr'><strong>praecepit</strong></span> <span class='ocrx_word' id='word_1_311' title='bbox 2983 1418 3219 1491; x_wconf 80' lang='lat' dir='ltr'><strong>Moyses,</strong></span> <span class='ocrx_word' id='word_1_312' title='bbox 3246 1418 3304 1472; x_wconf 91' lang='lat' dir='ltr'><strong>id</strong></span> <span class='ocrx_word' id='word_1_313' title='bbox 3323 1427 3440 1488; x_wconf 83' lang='lat' dir='ltr'><strong>est,</strong></span> <span class='ocrx_word' id='word_1_314' title='bbox 3467 1417 3739 1472; x_wconf 59' lang='lat' dir='ltr'><strong>unum</strong></span> 
     </span>
    </p>
   </div>
   <div class='ocr_carea' id='block_1_42' title="bbox 2142 1509 3741 1581">
    <p class='ocr_par' dir='ltr' id='par_1_42' title="bbox 2142 1509 3741 1581">
     <span class='ocr_line' id='line_1_42' title="bbox 2142 1509 3741 1581; baseline 0 -18"><span class='ocrx_word' id='word_1_315' title='bbox 2142 1525 2364 1580; x_wconf 85' lang='lat' dir='ltr'><strong>corpora</strong></span> <span class='ocrx_word' id='word_1_316' title='bbox 2391 1527 2491 1565; x_wconf 87' lang='lat' dir='ltr'><strong>sua</strong></span> <span class='ocrx_word' id='word_1_317' title='bbox 2512 1511 2738 1566; x_wconf 82' lang='lat' dir='ltr'><strong>hostiam</strong></span> <span class='ocrx_word' id='word_1_318' title='bbox 2768 1513 3042 1578; x_wconf 79' lang='lat' dir='ltr'><strong>viventem,</strong></span> <span class='ocrx_word' id='word_1_319' title='bbox 3090 1520 3358 1578; x_wconf 81' lang='lat' dir='ltr'><strong>sanctam,</strong></span> <span class='ocrx_word' id='word_1_320' title='bbox 3391 1510 3518 1565; x_wconf 88' lang='lat' dir='ltr'><strong>Deo</strong></span> <span class='ocrx_word' id='word_1_321' title='bbox 3546 1509 3741 1581; x_wconf 70' lang='grc' dir='ltr'><strong>ρίατιιιο</strong></span> 
     </span>
    </p>
   </div>
   <div class='ocr_carea' id='block_1_43' title="bbox 2142 1598 3740 1673">
    <p class='ocr_par' dir='ltr' id='par_1_43' title="bbox 2142 1598 3740 1673">
     <span class='ocr_line' id='line_1_43' title="bbox 2142 1598 3740 1673; baseline 0.003 -21"><span class='ocrx_word' id='word_1_322' title='bbox 2142 1607 2245 1653; x_wconf 89' lang='lat' dir='ltr'><strong>tem</strong></span> <span class='ocrx_word' id='word_1_323' title='bbox 2276 1598 2453 1667; x_wconf 87' lang='lat' dir='ltr'><strong>(Rom.</strong></span> <span class='ocrx_word' id='word_1_324' title='bbox 2481 1600 2580 1672; x_wconf 77' lang='lat' dir='ltr'><strong>xu)</strong></span> <span class='ocrx_word' id='word_1_325' title='bbox 2600 1619 2613 1656; x_wconf 91' lang='lat'>:</span> <span class='ocrx_word' id='word_1_326' title='bbox 2633 1610 2695 1657; x_wconf 92' lang='lat' dir='ltr'><strong>ut</strong></span> <span class='ocrx_word' id='word_1_327' title='bbox 2714 1599 2873 1671; x_wconf 83' lang='lat' dir='ltr'><strong>juxta</strong></span> <span class='ocrx_word' id='word_1_328' title='bbox 2896 1602 3226 1673; x_wconf 87' lang='lat' dir='ltr'><strong>Prophetam</strong></span> <span class='ocrx_word' id='word_1_329' title='bbox 3248 1604 3622 1672; x_wconf 78' lang='lat' dir='ltr'><strong>conﬁteantur</strong></span> <span class='ocrx_word' id='word_1_330' title='bbox 3647 1602 3740 1656; x_wconf 78' lang='lat' dir='ltr'><strong>Do-</strong></span> 
     </span>
    </p>
   </div>
   <div class='ocr_carea' id='block_1_44' title="bbox 2140 1691 3739 1765">
    <p class='ocr_par' dir='ltr' id='par_1_44' title="bbox 2140 1691 3739 1765">
     <span class='ocr_line' id='line_1_44' title="bbox 2140 1691 3739 1765; baseline 0.003 -23"><span class='ocrx_word' id='word_1_331' title='bbox 2140 1691 2284 1744; x_wconf 82' lang='lat' dir='ltr'><strong>mino</strong></span> <span class='ocrx_word' id='word_1_332' title='bbox 2316 1692 2704 1747; x_wconf 86' lang='lat' dir='ltr'><strong>misericordias</strong></span> <span class='ocrx_word' id='word_1_333' title='bbox 2738 1693 2880 1764; x_wconf 85' lang='lat' dir='ltr'><strong>ejus,</strong></span> <span class='ocrx_word' id='word_1_334' title='bbox 2902 1704 2951 1748; x_wconf 90' lang='lat' dir='ltr'><strong>et</strong></span> <span class='ocrx_word' id='word_1_335' title='bbox 2978 1694 3249 1749; x_wconf 78' lang='lat' dir='ltr'><strong>mirabilia</strong></span> <span class='ocrx_word' id='word_1_336' title='bbox 3283 1695 3409 1761; x_wconf 81' lang='lat' dir='ltr'><strong>eius</strong></span> <span class='ocrx_word' id='word_1_337' title='bbox 3432 1693 3573 1765; x_wconf 67' lang='lat' dir='ltr'><strong>ﬁliis</strong></span> <span class='ocrx_word' id='word_1_338' title='bbox 3589 1695 3739 1748; x_wconf 66' lang='lat' dir='ltr'><strong>Itoni-</strong></span> 
     </span>
    </p>
   </div>
   <div class='ocr_carea' id='block_1_45' title="bbox 2142 1784 3739 1856">
    <p class='ocr_par' dir='ltr' id='par_1_45' title="bbox 2142 1784 3739 1856">
     <span class='ocr_line' id='line_1_45' title="bbox 2142 1784 3739 1856; baseline 0.003 -23"><span class='ocrx_word' id='word_1_339' title='bbox 2142 1797 2290 1847; x_wconf 87' lang='lat' dir='ltr'><strong>num,</strong></span> <span class='ocrx_word' id='word_1_340' title='bbox 2328 1792 2377 1837; x_wconf 91' lang='lat' dir='ltr'><strong>et</strong></span> <span class='ocrx_word' id='word_1_341' title='bbox 2408 1786 2717 1839; x_wconf 86' lang='lat' dir='ltr'><strong>annuntient</strong></span> <span class='ocrx_word' id='word_1_342' title='bbox 2747 1784 2930 1840; x_wconf 87' lang='lat' dir='ltr'><strong>laudes</strong></span> <span class='ocrx_word' id='word_1_343' title='bbox 2962 1786 3078 1856; x_wconf 80' lang='lat' dir='ltr'><strong>ejus</strong></span> <span class='ocrx_word' id='word_1_344' title='bbox 3106 1785 3165 1840; x_wconf 83' lang='lat' dir='ltr'><strong>in</strong></span> <span class='ocrx_word' id='word_1_345' title='bbox 3195 1785 3426 1856; x_wconf 80' lang='lat' dir='ltr'><strong>posteris</strong></span> <span class='ocrx_word' id='word_1_346' title='bbox 3458 1785 3597 1855; x_wconf 67' lang='lat' dir='ltr'><strong>ﬁlia</strong></span> <span class='ocrx_word' id='word_1_347' title='bbox 3623 1784 3739 1840; x_wconf 70' lang='lat' dir='ltr'><strong>Sion</strong></span> 
     </span>
    </p>
   </div>
   <div class='ocr_carea' id='block_1_46' title="bbox 2067 1870 3735 1948">
    <p class='ocr_par' dir='ltr' id='par_1_46' title="bbox 2067 1870 3735 1948">
     <span class='ocr_line' id='line_1_46' title="bbox 2067 1870 3735 1948; baseline 0.005 -24"><span class='ocrx_word' id='word_1_348' title='bbox 2067 1873 2117 1935; x_wconf 76' lang='grc' dir='ltr'><strong>Β</strong></span> <span class='ocrx_word' id='word_1_349' title='bbox 2147 1870 2319 1943; x_wconf 89' lang='lat' dir='ltr'><strong>(Psal.</strong></span> <span class='ocrx_word' id='word_1_350' title='bbox 2349 1874 2490 1946; x_wconf 79' lang='lat' dir='ltr'><strong>cvi);</strong></span> <span class='ocrx_word' id='word_1_351' title='bbox 2515 1875 2656 1930; x_wconf 89' lang='lat' dir='ltr'><strong>sicut</strong></span> <span class='ocrx_word' id='word_1_352' title='bbox 2688 1875 3009 1946; x_wconf 67' lang='lat' dir='ltr'><strong>praedictum</strong></span> <span class='ocrx_word' id='word_1_353' title='bbox 3037 1877 3315 1948; x_wconf 82' lang='lat' dir='ltr'><strong>leprosum</strong></span> <span class='ocrx_word' id='word_1_354' title='bbox 3342 1875 3558 1933; x_wconf 82' lang='lat' dir='ltr'><strong>fecisse</strong></span> <span class='ocrx_word' id='word_1_355' title='bbox 3605 1876 3735 1932; x_wconf 68' lang='lat' dir='ltr'><strong>lla:-</strong></span> 
     </span>
    </p>
   </div>
   <div class='ocr_carea' id='block_1_47' title="bbox 2145 1969 3738 2041">
    <p class='ocr_par' dir='ltr' id='par_1_47' title="bbox 2145 1969 3738 2041">
     <span class='ocr_line' id='line_1_47' title="bbox 2145 1969 3738 2041; baseline 0.001 -20"><span class='ocrx_word' id='word_1_356' title='bbox 2145 1982 2241 2022; x_wconf 91' lang='lat' dir='ltr'><strong>cus</strong></span> <span class='ocrx_word' id='word_1_357' title='bbox 2263 1976 2681 2025; x_wconf 83' lang='lat' dir='ltr'><strong>commemorat:</strong></span> <span class='ocrx_word' id='word_1_358' title='bbox 2705 1969 2832 2038; x_wconf 89' lang='lat' dir='ltr'><strong>quia</strong></span> <span class='ocrx_word' id='word_1_359' title='bbox 2862 1984 3206 2041; x_wconf 89' lang='lat' dir='ltr'><strong>nequaquam</strong></span> <span class='ocrx_word' id='word_1_360' title='bbox 3232 1977 3570 2040; x_wconf 85' lang='lat' dir='ltr'><strong>perceptum</strong></span> <span class='ocrx_word' id='word_1_361' title='bbox 3593 1969 3738 2023; x_wconf 78' lang='lat' dir='ltr'><strong>bene-</strong></span> 
     </span>
    </p>
   </div>
   <div class='ocr_carea' id='block_1_48' title="bbox 2144 2056 3736 2131">
    <p class='ocr_par' dir='ltr' id='par_1_48' title="bbox 2144 2056 3736 2131">
     <span class='ocr_line' id='line_1_48' title="bbox 2144 2056 3736 2131; baseline 0.003 -20"><span class='ocrx_word' id='word_1_362' title='bbox 2144 2056 2325 2113; x_wconf 88' lang='lat' dir='ltr'><strong>ﬁcium</strong></span> <span class='ocrx_word' id='word_1_363' title='bbox 2361 2058 2445 2113; x_wconf 89' lang='lat' dir='ltr'><strong>vel</strong></span> <span class='ocrx_word' id='word_1_364' title='bbox 2492 2060 2560 2115; x_wconf 92' lang='lat' dir='ltr'><strong>ab</strong></span> <span class='ocrx_word' id='word_1_365' title='bbox 2604 2060 2721 2130; x_wconf 91' lang='lat' dir='ltr'><strong>ipso</strong></span> <span class='ocrx_word' id='word_1_366' title='bbox 2778 2077 2809 2114; x_wconf 91' lang='lat' dir='ltr'><strong>a</strong></span> <span class='ocrx_word' id='word_1_367' title='bbox 2842 2076 2949 2131; x_wconf 93' lang='lat' dir='ltr'><strong>quo</strong></span> <span class='ocrx_word' id='word_1_368' title='bbox 2994 2071 3283 2131; x_wconf 89' lang='lat' dir='ltr'><strong>acceperat</strong></span> <span class='ocrx_word' id='word_1_369' title='bbox 3321 2060 3551 2130; x_wconf 83' lang='lat' dir='ltr'><strong>jussus,</strong></span> <span class='ocrx_word' id='word_1_370' title='bbox 3578 2068 3736 2125; x_wconf 82' lang='lat' dir='ltr'><strong>tacet;</strong></span> 
     </span>
    </p>
   </div>
   <div class='ocr_carea' id='block_1_49' title="bbox 2144 2149 3738 2224">
    <p class='ocr_par' dir='ltr' id='par_1_49' title="bbox 2144 2149 3738 2224">
     <span class='ocr_line' id='line_1_49' title="bbox 2144 2149 3738 2224; baseline 0.002 -22"><span class='ocrx_word' id='word_1_371' title='bbox 2144 2149 2275 2220; x_wconf 90' lang='lat' dir='ltr'><strong>quin</strong></span> <span class='ocrx_word' id='word_1_372' title='bbox 2299 2151 2500 2220; x_wconf 89' lang='lat' dir='ltr'><strong>potius,</strong></span> <span class='ocrx_word' id='word_1_373' title='bbox 2543 2151 2905 2224; x_wconf 70' lang='lat' dir='ltr'><strong>Evangelistzc</strong></span> <span class='ocrx_word' id='word_1_374' title='bbox 2933 2152 3154 2209; x_wconf 83' lang='lat' dir='ltr'><strong>functus</strong></span> <span class='ocrx_word' id='word_1_375' title='bbox 3172 2151 3378 2220; x_wconf 78' lang='lat' dir='ltr'><strong>oilicio,</strong></span> <span class='ocrx_word' id='word_1_376' title='bbox 3414 2169 3559 2208; x_wconf 76' lang='lat' dir='ltr'><strong>mox</strong></span> <span class='ocrx_word' id='word_1_377' title='bbox 3588 2169 3738 2224; x_wconf 73' lang='lat' dir='ltr'><strong>egres-</strong></span> 
     </span>
    </p>
   </div>
   <div class='ocr_carea' id='block_1_50' title="bbox 2141 2246 3735 2318">
    <p class='ocr_par' dir='ltr' id='par_1_50' title="bbox 2141 2246 3735 2318">
     <span class='ocr_line' id='line_1_50' title="bbox 2141 2246 3735 2318; baseline 0.001 -20"><span class='ocrx_word' id='word_1_378' title='bbox 2141 2261 2231 2299; x_wconf 88' lang='lat' dir='ltr'><strong>sus</strong></span> <span class='ocrx_word' id='word_1_379' title='bbox 2253 2246 2400 2315; x_wconf 67' lang='lat' dir='ltr'><strong>erepit</strong></span> <span class='ocrx_word' id='word_1_380' title='bbox 2427 2246 2718 2317; x_wconf 64' lang='lat' dir='ltr'><strong>pradicare</strong></span> <span class='ocrx_word' id='word_1_381' title='bbox 2740 2248 3083 2318; x_wconf 72' lang='lat' dir='ltr'><strong>etdiﬂ’amare</strong></span> <span class='ocrx_word' id='word_1_382' title='bbox 3106 2264 3427 2312; x_wconf 82' lang='lat' dir='ltr'><strong>sermonem,</strong></span> <span class='ocrx_word' id='word_1_383' title='bbox 3460 2249 3543 2302; x_wconf 87' lang='lat' dir='ltr'><strong>ita</strong></span> <span class='ocrx_word' id='word_1_384' title='bbox 3574 2258 3628 2300; x_wconf 77' lang='lat' dir='ltr'><strong>ut</strong></span> <span class='ocrx_word' id='word_1_385' title='bbox 3638 2249 3735 2317; x_wconf 58' lang='lat' dir='ltr'><strong>in</strong></span> 
     </span>
    </p>
   </div>
   <div class='ocr_carea' id='block_1_51' title="bbox 2143 2324 3736 2409">
    <p class='ocr_par' dir='ltr' id='par_1_51' title="bbox 2143 2324 3736 2409">
     <span class='ocr_line' id='line_1_51' title="bbox 2143 2324 3736 2409; baseline 0.003 -19"><span class='ocrx_word' id='word_1_386' title='bbox 2143 2353 2247 2391; x_wconf 88' lang='lat' dir='ltr'><strong>non</strong></span> <span class='ocrx_word' id='word_1_387' title='bbox 2276 2346 2446 2407; x_wconf 85' lang='lat' dir='ltr'><strong>posset</strong></span> <span class='ocrx_word' id='word_1_388' title='bbox 2480 2324 2757 2409; x_wconf 76' lang='lat' dir='ltr'><strong>manifeste</strong></span> <span class='ocrx_word' id='word_1_389' title='bbox 2782 2340 2837 2393; x_wconf 83' lang='lat' dir='ltr'><strong>in</strong></span> <span class='ocrx_word' id='word_1_390' title='bbox 2858 2341 3120 2395; x_wconf 82' lang='lat' dir='ltr'><strong>civitatem</strong></span> <span class='ocrx_word' id='word_1_391' title='bbox 3143 2341 3392 2406; x_wconf 82' lang='lat' dir='ltr'><strong>introire,</strong></span> <span class='ocrx_word' id='word_1_392' title='bbox 3419 2342 3524 2395; x_wconf 86' lang='lat' dir='ltr'><strong>sed</strong></span> <span class='ocrx_word' id='word_1_393' title='bbox 3549 2340 3671 2409; x_wconf 73' lang='lat' dir='ltr'><strong>{oris</strong></span> <span class='ocrx_word' id='word_1_394' title='bbox 3690 2342 3736 2394; x_wconf 74' lang='grc' dir='ltr'><strong><em>ἱι</em></strong></span> 
     </span>
    </p>
   </div>
   <div class='ocr_carea' id='block_1_52' title="bbox 2141 2428 3732 2507">
    <p class='ocr_par' dir='ltr' id='par_1_52' title="bbox 2141 2428 3732 2507">
     <span class='ocr_line' id='line_1_52' title="bbox 2141 2428 3732 2507; baseline 0.004 -25"><span class='ocrx_word' id='word_1_395' title='bbox 2141 2429 2360 2483; x_wconf 85' lang='lat' dir='ltr'><strong>desertis</strong></span> <span class='ocrx_word' id='word_1_396' title='bbox 2383 2428 2512 2484; x_wconf 87' lang='lat' dir='ltr'><strong>locis</strong></span> <span class='ocrx_word' id='word_1_397' title='bbox 2537 2440 2691 2498; x_wconf 88' lang='lat' dir='ltr'><strong>esset,</strong></span> <span class='ocrx_word' id='word_1_398' title='bbox 2722 2441 2771 2486; x_wconf 91' lang='lat' dir='ltr'><strong>et</strong></span> <span class='ocrx_word' id='word_1_399' title='bbox 2806 2433 3175 2487; x_wconf 85' lang='lat' dir='ltr'><strong>conveniebant</strong></span> <span class='ocrx_word' id='word_1_400' title='bbox 3226 2433 3294 2486; x_wconf 90' lang='lat' dir='ltr'><strong>ad</strong></span> <span class='ocrx_word' id='word_1_401' title='bbox 3344 2450 3478 2487; x_wconf 78' lang='lat' dir='ltr'><strong>eum</strong></span> <span class='ocrx_word' id='word_1_402' title='bbox 3503 2434 3732 2507; x_wconf 70' lang='lat' dir='ltr'><strong>studique.</strong></span> 
     </span>
    </p>
   </div>
   <div class='ocr_carea' id='block_1_53' title="bbox 2140 2518 3739 2595">
    <p class='ocr_par' dir='ltr' id='par_1_53' title="bbox 2140 2518 3739 2595">
     <span class='ocr_line' id='line_1_53' title="bbox 2140 2518 3739 2595; baseline 0.008 -20"><span class='ocrx_word' id='word_1_403' title='bbox 2140 2518 2349 2593; x_wconf 87' lang='lat' dir='ltr'><strong>(Greg.)</strong></span> <span class='ocrx_word' id='word_1_404' title='bbox 2404 2521 2559 2577; x_wconf 88' lang='lat' dir='ltr'><strong>Unde</strong></span> <span class='ocrx_word' id='word_1_405' title='bbox 2605 2525 2799 2579; x_wconf 88' lang='lat' dir='ltr'><strong>merito</strong></span> <span class='ocrx_word' id='word_1_406' title='bbox 2847 2526 3111 2595; x_wconf 64' lang='lat' dir='ltr'><strong>quaeritur</strong></span> <span class='ocrx_word' id='word_1_407' title='bbox 3157 2525 3429 2595; x_wconf 86' lang='lat' dir='ltr'><strong>quidnam</strong></span> <span class='ocrx_word' id='word_1_408' title='bbox 3486 2526 3566 2580; x_wconf 85' lang='lat' dir='ltr'><strong>sit</strong></span> <span class='ocrx_word' id='word_1_409' title='bbox 3618 2526 3739 2595; x_wconf 67' lang='lat' dir='ltr'><strong>quod.</strong></span> 
     </span>
    </p>
   </div>
   <div class='ocr_carea' id='block_1_54' title="bbox 2139 2613 3730 2689">
    <p class='ocr_par' dir='ltr' id='par_1_54' title="bbox 2139 2613 3730 2689">
     <span class='ocr_line' id='line_1_54' title="bbox 2139 2613 3730 2689; baseline 0.002 -21"><span class='ocrx_word' id='word_1_410' title='bbox 2139 2613 2402 2670; x_wconf 90' lang='lat' dir='ltr'><strong>Dominus</strong></span> <span class='ocrx_word' id='word_1_411' title='bbox 2421 2616 2677 2671; x_wconf 89' lang='lat' dir='ltr'><strong>nonnulla</strong></span> <span class='ocrx_word' id='word_1_412' title='bbox 2707 2633 2827 2688; x_wconf 61' lang='lat' dir='ltr'><strong>qua:</strong></span> <span class='ocrx_word' id='word_1_413' title='bbox 2857 2618 3027 2687; x_wconf 81' lang='lat' dir='ltr'><strong>gessit</strong></span> <span class='ocrx_word' id='word_1_414' title='bbox 3057 2618 3317 2674; x_wconf 89' lang='lat' dir='ltr'><strong>abscondi</strong></span> <span class='ocrx_word' id='word_1_415' title='bbox 3338 2618 3545 2689; x_wconf 88' lang='lat' dir='ltr'><strong>jussit,</strong></span> <span class='ocrx_word' id='word_1_416' title='bbox 3574 2628 3730 2672; x_wconf 77' lang='lat' dir='ltr'><strong>etnec</strong></span> 
     </span>
    </p>
   </div>
   <div class='ocr_carea' id='block_1_55' title="bbox 2140 2705 3726 2779">
    <p class='ocr_par' dir='ltr' id='par_1_55' title="bbox 2140 2705 3726 2779">
     <span class='ocr_line' id='line_1_55' title="bbox 2140 2705 3726 2779; baseline 0.002 -20"><span class='ocrx_word' id='word_1_417' title='bbox 2140 2705 2206 2761; x_wconf 90' lang='lat' dir='ltr'><strong>ad</strong></span> <span class='ocrx_word' id='word_1_418' title='bbox 2234 2706 2426 2765; x_wconf 84' lang='lat' dir='ltr'><strong>horam</strong></span> <span class='ocrx_word' id='word_1_419' title='bbox 2456 2716 2752 2778; x_wconf 89' lang='lat' dir='ltr'><strong>potuerunt</strong></span> <span class='ocrx_word' id='word_1_420' title='bbox 2776 2709 3056 2765; x_wconf 89' lang='lat' dir='ltr'><strong>abscondi.</strong></span> <span class='ocrx_word' id='word_1_421' title='bbox 3081 2707 3342 2779; x_wconf 85' lang='lat' dir='ltr'><strong>Nunquid</strong></span> <span class='ocrx_word' id='word_1_422' title='bbox 3366 2709 3527 2763; x_wconf 88' lang='lat' dir='ltr'><strong>enim</strong></span> <span class='ocrx_word' id='word_1_423' title='bbox 3566 2710 3726 2778; x_wconf 53' lang='lat' dir='ltr'><strong>uage-</strong></span> 
     </span>
    </p>
   </div>
   <div class='ocr_carea' id='block_1_56' title="bbox 2137 2796 3733 2873">
    <p class='ocr_par' dir='ltr' id='par_1_56' title="bbox 2137 2796 3733 2873">
     <span class='ocr_line' id='line_1_56' title="bbox 2137 2796 3733 2873; baseline 0.003 -23"><span class='ocrx_word' id='word_1_424' title='bbox 2137 2796 2286 2852; x_wconf 90' lang='lat' dir='ltr'><strong>nitus</strong></span> <span class='ocrx_word' id='word_1_425' title='bbox 2303 2797 2495 2866; x_wconf 86' lang='lat' dir='ltr'><strong>Filius,</strong></span> <span class='ocrx_word' id='word_1_426' title='bbox 2514 2798 2664 2855; x_wconf 87' lang='lat' dir='ltr'><strong>Patri</strong></span> <span class='ocrx_word' id='word_1_427' title='bbox 2683 2809 2741 2857; x_wconf 91' lang='lat' dir='ltr'><strong>et</strong></span> <span class='ocrx_word' id='word_1_428' title='bbox 2774 2799 3003 2873; x_wconf 90' lang='lat' dir='ltr'><strong>Spiritui</strong></span> <span class='ocrx_word' id='word_1_429' title='bbox 3049 2809 3240 2857; x_wconf 88' lang='lat' dir='ltr'><strong>sancto</strong></span> <span class='ocrx_word' id='word_1_430' title='bbox 3277 2810 3621 2865; x_wconf 72' lang='lat' dir='ltr'><strong>coaeternus,</strong></span> <span class='ocrx_word' id='word_1_431' title='bbox 3647 2801 3733 2855; x_wconf 80' lang='lat' dir='ltr'><strong>hac</strong></span> 
     </span>
    </p>
   </div>
   <div class='ocr_carea' id='block_1_57' title="bbox 2104 2884 3735 2962">
    <p class='ocr_par' dir='ltr' id='par_1_57' title="bbox 2104 2884 3735 2962">
     <span class='ocr_line' id='line_1_57' title="bbox 2104 2884 3735 2962; baseline 0.002 -22"><span class='ocrx_word' id='word_1_432' title='bbox 2104 2894 2117 2902; x_wconf 85' lang='lat'><strong><em>&#39;</em></strong></span> <span class='ocrx_word' id='word_1_433' title='bbox 2138 2884 2195 2941; x_wconf 91' lang='lat' dir='ltr'><strong>in</strong></span> <span class='ocrx_word' id='word_1_434' title='bbox 2221 2902 2280 2942; x_wconf 91' lang='lat' dir='ltr'><strong>re</strong></span> <span class='ocrx_word' id='word_1_435' title='bbox 2309 2887 2447 2944; x_wconf 88' lang='lat' dir='ltr'><strong>velle</strong></span> <span class='ocrx_word' id='word_1_436' title='bbox 2477 2889 2667 2946; x_wconf 89' lang='lat' dir='ltr'><strong>habuit</strong></span> <span class='ocrx_word' id='word_1_437' title='bbox 2693 2892 2835 2961; x_wconf 92' lang='lat' dir='ltr'><strong>quod</strong></span> <span class='ocrx_word' id='word_1_438' title='bbox 2860 2892 3084 2961; x_wconf 90' lang='lat' dir='ltr'><strong>implere</strong></span> <span class='ocrx_word' id='word_1_439' title='bbox 3115 2907 3223 2947; x_wconf 91' lang='lat' dir='ltr'><strong>non</strong></span> <span class='ocrx_word' id='word_1_440' title='bbox 3250 2892 3442 2962; x_wconf 88' lang='lat' dir='ltr'><strong>potuit</strong></span> <span class='ocrx_word' id='word_1_441' title='bbox 3464 2891 3491 2945; x_wconf 81' lang='lat'><strong>?</strong></span> <span class='ocrx_word' id='word_1_442' title='bbox 3524 2889 3635 2946; x_wconf 81' lang='lat' dir='ltr'><strong>Sed</strong></span> <span class='ocrx_word' id='word_1_443' title='bbox 3656 2906 3735 2944; x_wconf 82' lang='lat' dir='ltr'><strong>no-</strong></span> 
     </span>
    </p>
   </div>
   <div class='ocr_carea' id='block_1_58' title="bbox 2139 2977 3733 3055">
    <p class='ocr_par' dir='ltr' id='par_1_58' title="bbox 2139 2977 3733 3055">
     <span class='ocr_line' id='line_1_58' title="bbox 2139 2977 3733 3055; baseline 0.003 -24"><span class='ocrx_word' id='word_1_444' title='bbox 2139 2977 2361 3033; x_wconf 90' lang='lat' dir='ltr'><strong>tandum</strong></span> <span class='ocrx_word' id='word_1_445' title='bbox 2392 2981 2536 3049; x_wconf 91' lang='lat' dir='ltr'><strong>quod</strong></span> <span class='ocrx_word' id='word_1_446' title='bbox 2554 2980 2887 3053; x_wconf 81' lang='lat' dir='ltr'><strong>Redemptor</strong></span> <span class='ocrx_word' id='word_1_447' title='bbox 2916 2989 3104 3039; x_wconf 88' lang='lat' dir='ltr'><strong>noster</strong></span> <span class='ocrx_word' id='word_1_448' title='bbox 3132 2998 3233 3055; x_wconf 89' lang='lat' dir='ltr'><strong>per</strong></span> <span class='ocrx_word' id='word_1_449' title='bbox 3263 2982 3514 3038; x_wconf 88' lang='lat' dir='ltr'><strong>mortale</strong></span> <span class='ocrx_word' id='word_1_450' title='bbox 3556 2997 3733 3052; x_wconf 79' lang='lat' dir='ltr'><strong>corpus</strong></span> 
     </span>
    </p>
   </div>
   <div class='ocr_carea' id='block_1_59' title="bbox 2136 3073 3736 3147">
    <p class='ocr_par' dir='ltr' id='par_1_59' title="bbox 2136 3073 3736 3147">
     <span class='ocr_line' id='line_1_59' title="bbox 2136 3073 3736 3147; baseline 0 -21"><span class='ocrx_word' id='word_1_451' title='bbox 2136 3086 2296 3127; x_wconf 89' lang='lat' dir='ltr'><strong>omne</strong></span> <span class='ocrx_word' id='word_1_452' title='bbox 2324 3073 2468 3143; x_wconf 89' lang='lat' dir='ltr'><strong>quod</strong></span> <span class='ocrx_word' id='word_1_453' title='bbox 2502 3074 2633 3145; x_wconf 92' lang='lat' dir='ltr'><strong>egit,</strong></span> <span class='ocrx_word' id='word_1_454' title='bbox 2664 3075 2769 3131; x_wconf 91' lang='lat' dir='ltr'><strong>hoc</strong></span> <span class='ocrx_word' id='word_1_455' title='bbox 2788 3074 2945 3131; x_wconf 87' lang='lat' dir='ltr'><strong>nobis</strong></span> <span class='ocrx_word' id='word_1_456' title='bbox 2975 3075 3029 3129; x_wconf 91' lang='lat' dir='ltr'><strong>in</strong></span> <span class='ocrx_word' id='word_1_457' title='bbox 3052 3074 3307 3147; x_wconf 78' lang='lat' dir='ltr'><strong>exemplo</strong></span> <span class='ocrx_word' id='word_1_458' title='bbox 3340 3075 3592 3130; x_wconf 88' lang='lat' dir='ltr'><strong>actionis</strong></span> <span class='ocrx_word' id='word_1_459' title='bbox 3615 3088 3736 3143; x_wconf 67' lang='lat' dir='ltr'><strong>prae-</strong></span> 
     </span>
    </p>
   </div>
   <div class='ocr_carea' id='block_1_60' title="bbox 2133 3161 3735 3237">
    <p class='ocr_par' dir='ltr' id='par_1_60' title="bbox 2133 3161 3735 3237">
     <span class='ocr_line' id='line_1_60' title="bbox 2133 3161 3735 3237; baseline 0.001 -20"><span class='ocrx_word' id='word_1_460' title='bbox 2133 3161 2273 3217; x_wconf 90' lang='lat' dir='ltr'><strong>buit.</strong></span> <span class='ocrx_word' id='word_1_461' title='bbox 2319 3163 2641 3220; x_wconf 84' lang='lat' dir='ltr'><strong>Miraculum</strong></span> <span class='ocrx_word' id='word_1_462' title='bbox 2672 3182 2908 3237; x_wconf 89' lang='lat' dir='ltr'><strong>namque</strong></span> <span class='ocrx_word' id='word_1_463' title='bbox 2932 3164 3139 3223; x_wconf 77' lang='lat' dir='ltr'><strong>faciens</strong></span> <span class='ocrx_word' id='word_1_464' title='bbox 3160 3175 3215 3223; x_wconf 89' lang='lat' dir='ltr'><strong>et</strong></span> <span class='ocrx_word' id='word_1_465' title='bbox 3248 3169 3427 3222; x_wconf 88' lang='lat' dir='ltr'><strong>taceri</strong></span> <span class='ocrx_word' id='word_1_466' title='bbox 3464 3168 3655 3237; x_wconf 88' lang='lat' dir='ltr'><strong>jussit,</strong></span> <span class='ocrx_word' id='word_1_467' title='bbox 3691 3174 3735 3219; x_wconf 86' lang='lat' dir='ltr'><strong>et</strong></span> 
     </span>
    </p>
   </div>
   <div class='ocr_carea' id='block_1_61' title="bbox 430 3251 3730 3330">
    <p class='ocr_par' dir='ltr' id='par_1_61' title="bbox 430 3251 3730 3330">
     <span class='ocr_line' id='line_1_61' title="bbox 430 3251 3730 3330; baseline -0.001 -23"><span class='ocrx_word' id='word_1_468' title='bbox 430 3254 500 3307; x_wconf 90' lang='lat' dir='ltr'><strong>ob</strong></span> <span class='ocrx_word' id='word_1_469' title='bbox 523 3269 717 3309; x_wconf 86' lang='lat' dir='ltr'><strong>causas</strong></span> <span class='ocrx_word' id='word_1_470' title='bbox 744 3254 911 3309; x_wconf 89' lang='lat' dir='ltr'><strong>mittit</strong></span> <span class='ocrx_word' id='word_1_471' title='bbox 934 3270 1055 3309; x_wconf 91' lang='lat' dir='ltr'><strong>eum</strong></span> <span class='ocrx_word' id='word_1_472' title='bbox 1088 3254 1156 3309; x_wconf 92' lang='lat' dir='ltr'><strong>ad</strong></span> <span class='ocrx_word' id='word_1_473' title='bbox 1177 3252 1508 3308; x_wconf 86' lang='lat' dir='ltr'><strong>sacerdotes.</strong></span> <span class='ocrx_word' id='word_1_474' title='bbox 1535 3251 1779 3305; x_wconf 89' lang='lat' dir='ltr'><strong>Primum</strong></span> <span class='ocrx_word' id='word_1_475' title='bbox 1804 3258 2029 3319; x_wconf 88' lang='lat' dir='ltr'><strong>propter</strong></span> <span class='ocrx_word' id='word_1_476' title='bbox 2056 3252 2102 3316; x_wconf 83' lang='lat' dir='ltr'>C</span> <span class='ocrx_word' id='word_1_477' title='bbox 2136 3262 2319 3310; x_wconf 79' lang='lat' dir='ltr'><strong>tamen</strong></span> <span class='ocrx_word' id='word_1_478' title='bbox 2362 3257 2531 3312; x_wconf 72' lang='lat' dir='ltr'><strong>taceri</strong></span> <span class='ocrx_word' id='word_1_479' title='bbox 2581 3273 2688 3313; x_wconf 82' lang='lat' dir='ltr'><strong>non</strong></span> <span class='ocrx_word' id='word_1_480' title='bbox 2731 3260 2926 3330; x_wconf 65' lang='lat' dir='ltr'><strong>potuit,</strong></span> <span class='ocrx_word' id='word_1_481' title='bbox 2978 3267 3039 3314; x_wconf 72' lang='lat' dir='ltr'><strong>ut</strong></span> <span class='ocrx_word' id='word_1_482' title='bbox 3084 3258 3343 3314; x_wconf 66' lang='lat' dir='ltr'><strong>videlicet</strong></span> <span class='ocrx_word' id='word_1_483' title='bbox 3394 3255 3730 3325; x_wconf 67' lang='lat' dir='ltr'><strong>electi&#39;ejus,</strong></span> 
     </span>
    </p>
   </div>
   <div class='ocr_carea' id='block_1_62' title="bbox 430 3343 2021 3413">
    <p class='ocr_par' dir='ltr' id='par_1_62' title="bbox 430 3343 2021 3413">
     <span class='ocr_line' id='line_1_62' title="bbox 430 3343 2021 3413; baseline -0.003 -13"><span class='ocrx_word' id='word_1_484' title='bbox 430 3347 815 3413; x_wconf 85' lang='lat' dir='ltr'><strong>humilitatem,</strong></span> <span class='ocrx_word' id='word_1_485' title='bbox 847 3357 907 3402; x_wconf 90' lang='lat' dir='ltr'><strong>ut</strong></span> <span class='ocrx_word' id='word_1_486' title='bbox 937 3347 1313 3403; x_wconf 85' lang='lat' dir='ltr'><strong>sacerdotibus</strong></span> <span class='ocrx_word' id='word_1_487' title='bbox 1342 3345 1554 3400; x_wconf 84' lang='lat' dir='ltr'><strong>deferre</strong></span> <span class='ocrx_word' id='word_1_488' title='bbox 1582 3343 1831 3398; x_wconf 87' lang='lat' dir='ltr'><strong>videatur</strong></span> <span class='ocrx_word' id='word_1_489' title='bbox 1844 3343 2021 3397; x_wconf 89' lang='lat' dir='ltr'><strong>bono-</strong></span> 
     </span>
    </p>
   </div>
   <div class='ocr_carea' id='block_1_63' title="bbox 430 3432 2025 3509">
    <p class='ocr_par' dir='ltr' id='par_1_63' title="bbox 430 3432 2025 3509">
     <span class='ocr_line' id='line_1_63' title="bbox 430 3432 2025 3509; baseline -0.005 -17"><span class='ocrx_word' id='word_1_490' title='bbox 430 3453 567 3492; x_wconf 89' lang='lat' dir='ltr'><strong>rem.</strong></span> <span class='ocrx_word' id='word_1_491' title='bbox 594 3438 725 3493; x_wconf 89' lang='lat' dir='ltr'><strong>Erat</strong></span> <span class='ocrx_word' id='word_1_492' title='bbox 745 3440 891 3493; x_wconf 91' lang='lat' dir='ltr'><strong>enim</strong></span> <span class='ocrx_word' id='word_1_493' title='bbox 911 3447 1242 3509; x_wconf 66' lang='lat' dir='ltr'><strong>praeceptum</strong></span> <span class='ocrx_word' id='word_1_494' title='bbox 1277 3437 1398 3509; x_wconf 84' lang='lat' dir='ltr'><strong>lege</strong></span> <span class='ocrx_word' id='word_1_495' title='bbox 1425 3445 1485 3490; x_wconf 90' lang='lat' dir='ltr'><strong>ut</strong></span> <span class='ocrx_word' id='word_1_496' title='bbox 1513 3436 1605 3506; x_wconf 89' lang='lat' dir='ltr'><strong>qui</strong></span> <span class='ocrx_word' id='word_1_497' title='bbox 1634 3432 1880 3489; x_wconf 90' lang='lat' dir='ltr'><strong>mundati</strong></span> <span class='ocrx_word' id='word_1_498' title='bbox 1910 3432 2025 3485; x_wconf 85' lang='lat' dir='ltr'><strong>fue-</strong></span> 
     </span>
    </p>
   </div>
   <div class='ocr_carea' id='block_1_64' title="bbox 431 3525 2027 3603">
    <p class='ocr_par' dir='ltr' id='par_1_64' title="bbox 431 3525 2027 3603">
     <span class='ocr_line' id='line_1_64' title="bbox 431 3525 2027 3603; baseline -0.004 -18"><span class='ocrx_word' id='word_1_499' title='bbox 431 3540 558 3585; x_wconf 89' lang='lat' dir='ltr'><strong>rant</strong></span> <span class='ocrx_word' id='word_1_500' title='bbox 586 3532 757 3603; x_wconf 86' lang='lat' dir='ltr'><strong>lepra,</strong></span> <span class='ocrx_word' id='word_1_501' title='bbox 784 3531 1043 3587; x_wconf 77' lang='lat' dir='ltr'><strong>oﬁerrent</strong></span> <span class='ocrx_word' id='word_1_502' title='bbox 1070 3546 1297 3587; x_wconf 88' lang='lat' dir='ltr'><strong>munera</strong></span> <span class='ocrx_word' id='word_1_503' title='bbox 1326 3529 1717 3586; x_wconf 90' lang='lat' dir='ltr'><strong>sacerdotibus.</strong></span> <span class='ocrx_word' id='word_1_504' title='bbox 1737 3525 1939 3580; x_wconf 89' lang='lat' dir='ltr'><strong>Deinde</strong></span> <span class='ocrx_word' id='word_1_505' title='bbox 1964 3530 2027 3578; x_wconf 88' lang='lat' dir='ltr'><strong>ut</strong></span> 
     </span>
    </p>
   </div>
   <div class='ocr_carea' id='block_1_65' title="bbox 431 3616 2026 3695">
    <p class='ocr_par' dir='ltr' id='par_1_65' title="bbox 431 3616 2026 3695">
     <span class='ocr_line' id='line_1_65' title="bbox 431 3616 2026 3695; baseline -0.006 -15"><span class='ocrx_word' id='word_1_506' title='bbox 431 3625 753 3680; x_wconf 86' lang='lat' dir='ltr'><strong>mundatum</strong></span> <span class='ocrx_word' id='word_1_507' title='bbox 776 3626 1023 3681; x_wconf 88' lang='lat' dir='ltr'><strong>videntes</strong></span> <span class='ocrx_word' id='word_1_508' title='bbox 1046 3624 1343 3695; x_wconf 80' lang='lat' dir='ltr'><strong>leprosum,</strong></span> <span class='ocrx_word' id='word_1_509' title='bbox 1380 3629 1473 3677; x_wconf 90' lang='lat' dir='ltr'><strong>aut</strong></span> <span class='ocrx_word' id='word_1_510' title='bbox 1498 3620 1791 3677; x_wconf 88' lang='lat' dir='ltr'><strong>crederent</strong></span> <span class='ocrx_word' id='word_1_511' title='bbox 1838 3616 2026 3672; x_wconf 86' lang='lat' dir='ltr'><strong>Salva-</strong></span> 
     </span>
    </p>
   </div>
   <div class='ocr_carea' id='block_1_66' title="bbox 431 3710 2025 3785">
    <p class='ocr_par' dir='ltr' id='par_1_66' title="bbox 431 3710 2025 3785">
     <span class='ocr_line' id='line_1_66' title="bbox 431 3710 2025 3785; baseline -0.006 -13"><span class='ocrx_word' id='word_1_512' title='bbox 431 3718 557 3785; x_wconf 91' lang='lat' dir='ltr'><strong>tori,</strong></span> <span class='ocrx_word' id='word_1_513' title='bbox 588 3726 680 3771; x_wconf 90' lang='lat' dir='ltr'><strong>aut</strong></span> <span class='ocrx_word' id='word_1_514' title='bbox 704 3733 812 3771; x_wconf 88' lang='lat' dir='ltr'><strong>non</strong></span> <span class='ocrx_word' id='word_1_515' title='bbox 838 3718 1162 3773; x_wconf 90' lang='lat' dir='ltr'><strong>crederent:</strong></span> <span class='ocrx_word' id='word_1_516' title='bbox 1187 3717 1234 3772; x_wconf 93' lang='lat' dir='ltr'><strong>si</strong></span> <span class='ocrx_word' id='word_1_517' title='bbox 1257 3716 1548 3771; x_wconf 87' lang='lat' dir='ltr'><strong>crederent</strong></span> <span class='ocrx_word' id='word_1_518' title='bbox 1569 3711 1931 3775; x_wconf 88' lang='lat' dir='ltr'><strong>salvarcntur,</strong></span> <span class='ocrx_word' id='word_1_519' title='bbox 1978 3710 2025 3764; x_wconf 88' lang='lat' dir='ltr'><strong>si</strong></span> 
     </span>
    </p>
   </div>
   <div class='ocr_carea' id='block_1_67' title="bbox 428 3799 2026 3866">
    <p class='ocr_par' dir='ltr' id='par_1_67' title="bbox 428 3799 2026 3866">
     <span class='ocr_line' id='line_1_67' title="bbox 428 3799 2026 3866; baseline -0.003 -3"><span class='ocrx_word' id='word_1_520' title='bbox 428 3824 536 3865; x_wconf 92' lang='lat' dir='ltr'><strong>non</strong></span> <span class='ocrx_word' id='word_1_521' title='bbox 588 3811 877 3866; x_wconf 86' lang='lat' dir='ltr'><strong>crederent</strong></span> <span class='ocrx_word' id='word_1_522' title='bbox 929 3808 1330 3865; x_wconf 84' lang='lat' dir='ltr'><strong>inexcusabilcs</strong></span> <span class='ocrx_word' id='word_1_523' title='bbox 1381 3807 1609 3861; x_wconf 85' lang='lat' dir='ltr'><strong>ﬁerent:</strong></span> <span class='ocrx_word' id='word_1_524' title='bbox 1639 3799 1717 3859; x_wconf 81' lang='lat' dir='ltr'><strong>&#39;et</strong></span> <span class='ocrx_word' id='word_1_525' title='bbox 1765 3802 1926 3858; x_wconf 88' lang='lat' dir='ltr'><strong>simul</strong></span> <span class='ocrx_word' id='word_1_526' title='bbox 1957 3818 2026 3858; x_wconf 89' lang='lat' dir='ltr'><strong>ne</strong></span> 
     </span>
    </p>
   </div>
   <div class='ocr_carea' id='block_1_68' title="bbox 431 3897 2027 3977">
    <p class='ocr_par' dir='ltr' id='par_1_68' title="bbox 431 3897 2027 3977">
     <span class='ocr_line' id='line_1_68' title="bbox 431 3897 2027 3977; baseline -0.006 -18"><span class='ocrx_word' id='word_1_527' title='bbox 431 3906 596 3977; x_wconf 85' lang='lat' dir='ltr'><strong>(quod</strong></span> <span class='ocrx_word' id='word_1_528' title='bbox 619 3906 672 3959; x_wconf 90' lang='lat' dir='ltr'><strong>in</strong></span> <span class='ocrx_word' id='word_1_529' title='bbox 704 3920 770 3959; x_wconf 91' lang='lat' dir='ltr'><strong>eo</strong></span> <span class='ocrx_word' id='word_1_530' title='bbox 793 3905 1094 3975; x_wconf 65' lang='lat' dir='ltr'><strong>szepissme</strong></span> <span class='ocrx_word' id='word_1_531' title='bbox 1122 3898 1575 3973; x_wconf 88' lang='lat' dir='ltr'><strong>criminabantur)</strong></span> <span class='ocrx_word' id='word_1_532' title='bbox 1603 3899 1780 3970; x_wconf 89' lang='lat' dir='ltr'><strong>legem</strong></span> <span class='ocrx_word' id='word_1_533' title='bbox 1815 3897 2027 3951; x_wconf 87' lang='lat' dir='ltr'><strong>videre-</strong></span> 
     </span>
    </p>
   </div>
   <div class='ocr_carea' id='block_1_69' title="bbox 428 3988 2022 4068">
    <p class='ocr_par' dir='ltr' id='par_1_69' title="bbox 428 3988 2022 4068">
     <span class='ocr_line' id='line_1_69' title="bbox 428 3988 2022 4068; baseline -0.006 -16"><span class='ocrx_word' id='word_1_534' title='bbox 428 4008 518 4052; x_wconf 89' lang='lat' dir='ltr'><strong>tur</strong></span> <span class='ocrx_word' id='word_1_535' title='bbox 538 3998 811 4068; x_wconf 82' lang='lat' dir='ltr'><strong>frangere.</strong></span> <span class='ocrx_word' id='word_1_536' title='bbox 838 3998 856 4067; x_wconf 87' lang='lat'>(</span> <span class='ocrx_word' id='word_1_537' title='bbox 862 3994 1051 4068; x_wconf 88' lang='lat' dir='ltr'><strong>Beda.)</strong></span> <span class='ocrx_word' id='word_1_538' title='bbox 1081 3994 1377 4050; x_wconf 88' lang='lat' dir='ltr'><strong>Ostenderc</strong></span> <span class='ocrx_word' id='word_1_539' title='bbox 1400 4008 1457 4048; x_wconf 90' lang='lat' dir='ltr'><strong>se</strong></span> <span class='ocrx_word' id='word_1_540' title='bbox 1484 3991 1755 4048; x_wconf 89' lang='lat' dir='ltr'><strong>sacerdoti</strong></span> <span class='ocrx_word' id='word_1_541' title='bbox 1774 3988 2022 4060; x_wconf 91' lang='lat' dir='ltr'><strong>jubetur,</strong></span> 
     </span>
    </p>
   </div>
   <div class='ocr_carea' id='block_1_70' title="bbox 429 4082 2026 4157">
    <p class='ocr_par' dir='ltr' id='par_1_70' title="bbox 429 4082 2026 4157">
     <span class='ocr_line' id='line_1_70' title="bbox 429 4082 2026 4157; baseline -0.004 -14"><span class='ocrx_word' id='word_1_542' title='bbox 429 4095 491 4143; x_wconf 90' lang='lat' dir='ltr'><strong>ut</strong></span> <span class='ocrx_word' id='word_1_543' title='bbox 535 4089 862 4157; x_wconf 81' lang='lat' dir='ltr'><strong>intelligeret</strong></span> <span class='ocrx_word' id='word_1_544' title='bbox 920 4086 1175 4142; x_wconf 89' lang='lat' dir='ltr'><strong>sacerdos</strong></span> <span class='ocrx_word' id='word_1_545' title='bbox 1214 4102 1336 4140; x_wconf 91' lang='lat' dir='ltr'><strong>eum</strong></span> <span class='ocrx_word' id='word_1_546' title='bbox 1382 4102 1488 4141; x_wconf 92' lang='lat' dir='ltr'><strong>non</strong></span> <span class='ocrx_word' id='word_1_547' title='bbox 1522 4084 1658 4157; x_wconf 84' lang='lat' dir='ltr'><strong>legis</strong></span> <span class='ocrx_word' id='word_1_548' title='bbox 1684 4082 1896 4148; x_wconf 89' lang='lat' dir='ltr'><strong>ordine,</strong></span> <span class='ocrx_word' id='word_1_549' title='bbox 1931 4082 2026 4137; x_wconf 88' lang='lat' dir='ltr'><strong>sed</strong></span> 
     </span>
    </p>
   </div>
   <div class='ocr_carea' id='block_1_71' title="bbox 431 4177 2026 4251">
    <p class='ocr_par' dir='ltr' id='par_1_71' title="bbox 431 4177 2026 4251">
     <span class='ocr_line' id='line_1_71' title="bbox 431 4177 2026 4251; baseline -0.002 -18"><span class='ocrx_word' id='word_1_550' title='bbox 431 4181 604 4251; x_wconf 83' lang='lat' dir='ltr'><strong>gratia</strong></span> <span class='ocrx_word' id='word_1_551' title='bbox 635 4180 731 4233; x_wconf 89' lang='lat' dir='ltr'><strong>Dei</strong></span> <span class='ocrx_word' id='word_1_552' title='bbox 760 4194 922 4249; x_wconf 88' lang='lat' dir='ltr'><strong>supra</strong></span> <span class='ocrx_word' id='word_1_553' title='bbox 944 4178 1120 4249; x_wconf 86' lang='lat' dir='ltr'><strong>legem</strong></span> <span class='ocrx_word' id='word_1_554' title='bbox 1147 4193 1269 4233; x_wconf 89' lang='lat' dir='ltr'><strong>esse</strong></span> <span class='ocrx_word' id='word_1_555' title='bbox 1298 4187 1567 4233; x_wconf 87' lang='lat' dir='ltr'><strong>curatum.</strong></span> <span class='ocrx_word' id='word_1_556' title='bbox 1599 4177 1811 4234; x_wconf 78' lang='lat' dir='ltr'><strong>Otl&#39;erre</strong></span> <span class='ocrx_word' id='word_1_557' title='bbox 1839 4183 2026 4232; x_wconf 90' lang='lat' dir='ltr'><strong>autem</strong></span> 
     </span>
    </p>
   </div>
   <div class='ocr_carea' id='block_1_72' title="bbox 432 4272 2026 4343">
    <p class='ocr_par' dir='ltr' id='par_1_72' title="bbox 432 4272 2026 4343">
     <span class='ocr_line' id='line_1_72' title="bbox 432 4272 2026 4343; baseline -0.004 -14"><span class='ocrx_word' id='word_1_558' title='bbox 432 4273 783 4339; x_wconf 84' lang='lat' dir='ltr'><strong>sacriﬁcium,</strong></span> <span class='ocrx_word' id='word_1_559' title='bbox 815 4281 872 4326; x_wconf 89' lang='lat' dir='ltr'><strong>ut</strong></span> <span class='ocrx_word' id='word_1_560' title='bbox 894 4272 1209 4329; x_wconf 89' lang='lat' dir='ltr'><strong>ostenderet</strong></span> <span class='ocrx_word' id='word_1_561' title='bbox 1258 4273 1518 4329; x_wconf 88' lang='lat' dir='ltr'><strong>Dominus</strong></span> <span class='ocrx_word' id='word_1_562' title='bbox 1556 4272 1685 4342; x_wconf 74' lang='lat' dir='ltr'><strong>Quia</strong></span> <span class='ocrx_word' id='word_1_563' title='bbox 1716 4272 1890 4343; x_wconf 82' lang='lat' dir='ltr'><strong>legem</strong></span> <span class='ocrx_word' id='word_1_564' title='bbox 1914 4284 2026 4324; x_wconf 93' lang='lat' dir='ltr'><strong>non</strong></span> 
     </span>
    </p>
   </div>
   <div class='ocr_carea' id='block_1_73' title="bbox 431 4361 2022 4436">
    <p class='ocr_par' dir='ltr' id='par_1_73' title="bbox 431 4361 2022 4436">
     <span class='ocr_line' id='line_1_73' title="bbox 431 4361 2022 4436; baseline -0.003 -15"><span class='ocrx_word' id='word_1_565' title='bbox 431 4366 686 4431; x_wconf 86' lang='lat' dir='ltr'><strong>solveret,</strong></span> <span class='ocrx_word' id='word_1_566' title='bbox 712 4367 805 4421; x_wconf 88' lang='lat' dir='ltr'><strong>sed</strong></span> <span class='ocrx_word' id='word_1_567' title='bbox 832 4365 1102 4436; x_wconf 88' lang='lat' dir='ltr'><strong>impleret.</strong></span> <span class='ocrx_word' id='word_1_568' title='bbox 1126 4364 1226 4432; x_wconf 92' lang='lat' dir='ltr'><strong>Qui</strong></span> <span class='ocrx_word' id='word_1_569' title='bbox 1241 4364 1537 4419; x_wconf 88' lang='lat' dir='ltr'><strong>secundum</strong></span> <span class='ocrx_word' id='word_1_570' title='bbox 1559 4364 1732 4435; x_wconf 85' lang='lat' dir='ltr'><strong>legem</strong></span> <span class='ocrx_word' id='word_1_571' title='bbox 1748 4361 2022 4433; x_wconf 87' lang='lat' dir='ltr'><strong>gradiens,</strong></span> 
     </span>
    </p>
   </div>
   <div class='ocr_carea' id='block_1_74' title="bbox 426 4452 2027 4530">
    <p class='ocr_par' dir='ltr' id='par_1_74' title="bbox 426 4452 2027 4530">
     <span class='ocr_line' id='line_1_74' title="bbox 426 4452 2027 4530; baseline -0.004 -15"><span class='ocrx_word' id='word_1_572' title='bbox 426 4452 594 4530; x_wconf 68' lang='lat' dir='ltr'><strong>supra</strong></span> <span class='ocrx_word' id='word_1_573' title='bbox 630 4459 802 4530; x_wconf 87' lang='lat' dir='ltr'><strong>legem</strong></span> <span class='ocrx_word' id='word_1_574' title='bbox 829 4465 1047 4514; x_wconf 88' lang='lat' dir='ltr'><strong>sanaret</strong></span> <span class='ocrx_word' id='word_1_575' title='bbox 1066 4473 1205 4530; x_wconf 89' lang='lat' dir='ltr'><strong>quos</strong></span> <span class='ocrx_word' id='word_1_576' title='bbox 1229 4457 1468 4513; x_wconf 87' lang='lat' dir='ltr'><strong>remedia</strong></span> <span class='ocrx_word' id='word_1_577' title='bbox 1490 4457 1624 4527; x_wconf 85' lang='lat' dir='ltr'><strong>legis</strong></span> <span class='ocrx_word' id='word_1_578' title='bbox 1660 4470 1768 4511; x_wconf 91' lang='lat' dir='ltr'><strong>non</strong></span> <span class='ocrx_word' id='word_1_579' title='bbox 1798 4469 2027 4509; x_wconf 85' lang='lat' dir='ltr'><strong>sanave-</strong></span> 
     </span>
    </p>
   </div>
   <div class='ocr_carea' id='block_1_75' title="bbox 430 4546 2024 4617">
    <p class='ocr_par' dir='ltr' id='par_1_75' title="bbox 430 4546 2024 4617">
     <span class='ocr_line' id='line_1_75' title="bbox 430 4546 2024 4617; baseline -0.003 -11"><span class='ocrx_word' id='word_1_580' title='bbox 430 4559 578 4607; x_wconf 88' lang='lat' dir='ltr'><strong>runt.</strong></span> <span class='ocrx_word' id='word_1_581' title='bbox 604 4551 671 4606; x_wconf 85' lang='lat' dir='ltr'><strong>Et</strong></span> <span class='ocrx_word' id='word_1_582' title='bbox 701 4553 840 4607; x_wconf 87' lang='lat' dir='ltr'><strong>bene</strong></span> <span class='ocrx_word' id='word_1_583' title='bbox 869 4550 1038 4617; x_wconf 88' lang='lat' dir='ltr'><strong>addit,</strong></span> <span class='ocrx_word' id='word_1_584' title='bbox 1068 4551 1127 4604; x_wconf 88' lang='lat' dir='ltr'><strong>in</strong></span> <span class='ocrx_word' id='word_1_585' title='bbox 1148 4550 1498 4605; x_wconf 83' lang='lat' dir='ltr'><strong>testimonium</strong></span> <span class='ocrx_word' id='word_1_586' title='bbox 1524 4547 1655 4613; x_wconf 89' lang='lat' dir='ltr'><strong>illis,</strong></span> <span class='ocrx_word' id='word_1_587' title='bbox 1696 4548 1799 4602; x_wconf 88' lang='lat' dir='ltr'><strong>hoc</strong></span> <span class='ocrx_word' id='word_1_588' title='bbox 1842 4555 1927 4602; x_wconf 89' lang='lat' dir='ltr'><strong>est</strong></span> <span class='ocrx_word' id='word_1_589' title='bbox 1977 4546 2024 4602; x_wconf 89' lang='lat' dir='ltr'><strong>si</strong></span> 
     </span>
    </p>
   </div>
   <div class='ocr_carea' id='block_1_76' title="bbox 2128 3347 3736 3421">
    <p class='ocr_par' dir='ltr' id='par_1_76' title="bbox 2128 3347 3736 3421">
     <span class='ocr_line' id='line_1_76' title="bbox 2128 3347 3736 3421; baseline -0.003 -16"><span class='ocrx_word' id='word_1_590' title='bbox 2128 3349 2373 3419; x_wconf 80' lang='lat' dir='ltr'><strong>exempla</strong></span> <span class='ocrx_word' id='word_1_591' title='bbox 2395 3349 2656 3406; x_wconf 71' lang='lat' dir='ltr'><strong>doctrina:</strong></span> <span class='ocrx_word' id='word_1_592' title='bbox 2682 3350 2825 3406; x_wconf 91' lang='lat' dir='ltr'><strong>illius</strong></span> <span class='ocrx_word' id='word_1_593' title='bbox 2855 3360 3164 3421; x_wconf 88' lang='lat' dir='ltr'><strong>sequentes,</strong></span> <span class='ocrx_word' id='word_1_594' title='bbox 3195 3350 3251 3405; x_wconf 92' lang='lat' dir='ltr'><strong>in</strong></span> <span class='ocrx_word' id='word_1_595' title='bbox 3274 3350 3505 3421; x_wconf 85' lang='lat' dir='ltr'><strong>magnis</strong></span> <span class='ocrx_word' id='word_1_596' title='bbox 3526 3364 3648 3419; x_wconf 76' lang='lat' dir='ltr'><strong>qua:</strong></span> <span class='ocrx_word' id='word_1_597' title='bbox 3666 3347 3736 3401; x_wconf 51' lang='lat' dir='ltr'><strong>is.</strong></span> 
     </span>
    </p>
   </div>
   <div class='ocr_carea' id='block_1_77' title="bbox 2127 3438 3731 3513">
    <p class='ocr_par' dir='ltr' id='par_1_77' title="bbox 2127 3438 3731 3513">
     <span class='ocr_line' id='line_1_77' title="bbox 2127 3438 3731 3513; baseline 0.001 -19"><span class='ocrx_word' id='word_1_598' title='bbox 2127 3438 2277 3494; x_wconf 90' lang='lat' dir='ltr'><strong>ciunt</strong></span> <span class='ocrx_word' id='word_1_599' title='bbox 2299 3439 2470 3496; x_wconf 88' lang='lat' dir='ltr'><strong>latere</strong></span> <span class='ocrx_word' id='word_1_600' title='bbox 2489 3441 2710 3511; x_wconf 88' lang='lat' dir='ltr'><strong>quidem</strong></span> <span class='ocrx_word' id='word_1_601' title='bbox 2739 3443 2797 3497; x_wconf 89' lang='lat' dir='ltr'><strong>in</strong></span> <span class='ocrx_word' id='word_1_602' title='bbox 2821 3442 3099 3500; x_wconf 90' lang='lat' dir='ltr'><strong>voluntate</strong></span> <span class='ocrx_word' id='word_1_603' title='bbox 3127 3442 3389 3506; x_wconf 82' lang='lat' dir='ltr'><strong>habeant,</strong></span> <span class='ocrx_word' id='word_1_604' title='bbox 3418 3442 3523 3497; x_wconf 86' lang='lat' dir='ltr'><strong>sed</strong></span> <span class='ocrx_word' id='word_1_605' title='bbox 3544 3450 3731 3513; x_wconf 73' lang='lat' dir='ltr'><strong>utpra-</strong></span> 
     </span>
    </p>
   </div>
   <div class='ocr_carea' id='block_1_78' title="bbox 2128 3530 3728 3605">
    <p class='ocr_par' dir='ltr' id='par_1_78' title="bbox 2128 3530 3728 3605">
     <span class='ocr_line' id='line_1_78' title="bbox 2128 3530 3728 3605; baseline 0.001 -20"><span class='ocrx_word' id='word_1_606' title='bbox 2128 3530 2238 3585; x_wconf 89' lang='lat' dir='ltr'><strong>sint</strong></span> <span class='ocrx_word' id='word_1_607' title='bbox 2272 3531 2392 3588; x_wconf 90' lang='lat' dir='ltr'><strong>aliis</strong></span> <span class='ocrx_word' id='word_1_608' title='bbox 2422 3533 2726 3604; x_wconf 85' lang='lat' dir='ltr'><strong>prodantur</strong></span> <span class='ocrx_word' id='word_1_609' title='bbox 2749 3535 2935 3590; x_wconf 89' lang='lat' dir='ltr'><strong>inviti:</strong></span> <span class='ocrx_word' id='word_1_610' title='bbox 2966 3543 3233 3605; x_wconf 87' lang='lat' dir='ltr'><strong>quatenus</strong></span> <span class='ocrx_word' id='word_1_611' title='bbox 3272 3542 3331 3589; x_wconf 93' lang='lat' dir='ltr'><strong>et</strong></span> <span class='ocrx_word' id='word_1_612' title='bbox 3374 3549 3604 3605; x_wconf 63' lang='lat' dir='ltr'><strong>magna</strong></span> <span class='ocrx_word' id='word_1_613' title='bbox 3643 3533 3728 3588; x_wconf 85' lang='lat' dir='ltr'><strong>bu-</strong></span> 
     </span>
    </p>
   </div>
   <div class='ocr_carea' id='block_1_79' title="bbox 2127 3620 3733 3697">
    <p class='ocr_par' dir='ltr' id='par_1_79' title="bbox 2127 3620 3733 3697">
     <span class='ocr_line' id='line_1_79' title="bbox 2127 3620 3733 3697; baseline 0.004 -23"><span class='ocrx_word' id='word_1_614' title='bbox 2127 3620 2372 3678; x_wconf 85' lang='lat' dir='ltr'><strong>militatis</strong></span> <span class='ocrx_word' id='word_1_615' title='bbox 2424 3631 2569 3689; x_wconf 90' lang='lat' dir='ltr'><strong>sunt,</strong></span> <span class='ocrx_word' id='word_1_616' title='bbox 2604 3626 2746 3694; x_wconf 91' lang='lat' dir='ltr'><strong>quod</strong></span> <span class='ocrx_word' id='word_1_617' title='bbox 2786 3641 2884 3681; x_wconf 90' lang='lat' dir='ltr'><strong>sua</strong></span> <span class='ocrx_word' id='word_1_618' title='bbox 2920 3642 3084 3696; x_wconf 89' lang='lat' dir='ltr'><strong>opera</strong></span> <span class='ocrx_word' id='word_1_619' title='bbox 3128 3626 3296 3682; x_wconf 90' lang='lat' dir='ltr'><strong>taceri</strong></span> <span class='ocrx_word' id='word_1_620' title='bbox 3346 3635 3659 3697; x_wconf 84' lang='lat' dir='ltr'><strong>appetunt;</strong></span> <span class='ocrx_word' id='word_1_621' title='bbox 3688 3634 3733 3680; x_wconf 79' lang='lat' dir='ltr'><strong>et</strong></span> 
     </span>
    </p>
   </div>
   <div class='ocr_carea' id='block_1_80' title="bbox 2129 3714 3730 3793">
    <p class='ocr_par' dir='ltr' id='par_1_80' title="bbox 2129 3714 3730 3793">
     <span class='ocr_line' id='line_1_80' title="bbox 2129 3714 3730 3793; baseline 0.006 -27"><span class='ocrx_word' id='word_1_622' title='bbox 2129 3728 2335 3785; x_wconf 70' lang='lat' dir='ltr'><strong>magum</strong></span> <span class='ocrx_word' id='word_1_623' title='bbox 2352 3714 2670 3772; x_wconf 87' lang='lat' dir='ltr'><strong>humilitatis</strong></span> <span class='ocrx_word' id='word_1_624' title='bbox 2695 3717 2883 3790; x_wconf 81' lang='lat' dir='ltr'><strong>[Forte</strong></span> <span class='ocrx_word' id='word_1_625' title='bbox 2910 3719 3301 3793; x_wconf 88' lang='lat' dir='ltr'><strong>venerationis]</strong></span> <span class='ocrx_word' id='word_1_626' title='bbox 3319 3729 3475 3787; x_wconf 84' lang='lat' dir='ltr'><strong>sunt,</strong></span> <span class='ocrx_word' id='word_1_627' title='bbox 3488 3722 3641 3791; x_wconf 88' lang='lat' dir='ltr'><strong>quod</strong></span> <span class='ocrx_word' id='word_1_628' title='bbox 3656 3736 3730 3775; x_wconf 76' lang='lat' dir='ltr'><strong>eo-</strong></span> 
     </span>
    </p>
   </div>
   <div class='ocr_carea' id='block_1_81' title="bbox 2128 3812 3730 3887">
    <p class='ocr_par' dir='ltr' id='par_1_81' title="bbox 2128 3812 3730 3887">
     <span class='ocr_line' id='line_1_81' title="bbox 2128 3812 3730 3887; baseline 0.004 -25"><span class='ocrx_word' id='word_1_629' title='bbox 2128 3824 2249 3863; x_wconf 90' lang='lat' dir='ltr'><strong>rum</strong></span> <span class='ocrx_word' id='word_1_630' title='bbox 2276 3825 2442 3879; x_wconf 88' lang='lat' dir='ltr'><strong>opera</strong></span> <span class='ocrx_word' id='word_1_631' title='bbox 2479 3812 2648 3867; x_wconf 89' lang='lat' dir='ltr'><strong>taceri</strong></span> <span class='ocrx_word' id='word_1_632' title='bbox 2679 3829 2786 3869; x_wconf 87' lang='lat' dir='ltr'><strong>non</strong></span> <span class='ocrx_word' id='word_1_633' title='bbox 2810 3824 3060 3885; x_wconf 86' lang='lat' dir='ltr'><strong>possunt.</strong></span> <span class='ocrx_word' id='word_1_634' title='bbox 3120 3814 3239 3870; x_wconf 88' lang='lat' dir='ltr'><strong>Non</strong></span> <span class='ocrx_word' id='word_1_635' title='bbox 3286 3830 3425 3887; x_wconf 87' lang='lat' dir='ltr'><strong>ergo</strong></span> <span class='ocrx_word' id='word_1_636' title='bbox 3475 3816 3730 3871; x_wconf 80' lang='lat' dir='ltr'><strong>Dominus</strong></span> 
     </span>
    </p>
   </div>
   <div class='ocr_carea' id='block_1_82' title="bbox 2125 3902 3729 3980">
    <p class='ocr_par' dir='ltr' id='par_1_82' title="bbox 2125 3902 3729 3980">
     <span class='ocr_line' id='line_1_82' title="bbox 2125 3902 3729 3980; baseline 0.006 -23"><span class='ocrx_word' id='word_1_637' title='bbox 2125 3902 2298 3958; x_wconf 87' lang='lat' dir='ltr'><strong>voluit</strong></span> <span class='ocrx_word' id='word_1_638' title='bbox 2345 3904 2643 3975; x_wconf 87' lang='lat' dir='ltr'><strong>quidquam</strong></span> <span class='ocrx_word' id='word_1_639' title='bbox 2700 3905 2838 3974; x_wconf 89' lang='lat' dir='ltr'><strong>ﬁeri,</strong></span> <span class='ocrx_word' id='word_1_640' title='bbox 2870 3917 2926 3963; x_wconf 91' lang='lat' dir='ltr'><strong>et</strong></span> <span class='ocrx_word' id='word_1_641' title='bbox 2962 3909 3183 3965; x_wconf 90' lang='lat' dir='ltr'><strong>minime</strong></span> <span class='ocrx_word' id='word_1_642' title='bbox 3225 3909 3431 3980; x_wconf 88' lang='lat' dir='ltr'><strong>potuit.</strong></span> <span class='ocrx_word' id='word_1_643' title='bbox 3467 3908 3582 3967; x_wconf 87' lang='lat' dir='ltr'><strong>Sed</strong></span> <span class='ocrx_word' id='word_1_644' title='bbox 3615 3908 3729 3979; x_wconf 80' lang='lat' dir='ltr'><strong>quid</strong></span> 
     </span>
    </p>
   </div>
   <div class='ocr_carea' id='block_1_83' title="bbox 2137 3995 3732 4071">
    <p class='ocr_par' dir='ltr' id='par_1_83' title="bbox 2137 3995 3732 4071">
     <span class='ocr_line' id='line_1_83' title="bbox 2137 3995 3732 4071; baseline 0.004 -22"><span class='ocrx_word' id='word_1_645' title='bbox 2137 3995 2276 4051; x_wconf 92' lang='lat' dir='ltr'><strong>velle</strong></span> <span class='ocrx_word' id='word_1_646' title='bbox 2305 3997 2423 4067; x_wconf 88' lang='lat' dir='ltr'><strong>ejus</strong></span> <span class='ocrx_word' id='word_1_647' title='bbox 2453 3998 2695 4054; x_wconf 88' lang='lat' dir='ltr'><strong>membra</strong></span> <span class='ocrx_word' id='word_1_648' title='bbox 2726 3999 2975 4068; x_wconf 83' lang='lat' dir='ltr'><strong>debeant,</strong></span> <span class='ocrx_word' id='word_1_649' title='bbox 2998 4002 3194 4071; x_wconf 90' lang='lat' dir='ltr'><strong>quidve</strong></span> <span class='ocrx_word' id='word_1_650' title='bbox 3222 4003 3289 4057; x_wconf 91' lang='lat' dir='ltr'><strong>de</strong></span> <span class='ocrx_word' id='word_1_651' title='bbox 3328 4004 3417 4058; x_wconf 88' lang='lat' dir='ltr'><strong>eis</strong></span> <span class='ocrx_word' id='word_1_652' title='bbox 3438 4004 3612 4059; x_wconf 87' lang='lat' dir='ltr'><strong>etiam</strong></span> <span class='ocrx_word' id='word_1_653' title='bbox 3646 4018 3732 4056; x_wconf 82' lang='lat' dir='ltr'><strong>uo-</strong></span> 
     </span>
    </p>
   </div>
   <div class='ocr_carea' id='block_1_84' title="bbox 2140 4086 3730 4166">
    <p class='ocr_par' dir='ltr' id='par_1_84' title="bbox 2140 4086 3730 4166">
     <span class='ocr_line' id='line_1_84' title="bbox 2140 4086 3730 4166; baseline 0.007 -26"><span class='ocrx_word' id='word_1_654' title='bbox 2140 4086 2376 4142; x_wconf 90' lang='lat' dir='ltr'><strong>lentibus</strong></span> <span class='ocrx_word' id='word_1_655' title='bbox 2409 4087 2522 4155; x_wconf 88' lang='lat' dir='ltr'><strong>ﬁat,</strong></span> <span class='ocrx_word' id='word_1_656' title='bbox 2578 4090 2836 4147; x_wconf 71' lang='lat' dir='ltr'><strong>doctrinae</strong></span> <span class='ocrx_word' id='word_1_657' title='bbox 2882 4094 3195 4166; x_wconf 89' lang='lat' dir='ltr'><strong>magisterio</strong></span> <span class='ocrx_word' id='word_1_658' title='bbox 3222 4095 3548 4166; x_wconf 79' lang='lat' dir='ltr'><strong>exemplum</strong></span> <span class='ocrx_word' id='word_1_659' title='bbox 3574 4095 3730 4151; x_wconf 80' lang='lat' dir='ltr'><strong>dedit.</strong></span> 
     </span>
    </p>
   </div>
   <div class='ocr_carea' id='block_1_85' title="bbox 2127 4177 3349 4251">
    <p class='ocr_par' dir='ltr' id='par_1_85' title="bbox 2127 4177 3349 4251">
     <span class='ocr_line' id='line_1_85' title="bbox 2127 4177 3349 4251; baseline 0.006 -18"><span class='ocrx_word' id='word_1_660' title='bbox 2127 4177 2256 4234; x_wconf 90' lang='lat' dir='ltr'><strong>Post</strong></span> <span class='ocrx_word' id='word_1_661' title='bbox 2280 4177 2396 4236; x_wconf 64' lang='lat' dir='ltr'><strong>biee</strong></span> <span class='ocrx_word' id='word_1_662' title='bbox 2420 4182 2769 4251; x_wconf 86' lang='lat' dir='ltr'><strong>prosequitur</strong></span> <span class='ocrx_word' id='word_1_663' title='bbox 2789 4182 3075 4242; x_wconf 71' lang='lat' dir='ltr'><strong>Matthteus</strong></span> <span class='ocrx_word' id='word_1_664' title='bbox 3095 4194 3151 4241; x_wconf 91' lang='lat' dir='ltr'><strong>et</strong></span> <span class='ocrx_word' id='word_1_665' title='bbox 3174 4186 3311 4242; x_wconf 88' lang='lat' dir='ltr'><strong>dicit</strong></span> <span class='ocrx_word' id='word_1_666' title='bbox 3334 4205 3349 4240; x_wconf 90' lang='lat'><strong>:</strong></span> 
     </span>
    </p>
   </div>
   <div class='ocr_carea' id='block_1_86' title="bbox 2199 4288 3723 4365">
    <p class='ocr_par' dir='ltr' id='par_1_86' title="bbox 2199 4288 3723 4365">
     <span class='ocr_line' id='line_1_86' title="bbox 2199 4288 3723 4365; baseline 0.006 -22"><span class='ocrx_word' id='word_1_667' title='bbox 2199 4288 2332 4344; x_wconf 83' lang='lat' dir='ltr'><strong>Cum</strong></span> <span class='ocrx_word' id='word_1_668' title='bbox 2380 4300 2556 4346; x_wconf 88' lang='lat' dir='ltr'><strong>autem</strong></span> <span class='ocrx_word' id='word_1_669' title='bbox 2600 4292 2867 4348; x_wconf 86' lang='lat' dir='ltr'><strong>introisset</strong></span> <span class='ocrx_word' id='word_1_670' title='bbox 2914 4292 3290 4365; x_wconf 81' lang='lat' dir='ltr'><strong>Capharnaum</strong></span> <span class='ocrx_word' id='word_1_671' title='bbox 3314 4336 3330 4360; x_wconf 96' lang='lat'><strong>,</strong></span> <span class='ocrx_word' id='word_1_672' title='bbox 3378 4302 3615 4352; x_wconf 81' lang='lat' dir='ltr'><strong>accessit</strong></span> <span class='ocrx_word' id='word_1_673' title='bbox 3664 4298 3723 4351; x_wconf 72' lang='lat' dir='ltr'><strong>ad</strong></span> 
     </span>
    </p>
   </div>
   <div class='ocr_carea' id='block_1_87' title="bbox 2124 4382 3731 4461">
    <p class='ocr_par' dir='ltr' id='par_1_87' title="bbox 2124 4382 3731 4461">
     <span class='ocr_line' id='line_1_87' title="bbox 2124 4382 3731 4461; baseline 0.006 -27"><span class='ocrx_word' id='word_1_674' title='bbox 2124 4397 2246 4435; x_wconf 87' lang='lat' dir='ltr'><strong>eum</strong></span> <span class='ocrx_word' id='word_1_675' title='bbox 2289 4382 2551 4448; x_wconf 86' lang='lat' dir='ltr'><strong>centurio,</strong></span> <span class='ocrx_word' id='word_1_676' title='bbox 2599 4400 2790 4454; x_wconf 85' lang='lat' dir='ltr'><strong>rogans</strong></span> <span class='ocrx_word' id='word_1_677' title='bbox 2827 4400 2947 4440; x_wconf 85' lang='lat' dir='ltr'><strong>eum</strong></span> <span class='ocrx_word' id='word_1_678' title='bbox 2987 4396 3037 4440; x_wconf 89' lang='lat' dir='ltr'><strong>et</strong></span> <span class='ocrx_word' id='word_1_679' title='bbox 3075 4386 3276 4453; x_wconf 82' lang='lat' dir='ltr'><strong>dicens,</strong></span> <span class='ocrx_word' id='word_1_680' title='bbox 3308 4386 3569 4455; x_wconf 68' lang='lat' dir='ltr'><strong>Domine,</strong></span> <span class='ocrx_word' id='word_1_681' title='bbox 3611 4405 3731 4461; x_wconf 68' lang='lat' dir='ltr'><strong>pater</strong></span> 
     </span>
    </p>
   </div>
   <div class='ocr_carea' id='block_1_88' title="bbox 2126 4473 3728 4552">
    <p class='ocr_par' dir='ltr' id='par_1_88' title="bbox 2126 4473 3728 4552">
     <span class='ocr_line' id='line_1_88' title="bbox 2126 4473 3728 4552; baseline 0.005 -26"><span class='ocrx_word' id='word_1_682' title='bbox 2126 4488 2271 4527; x_wconf 85' lang='lat' dir='ltr'><strong>meus</strong></span> <span class='ocrx_word' id='word_1_683' title='bbox 2307 4473 2451 4543; x_wconf 82' lang='lat' dir='ltr'><strong>jacet</strong></span> <span class='ocrx_word' id='word_1_684' title='bbox 2495 4475 2552 4529; x_wconf 85' lang='lat' dir='ltr'><strong>in</strong></span> <span class='ocrx_word' id='word_1_685' title='bbox 2589 4475 2745 4529; x_wconf 89' lang='lat' dir='ltr'><strong>domo</strong></span> <span class='ocrx_word' id='word_1_686' title='bbox 2780 4477 3104 4548; x_wconf 81' lang='lat' dir='ltr'><strong>paralyticus</strong></span> <span class='ocrx_word' id='word_1_687' title='bbox 3147 4488 3197 4533; x_wconf 88' lang='lat' dir='ltr'><strong>et</strong></span> <span class='ocrx_word' id='word_1_688' title='bbox 3238 4478 3378 4533; x_wconf 82' lang='lat' dir='ltr'><strong>male</strong></span> <span class='ocrx_word' id='word_1_689' title='bbox 3432 4492 3728 4552; x_wconf 65' lang='lat' dir='ltr'><strong>torquaer.</strong></span> 
     </span>
    </p>
   </div>
   <div class='ocr_carea' id='block_1_89' title="bbox 2134 4564 3730 4643">
    <p class='ocr_par' dir='ltr' id='par_1_89' title="bbox 2134 4564 3730 4643">
     <span class='ocr_line' id='line_1_89' title="bbox 2134 4564 3730 4643; baseline 0.005 -23"><span class='ocrx_word' id='word_1_690' title='bbox 2134 4564 2246 4638; x_wconf 82' lang='lat' dir='ltr'><strong>[IL]</strong></span> <span class='ocrx_word' id='word_1_691' title='bbox 2288 4565 2563 4634; x_wconf 82' lang='lat' dir='ltr'><strong>Quaeritur</strong></span> <span class='ocrx_word' id='word_1_692' title='bbox 2613 4568 2884 4638; x_wconf 91' lang='lat' dir='ltr'><strong>quomodo</strong></span> <span class='ocrx_word' id='word_1_693' title='bbox 2934 4572 3219 4627; x_wconf 86' lang='lat' dir='ltr'><strong>conveniat</strong></span> <span class='ocrx_word' id='word_1_694' title='bbox 3266 4573 3419 4643; x_wconf 87' lang='lat' dir='ltr'><strong>quod</strong></span> <span class='ocrx_word' id='word_1_695' title='bbox 3443 4572 3730 4631; x_wconf 68' lang='lat' dir='ltr'><strong>llattbzns</strong></span> 
     </span>
    </p>
   </div>
   <div class='ocr_carea' id='block_1_90' title="bbox 428 4620 3729 4729">
    <p class='ocr_par' dir='ltr' id='par_1_90' title="bbox 428 4620 3729 4729">
     <span class='ocr_line' id='line_1_90' title="bbox 428 4620 3729 4729; baseline 0.002 -31"><span class='ocrx_word' id='word_1_696' title='bbox 428 4644 661 4700; x_wconf 91' lang='lat' dir='ltr'><strong>Domino</strong></span> <span class='ocrx_word' id='word_1_697' title='bbox 688 4644 934 4707; x_wconf 89' lang='lat' dir='ltr'><strong>credant,</strong></span> <span class='ocrx_word' id='word_1_698' title='bbox 967 4642 1014 4696; x_wconf 90' lang='lat' dir='ltr'><strong>si</strong></span> <span class='ocrx_word' id='word_1_699' title='bbox 1041 4642 1337 4712; x_wconf 85' lang='lat' dir='ltr'><strong>impietatis</strong></span> <span class='ocrx_word' id='word_1_700' title='bbox 1362 4641 1513 4711; x_wconf 87' lang='lat' dir='ltr'><strong>lepra</strong></span> <span class='ocrx_word' id='word_1_701' title='bbox 1542 4640 1805 4696; x_wconf 89' lang='lat' dir='ltr'><strong>discedat.</strong></span> <span class='ocrx_word' id='word_1_702' title='bbox 1837 4638 2023 4710; x_wconf 86' lang='lat' dir='ltr'><strong>(Aug.)</strong></span> <span class='ocrx_word' id='word_1_703' title='bbox 2052 4620 2106 4681; x_wconf 80' lang='lat' dir='ltr'><strong>D</strong></span> <span class='ocrx_word' id='word_1_704' title='bbox 2132 4620 3729 4729; x_wconf 33' lang='lat' dir='ltr'><strong>{psgnfgggugioﬁgg&quot;,MQQQ&#39;DQQQQE};</strong></span> 
     </span>
    </p>
   </div>
   <div class='ocr_carea' id='block_1_91' title="bbox 428 4730 2022 4804">
    <p class='ocr_par' dir='ltr' id='par_1_91' title="bbox 428 4730 2022 4804">
     <span class='ocr_line' id='line_1_91' title="bbox 428 4730 2022 4804; baseline -0.004 -15"><span class='ocrx_word' id='word_1_705' title='bbox 428 4735 582 4803; x_wconf 87' lang='lat' dir='ltr'><strong>Quod</strong></span> <span class='ocrx_word' id='word_1_706' title='bbox 603 4735 648 4789; x_wconf 91' lang='lat' dir='ltr'><strong>si</strong></span> <span class='ocrx_word' id='word_1_707' title='bbox 675 4748 835 4804; x_wconf 89' lang='lat' dir='ltr'><strong>quem</strong></span> <span class='ocrx_word' id='word_1_708' title='bbox 872 4739 1059 4788; x_wconf 87' lang='lat' dir='ltr'><strong>movet</strong></span> <span class='ocrx_word' id='word_1_709' title='bbox 1085 4733 1357 4803; x_wconf 89' lang='lat' dir='ltr'><strong>quomodo</strong></span> <span class='ocrx_word' id='word_1_710' title='bbox 1404 4731 1669 4786; x_wconf 90' lang='lat' dir='ltr'><strong>Dominus</strong></span> <span class='ocrx_word' id='word_1_711' title='bbox 1724 4730 2022 4786; x_wconf 85' lang='lat' dir='ltr'><strong>Mosaicum</strong></span> 
     </span>
    </p>
   </div>
   <div class='ocr_carea' id='block_1_92' title="bbox 426 4822 2025 4895">
    <p class='ocr_par' dir='ltr' id='par_1_92' title="bbox 426 4822 2025 4895">
     <span class='ocr_line' id='line_1_92' title="bbox 426 4822 2025 4895; baseline -0.004 -13"><span class='ocrx_word' id='word_1_712' title='bbox 426 4827 680 4882; x_wconf 86' lang='lat' dir='ltr'><strong>videatur</strong></span> <span class='ocrx_word' id='word_1_713' title='bbox 695 4826 999 4895; x_wconf 87' lang='lat' dir='ltr'><strong>approbare</strong></span> <span class='ocrx_word' id='word_1_714' title='bbox 1040 4823 1386 4887; x_wconf 87' lang='lat' dir='ltr'><strong>sacriﬁcium,</strong></span> <span class='ocrx_word' id='word_1_715' title='bbox 1421 4838 1546 4878; x_wconf 93' lang='lat' dir='ltr'><strong>cum</strong></span> <span class='ocrx_word' id='word_1_716' title='bbox 1578 4822 1632 4877; x_wconf 91' lang='lat' dir='ltr'><strong>id</strong></span> <span class='ocrx_word' id='word_1_717' title='bbox 1666 4838 1773 4877; x_wconf 86' lang='lat' dir='ltr'><strong>non</strong></span> <span class='ocrx_word' id='word_1_718' title='bbox 1804 4836 2025 4893; x_wconf 89' lang='lat' dir='ltr'><strong>recepe—</strong></span> 
     </span>
    </p>
   </div>
   <div class='ocr_carea' id='block_1_93' title="bbox 428 4915 2023 4986">
    <p class='ocr_par' dir='ltr' id='par_1_93' title="bbox 428 4915 2023 4986">
     <span class='ocr_line' id='line_1_93' title="bbox 428 4915 2023 4986; baseline -0.003 -11"><span class='ocrx_word' id='word_1_719' title='bbox 428 4921 501 4975; x_wconf 89' lang='lat' dir='ltr'><strong>rit</strong></span> <span class='ocrx_word' id='word_1_720' title='bbox 521 4918 789 4984; x_wconf 86' lang='lat' dir='ltr'><strong>Ecclesia,</strong></span> <span class='ocrx_word' id='word_1_721' title='bbox 817 4918 1126 4971; x_wconf 89' lang='lat' dir='ltr'><strong>meminerit</strong></span> <span class='ocrx_word' id='word_1_722' title='bbox 1154 4916 1395 4972; x_wconf 86' lang='lat' dir='ltr'><strong>nondum</strong></span> <span class='ocrx_word' id='word_1_723' title='bbox 1430 4916 1663 4986; x_wconf 62' lang='lat' dir='ltr'><strong>coepisse</strong></span> <span class='ocrx_word' id='word_1_724' title='bbox 1688 4915 2023 4972; x_wconf 89' lang='lat' dir='ltr'><strong>sacriﬁcium</strong></span> 
     </span>
    </p>
   </div>
   <div class='ocr_carea' id='block_1_94' title="bbox 429 5006 2021 5077">
    <p class='ocr_par' dir='ltr' id='par_1_94' title="bbox 429 5006 2021 5077">
     <span class='ocr_line' id='line_1_94' title="bbox 429 5006 2021 5077; baseline -0.002 -10"><span class='ocrx_word' id='word_1_725' title='bbox 429 5010 691 5067; x_wconf 86' lang='lat' dir='ltr'><strong>Sanctum</strong></span> <span class='ocrx_word' id='word_1_726' title='bbox 717 5016 1053 5073; x_wconf 89' lang='lat' dir='ltr'><strong>sanctorum,</strong></span> <span class='ocrx_word' id='word_1_727' title='bbox 1079 5008 1223 5077; x_wconf 92' lang='lat' dir='ltr'><strong>quod</strong></span> <span class='ocrx_word' id='word_1_728' title='bbox 1244 5024 1442 5077; x_wconf 87' lang='lat' dir='ltr'><strong>corpus</strong></span> <span class='ocrx_word' id='word_1_729' title='bbox 1473 5015 1560 5062; x_wconf 90' lang='lat' dir='ltr'><strong>est</strong></span> <span class='ocrx_word' id='word_1_730' title='bbox 1590 5006 1726 5076; x_wconf 87' lang='lat' dir='ltr'><strong>ejus.</strong></span> <span class='ocrx_word' id='word_1_731' title='bbox 1767 5007 2021 5064; x_wconf 83' lang='lat' dir='ltr'><strong>Nondum</strong></span> 
     </span>
    </p>
   </div>
   <div class='ocr_carea' id='block_1_95' title="bbox 429 5099 2023 5172">
    <p class='ocr_par' dir='ltr' id='par_1_95' title="bbox 429 5099 2023 5172">
     <span class='ocr_line' id='line_1_95' title="bbox 429 5099 2023 5172; baseline -0.002 -12"><span class='ocrx_word' id='word_1_732' title='bbox 429 5105 575 5160; x_wconf 91' lang='lat' dir='ltr'><strong>enim</strong></span> <span class='ocrx_word' id='word_1_733' title='bbox 602 5105 875 5159; x_wconf 85' lang='lat' dir='ltr'><strong>obtulerat</strong></span> <span class='ocrx_word' id='word_1_734' title='bbox 904 5102 960 5157; x_wconf 91' lang='lat' dir='ltr'><strong>in</strong></span> <span class='ocrx_word' id='word_1_735' title='bbox 983 5101 1237 5172; x_wconf 86' lang='lat' dir='ltr'><strong>passione</strong></span> <span class='ocrx_word' id='word_1_736' title='bbox 1265 5101 1642 5157; x_wconf 89' lang='lat' dir='ltr'><strong>holocaustum</strong></span> <span class='ocrx_word' id='word_1_737' title='bbox 1688 5116 1871 5156; x_wconf 88' lang='lat' dir='ltr'><strong>suum.</strong></span> <span class='ocrx_word' id='word_1_738' title='bbox 1903 5099 2023 5157; x_wconf 83' lang='lat' dir='ltr'><strong>Non</strong></span> 
     </span>
    </p>
   </div>
   <div class='ocr_carea' id='block_1_96' title="bbox 429 5193 2027 5267">
    <p class='ocr_par' dir='ltr' id='par_1_96' title="bbox 429 5193 2027 5267">
     <span class='ocr_line' id='line_1_96' title="bbox 429 5193 2027 5267; baseline -0.001 -16"><span class='ocrx_word' id='word_1_739' title='bbox 429 5204 610 5251; x_wconf 85' lang='lat' dir='ltr'><strong>autem</strong></span> <span class='ocrx_word' id='word_1_740' title='bbox 625 5196 908 5267; x_wconf 90' lang='lat' dir='ltr'><strong>oportebat</strong></span> <span class='ocrx_word' id='word_1_741' title='bbox 930 5193 1133 5249; x_wconf 80' lang='lat' dir='ltr'><strong>auferri</strong></span> <span class='ocrx_word' id='word_1_742' title='bbox 1156 5194 1513 5265; x_wconf 86' lang='lat' dir='ltr'><strong>signiﬁcantia</strong></span> <span class='ocrx_word' id='word_1_743' title='bbox 1531 5195 1824 5263; x_wconf 87' lang='lat' dir='ltr'><strong>sacriﬁcia,</strong></span> <span class='ocrx_word' id='word_1_744' title='bbox 1848 5195 2027 5267; x_wconf 88' lang='lat' dir='ltr'><strong>prius-</strong></span> 
     </span>
    </p>
   </div>
   <div class='ocr_carea' id='block_1_97' title="bbox 432 5288 2029 5360">
    <p class='ocr_par' dir='ltr' id='par_1_97' title="bbox 432 5288 2029 5360">
     <span class='ocr_line' id='line_1_97' title="bbox 432 5288 2029 5360; baseline 0.003 -19"><span class='ocrx_word' id='word_1_745' title='bbox 432 5304 594 5357; x_wconf 89' lang='lat' dir='ltr'><strong>quam</strong></span> <span class='ocrx_word' id='word_1_746' title='bbox 624 5289 753 5343; x_wconf 90' lang='lat' dir='ltr'><strong>illud</strong></span> <span class='ocrx_word' id='word_1_747' title='bbox 794 5289 939 5359; x_wconf 87' lang='lat' dir='ltr'><strong>quod</strong></span> <span class='ocrx_word' id='word_1_748' title='bbox 986 5288 1396 5360; x_wconf 83' lang='lat' dir='ltr'><strong>signiﬁcabatur</strong></span> <span class='ocrx_word' id='word_1_749' title='bbox 1446 5289 1831 5345; x_wconf 80' lang='lat' dir='ltr'><strong>conﬁrmatum</strong></span> <span class='ocrx_word' id='word_1_750' title='bbox 1881 5296 2029 5345; x_wconf 90' lang='lat' dir='ltr'><strong>esset</strong></span> 
     </span>
    </p>
   </div>
   <div class='ocr_carea' id='block_1_98' title="bbox 418 5378 2028 5453">
    <p class='ocr_par' dir='ltr' id='par_1_98' title="bbox 418 5378 2028 5453">
     <span class='ocr_line' id='line_1_98' title="bbox 418 5378 2028 5453; baseline 0 -15"><span class='ocrx_word' id='word_1_751' title='bbox 418 5378 826 5438; x_wconf 33' lang='lat' dir='ltr'><strong>“contestatione</strong></span> <span class='ocrx_word' id='word_1_752' title='bbox 856 5384 1223 5453; x_wconf 85' lang='lat' dir='ltr'><strong>apostolorum</strong></span> <span class='ocrx_word' id='word_1_753' title='bbox 1245 5384 1679 5453; x_wconf 67' lang='lat' dir='ltr'><strong>praedicautium,</strong></span> <span class='ocrx_word' id='word_1_754' title='bbox 1702 5391 1762 5437; x_wconf 78' lang='lat' dir='ltr'><strong>cu</strong></span> <span class='ocrx_word' id='word_1_755' title='bbox 1780 5384 1884 5439; x_wconf 69' lang='lat' dir='ltr'><strong>title</strong></span> <span class='ocrx_word' id='word_1_756' title='bbox 1907 5398 2028 5438; x_wconf 88' lang='lat' dir='ltr'><strong>cre-</strong></span> 
     </span>
    </p>
   </div>
   <div class='ocr_carea' id='block_1_99' title="bbox 432 5476 2026 5552">
    <p class='ocr_par' dir='ltr' id='par_1_99' title="bbox 432 5476 2026 5552">
     <span class='ocr_line' id='line_1_99' title="bbox 432 5476 2026 5552; baseline 0.001 -21"><span class='ocrx_word' id='word_1_757' title='bbox 432 5476 675 5531; x_wconf 90' lang='lat' dir='ltr'><strong>dentium</strong></span> <span class='ocrx_word' id='word_1_758' title='bbox 710 5476 1443 5552; x_wconf 83' lang='lat' dir='ltr'><strong>populorum.(Victorinus.)</strong></span> <span class='ocrx_word' id='word_1_759' title='bbox 1485 5477 1622 5544; x_wconf 89' lang='lat' dir='ltr'><strong>Quia</strong></span> <span class='ocrx_word' id='word_1_760' title='bbox 1676 5492 1810 5533; x_wconf 81' lang='lat' dir='ltr'><strong>vero</strong></span> <span class='ocrx_word' id='word_1_761' title='bbox 1848 5478 2026 5549; x_wconf 85' lang='lat' dir='ltr'><strong>typice</strong></span> 
     </span>
    </p>
   </div>
   <div class='ocr_carea' id='block_1_100' title="bbox 430 5568 2023 5641">
    <p class='ocr_par' dir='ltr' id='par_1_100' title="bbox 430 5568 2023 5641">
     <span class='ocr_line' id='line_1_100' title="bbox 430 5568 2023 5641; baseline 0.002 -20"><span class='ocrx_word' id='word_1_762' title='bbox 430 5568 516 5622; x_wconf 93' lang='lat' dir='ltr'><strong>vir</strong></span> <span class='ocrx_word' id='word_1_763' title='bbox 542 5568 645 5622; x_wconf 90' lang='lat' dir='ltr'><strong>istc</strong></span> <span class='ocrx_word' id='word_1_764' title='bbox 655 5570 894 5638; x_wconf 87' lang='lat' dir='ltr'><strong>peccatis</strong></span> <span class='ocrx_word' id='word_1_765' title='bbox 915 5569 1229 5639; x_wconf 87' lang='lat' dir='ltr'><strong>languidum</strong></span> <span class='ocrx_word' id='word_1_766' title='bbox 1246 5583 1414 5637; x_wconf 84' lang='lat' dir='ltr'><strong>genus</strong></span> <span class='ocrx_word' id='word_1_767' title='bbox 1435 5569 2023 5641; x_wconf 87' lang='lat' dir='ltr'><strong>designathumanum,</strong></span> 
     </span>
    </p>
   </div>
   <div class='ocr_carea' id='block_1_101' title="bbox 432 5661 2024 5734">
    <p class='ocr_par' dir='ltr' id='par_1_101' title="bbox 432 5661 2024 5734">
     <span class='ocr_line' id='line_1_101' title="bbox 432 5661 2024 5734; baseline 0.002 -20"><span class='ocrx_word' id='word_1_768' title='bbox 432 5666 581 5714; x_wconf 86' lang='lat' dir='ltr'><strong>recte</strong></span> <span class='ocrx_word' id='word_1_769' title='bbox 603 5675 708 5715; x_wconf 91' lang='lat' dir='ltr'><strong>non</strong></span> <span class='ocrx_word' id='word_1_770' title='bbox 732 5661 905 5715; x_wconf 89' lang='lat' dir='ltr'><strong>solum</strong></span> <span class='ocrx_word' id='word_1_771' title='bbox 931 5661 1199 5731; x_wconf 91' lang='lat' dir='ltr'><strong>leprosus,</strong></span> <span class='ocrx_word' id='word_1_772' title='bbox 1226 5663 1319 5717; x_wconf 88' lang='lat' dir='ltr'><strong>sed</strong></span> <span class='ocrx_word' id='word_1_773' title='bbox 1350 5673 1403 5717; x_wconf 91' lang='lat' dir='ltr'><strong>ct</strong></span> <span class='ocrx_word' id='word_1_774' title='bbox 1435 5663 1645 5733; x_wconf 88' lang='lat' dir='ltr'><strong>plenius</strong></span> <span class='ocrx_word' id='word_1_775' title='bbox 1672 5663 1848 5734; x_wconf 89' lang='lat' dir='ltr'><strong>lepra,</strong></span> <span class='ocrx_word' id='word_1_776' title='bbox 1865 5662 2024 5731; x_wconf 78' lang='lat' dir='ltr'><strong>juxta</strong></span> 
     </span>
    </p>
   </div>
   <div class='ocr_carea' id='block_1_102' title="bbox 433 5739 2024 5829">
    <p class='ocr_par' dir='ltr' id='par_1_102' title="bbox 433 5739 2024 5829">
     <span class='ocr_line' id='line_1_102' title="bbox 433 5739 2024 5829; baseline 0.004 -22"><span class='ocrx_word' id='word_1_777' title='bbox 433 5752 598 5807; x_wconf 87' lang='lat' dir='ltr'><strong>alium</strong></span> <span class='ocrx_word' id='word_1_778' title='bbox 626 5754 1049 5825; x_wconf 82' lang='lat' dir='ltr'><strong>Evangelislam,</strong></span> <span class='ocrx_word' id='word_1_779' title='bbox 1079 5739 1422 5811; x_wconf 68' lang='lat' dir='ltr'><strong>describitur.</strong></span> <span class='ocrx_word' id='word_1_780' title='bbox 1444 5756 1636 5812; x_wconf 85' lang='lat' dir='ltr'><strong>Omnes</strong></span> <span class='ocrx_word' id='word_1_781' title='bbox 1674 5760 1811 5814; x_wconf 88' lang='lat' dir='ltr'><strong>enim</strong></span> <span class='ocrx_word' id='word_1_782' title='bbox 1839 5776 2024 5829; x_wconf 81' lang='lat' dir='ltr'><strong>pecca-</strong></span> 
     </span>
    </p>
   </div>
   <div class='ocr_carea' id='block_1_103' title="bbox 438 5847 2022 5922">
    <p class='ocr_par' dir='ltr' id='par_1_103' title="bbox 438 5847 2022 5922">
     <span class='ocr_line' id='line_1_103' title="bbox 438 5847 2022 5922; baseline 0.004 -19"><span class='ocrx_word' id='word_1_783' title='bbox 438 5857 641 5914; x_wconf 78' lang='lat' dir='ltr'><strong>verunt,</strong></span> <span class='ocrx_word' id='word_1_784' title='bbox 668 5859 719 5903; x_wconf 85' lang='lat' dir='ltr'><strong>et</strong></span> <span class='ocrx_word' id='word_1_785' title='bbox 742 5856 891 5916; x_wconf 84' lang='lat' dir='ltr'><strong>egent</strong></span> <span class='ocrx_word' id='word_1_786' title='bbox 919 5847 1087 5917; x_wconf 80' lang='lat' dir='ltr'><strong>gloria</strong></span> <span class='ocrx_word' id='word_1_787' title='bbox 1135 5849 1254 5904; x_wconf 85' lang='lat' dir='ltr'><strong>Dei.</strong></span> <span class='ocrx_word' id='word_1_788' title='bbox 1306 5850 1400 5906; x_wconf 79' lang='lat' dir='ltr'><strong>illa</strong></span> <span class='ocrx_word' id='word_1_789' title='bbox 1433 5852 1668 5922; x_wconf 86' lang='lat' dir='ltr'><strong>scilicet,</strong></span> <span class='ocrx_word' id='word_1_790' title='bbox 1698 5862 1760 5910; x_wconf 89' lang='lat' dir='ltr'><strong>ut</strong></span> <span class='ocrx_word' id='word_1_791' title='bbox 1805 5862 2022 5910; x_wconf 83' lang='lat' dir='ltr'><strong>extenta</strong></span> 
     </span>
    </p>
   </div>
   <div class='ocr_carea' id='block_1_104' title="bbox 2135 4753 3723 4821">
    <p class='ocr_par' dir='ltr' id='par_1_104' title="bbox 2135 4753 3723 4821">
     <span class='ocr_line' id='line_1_104' title="bbox 2135 4753 3723 4821; baseline 0.008 -15"><span class='ocrx_word' id='word_1_792' title='bbox 2135 4767 2259 4807; x_wconf 89' lang='lat' dir='ltr'><strong>cum</strong></span> <span class='ocrx_word' id='word_1_793' title='bbox 2283 4753 2461 4809; x_wconf 90' lang='lat' dir='ltr'><strong>Lucas</strong></span> <span class='ocrx_word' id='word_1_794' title='bbox 2480 4762 2671 4810; x_wconf 89' lang='lat' dir='ltr'><strong>narret</strong></span> <span class='ocrx_word' id='word_1_795' title='bbox 2698 4754 2850 4810; x_wconf 89' lang='lat' dir='ltr'><strong>illum</strong></span> <span class='ocrx_word' id='word_1_796' title='bbox 2864 4758 3085 4814; x_wconf 84' lang='lat' dir='ltr'><strong>nuntios</strong></span> <span class='ocrx_word' id='word_1_797' title='bbox 3102 4759 3348 4815; x_wconf 89' lang='lat' dir='ltr'><strong>misisse:</strong></span> <span class='ocrx_word' id='word_1_798' title='bbox 3365 4758 3723 4821; x_wconf 56' lang='lat' dir='ltr'><strong>Centuriam}.</strong></span> 
     </span>
    </p>
   </div>
   <div class='ocr_carea' id='block_1_105' title="bbox 2134 4843 3727 4917">
    <p class='ocr_par' dir='ltr' id='par_1_105' title="bbox 2134 4843 3727 4917">
     <span class='ocr_line' id='line_1_105' title="bbox 2134 4843 3727 4917; baseline 0.007 -19"><span class='ocrx_word' id='word_1_799' title='bbox 2134 4843 2334 4915; x_wconf 90' lang='lat' dir='ltr'><strong>inquit,</strong></span> <span class='ocrx_word' id='word_1_800' title='bbox 2357 4846 2635 4917; x_wconf 87' lang='lat' dir='ltr'><strong>cujusdam</strong></span> <span class='ocrx_word' id='word_1_801' title='bbox 2664 4863 2844 4903; x_wconf 86' lang='lat' dir='ltr'><strong>servus</strong></span> <span class='ocrx_word' id='word_1_802' title='bbox 2877 4850 3016 4904; x_wconf 84' lang='lat' dir='ltr'><strong>male</strong></span> <span class='ocrx_word' id='word_1_803' title='bbox 3036 4849 3232 4906; x_wconf 81' lang='lat' dir='ltr'><strong>habens</strong></span> <span class='ocrx_word' id='word_1_804' title='bbox 3258 4861 3375 4906; x_wconf 85' lang='lat' dir='ltr'><strong>erat</strong></span> <span class='ocrx_word' id='word_1_805' title='bbox 3414 4854 3727 4917; x_wconf 71' lang='lat' dir='ltr'><strong>maritum,</strong></span> 
     </span>
    </p>
   </div>
   <div class='ocr_carea' id='block_1_106' title="bbox 2135 4934 3726 5007">
    <p class='ocr_par' dir='ltr' id='par_1_106' title="bbox 2135 4934 3726 5007">
     <span class='ocr_line' id='line_1_106' title="bbox 2135 4934 3726 5007; baseline 0.007 -20"><span class='ocrx_word' id='word_1_806' title='bbox 2135 4934 2226 5005; x_wconf 81' lang='lat' dir='ltr'><strong>qui</strong></span> <span class='ocrx_word' id='word_1_807' title='bbox 2278 4944 2393 4989; x_wconf 88' lang='lat' dir='ltr'><strong>erat</strong></span> <span class='ocrx_word' id='word_1_808' title='bbox 2433 4934 2514 4988; x_wconf 86' lang='lat' dir='ltr'><strong>illi</strong></span> <span class='ocrx_word' id='word_1_809' title='bbox 2556 4938 2856 5006; x_wconf 82' lang='lat' dir='ltr'><strong>pretiosus,</strong></span> <span class='ocrx_word' id='word_1_810' title='bbox 2905 4947 2954 4993; x_wconf 88' lang='lat' dir='ltr'><strong>et</strong></span> <span class='ocrx_word' id='word_1_811' title='bbox 3005 4955 3123 4993; x_wconf 86' lang='lat' dir='ltr'><strong>cum</strong></span> <span class='ocrx_word' id='word_1_812' title='bbox 3179 4939 3420 4995; x_wconf 82' lang='lat' dir='ltr'><strong>audisset</strong></span> <span class='ocrx_word' id='word_1_813' title='bbox 3474 4943 3541 4997; x_wconf 83' lang='lat' dir='ltr'><strong>de</strong></span> <span class='ocrx_word' id='word_1_814' title='bbox 3579 4941 3726 5007; x_wconf 64' lang='lat' dir='ltr'><strong>lea.</strong></span> 
     </span>
    </p>
   </div>
   <div class='ocr_carea' id='block_1_107' title="bbox 2136 5024 3731 5105">
    <p class='ocr_par' dir='ltr' id='par_1_107' title="bbox 2136 5024 3731 5105">
     <span class='ocr_line' id='line_1_107' title="bbox 2136 5024 3731 5105; baseline 0.008 -26"><span class='ocrx_word' id='word_1_815' title='bbox 2136 5024 2278 5080; x_wconf 88' lang='lat' dir='ltr'><strong>misit</strong></span> <span class='ocrx_word' id='word_1_816' title='bbox 2322 5025 2391 5079; x_wconf 89' lang='lat' dir='ltr'><strong>ad</strong></span> <span class='ocrx_word' id='word_1_817' title='bbox 2433 5042 2553 5080; x_wconf 86' lang='lat' dir='ltr'><strong>eum</strong></span> <span class='ocrx_word' id='word_1_818' title='bbox 2606 5030 2836 5084; x_wconf 88' lang='lat' dir='ltr'><strong>seniores</strong></span> <span class='ocrx_word' id='word_1_819' title='bbox 2883 5030 3223 5098; x_wconf 66' lang='lat' dir='ltr'><strong>Iudaeorum,</strong></span> <span class='ocrx_word' id='word_1_820' title='bbox 3276 5049 3481 5105; x_wconf 69' lang='lat' dir='ltr'><strong>rogans</strong></span> <span class='ocrx_word' id='word_1_821' title='bbox 3518 5052 3633 5090; x_wconf 68' lang='lat' dir='ltr'><strong>eun</strong></span> <span class='ocrx_word' id='word_1_822' title='bbox 3675 5044 3731 5090; x_wconf 72' lang='lat' dir='ltr'><strong>ut</strong></span> 
     </span>
    </p>
   </div>
   <div class='ocr_carea' id='block_1_108' title="bbox 2130 5119 3732 5200">
    <p class='ocr_par' dir='ltr' id='par_1_108' title="bbox 2130 5119 3732 5200">
     <span class='ocr_line' id='line_1_108' title="bbox 2130 5119 3732 5200; baseline 0.004 -24"><span class='ocrx_word' id='word_1_823' title='bbox 2130 5119 2326 5176; x_wconf 77' lang='lat' dir='ltr'><strong>ueniret</strong></span> <span class='ocrx_word' id='word_1_824' title='bbox 2368 5129 2416 5172; x_wconf 89' lang='lat' dir='ltr'><strong>et</strong></span> <span class='ocrx_word' id='word_1_825' title='bbox 2459 5119 2686 5175; x_wconf 79' lang='lat' dir='ltr'><strong>saloaret</strong></span> <span class='ocrx_word' id='word_1_826' title='bbox 2726 5138 2933 5176; x_wconf 83' lang='lat' dir='ltr'><strong>servum</strong></span> <span class='ocrx_word' id='word_1_827' title='bbox 2977 5123 3094 5193; x_wconf 81' lang='lat' dir='ltr'><strong>ejus</strong></span> <span class='ocrx_word' id='word_1_828' title='bbox 3141 5124 3294 5197; x_wconf 87' lang='lat' dir='ltr'><strong>(Luc.</strong></span> <span class='ocrx_word' id='word_1_829' title='bbox 3324 5126 3451 5197; x_wconf 85' lang='lat' dir='ltr'><strong>vn).</strong></span> <span class='ocrx_word' id='word_1_830' title='bbox 3503 5126 3614 5183; x_wconf 83' lang='lat' dir='ltr'><strong>Sed</strong></span> <span class='ocrx_word' id='word_1_831' title='bbox 3646 5128 3732 5200; x_wconf 71' lang='lat' dir='ltr'><strong>pic</strong></span> 
     </span>
    </p>
   </div>
   <div class='ocr_carea' id='block_1_109' title="bbox 2132 5211 3727 5284">
    <p class='ocr_par' dir='ltr' id='par_1_109' title="bbox 2132 5211 3727 5284">
     <span class='ocr_line' id='line_1_109' title="bbox 2132 5211 3727 5284; baseline 0.006 -19"><span class='ocrx_word' id='word_1_832' title='bbox 2132 5211 2499 5282; x_wconf 64' lang='lat' dir='ltr'><strong>quaerentibus</strong></span> <span class='ocrx_word' id='word_1_833' title='bbox 2551 5213 2715 5269; x_wconf 84' lang='lat' dir='ltr'><strong>facile</strong></span> <span class='ocrx_word' id='word_1_834' title='bbox 2756 5223 2907 5284; x_wconf 89' lang='lat' dir='ltr'><strong>patet</strong></span> <span class='ocrx_word' id='word_1_835' title='bbox 2933 5220 3081 5284; x_wconf 90' lang='lat' dir='ltr'><strong>quod</strong></span> <span class='ocrx_word' id='word_1_836' title='bbox 3109 5216 3397 5274; x_wconf 66' lang='lat' dir='ltr'><strong>Matthaeus</strong></span> <span class='ocrx_word' id='word_1_837' title='bbox 3440 5219 3727 5276; x_wconf 70' lang='lat' dir='ltr'><strong>brevitatis</strong></span> 
     </span>
    </p>
   </div>
   <div class='ocr_carea' id='block_1_110' title="bbox 2131 5304 3728 5379">
    <p class='ocr_par' dir='ltr' id='par_1_110' title="bbox 2131 5304 3728 5379">
     <span class='ocr_line' id='line_1_110' title="bbox 2131 5304 3728 5379; baseline 0.006 -20"><span class='ocrx_word' id='word_1_838' title='bbox 2131 5318 2295 5359; x_wconf 85' lang='lat' dir='ltr'><strong>causa</strong></span> <span class='ocrx_word' id='word_1_839' title='bbox 2321 5304 2521 5359; x_wconf 76' lang='lat' dir='ltr'><strong>dixerit</strong></span> <span class='ocrx_word' id='word_1_840' title='bbox 2548 5305 2724 5376; x_wconf 91' lang='lat' dir='ltr'><strong>ipsum</strong></span> <span class='ocrx_word' id='word_1_841' title='bbox 2753 5308 3070 5365; x_wconf 88' lang='lat' dir='ltr'><strong>accessisse.</strong></span> <span class='ocrx_word' id='word_1_842' title='bbox 3103 5309 3270 5379; x_wconf 82' lang='lat' dir='ltr'><strong>Cujus</strong></span> <span class='ocrx_word' id='word_1_843' title='bbox 3298 5310 3642 5368; x_wconf 85' lang='lat' dir='ltr'><strong>desiderium</strong></span> <span class='ocrx_word' id='word_1_844' title='bbox 3677 5324 3728 5368; x_wconf 81' lang='lat' dir='ltr'><strong>et</strong></span> 
     </span>
    </p>
   </div>
   <div class='ocr_carea' id='block_1_111' title="bbox 2130 5395 3729 5468">
    <p class='ocr_par' dir='ltr' id='par_1_111' title="bbox 2130 5395 3729 5468">
     <span class='ocr_line' id='line_1_111' title="bbox 2130 5395 3729 5468; baseline 0.008 -19"><span class='ocrx_word' id='word_1_845' title='bbox 2130 5395 2380 5451; x_wconf 85' lang='lat' dir='ltr'><strong>voluntas</strong></span> <span class='ocrx_word' id='word_1_846' title='bbox 2404 5396 2471 5451; x_wconf 91' lang='lat' dir='ltr'><strong>ad</strong></span> <span class='ocrx_word' id='word_1_847' title='bbox 2494 5398 2782 5454; x_wconf 91' lang='lat' dir='ltr'><strong>Dominum</strong></span> <span class='ocrx_word' id='word_1_848' title='bbox 2811 5402 3100 5468; x_wconf 89' lang='lat' dir='ltr'><strong>veraciter,</strong></span> <span class='ocrx_word' id='word_1_849' title='bbox 3131 5402 3255 5459; x_wconf 88' lang='lat' dir='ltr'><strong>aliis</strong></span> <span class='ocrx_word' id='word_1_850' title='bbox 3276 5402 3405 5459; x_wconf 89' lang='lat' dir='ltr'><strong>licet</strong></span> <span class='ocrx_word' id='word_1_851' title='bbox 3433 5405 3729 5462; x_wconf 75' lang='lat' dir='ltr'><strong>deferenti-</strong></span> 
     </span>
    </p>
   </div>
   <div class='ocr_carea' id='block_1_112' title="bbox 2132 5487 3728 5561">
    <p class='ocr_par' dir='ltr' id='par_1_112' title="bbox 2132 5487 3728 5561">
     <span class='ocr_line' id='line_1_112' title="bbox 2132 5487 3728 5561; baseline 0.006 -19"><span class='ocrx_word' id='word_1_852' title='bbox 2132 5487 2254 5553; x_wconf 91' lang='lat' dir='ltr'><strong>bus,</strong></span> <span class='ocrx_word' id='word_1_853' title='bbox 2284 5496 2368 5543; x_wconf 90' lang='lat' dir='ltr'><strong>est</strong></span> <span class='ocrx_word' id='word_1_854' title='bbox 2400 5487 2647 5558; x_wconf 87' lang='lat' dir='ltr'><strong>perlata:</strong></span> <span class='ocrx_word' id='word_1_855' title='bbox 2676 5491 2907 5561; x_wconf 85' lang='lat' dir='ltr'><strong>mystice</strong></span> <span class='ocrx_word' id='word_1_856' title='bbox 2951 5493 3119 5548; x_wconf 87' lang='lat' dir='ltr'><strong>etiam</strong></span> <span class='ocrx_word' id='word_1_857' title='bbox 3147 5493 3306 5549; x_wconf 89' lang='lat' dir='ltr'><strong>nobis</strong></span> <span class='ocrx_word' id='word_1_858' title='bbox 3330 5498 3728 5553; x_wconf 85' lang='lat' dir='ltr'><strong>commendans</strong></span> 
     </span>
    </p>
   </div>
   <div class='ocr_carea' id='block_1_113' title="bbox 2133 5580 3728 5651">
    <p class='ocr_par' dir='ltr' id='par_1_113' title="bbox 2133 5580 3728 5651">
     <span class='ocr_line' id='line_1_113' title="bbox 2133 5580 3728 5651; baseline 0.006 -17"><span class='ocrx_word' id='word_1_859' title='bbox 2133 5580 2237 5635; x_wconf 92' lang='lat' dir='ltr'><strong>hoc</strong></span> <span class='ocrx_word' id='word_1_860' title='bbox 2262 5580 2406 5651; x_wconf 89' lang='lat' dir='ltr'><strong>quod</strong></span> <span class='ocrx_word' id='word_1_861' title='bbox 2441 5582 2702 5651; x_wconf 88' lang='lat' dir='ltr'><strong>scriptum</strong></span> <span class='ocrx_word' id='word_1_862' title='bbox 2731 5592 2843 5639; x_wconf 87' lang='lat' dir='ltr'><strong>est:</strong></span> <span class='ocrx_word' id='word_1_863' title='bbox 2872 5583 3127 5641; x_wconf 82' lang='lat' dir='ltr'><strong>Accedite</strong></span> <span class='ocrx_word' id='word_1_864' title='bbox 3155 5586 3223 5641; x_wconf 88' lang='lat' dir='ltr'><strong>ad</strong></span> <span class='ocrx_word' id='word_1_865' title='bbox 3249 5601 3395 5651; x_wconf 90' lang='lat' dir='ltr'><strong>eum,</strong></span> <span class='ocrx_word' id='word_1_866' title='bbox 3426 5599 3487 5643; x_wconf 86' lang='lat' dir='ltr'><strong>et</strong></span> <span class='ocrx_word' id='word_1_867' title='bbox 3528 5588 3728 5643; x_wconf 86' lang='lat' dir='ltr'><strong>illumi-</strong></span> 
     </span>
    </p>
   </div>
   <div class='ocr_carea' id='block_1_114' title="bbox 2128 5664 3727 5750">
    <p class='ocr_par' dir='ltr' id='par_1_114' title="bbox 2128 5664 3727 5750">
     <span class='ocr_line' id='line_1_114' title="bbox 2128 5664 3727 5750; baseline 0.008 -23"><span class='ocrx_word' id='word_1_868' title='bbox 2128 5673 2353 5728; x_wconf 89' lang='lat' dir='ltr'><strong>namini.</strong></span> <span class='ocrx_word' id='word_1_869' title='bbox 2383 5673 2516 5729; x_wconf 85' lang='lat' dir='ltr'><strong>Nam</strong></span> <span class='ocrx_word' id='word_1_870' title='bbox 2544 5676 2671 5745; x_wconf 89' lang='lat' dir='ltr'><strong>quia</strong></span> <span class='ocrx_word' id='word_1_871' title='bbox 2698 5676 2859 5732; x_wconf 90' lang='lat' dir='ltr'><strong>ﬁdem</strong></span> <span class='ocrx_word' id='word_1_872' title='bbox 2888 5664 3240 5745; x_wconf 77' lang='lat' dir='ltr'><strong>centurionis,</strong></span> <span class='ocrx_word' id='word_1_873' title='bbox 3268 5694 3377 5750; x_wconf 87' lang='lat' dir='ltr'><strong>qua</strong></span> <span class='ocrx_word' id='word_1_874' title='bbox 3402 5696 3541 5739; x_wconf 86' lang='lat' dir='ltr'><strong>vere</strong></span> <span class='ocrx_word' id='word_1_875' title='bbox 3565 5696 3727 5739; x_wconf 54' lang='lat' dir='ltr'><strong>accc.</strong></span> 
     </span>
    </p>
   </div>
   <div class='ocr_carea' id='block_1_115' title="bbox 2130 5765 3724 5838">
    <p class='ocr_par' dir='ltr' id='par_1_115' title="bbox 2130 5765 3724 5838">
     <span class='ocr_line' id='line_1_115' title="bbox 2130 5765 3724 5838; baseline 0.006 -16"><span class='ocrx_word' id='word_1_876' title='bbox 2130 5766 2275 5822; x_wconf 88' lang='lat' dir='ltr'><strong>ditur</strong></span> <span class='ocrx_word' id='word_1_877' title='bbox 2307 5765 2374 5821; x_wconf 91' lang='lat' dir='ltr'><strong>ad</strong></span> <span class='ocrx_word' id='word_1_878' title='bbox 2401 5766 2615 5834; x_wconf 83' lang='lat' dir='ltr'><strong>Jesum,</strong></span> <span class='ocrx_word' id='word_1_879' title='bbox 2655 5769 2773 5838; x_wconf 89' lang='lat' dir='ltr'><strong>ipse</strong></span> <span class='ocrx_word' id='word_1_880' title='bbox 2812 5769 2887 5825; x_wconf 89' lang='lat' dir='ltr'><strong>ita</strong></span> <span class='ocrx_word' id='word_1_881' title='bbox 2923 5770 3161 5827; x_wconf 88' lang='lat' dir='ltr'><strong>laudavit</strong></span> <span class='ocrx_word' id='word_1_882' title='bbox 3204 5780 3265 5828; x_wconf 89' lang='lat' dir='ltr'><strong>ut</strong></span> <span class='ocrx_word' id='word_1_883' title='bbox 3292 5773 3503 5831; x_wconf 82' lang='lat' dir='ltr'><strong>diceret</strong></span> <span class='ocrx_word' id='word_1_884' title='bbox 3539 5795 3553 5829; x_wconf 95' lang='lat'><strong>:</strong></span> <span class='ocrx_word' id='word_1_885' title='bbox 3596 5776 3724 5831; x_wconf 72' lang='lat' dir='ltr'><strong>Non</strong></span> 
     </span>
    </p>
   </div>
   <div class='ocr_carea' id='block_1_116' title="bbox 2128 5857 3725 5935">
    <p class='ocr_par' dir='ltr' id='par_1_116' title="bbox 2128 5857 3725 5935">
     <span class='ocr_line' id='line_1_116' title="bbox 2128 5857 3725 5935; baseline 0.008 -24"><span class='ocrx_word' id='word_1_886' title='bbox 2128 5858 2532 5929; x_wconf 57' lang='lat' dir='ltr'><strong>invenitantam</strong></span> <span class='ocrx_word' id='word_1_887' title='bbox 2561 5858 2721 5927; x_wconf 78' lang='lat' dir='ltr'><strong>ﬁdem</strong></span> <span class='ocrx_word' id='word_1_888' title='bbox 2762 5860 2819 5915; x_wconf 84' lang='lat' dir='ltr'><strong>in</strong></span> <span class='ocrx_word' id='word_1_889' title='bbox 2840 5857 3045 5930; x_wconf 82' lang='lat' dir='ltr'><strong>Israel,</strong></span> <span class='ocrx_word' id='word_1_890' title='bbox 3087 5864 3263 5935; x_wconf 86' lang='lat' dir='ltr'><strong>ipsum</strong></span> <span class='ocrx_word' id='word_1_891' title='bbox 3303 5865 3489 5933; x_wconf 85' lang='lat' dir='ltr'><strong>potius</strong></span> <span class='ocrx_word' id='word_1_892' title='bbox 3534 5881 3725 5923; x_wconf 69' lang='lat' dir='ltr'><strong>acces-</strong></span> 
     </span>
    </p>
   </div>
  </div>
