3914 6508
215 423 329 486 857

1186 413 1540 476 ϐΟΜΠΕΝΤ.
1579 415 1648 472 ΙΝ
1684 412 2124 474 ΜΑΤἸἮᾹΞΙΙΜ.
2163 446 2236 462 --
2269 416 2404 476 LIB.
2440 417 2529 475 Ill.

3384 426 3492 486 858

210 543 355 600 sisse
385 540 454 595 ad
473 535 751 594 Christum
777 535 957 592 dicere
985 535 1156 592 voluit
1179 535 1416 606 prudens
1446 532 1798 604 evangelista,
1827 536 1883 597 Α
1975 533 2052 586 De
2115 547 2224 604 quo
2267 533 2490 604 pulchre
2530 549 2630 607 per
2657 535 2822 592 alium
2862 537 3250 610 evangelist
3291 542 3492 600 dicitur

208 649 382 707 quam
411 630 533 686 illos
560 644 660 700 per
685 643 822 700 quos
847 628 1016 683 verba
1051 642 1146 682 sua
1176 628 1417 682 miserat.

285 725 460 781 Porro
504 730 683 777 autem
734 720 907 776 Lucas
958 720 1078 774 ideo
1127 727 1297 773 totum
1348 716 1802 788 quemadmodum

210 826 427 890 gestum
468 816 542 872 sit
581 814 814 886 aperuit,
848 820 906 868 ut
945 828 1010 867 ex
1057 813 1161 867 hoc
1193 810 1491 882 intelligere
1517 825 1800 881 cogamur,

210 908 670 978 quemadmodum
715 906 1010 962 accessisse
1036 904 1237 959 dixerit
1267 904 1432 970 alius,
1463 904 1555 973 qui
1584 901 1802 958 mentiri

211 1017 324 1056 non
350 999 546 1070 potuit.
595 997 747 1054 Sicut
773 998 917 1054 enim
947 997 1035 1052 illa
1063 995 1260 1051 mulier
1287 1011 1407 1066 quae
1437 995 1640 1051 fluxum
1675 1010 1802 1051 san-

209 1092 393 1163 guinis
419 1092 750 1162 patiebatur,
780 1089 1028 1160 quamvis
1055 1086 1325 1142 ﬁmbriam
1345 1086 1654 1142 vestimenti
1684 1085 1801 1156 ejus

210 1185 468 1250 tenuerit,
508 1183 679 1254 magis
709 1191 911 1248 tamen,
943 1183 1070 1252 quia
1104 1181 1362 1244 credidit,
1407 1180 1580 1250 tetigit
1621 1178 1801 1232 Domi-

208 1293 364 1341 num,
393 1290 558 1345 quam
594 1275 698 1329 illa:
721 1273 895 1329 turbae
922 1289 954 1327 a
974 1273 1173 1344 quibus
1206 1271 1556 1343 premebatur
1580 1267 1795 1340 (Matth.

207 1368 318 1440 ix);
357 1369 431 1422 ita
469 1376 525 1423 et
552 1367 819 1433 centurio,
859 1382 966 1437 quo
995 1367 1168 1437 magis
1216 1364 1465 1428 credidit,
1517 1377 1582 1417 eo
1628 1361 1799 1432 magis

206 1462 440 1516 accessit
489 1462 555 1516 ad
596 1461 902 1516 Dominum.
963 1458 1161 1532 (0rig.)
1209 1458 1453 1514 Accessit
1497 1457 1798 1526 alienigena

205 1557 586 1622 generatione,
616 1555 711 1611 sed
736 1554 1066 1610 domesticus
1097 1552 1288 1620 corde;
1322 1552 1531 1608 alienus
1553 1551 1796 1616 natione,

204 1650 301 1703 sed
331 1648 512 1703 alacer
541 1648 667 1714 ﬁde,
700 1648 932 1703 militum
975 1647 1249 1718 princeps,
1282 1652 1338 1700 et
1369 1644 1549 1700 socius
1579 1641 1797 1712 angelo-

203 1755 346 1793 rum.
387 1738 535 1793 Multi
563 1739 617 1793 in
649 1739 742 1794 illo
770 1747 1012 1810 tempore
1036 1753 1136 1808 pro
1166 1736 1396 1791 diversis
1423 1733 1687 1805 rogabant
1716 1733 1798 1787 in—

205 1833 556 1890 ﬁrm‘itatibus
581 1853 594 1889 :
622 1835 762 1891 alius
783 1851 882 1905 pro
908 1834 1043 1900 lilio,
1073 1834 1209 1888 alius
1238 1849 1340 1904 pro
1367 1833 1473 1888 alio
1499 1831 1701 1901 aliquo,
1741 1834 1797 1884 et

1904 623 2057 700 (Luc.
2079 627 2216 700 vn):
2249 627 2386 694 Quia
2411 625 2596 684 Jesum
2640 644 2749 684 non
2785 629 2942 702 longe
2971 631 3200 688 haberet
3240 649 3273 688 a
3305 635 3487 704 domo,

1904 721 2119 778 tametsi
2145 723 2246 802 sub
2276 731 2474 778 tectum
2509 740 2664 780 suum
2699 725 2932 782 invitare
2958 742 3066 783 non
3091 729 3336 798 auderet,
3364 733 3493 802 quia

1901 829 2060 883 prope
2087 799 2322 868 timentes
2349 831 2468 868 cum
2492 814 2725 871 salutare
2757 817 2923 896 ipsius
2953 815 3128 891 (Psal.
3154 799 3400 895 unum):
3423 822 3494 879 Et

1902 904 1997 975 qui
2041 905 2272 959 naturali
2322 905 2437 978 lege
2470 914 2622 962 recte
2673 906 2865 975 utitur,
2895 922 3004 979 quo
3030 908 3172 966 bona
3196 927 3318 982 quae
3344 914 3494 968 novit

1902 997 2128 1068 gnavius
2156 1007 2433 1068 operatur,
2465 1014 2531 1054 eo
2569 998 2646 1054 illi
2673 999 2766 1070 qui
2793 1015 2922 1056 vere
2951 1000 3126 1057 bonus
3171 1010 3256 1058 est
3293 1018 3495 1074 appro-

1901 1087 2034 1157 piat.
2079 1088 2149 1142 At
2175 1090 2265 1158 qui
2291 1089 2462 1144 errori
2489 1089 2810 1161 gentilitatis
2839 1091 3005 1146 etiam
3035 1092 3266 1148 crimina
3289 1094 3490 1165 junxe-

1904 1185 2050 1244 runt,
2079 1178 2164 1234 his
2190 1180 2364 1250 aptari
2390 1189 2569 1250 potest
2595 1182 2740 1251 quod
2770 1181 3166 1239 conﬂuentibus
3193 1184 3261 1238 ad
3287 1200 3347 1240 se
3374 1194 3487 1240 tur~

1905 1269 1990 1325 bis
2018 1269 2147 1325 alibi
2171 1272 2434 1328 Dominus
2467 1272 2580 1328 ait:
2610 1272 2843 1340 Quidam
2879 1275 3018 1330 enim
3042 1291 3108 1330 ea:
3132 1275 3213 1331 his
3254 1277 3318 1331 de
3341 1277 3491 1349 longe

1901 1373 2151 1418 venerunt
2179 1364 2372 1436 (Marc.
2405 1367 2548 1438 vm).

1973 1457 2080 1513 Sed
2132 1466 2335 1512 tantum
2380 1459 2464 1513 die
2511 1460 2685 1526 verbo,
2737 1468 2786 1514 et
2833 1461 3111 1516 sanabitur
3145 1478 3277 1532 puer
3323 1479 3492 1517 meus.

1903 1547 2095 1620 Magna
2134 1550 2269 1606 ﬁdes
2311 1553 2666 1620 centurionis,
2699 1569 2806 1624 qua
2835 1553 2986 1609 verbi
3012 1569 3149 1624 opus
3190 1555 3243 1609 in
3274 1554 3493 1612 Christo

1901 1640 2208 1708 conﬁtetur,
2245 1651 2300 1697 et
2326 1651 2526 1700 nostra:
2569 1644 2868 1700 sanationis
2906 1646 3251 1700 accommoda
3288 1656 3483 1716 myste-

1903 1734 2021 1800 riis,
2043 1735 2134 1804 qui
2158 1735 2264 1791 etsi
2284 1751 2612 1794 noveramus
2631 1738 2930 1794 secuuduns
2953 1753 3174 1794 carnem
3195 1736 3493 1804 Christum,

1902 1826 1996 1883 sed
2014 1825 2128 1895 jam
2156 1845 2299 1884 nunc
2326 1845 2434 1885 non
2468 1831 2738 1888 novimus.

201 1927 383 1983 nullus
401 1943 501 1998 pro
524 1944 703 1995 servo,
721 1929 824 1983 nisi
848 1928 953 1983 iste
967 1928 1134 1984 solus.
1153 1927 1338 1983 Ethoc
1361 1929 1426 1982 ad
1451 1933 1798 1996 augmentum
1828 1918 1877 1978 B
1979 1918 2122 1974 Nam
2161 1932 2209 1976 et
2251 1938 2343 1992 ego
2375 1922 2529 1977 homo
2569 1941 2708 1990 sum,
2747 1923 2842 1978 sub
2869 1932 3122 1994 potestate
3158 1924 3492 1992 constitutus,

202 2021 571 2087 beatitudinis,
595 2022 664 2077 ad
687 2037 942 2077 coronam
966 2021 1152 2093 gloriae
1172 2029 1314 2086 erat,
1343 2021 1486 2091 quod
1512 2033 1610 2088 pro
1637 2033 1794 2084 servo

198 2118 315 2166 tam
345 2113 624 2170 humiliter
649 2113 938 2169 Dominum
968 2113 1369 2184 interpellabat,
1402 2115 1625 2169 dicens:
1650 2112 1797 2166 Puer

197 2221 349 2259 meus
368 2206 514 2275 jacet
550 2207 606 2261 in
637 2207 826 2272 domo;
875 2223 981 2262 non
1012 2206 1066 2260 in
1094 2222 1199 2261 una
1231 2221 1291 2261 re
1318 2214 1525 2260 tantum
1565 2204 1795 2259 misera-

195 2295 344 2360 bilis,
373 2297 515 2365 quod
533 2298 702 2368 jacet,
728 2299 822 2354 sed
843 2306 898 2354 et
923 2299 976 2353 in
1000 2298 1125 2363 alia,
1155 2298 1297 2367 quod
1319 2296 1664 2367 paratyticus,
1686 2303 1795 2350 ter-

199 2387 276 2441 tia
296 2389 436 2456 quod
459 2389 598 2443 male
619 2398 911 2460 torquetur.
943 2387 1134 2445 Omnia
1162 2390 1307 2444 enim
1335 2390 1436 2444 ista
1463 2404 1586 2443 cum
1607 2387 1794 2444 dolore

195 2477 621 2547 cognominavit,
656 2487 710 2533 et
751 2479 1041 2548 jacentem,
1070 2487 1124 2535 et
1167 2480 1552 2552 paralyticum,
1582 2487 1636 2536 et
1659 2481 1793 2536 dure

198 2569 509 2633 detentum;
545 2570 666 2625 ideo
694 2579 752 2625 ut
777 2587 886 2626 suae
913 2572 1109 2627 animae
1136 2573 1414 2642 angustias
1444 2573 1792 2627 demonstra-

198 2670 302 2726 ret,
355 2671 411 2718 et
443 2663 730 2719 Dominum
779 2673 1190 2731 commoveret,
1251 2674 1518 2735 quatenus
1557 2673 1614 2721 et
1650 2665 1793 2720 illius

199 2754 508 2809 cruciatum
535 2765 886 2823 monstraret,
927 2766 983 2812 et
1008 2758 1222 2813 Domini
1245 2757 1680 2813 benevolentiam
1711 2758 1792 2812 in-

197 2843 414 2898 vitaret.
447 2843 538 2900 Sic
561 2845 760 2902 debent
797 2861 985 2903 omnes
1015 2848 1108 2918 qui
1139 2847 1372 2904 famulos
1400 2849 1602 2904 habent
1629 2857 1683 2903 et
1710 2849 1793 2903 fa-

196 2933 394 3000 mulas,
425 2936 697 3006 cogitare,
730 2936 809 2992 sic
851 2938 1121 3004 misereri,
1152 2941 1230 2995 sic
1258 2940 1544 2996 condolere
1570 2939 1666 3004 eis,
1713 2941 1793 2995 sic

197 3027 522 3097 supplicare,
559 3027 638 3083 sic
665 3043 850 3084 curam
889 3031 1092 3087 habere
1136 3035 1202 3087 de
1230 3032 1402 3089 servis
1445 3033 1582 3100 suis,
1613 3032 1698 3089 vel
1725 3032 1792 3090 de

196 3117 429 3184 ancillis,
452 3119 595 3175 sicut
619 3127 675 3174 et
702 3120 792 3176 ille
815 3122 1008 3178 beatus
1039 3126 1289 3181 centurio
1319 3125 1467 3182 fecit.

267 3209 336 3262 Et
390 3211 465 3264 ait
513 3211 594 3265 illi
642 3211 845 3268 Iesus:
877 3214 987 3286 Ego
1041 3218 1267 3283 veniam,
1306 3228 1354 3272 et
1403 3220 1597 3273 curabo
1646 3237 1787 3278 eum.

1898 2011 2092 2065 habens
2129 2013 2223 2066 sub
2260 2030 2341 2067 me
2375 2013 2589 2070 milites.
2644 2014 2842 2088 (0rig.)
2872 2004 3153 2084 Quomodo
3190 2032 3222 2071 a
3251 2017 3493 2072 tenebris

1898 2104 2142 2175 gentium
2187 2113 2397 2160 tantum
2420 2108 2687 2178 processit
2720 2107 2945 2164 lumen?
2997 2108 3276 2176 Quomodo
3302 2122 3492 2164 eorum
3585 2111 3589 2114 ’

1898 2196 2069 2251 Deum
2105 2212 2213 2252 non
2245 2200 2688 2269 cognoscentium
2719 2207 2871 2255 tanta
2902 2199 3254 2255 manifestata
3299 2208 3383 2256 est
3405 2198 3493 2268 ju-

1898 2287 2082 2341 stitia‘?
2109 2287 2389 2354 Quomodo
2413 2305 2482 2344 ex
2506 2305 2602 2346 ore
2632 2291 2920 2345 stultorum
2950 2291 3109 2346 idolis
3139 2290 3493 2346 servientium

1899 2386 2010 2433 tam
2031 2379 2251 2452 limpida
2273 2379 2476 2436 effulsit
2502 2381 2654 2437 ﬁdes.
2678 2381 2894 2454 (Beda.)
2920 2381 3208 2438 Hominem
3233 2397 3292 2438 se
3314 2389 3371 2436 et
3396 2395 3494 2451 po-

1896 2470 2078 2525 testati
2103 2470 2188 2524 vel
2219 2471 2441 2538 tribuni,
2461 2472 2543 2526 vel
2573 2473 2820 2543 prmsidis
2852 2473 3127 2529 subditum
3154 2473 3494 2542 dicit,impe-

1895 2574 2020 2614 rare
2057 2568 2240 2615 tamen
2287 2576 2450 2630 posse
2498 2562 2833 2630 minoribus;
2881 2572 2943 2618 ut
2981 2563 3338 2618 subaudiatur
3365 2578 3490 2618 eum

1894 2651 2065 2708 multo
2100 2653 2274 2724 magis
2295 2655 2388 2723 qui
2409 2654 2552 2710 Deus
2579 2655 2650 2709 sit
2677 2663 2734 2709 et
2762 2670 2926 2725 super
2947 2655 3128 2710 omnia
3157 2662 3368 2724 potens,
3400 2653 3485 2708 in-

1894 2759 2179 2800 numeram
2229 2746 2448 2802 virtutis
2492 2747 2769 2818 angelicae,
2816 2761 2936 2818 qua:
2975 2747 3043 2802 ad
3074 2748 3334 2819 imperata
3391 2747 3492 2802 ob-

1897 2845 2191 2906 temperet,
2220 2838 2424 2894 habere
2463 2838 2747 2905 militiam;
2785 2847 2841 2894 et
2876 2839 3056 2895 dicere
3093 2839 3393 2894 inﬁrmitati
3431 2847 3490 2894 ut

1897 2932 2135 2996 recedat,
2163 2940 2218 2987 et
2257 2933 2499 3001 recedet,
2533 2941 2589 2988 et
2618 2933 2840 2990 sanitati
2871 2942 2931 2988 ut
2953 2933 3156 3000 veniat,
3186 2943 3243 2990 et
3273 2934 3486 3001 veniet;

1895 3026 2078 3081 omnia
2121 3025 2268 3081 enim
2303 3035 2480 3098 potes,
2529 3028 2654 3099 quia
2697 3028 3042 3099 omnipotens
3093 3030 3187 3086 es?
3233 3027 3362 3085 Inde
3402 3043 3489 3084 se-

1894 3118 2079 3187 quitur
2105 3136 2116 3171 :

1962 3207 2035 3262 Et
2061 3208 2178 3264 dico
2202 3210 2347 3276 huic,
2375 3208 2537 3277 Vade,
2567 3219 2616 3265 et
2643 3211 2818 3276 vadit;
2843 3221 2892 3266 et
2913 3211 3031 3279 alii,
3069 3209 3220 3278 Veni,
3239 3223 3287 3266 et
3317 3213 3488 3280 venit;

197 3299 466 3377 (Hieron.)
510 3305 705 3377 Magna
727 3309 946 3363 Domini
993 3311 1316 3377 sublimitas,
1347 3314 1439 3382 qui
1479 3313 1592 3369 solo
1623 3315 1790 3369 verbo

1900 3308 1942 3354 et
1966 3317 2112 3356 servo
2134 3319 2267 3367 meo,
2294 3301 2408 3356 Fac
2429 3304 2548 3369 hoc,
2577 3313 2623 3358 et
2649 3304 2794 3373 facit.
2820 3303 3018 3378 (Hier.)
3050 3305 3176 3360 Vult
3200 3307 3490 3362 ostendere

195 3410 386 3450 curare
410 3396 646 3464 valebat,
675 3400 771 3453 sed
795 3416 902 3455 non
931 3402 1108 3457 minor
1132 3403 1430 3469 lnnnilitas,
1458 3407 1548 3475 qui
1576 3421 1793 3460 servum

195 3488 444 3557 dignatus
499 3499 582 3545 est
629 3492 855 3548 visitare
912 3494 1278 3566 languentem.
1361 3497 1479 3553 Non
1531 3498 1794 3556 debemus

195 3580 339 3634 enim
378 3582 432 3636 in
461 3583 565 3638 hoc
588 3583 867 3652 jactantia:
918 3603 1148 3660 arguere
1172 3591 1480 3658 Dominum,
1513 3595 1639 3662 quia
1685 3603 1794 3650 sta—

195 3668 292 3722 tim
321 3684 380 3723 se
405 3671 610 3727 iturum
637 3683 692 3727 et
723 3685 1038 3732 sanaturum
1061 3680 1346 3748 promittit,
1378 3682 1568 3738 videns
1598 3693 1788 3740 centu-

193 3759 364 3815 rionis
391 3761 575 3830 ﬁdem,
613 3765 1000 3835 humilitatem,
1035 3780 1089 3826 et
1111 3774 1452 3843 prudentiam
1481 3793 1491 3802 ·
1521 3776 1702 3845 ﬁdem,
1734 3779 1792 3834 in

193 3865 260 3904 eo
297 3853 440 3920 quod
479 3868 546 3909 ex
591 3859 843 3927 gentibus
887 3860 1127 3918 credidit
1173 3882 1400 3936 puerum
1437 3884 1468 3923 a
1509 3867 1792 3928 Salvatore

192 3957 352 4012 posse
383 3947 601 4014 sanari;
656 3950 1043 4018 humilitatem,
1090 3958 1235 4026 quod
1264 3972 1322 4012 se
1341 3957 1608 4026 judicavit
1651 3962 1792 4019 indi-

193 4049 380 4104 gnum,
431 4038 588 4108 cujus
643 4049 845 4097 tectum
895 4045 1163 4112 intraret;
1225 4049 1589 4118 prudentiam,
1647 4055 1790 4124 quod

197 4127 337 4183 ultra
372 4133 616 4202 corporis
657 4142 873 4206 tegmen
909 4138 1245 4196 divinitatem
1287 4141 1542 4199 latentem
1569 4145 1786 4214 viderit,

193 4222 371 4278 sciens
402 4241 508 4280 non
541 4227 595 4281 id
629 4228 729 4283 sibi
759 4229 1104 4299 profuturum
1130 4235 1274 4304 quod
1303 4237 1470 4290 etiam
1508 4238 1576 4293 ab
1608 4239 1785 4296 incre-

193 4313 330 4370 dulis
374 4317 700 4385 videbatur,
748 4323 840 4376 sed
894 4323 946 4377 id
990 4325 1132 4392 quod
1179 4325 1383 4382 latebat
1435 4330 1783 4387 intrinsecus.

192 4410 484 4482 (MAIIRUS.)
533 4411 677 4466 Alibi
719 4414 786 4467 ad
841 4416 1142 4471 sanandum
1190 4420 1362 4491 reguli
1392 4420 1562 4477 ﬁlium
1600 4425 1788 4480 venire

192 4503 396 4568 noluit,
461 4517 530 4557 ne
561 4504 781 4559 divitias
829 4506 1127 4564 honorasse
1177 4511 1452 4568 videretur
1495 4533 1507 4568 :
1557 4516 1666 4581 hic,
1719 4531 1787 4573 ne

1896 3397 2183 3452 Dominum
2225 3414 2440 3469 quoque
2471 3415 2578 3455 non
2607 3415 2705 3469 per
2730 3401 3021 3455 adventum
3048 3408 3259 3454 tantum
3298 3414 3490 3469 corpo-

1894 3491 1992 3555 ris,
2041 3491 2134 3546 sed
2186 3506 2285 3562 per
2332 3491 2648 3563 angelorum
2695 3491 2999 3548 ministeria
3049 3491 3274 3563 implere
3329 3506 3489 3562 posse

1893 3583 2036 3652 quod
2060 3582 2237 3639 vellet.
2272 3584 2617 3655 Repellcudae
2653 3586 2799 3641 enim
2827 3594 2988 3642 erant
3013 3584 3099 3642 vel
3142 3585 3489 3640 inﬁrmitates

1891 3689 2199 3745 corporum,
2236 3676 2322 3732 vel
2351 3675 2700 3732 fortitudines
2735 3677 3044 3744 contrariae,
3089 3675 3285 3747 quibus
3322 3677 3488 3732 homo

1892 3769 1960 3824 ad
1995 3769 2327 3826 debilitatem
2358 3785 2500 3842 saepe
2537 3770 2877 3837 conceditur,
2909 3778 2963 3825 et
2985 3769 3150 3824 verbo
3176 3768 3392 3824 Domini
3431 3774 3489 3822 et

1892 3861 2210 3917 ministeriis
2241 3861 2580 3934 angelorum.
2615 3860 2799 3932 (ΗΑΒ.)
2828 3860 3004 3915 Aliter
3032 3859 3232 3914 milites
3260 3857 3484 3915 etservi

1891 3953 1985 4024 qui
2039 3953 2346 4008 centurioni
2409 3952 2670 4008 obediunt
2718 3952 2946 4006 virtutes
3003 3960 3131 4006 sunt
3184 3947 3480 4012 naturales,

1891 4061 2123 4117 quarum
2170 4061 2276 4101 non
2324 4045 2606 4100 minimam
2634 4043 2846 4114 copiam
2881 4042 3038 4097 multi
3082 4041 3152 4096 ad
3182 4041 3350 4095 Deum
3390 4053 3483 4093 ve-

1889 4139 2102 4194 nientes
2126 4154 2310 4194 secum
2332 4138 2605 4202 deferunt.
2635 4136 2710 4190 De
2733 4136 2931 4206 quibus
2957 4135 3013 4189 in
3035 4133 3270 4190 Cornelii
3300 4138 3483 4188 centu-

1889 4229 2061 4284 rionis
2100 4229 2258 4284 laude
2293 4229 2493 4284 dicitur
2517 4227 2644 4299 quia
2671 4233 2782 4279 erat
2811 4225 2989 4296 justus
3029 4233 3076 4280 et
3103 4224 3289 4278 timens
3315 4220 3482 4274 Deum

1889 4337 2007 4374 cum
2030 4319 2171 4374 omni
2192 4319 2346 4374 domo
2368 4336 2486 4384 sua,
2511 4318 2710 4389 faciens
2733 4319 3087 4386 eleemosynas
3112 4312 3306 4368 multas
3322 4310 3479 4382 plebi,

1888 4420 1935 4465 et
1962 4413 2246 4482 deprecans
2268 4411 2440 4466 Deum
2469 4428 2670 4481 semper
2693 4410 2832 4484 (Act.
2859 4409 2938 4481 x).

1959 4503 2194 4558 Audiens
2251 4513 2426 4558 autem
2480 4501 2638 4557 Iesus
2684 4505 2908 4556 miratus
2953 4507 3048 4554 est.
3119 4497 3345 4552 Miratus
3399 4504 3483 4552 est

189 4595 553 4651 conditionem
594 4598 865 4667 sprevisse
911 4601 1185 4667 servilem,
1223 4604 1292 4660 ad
1320 4606 1655 4663 centurionis
1703 4605 1784 4662 fa-
1811 4656 1871 4676 η
1890 4601 2032 4668 quod
2054 4599 2188 4653 vidit
2208 4598 2581 4653 centurionem
2610 4612 2762 4652 suam
2790 4595 3093 4666 intelligere
3115 4591 3478 4662 majestatem.

193 4687 393 4742 nullum
425 4703 549 4743 mox
584 4689 664 4743 ire
693 4692 982 4746 consentit.

261 4778 327 4832 Et
368 4780 685 4850 respondens
723 4785 960 4837 centurio
1015 4786 1110 4851 ait,
1143 4785 1384 4853 Domine,
1414 4807 1517 4843 non
1544 4807 1660 4844 sum
1693 4792 1782 4845 di-

188 4886 318 4940 gnus
346 4883 402 4924 ut
431 4872 592 4926 intres
615 4873 710 4926 sub
733 4883 918 4928 tectum
943 4892 1132 4932 meum.
1164 4878 1380 4951 (Beda.)
1411 4880 1638 4952 Propter
1657 4883 1780 4940 vitae

189 4961 404 5032 gentilis
447 4965 870 5033 conscientiam,
903 4970 1120 5040 gravari
1157 4985 1216 5025 se
1256 4972 1428 5044 magis
1471 4974 1780 5045 dignatione

189 5057 398 5127 putavit
426 5057 639 5112 Domini
673 5075 836 5130 quam
878 5059 1082 5129 juvari,
1114 5080 1213 5120 nec
1252 5081 1413 5134 posse
1446 5068 1650 5124 habere
1686 5071 1781 5125 bo-

190 5149 384 5218 spitem
413 5148 715 5216 Christum,
753 5151 925 5222 cujus,
954 5155 1056 5208 etsi
1086 5154 1192 5210 ﬁde
1216 5157 1493 5226 przeditus,
1543 5160 1779 5214 nondum

191 5247 368 5296 tamen
399 5248 518 5294 erat
543 5243 900 5298 sacramentis
932 5243 1193 5301 imbutus.
1229 5244 1335 5302 Sed
1370 5249 1495 5318 quia
1523 5264 1645 5320 quae
1672 5266 1774 5306 no-

190 5337 302 5386 stra
345 5330 632 5387 inﬁrmitas
669 5349 779 5387 non
823 5337 1107 5404 praesumit
1135 5379 1150 5402 ,
1203 5339 1384 5394 divina
1429 5341 1602 5412 gratia
1647 5341 1778 5399 dare

191 5424 372 5478 novit:
395 5433 450 5479 et
473 5425 610 5479 alius
637 5427 904 5492 centurio,
935 5429 1046 5498 qui,
1075 5430 1214 5484 sicut
1236 5439 1291 5487 et
1316 5432 1439 5497 iste,
1470 5434 1778 5490 credentem

191 5533 257 5574 ex
281 5519 532 5591 gentibus
562 5518 818 5589 populum
843 5521 1176 5592 prmﬁgurat,
1205 5540 1414 5596 magna:
1446 5524 1568 5579 ﬁdei
1601 5534 1655 5580 et
1690 5525 1780 5595 ju-

192 5615 349 5671 stitiae
375 5615 587 5680 merito,
623 5613 860 5684 Spiritus
892 5617 1067 5670 sancti
1098 5618 1296 5673 donum
1328 5619 1646 5690 priusquam
1679 5621 1778 5675 ba-

193 5707 489 5777 ptizaretur
515 5706 758 5775 accepit;
789 5714 844 5761 et
875 5707 997 5773 iste,
1028 5709 1260 5763 necdum
1304 5711 1692 5777 catechizatus,
1725 5727 1776 5769 et

196 5800 356 5855 ﬁdem
403 5813 556 5854 suam
599 5801 809 5858 laudari
854 5817 886 5858 a
914 5801 1144 5860 Domino
1188 5813 1245 5860 et
1286 5804 1547 5862 famulum
1581 5807 1779 5865 salvari

197 5888 516 5962 promeruit.

1807 4656 1871 4717 Ι).
1892 4656 1996 4746 Sed
2028 4692 2148 4761 quis
2186 4691 2240 4745 in
2273 4691 2363 4746 illo
2394 4689 2598 4746 fecerat
2631 4691 2803 4760 ipsam
2839 4656 3026 4756 ﬁdem,
3057 4687 3144 4742 vel
3181 4656 3482 4758 intelligen-

1889 4783 2046 4845 tiam,
2076 4782 2177 4836 nisi
2207 4783 2321 4852 ipse
2349 4783 2443 4852 qui
2471 4797 2594 4837 eam
2625 4781 2963 4837 mirabatur?
2994 4780 3148 4850 Quod
3183 4780 3230 4836 si
3256 4788 3312 4835 et
3342 4779 3480 4837 alius

1889 4891 2009 4932 eam
2032 4875 2249 4931 fecisset
2278 4875 2406 4945 quid
2435 4875 2749 4940 miraretur,
2778 4875 2870 4944 qui
2901 4873 3156 4944 praescius
3181 4873 3336 4928 erat?
3372 4870 3479 4927 No-

1890 4968 2112 5024 tandum
2139 4985 2268 5041 ergo
2294 4969 2421 5038 quia
2451 4969 2593 5039 quod
2623 4969 2850 5024 miratur
2876 4960 3158 5034 Dominus,
3189 4967 3346 5022 nobis
3379 4966 3481 5021 mi-

1889 5062 2118 5118 randum
2161 5075 2280 5118 esse
2327 5061 2618 5132 signiﬁcat,
2659 5061 2856 5131 quibus
2897 5061 3076 5115 adhuc
3104 5059 3184 5114 sic
3222 5073 3358 5128 opus
3395 5065 3481 5114 est

1886 5154 2129 5220 moveri,
2159 5167 2349 5210 omnes
2391 5154 2536 5210 enim
2578 5153 2712 5209 tales
2742 5161 2954 5220 motus,
2988 5167 3111 5207 cum
3143 5150 3210 5206 de
3236 5150 3349 5206 Deo
3376 5151 3478 5206 du-

1886 5255 2102 5314 cuntur,
2133 5264 2240 5303 non
2264 5248 2564 5318 perturbati
2596 5247 2762 5303 animi
2796 5247 2948 5318 signa
2977 5252 3119 5311 sunt,
3151 5244 3246 5301 sed
3274 5246 3476 5301 docen-

1887 5341 1958 5396 tis
1981 5341 2249 5412 magistri.

1957 5431 2027 5486 Et
2051 5433 2382 5504 sequentibus
2407 5449 2462 5488 se
2486 5433 2639 5498 dixit,
2664 5433 2830 5486 Amen
2853 5431 2972 5486 dico
2999 5430 3138 5487 vobis
3168 5449 3272 5486 non
3305 5433 3478 5487 inveni

1887 5531 2089 5578 tantam
2109 5523 2268 5593 ﬁdem
2296 5525 2351 5578 in
2379 5522 2569 5577 Israel.
2627 5520 2899 5595 (Hierom)
2927 5521 3043 5577 Non
3071 5523 3138 5578 de
3166 5522 3478 5578 hominibus

1889 5629 2034 5676 retro
2069 5619 2395 5690 patriarchis
2423 5625 2478 5672 et
2507 5617 2806 5689 prophetis,
2846 5617 2940 5672 sed
2970 5617 3036 5672 de
3064 5617 3348 5688 praasentis
3373 5617 3475 5672 aevi

1884 5713 2125 5782 loquitur
2173 5711 2501 5768 hominibus.
2556 5708 2760 5776 Quibus
2801 5709 2926 5764 ideo
2968 5708 3299 5765 centurionis
3338 5706 3474 5762 ﬁdes

1891 5805 2194 5861 antefertur
2246 5803 2370 5875 quia
2406 5803 2480 5858 illi
2523 5802 2656 5874 legis
2711 5803 3208 5874 prophetarumque
3251 5799 3473 5856 monitis

1892 5896 2094 5964 edocti,
2146 5897 2236 5952 hic
2291 5902 2502 5962 autem,
2558 5894 2773 5952 nemine
2821 5895 3083 5961 docente,
3132 5899 3323 5965 sponte
3351 5907 3476 5948 cre-
