3914 6482
411 392 529 467 ,α
1131 399 1193 456 Β.
1234 394 1488 455 usus.
1522 396 1743 454 unum
1781 391 2103 454 suam.
2134 391 2455 453 meum.
2487 390 2784 453 mu
2819 379 3003 453 rans
3037 393 3081 451 ι.
3612 399 3739 460 α

423 513 579 579 nisi.
612 519 855 578 {ludent
880 498 1285 577 nentiam
1311 515 1447 581 ﬁdes
1469 516 1709 585 gentium
1731 511 2006 585 prmponi-
2034 509 2344 580 Aﬁattih’.
2376 508 3738 585 Mem-eumut...

422 625 514 675 tur
540 613 817 670 incredqu
842 610 1048 673 Israeli.
1926 654 1931 657 ς
2111 614 2290 662 trasse
2323 605 2552 663 salutent
2580 621 2757 672 me,
2776 616 2846 662 ut
2878 606 3200 681 indemagis
3220 610 3518 682 υηέεῃε
3550 613 3734 679 mi

494 654 1190 771 ὶυὲζζῗιέιῖοὶῖηαοά
1234 698 1387 754 ιιιαί
1417 698 1483 752 ιιι
1510 696 1726 753 artem
1754 705 1810 751 et
1844 654 2008 751 9....
2858 654 3733 775 ὦνςξωεω

421 801 578 865 dente
612 800 835 855 mum.
872 794 1077 868 (Oi-ig.)
1115 794 1249 859 Dico
1272 793 1438 858 vobis,
1474 799 1652 847 testor
1690 790 1866 854 vobis,
1910 805 2010 845 an»

422 893 617 948 nuntio
656 892 838 955 vobis,
863 889 1105 961 pmdieo
1130 887 1312 952 vobis;
1360 884 1512 940 inulti
1558 885 1783 949 ueniam,
1836 882 1912 937 illi
1942 882 2011 947 de

425 984 622 1056 quibus
649 984 853 1039 dictum
878 989 969 1038 est
992 999 1008 1035 :
1038 978 1111 1035 Ut
1137 988 1191 1034 et
1211 979 1309 1041 ﬁlii
1334 978 1451 1042 Dei,
1479 977 1573 1048 qui
1595 975 1828 1047 dispersi
1856 982 2010 1042 sunt,

424 1085 885 1149 congregarentur
929 1076 984 1131 in
1020 1090 1205 1129 unum.
1259 1073 1352 1128 Isti
1389 1087 1521 1144 ergo
1548 1088 1743 1128 omnes
1769 1071 2009 1127 venient.

427 1171 581 1226 Unde
609 1170 867 1225 venient?
906 1168 990 1223 Ab
1010 1166 1237 1224 Oriente
1263 1175 1319 1222 et
1342 1165 1656 1229 Occidente,
1680 1165 1792 1223 hoc
1828 1170 1914 1218 est
1943 1163 2014 1218 ab

422 1263 571 1318 ornni
605 1271 764 1334 gente
792 1277 913 1332 quae
950 1269 1037 1315 est
1072 1262 1175 1315 sub
1210 1259 1349 1324 sole,
1389 1259 1458 1313 ab
1480 1257 1707 1313 Oriente
1742 1272 1917 1328 usque
1946 1252 2015 1310 ad

425 1356 793 1411 Occidentem.
848 1354 999 1410 Sicut
1050 1353 1195 1408 enim
1240 1368 1338 1422 per
1384 1365 1576 1406 omnes
1617 1356 1808 1421 gentes
1848 1349 2016 1403 habet

422 1449 529 1504 hoc
554 1448 902 1520 Evangeliuin
930 1446 1233 1517 praedicari,
1260 1446 1345 1502 sic
1380 1459 1449 1501 ex
1478 1445 1729 1500 omnibus
1762 1442 2015 1514 gentibus

423 1540 642 1597 venturi
694 1547 821 1595 sunt
869 1534 937 1594 ad
983 1553 1207 1609 regnum
1254 1536 1668 1593 cteiorumwel
1718 1533 1898 1589 adhuc
1944 1533 2016 1588 ab

425 1634 651 1691 Oriente
691 1635 747 1690 hi
785 1635 876 1706 qui
924 1635 1108 1689 statim
1154 1632 1443 1688 illuminati
1500 1636 1805 1693 transeunt,
1848 1635 1908 1682 et
1948 1626 2018 1682 ab

421 1729 713 1785 Occidente
748 1730 804 1785 bi
834 1730 927 1801 qui
962 1730 1244 1801 passiones
1291 1736 1347 1784 et
1390 1727 1799 1800 persecutiones
1842 1740 2019 1797 usque

427 1824 494 1877 ad
527 1829 759 1877 mortem
792 1823 1163 1878 toleraverunt
1196 1837 1297 1893 pro
1324 1822 1452 1877 ﬁde.

2113 792 2293 859 uellet,
2336 808 2436 863 per
2472 792 2648 864 ipsam
2686 809 2750 849 se
2789 794 3082 865 impetrare
3102 811 3290 867 posse.
3326 794 3628 868 (Diem)
3658 798 3727 854 Si

2110 888 2261 942 enim
2298 887 2399 943 ﬁet
2436 903 2564 945 vere
2600 887 2895 959 unicuique
2930 888 3141 944 humili
3184 889 3335 944 sicut
3374 888 3725 952 “derit,

2115 981 2414 1036 secundum
2445 996 2757 1039 mensuram
2782 980 2912 1036 ﬁdei
2934 982 3195 1037 metiatur
3232 982 3289 1036 ei
3326 990 3386 1036 et
3410 981 3526 1037 ista
3556 998 3593 1039 a
3616 982 3730 1038 δο-

2114 1072 2265 1127 mino
2292 1074 2485 1143 gratia.
2510 1073 2749 1143 Ideoque
2771 1073 2909 1128 dixit
2947 1074 3015 1129 ad
3036 1073 3191 1129 illum
3218 1073 3499 1129 Mnus
3525 1092 3540 1125 :
3576 1072 3725 1129 Sid

2118 1164 2502 1234 credidistiﬁct
3160 1181 3272 1238 ego
3299 1182 3580 1236 possum;
3604 1181 3725 1220 ac»

2116 1256 2303 1311 didisti
2325 1257 2453 1327 quia
2490 1272 2590 1328 ego
2610 1258 2878 1317 Daunus
2903 1274 3025 1317 sum
3046 1259 3319 1313 «nium.
3352 1256 3522 1313 Sicut
3552 1259 3726 1312 aei-

2118 1350 2267 1416 disti,
2302 1352 2378 1405 ita
2409 1351 2499 1407 ﬁet
2524 1352 2623 1407 tibi

2191 1442 2259 1498 Et
2292 1453 2512 1499 sanatus
2547 1453 2623 1498 est
2661 1461 2794 1515 puer
2828 1461 2888 1500 in
2916 1443 3013 1507 illa
3038 1446 3192 1499 bore.
3226 1446 3430 1517 (Δις.)
3458 1444 3725 1500 Probatur

2116 1532 2256 1590 ﬁdes
2292 1536 2531 1600 domini,
2586 1544 2643 1591 et
2695 1536 2839 1591 servi
2895 1537 3105 1593 snitu
3158 1539 3490 1593 roboratur.
3546 1537 3723 1591 Fam

2120 1642 2250 1699 ergo
2306 1631 2567 1685 meritum
2616 1630 2821 1691 domini
2887 1630 3054 1685 etiam
3116 1628 3345 1687 famulis
3416 1629 3723 1697 Mari,

2119 1736 2230 1776 non
2260 1722 2434 1779 solum
2464 1720 2586 1777 ﬁdei
2614 1722 2831 1787 merito,
2856 1722 2959 1781 sed
2978 1723 3151 1777 etiam
3176 1722 3367 1777 nuntio
3404 1722 3723 1791 disciplina:

2123 1814 2338 1887 (Βεόα.)
2390 1815 2881 1887 Mystice,.autelt,
2928 1824 2995 1871 υι
3034 1816 3173 1881 dixi,
3224 1816 3539 1881 centurio,
3584 1815 3725 1883 ﬁni

496 1913 563 1968 Et
589 1914 882 1968 recumbent
925 1930 1044 1967 cum
1067 1913 1358 1979 Abraham,
1392 1920 1443 1966 et
1478 1910 1658 1977 Isaac,
1686 1918 1732 1965 et
1757 1908 1943 1975 Iacob,
1965 1910 2023 1964 in
2049 1899 2100 1961 Β
2127 1908 2263 1964 ﬁdes
2298 1907 2484 1964 lsraeli
2512 1907 2822 1978 punientur,
2848 1907 3058 1964 electos
3085 1908 3352 1962 nimiam
3370 1924 3460 1963 ex
3482 1908 3729 1979 μὴ

424 2027 585 2081 regno
606 2009 874 2064 caelorum.
902 2008 1194 2081 (Μλειιυε.)
1216 2008 1558 2066 Recumbent
1587 2023 1697 2064 non
1723 2006 2020 2063 carnaliter

423 2108 688 2179 jacentes,
709 2105 802 2160 sed
832 2104 1152 2176 spiritaliter
1180 2088 1625 2174 requeiscentes;
1664 2115 1774 2156 non
1800 2108 2019 2168 tempo-

426 2200 616 2256 raiiter
642 2207 915 2271 potantes,
948 2198 1040 2252 sed
1079 2196 1311 2251 feliciter
1361 2195 1662 2266 epulantes.
1708 2192 1847 2259 Quia
1874 2191 2022 2246 Deus

424 2291 713 2356 Abraham,
744 2290 867 2346 coeli
892 2289 1157 2354 conditor,
1190 2288 1352 2343 Pater
1379 2295 1463 2343 est
1490 2295 1545 2342 et
1563 2285 1789 2349 Christi,
1818 2284 2023 2339 ideirco

424 2384 480 2440 in
511 2400 678 2457 regno
701 2384 962 2440 caelorum
992 2392 1076 2438 est
1104 2392 1158 2437 et
1185 2383 1484 2444 Abraham,
1516 2395 1637 2434 cum
1669 2394 1778 2448 quo
1805 2378 2025 2433 accubi-

426 2485 561 2531 turze
596 2484 717 2531 sunt
755 2484 945 2546 gentes
972 2490 1091 2543 quae
1138 2473 1488 2527 crediderunt
1532 2473 1584 2525 in
1608 2471 1905 2536 Christum,
1928 2468 2022 2523 Fi-

426 2566 557 2622 lium
585 2567 883 2621 Creatoris.
921 2565 994 2619 Et
1030 2564 1120 2620 ille
1156 2564 1363 2633 pariter
1407 2576 1601 2617 sensus
1649 2560 1924 2631 impletur,
1955 2560 2022 2615 de

428 2675 535 2730 quo
583 2675 746 2729 supra
798 2659 1057 2725 diximus,
1105 2659 1162 2713 in
1216 2657 1550 2712 centurionis
1602 2654 1729 2718 ﬁde,
1779 2651 2024 2724 gentium

432 2750 547 2807 ﬁeri
594 2752 1057 2824 prterogativam,
1124 2751 1251 2806 dum
1321 2749 1469 2805 illius
1522 2747 1895 2809 credulitatem
1957 2745 2024 2800 de

429 2843 650 2899 Oriente
702 2853 758 2900 et
800 2843 1093 2900 Occidente
1139 2843 1400 2899 credituri
1457 2840 1641 2914 populi
1695 2852 2024 2895 commemo-

432 2942 642 2989 rantur.
1214 2946 1233 2957 ’

505 3026 632 3081 Filii
662 3038 837 3083 autem
869 3028 1013 3099 regni
1047 3027 1327 3098 ejicientur
1350 3027 1410 3081 in
1444 3026 1683 3081 tenebras
1716 3032 2019 3090 exteriores,

428 3120 502 3174 ibi
532 3121 628 3173 erit
652 3121 803 3190 fletus
826 3131 874 3175 et
900 3120 1098 3195 stridor
1120 3121 1377 3174 dentiant.
1428 3115 1701 3189 (Ηίενοη.)
1729 3115 1899 3171 Filios
1927 3132 2024 3170 au-

426 3221 537 3267 tem
575 3213 723 3284 regni
748 3211 963 3285 Iudaeos
992 3212 1282 3289 signiﬁcat,
1316 3213 1368 3267 in
1396 3194 1591 3283 quibus
1621 3219 1746 3265 ante
1775 3209 2023 3282 regnavit

2120 2003 2379 2069 ostendit,
2412 2003 2504 2073 qui
2529 2003 2687 2073 quasi
2726 2003 3047 2061 centenario
3084 2002 3261 2058 milite
3306 2002 3541 2073 stipati,
3570 2004 3729 2057 vim

2126 2105 2241 2150 tum
2280 2094 2644 2165 spiritualium
2680 2104 2814 2157 sunt
2838 2094 3177 2167 {refectione
3214 2094 3527 2159 manus.
3556 2094 3727 2164 ιῦφι

2127 2204 2157 2242 a
2187 2187 2416 2243 Domino
2446 2195 2743 2252 tenentur],
2780 2188 2877 2243 sed
2913 2187 3029 2244 sola
3054 2194 3273 2243 attente
3311 2186 3523 2241 saluti
3546 2188 3725 2258 ςδιὸ

2126 2281 2231 2335 sibi
2264 2281 2485 2350 suisque
2522 2281 2828 2350 requirunt.
2871 2280 3143 2337 Numerus
3168 2281 3324 2336 estin
3356 2281 3723 2339 catenatis,

2122 2376 2218 2447 qui
2248 2392 2286 2431 e
2312 2376 2444 2432 laiva
2472 2375 2800 2432 transfertur
2825 2378 2893 2433 ad
2914 2377 3221 2442 dexteram,
3250 2379 3312 2432 in
3336 2377 3599 2432 edentis
3616 2378 3728 2431 ﬁt:

2124 2469 2521 2541 signiﬁcatione
2568 2470 2696 2541 poni
2738 2472 3062 2526 consuevit:
3102 2472 3250 2526 unde
3282 2480 3381 2526 est
3430 2472 3723 2541 quodam

2120 2563 2242 2619 Noe
2280 2572 2499 2620 centum
2544 2566 2707 2619 annis
2758 2564 3057 2620 fabricatur
3102 2563 3406 2638 (Cauta):
3462 2564 3723 2619 Abraham

2126 2657 2476 2711 centenarias
2510 2655 2684 2711 ﬁlium
2713 2657 3093 2728 promissionis
3126 2659 3343 2727 accepit
3378 2656 3553 2728 (Gen.
3578 2658 3721 2723 xvnl;

2127 2752 2268 2805 sevit
2292 2750 2469 2816 lsaac,
2496 2758 2553 2806 et
2589 2750 2794 2806 invenit
2822 2750 2881 2804 in
2908 2752 3028 2822 ipso
3050 2766 3198 2805 anno
3224 2751 3561 2820 centuplum
3588 2748 3724 2819 (Gen.

2125 2846 2312 2917 xxvr);
2353 2847 2553 2901 atrium
2602 2846 2939 2902 tabernaculi
2989 2853 3207 2901 centum
3258 2845 3476 2899 cubitis
3522 2844 3727 2912 longua

2132 2947 2210 2994 est
2239 2938 2436 3009 (Exod.
2469 2939 2678 3011 xxvii);
2708 2940 2763 2994 in
2789 2940 3085 2995 centesimo
3113 2940 3329 3011 psalmo
3354 2937 3731 2994 riserit-ordia

2127 3041 2181 3087 et
2206 3031 2472 3101 judicium
2504 3034 2736 3090 Domino
2788 3043 3041 3091 cantatur
3084 3033 3260 3111 (Psal.
3293 3035 3377 3108 c),
3436 3046 3499 3088 et
3546 3042 3732 3090 εαξη

2126 3126 2457 3196 bujusmodi.
2490 3128 2643 3184 ’l‘alis
2691 3143 2820 3201 ergo
2856 3129 3041 3185 meriti
3084 3129 3187 3183 viri
3231 3144 3335 3200 pro
3379 3130 3469 3184 bis
3514 3143 3734 3183 newsse

2128 3228 2213 3275 est
2241 3221 2472 3277 Domino
2515 3221 2842 3293 supplicent,
2869 3222 2963 3292 qui
2993 3220 3169 3277 adhuc
3209 3221 3413 3291 spiritu
3455 3218 3738 3275 servitutis

424 3303 708 3360 Dominus.
744 3306 1012 3361 Tenebrae
1059 3319 1272 3376 semper
1296 3304 1584 3359 interiores
1609 3311 1757 3369 sunt,
1788 3318 1894 3357 non
1931 3318 2026 3357 ex-
2052 3301 2098 3367 (ζ
2124 3312 2185 3367 in
2230 3313 2424 3369 timore
2476 3322 2816 3384 premuntur,
2872 3323 3159 3385 quatenus,
3208 3313 3293 3368 eis
3348 3312 3624 3384 pautatim
3672 3311 3735 3366 ad

429 3397 673 3454 teriores.
722 3398 834 3454 Sed
882 3397 1184 3472 [quoniam]
1233 3398 1327 3469 qui
1372 3413 1403 3451 a
1455 3397 1685 3453 Domino
1739 3395 2029 3467 expellitur

428 3489 598 3557 foras,
636 3491 894 3562 relinquit
943 3492 1145 3557 lumen,
1195 3491 1398 3546 idcirco
1447 3491 1747 3547 exteriores
1782 3491 2028 3545 tenebrae

430 3584 723 3638 nominata:
781 3592 927 3639 sunt.
986 3583 1070 3637 Ibi
1110 3585 1206 3639 erit
1242 3586 1395 3654 ﬂetus
1442 3593 1490 3637 et
1529 3583 1729 3637 stridor
1766 3583 2025 3640 dentium.

426 3674 491 3728 Si
526 3674 686 3729 ﬂetus
723 3676 1003 3730 oculorum
1036 3684 1140 3741 est,
1188 3682 1243 3731 et
1271 3673 1474 3729 stridor
1500 3674 1743 3728 dentium
1783 3690 1907 3729 ossa
1935 3675 2029 3730 de-

431 3775 741 3832 monstrat;
802 3782 931 3822 vera
978 3775 1064 3822 est
1107 3781 1237 3837 ergo
1267 3781 1553 3835 corporum
1605 3774 1661 3821 et
1711 3767 2027 3821 eorumdem

429 3862 800 3915 membrorum
838 3877 959 3932 qua:
1007 3862 1355 3927 ceciderant,
1412 3861 1759 3916 resurrectio.
1820 3859 2025 3935 (Greg.)

432 3951 587 4009 Unde
614 3963 669 4009 et
690 3969 793 4034 per
821 3954 1196 4024 metaphoram
1221 3953 1536 4024 magnitudo
1561 3953 1887 4025 exprimitur
1917 3962 2029 4008 tor-

431 4055 758 4102 mentorum.
800 4047 1091 4103 lnteriorcs
1130 4048 1329 4131 quippe
1366 4046 1624 4102 tenebras
1651 4047 1882 4102 dicimus
1925 4061 2027 4102 cm-

432 4138 653 4193 citatem
703 4139 898 4205 cordis,
930 4132 1230 4195 exteriores
1258 4154 1389 4193 vero
1442 4138 1724 4203 tenebras,
1765 4146 2025 4193 aeternam

432 4239 648 4289 noctem
690 4231 1073 4287 damnationis.
1122 4231 1274 4287 Tunc
1317 4247 1440 4286 cum
1479 4231 1769 4285 damnatur
1797 4231 2027 4301 quisque

432 4339 545 4378 non
578 4323 633 4377 in
664 4323 968 4390 interiores,
1003 4325 1096 4379 sed
1133 4325 1186 4379 in
1217 4325 1518 4379 exteriores
1562 4324 1815 4379 tenebras
1851 4324 2025 4379 mitti-

434 4425 525 4489 tur
558 4417 721 4507 :quia
764 4418 872 4487 illic
910 4418 1112 4472 invitus
1137 4417 1420 4493 projicitur
1464 4418 1517 4472 in
1557 4426 1772 4473 noctem
1802 4418 2028 4473 damna-

435 4511 613 4574 tionis,
663 4511 755 4583 qui
804 4511 892 4566 bic
935 4519 1127 4587 sponte
1172 4510 1368 4565 cecidit
1404 4510 1458 4564 in
1491 4511 1789 4565 caecitatem
1822 4509 2022 4565 cordis.

436 4602 519 4657 Ibi
542 4604 694 4674 ﬂetus
723 4617 937 4673 quoque
973 4611 1019 4655 et
1045 4601 1243 4655 stridor
1265 4601 1497 4656 dentium
1528 4617 1647 4657 esse
1678 4602 2041 4672 perbibetur:.

2130 3404 2449 3461 sublimiora
2482 3407 2786 3476 provectis,
2829 3405 3061 3477 perfecta
3099 3404 3312 3460 dilectio
3361 3405 3521 3475 {oras
3570 3405 3734 3458 mittat

2128 3496 2370 3550 timorem
2413 3497 2463 3569 (1
2488 3497 2650 3553 Joan.
2682 3498 2778 3572 ιν).

2204 3587 2339 3661 [HL]
2376 3588 2444 3643 Et
2475 3606 2593 3645 cum
2622 3592 2842 3646 venisset
2861 3590 3017 3646 Iesus
3052 3592 3109 3646 in
3138 3591 3356 3645 domum
3384 3588 3575 3656 Petri,
3622 3592 3735 3644 ridi!

2131 3697 2339 3735 socrum
2387 3682 2504 3753 ejus
2540 3683 2806 3753 jacenlem
2848 3694 2899 3739 et
2932 3685 3335 3755 febricitantem.
3388 3684 3589 3757 (Aug.)
3634 3683 3734 3738 Hoc

2124 3775 2350 3843 quando
2386 3774 2584 3829 factum
2625 3777 2716 3842 sit,
2748 3777 2802 3832 id
2842 3785 2950 3840 est,
2983 3785 3106 3848 post
3142 3777 3271 3855 quid
3300 3778 3393 3831 vel
3424 3786 3568 3832 ante
3594 3776 3735 3847 quid.

2126 3879 2237 3918 non
2258 3867 2531 3936 expressit
2558 3866 2861 3923 Mattbacus.
2892 3866 3010 3923 Non
3038 3869 3183 3924 enim
3208 3877 3333 3939 post
3360 3870 3523 3939 quod
3554 3885 3736 3923 narra-

2129 3968 2243 4025 tur,
2270 3941 2393 4029 post
2420 3962 2522 4017 hoc
2550 3962 2716 4017 etiam
2757 3960 2958 4017 factum
2986 3949 3212 4018 necesse
3248 3970 3331 4018 est
3371 3961 3735 4033 intelligatur.

2131 4068 2253 4108 cum
2304 4054 2519 4110 Marcus
2548 4055 2835 4125 Lucasque
2885 4055 3037 4127 prius
3082 4054 3211 4111 illud
3250 4064 3487 4110 narrent
3538 4054 3737 4110 factum

2124 4161 2293 4215 quam
2325 4147 2391 4201 de
2429 4147 2644 4217 leproso
2674 4148 2876 4202 dicant.
2921 4145 3031 4203 Sed
3069 4147 3203 4202 nihil
3240 4148 3430 4202 obstat
3476 4149 3737 4202 narrandi

2131 4237 2446 4304 diversitas;
2482 4241 2572 4294 ubi
2618 4239 2806 4294 eadem
2859 4257 2946 4297 res
2992 4243 3292 4305 nuntiatur,
3333 4242 3594 4296 maxime
3625 4258 3737 4297 cum

2128 4335 2503 4405 unusquisque
2542 4337 3003 4408 evangelistarum
3044 4354 3108 4393 eo
3151 4354 3212 4393 se
3258 4338 3456 4395 ordine
3508 4339 3739 4393 credidit

2129 4427 2382 4485 debuisse
2430 4445 2675 4497 narrare,
2705 4448 2813 4503 quo
2854 4432 3108 4488 voluisset
3148 4432 3295 4498 Deus
3338 4448 3405 4488 ea
3449 4435 3580 4503 ipsa
3627 4448 3739 4505 qur

2130 4523 2391 4577 narrabat
2415 4523 2531 4594 ejus
2561 4508 2923 4579 recordationi
2959 4540 3248 4598 suggerere

2202 4615 2273 4669 Et
2321 4618 2488 4687 tetigit
2533 4633 2747 4670 manum
2798 4616 2945 4686 ejus,
3005 4627 3053 4671 et
3109 4617 3309 4671 dimisit
3364 4634 3487 4671 eam
3558 4620 3738 4690 febris.

432 4706 491 4751 ut
518 4696 626 4761 illic
664 4697 854 4750 dentes
886 4694 1174 4760 stridcant,
1202 4696 1293 4771 qui
1318 4696 1407 4751 hic
1432 4696 1499 4751 de
1528 4696 1795 4751 edacitate
1824 4696 2021 4768 gaude-

2134 4706 2347 4781 (Beda.)
2470 4707 2763 4779 Evangelia
2992 4709 3251 4779 scriptum
3289 4716 3374 4763 est
3412 4674 3740 4795 quia'roga-

430 4791 580 4863 bant,
609 4791 721 4846 illic
748 4789 891 4844 oculi
926 4788 1178 4854 deﬂeant,
1206 4790 1295 4858 qui
1328 4789 1417 4844 hic
1449 4804 1547 4859 per
1579 4788 1795 4843 illicitas
1825 4805 2023 4843 concu-

432 4884 726 4954 piscentias
762 4881 1166 4936 versabantur:
1211 4891 1478 4953 quatenus
1536 4881 1746 4950 singula
1799 4897 2024 4951 qumque

432 4981 676 5053 membra
709 4976 975 5048 supplicio
1013 4974 1352 5046 subiaceant,
1385 4990 1506 5052 qua:
1534 4973 1622 5028 hic
1653 4974 1880 5043 singulis
1906 4975 2023 5043 qui-

430 5075 640 5146 busque
670 5074 817 5143 vitiis
856 5071 1097 5141 subjecta
1130 5072 1456 5127 serviebant.
1500 5069 1681 5124 Fletus
1708 5071 1774 5125 de
1804 5070 2019 5137 ardore,

436 5169 636 5222 stridor
659 5165 899 5229 dentium
926 5164 1063 5220 solet
1087 5164 1311 5220 excitari
1340 5164 1406 5216 de
1436 5161 1655 5232 frigore.
1681 5161 1893 5234 (Beda.)
1920 5163 2021 5219 Ubi

437 5260 631 5329 duplex
663 5259 969 5313 ostenditur
996 5260 1265 5329 gehenna,
1296 5257 1347 5311 id
1376 5264 1478 5322 est,
1512 5257 1660 5312 nimii
1702 5258 1938 5330 frigoris,
1971 5267 2022 5314 et

432 5351 792 5415 intolerabilis
837 5366 955 5406 esse
1004 5351 1253 5406 fervoris.
1302 5347 1399 5403 Cui
1450 5349 1592 5403 beati
1627 5348 1727 5404 Job
1757 5351 2022 5413 sententia

438 5446 727 5519 reuisentit,
762 5445 984 5504 dicens:
1010 5445 1091 5500 Ad
1114 5444 1339 5515 calorem
1382 5443 1599 5497 nimium
1631 5442 1925 5496 transibunt
1958 5443 2022 5497 ab

434 5539 587 5611 aquis
624 5539 817 5593 nivium
851 5537 973 5610 (Job
1002 5538 1173 5608 sxw).
1220 5536 1318 5592 Vel
1359 5546 1506 5593 certe
1551 5537 1755 5593 stridor
1780 5536 2021 5591 dentium

431 5633 616 5707 pl'mlil
661 5633 991 5707 indignantis
1042 5631 1323 5713 allectum,
1366 5646 1429 5686 eo
1473 5630 1616 5701 quod
1658 5645 1779 5685 sero
1821 5646 2019 5684 imum-

434 5744 702 5799 qttemque
738 5728 1021 5801 pmniteat,
1058 5742 1178 5781 sero
1220 5726 1557 5796 ingemiscat,
1589 5738 1711 5778 sero
1757 5724 2022 5779 irascatur

436 5820 558 5889 sibi,
587 5820 729 5892 quod
759 5829 865 5874 tam
888 5819 1157 5897 pervicaci
1194 5819 1542 5889 improbitate
1567 5816 1875 5886 deliquerit.

514 5910 580 5975 Et
605 5913 738 5971 dixit
763 5910 918 5969 Jesus
944 5911 1253 5982 centurioni,
1274 5902 1465 5981 γαπ,
1491 5920 1539 5968 et
1568 5911 1701 5969 sicut
1733 5911 2021 5990 credidisti,

2131 4810 2327 4855 verunt
2363 4817 2486 4855 eum
2515 4815 2614 4872 pro
2647 4801 2753 4864 illa,
2785 4810 2839 4855 et
2870 4810 3020 4857 stans
3059 4818 3219 4873 super
3248 4801 3395 4856 illam
3441 4802 3741 4877 imperavit

2132 4892 2289 4947 febri.
2330 4894 2485 4949 Modo
2521 4895 2664 4949 enim
2695 4894 2946 4949 Salvator
2979 4904 3216 4966 rogatur,
3248 4894 3412 4949 modo
3447 4896 3607 4951 ultro
3647 4912 3709 4949 cu

2131 4994 2218 5041 rat
2252 4995 2503 5057 aegrotos,
2538 4988 2830 5041 ostendens
2875 5001 2931 5041 se
2982 4995 3173 5041 contra
3220 4987 3485 5040 vitiorum
3517 5002 3740 5057 quoqm:

2130 5079 2413 5151 passiones
2453 5089 2507 5134 et
2543 5081 2799 5152 precibus
2848 5094 3064 5149 seraper
3101 5094 3341 5133 aunuerc
3381 5079 3655 5147 fidelium,
3685 5089 3739 5133 et

2133 5188 2196 5225 ea
2235 5187 2619 5241 nonnunquam
2657 5187 2777 5245 qua:
2812 5172 2911 5245 ipsi
2958 5173 3181 5227 minime
3215 5173 3267 5226 in
3297 5188 3357 5226 se
3389 5173 3736 5246 intelligunt,

2131 5261 2215 5315 vel
2257 5262 2599 5334 intelligenda
2652 5263 2803 5327 dare,
2835 5262 2916 5316 vel
2944 5264 3032 5341 pie
3056 5264 3370 5339 petentibus
3415 5265 3594 5319 etiam
3631 5283 3736 5319 non

2132 5355 2404 5409 intellecta
2452 5357 2753 5420 dimittere;
2783 5355 2938 5424 juxta
2972 5357 3112 5426 quod
3140 5355 3424 5412 Psalmista
3454 5358 3735 5427 postulat:

2132 5445 2336 5501 Delicta
2378 5449 2494 5520 quis
2532 5448 2801 5518 intelligit,
2844 5448 2909 5501 ab
2938 5450 3155 5504 occultis
3197 5449 3324 5504 meis
3372 5452 3585 5511 munda
3634 5469 3734 5517 me,

2132 5538 2354 5594 Domine
2376 5539 2547 5611 (Psal.
2579 5542 2753 5612 xvm).

2201 5632 2265 5685 Et
2296 5635 2549 5699 surrexit,
2579 5645 2625 5687 et
2660 5635 2991 5689 ministrabat
3026 5636 3122 5690 eis.
3158 5633 3430 5708 (Hirrum)
3462 5635 3739 5696 Naturale

2128 5734 2212 5795 est
2246 5723 2678 5780 febricitantibus
2726 5726 3017 5797 incipiente
3062 5728 3296 5793 sanitate
3336 5725 3650 5784 lassescere
3676 5737 3737 5785 et

2127 5817 2492 5886 :egrotationis
2523 5819 2728 5873 sentire
2768 5818 3093 5874 molestiam.
3124 5819 3320 5874 Verum
3365 5820 3579 5874 sanitas
3606 5836 3736 5888 qua!

2129 5908 2341 5973 Domini
2398 5908 2956 5991 conferturimperio,
3010 5910 3173 5971 simul
3225 5920 3335 5973 tota
3390 5912 3567 5985 redit;
3598 5927 3739 5971 .uec
