3914 6448
150 406 248 465 861

1121 398 1471 465 mnuum.
1504 401 1579 463 lli
1615 398 2057 463 ΜΑἸἺἮΕἩΜ.
2095 434 2165 449 -
2200 404 2333 464 LIB.
2370 404 2460 464 Ill.

3317 400 3429 473 862

151 526 322 586 solum
362 525 480 595 ipsa
513 522 676 591 rodit,
704 521 801 580 sed
830 518 1075 578 et'tanto
1100 522 1299 577 robore
1321 518 1640 587 comitante,
1666 525 1731 575 ut
1756 522 1811 586 Α
1834 518 1987 576 lltate
2027 519 2227 577 virium
2274 520 2417 578 ferre
2465 536 2574 578 non
2614 529 2960 596 poteramus,
2998 537 3098 597 pro
3143 524 3305 583 nobis
3340 525 3431 584 ille

149 620 231 676 eis
255 619 513 677 continuo
538 617 630 689 qui
655 631 718 673 se
758 615 1100 688 adiuverant,
1126 614 1443 670 ministrare
1472 610 1733 681 suﬁlciat;

150 722 206 770 et
241 715 398 787 juxta
444 713 591 786 leges
636 711 921 785 theologia:
967 710 1212 766 membra
1255 724 1377 780 qua:
1424 707 1741 764 serviebant

148 804 509 863 inmunditiae
527 812 584 861 et
601 803 873 875 iniquitati
901 803 969 858 ad
994 801 1334 881 iniquitatem
1360 808 1423 855 ut
1445 798 1741 855 fructiﬁca-

150 910 275 957 nent
326 901 512 967 morti,
568 901 811 957 serviant
856 897 1088 969 iustitiae
1146 898 1203 953 in
1255 898 1424 952 vitam
1480 903 1739 951 aeternam

149 993 332 1067 (Rom.
365 1010 418 1049 vr
448 1003 499 1050 et
518 994 640 1068 vn).
692 993 983 1068 (Μλυιυε.)
1023 991 1325 1065 Aliegorice
1370 1006 1504 1046 vero
1550 990 1740 1045 domus

147 1088 297 1145 Petri
325 1088 671 1145 circumcisio
698 1097 812 1154 est,
848 1088 975 1159 quia
1011 1087 1113 1158 ipsi
1144 1084 1480 1157 apostolatus
1508 1084 1741 1139 traditus

149 1194 235 1242 est
269 1185 702 1242 circumcisionis
739 1182 881 1258 (Gal.
907 1184 1002 1257 n);
1056 1199 1248 1239 socrus
1286 1182 1428 1237 enim
1458 1180 1604 1236 Petti
1636 1179 1741 1251 Sy-

149 1295 357 1353 nagoga
387 1288 490 1348 est,
518 1280 645 1352 quia
676 1278 765 1335 illa
807 1277 1207 1349 quodammodo
1238 1283 1414 1341 mater
1449 1283 1533 1329 est
1558 1272 1745 1328 Eccle-

150 1374 262 1437 sire,
303 1389 423 1443 qum
466 1389 497 1427 a
526 1388 656 1428 vero
682 1371 893 1442 Sponso
923 1370 1083 1427 Petro
1124 1370 1225 1426 fuit
1271 1367 1646 1439 commendata
1677 1365 1745 1420 ad

147 1465 581 1521 custodiendum.
622 1452 731 1520 Cui.
761 1465 875 1535 ipse
913 1465 988 1520 ita
1015 1465 1091 1519 ait
1119 1482 1132 1519 :
1160 1463 1237 1517 Tu
1259 1480 1311 1516 es
1341 1458 1550 1524 Petrus,
1585 1467 1633 1513 et
1655 1475 1747 1512 su-

148 1575 240 1629 per
280 1557 415 1612 hanc
454 1568 655 1628 petram
696 1555 970 1626 wdiﬁcabo
993 1554 1285 1610 Ecclesium
1329 1568 1497 1607 meam
1525 1548 1741 1623 (Matth.

150 1649 296 1721 va);
334 1658 388 1704 et
419 1649 546 1704 alibi
573 1666 587 1702 :
615 1646 803 1715 Pasce,
836 1649 1033 1719 inquit,
1057 1664 1220 1718 agnos
1249 1661 1423 1709 meos;
1455 1652 1551 1699 et:
1582 1642 1748 1696 Pasce

150 1759 269 1796 ores
293 1758 436 1796 meas
460 1740 643 1813 (Joan.
674 1742 811 1810 ιιι).
859 1740 1228 1796 Febricitabat
1264 1753 1392 1809 ergo
1429 1750 1621 1792 socrus
1644 1733 1747 1790 Pe-

150 1833 245 1898 tri,
298 1833 428 1905 quia
486 1832 772 1905 Synagoga
826 1832 1136 1887 invidentia:
1177 1831 1397 1885 aestibus
1439 1827 1745 1893 laborabat,

1837 624 2084 689 portaret
2107 618 2199 688 qui
2229 632 2326 673 sua
2376 617 2651 673 voluntate
2677 633 2779 689 pro
2817 618 2979 675 nobis
3006 634 3201 691 passus
3234 629 3351 703 est,
3378 626 3435 678 et

1840 710 1933 780 qui
1958 709 2121 765 morti
2147 710 2224 765 nil
2247 710 2431 765 debuit
2448 752 2462 777 ,
2485 725 2589 781 pro
2612 712 2771 767 nobis
2792 713 3035 769 debitum
3061 714 3223 769 morti
3247 714 3431 772 solvit.

1909 801 2050 876 [Π]
2088 800 2280 857 Vident
2301 813 2478 858 autem
2507 801 2665 859 Iesus
2695 804 2876 859 turbas
2902 806 3096 859 multas
3122 806 3319 861 circum
3347 823 3430 873 se,

1832 880 1996 974 jussit
2054 899 2339 973 discipulos
2388 918 2509 956 suos
2556 902 2633 956 ire
2670 911 2817 955 trans
2848 901 3059 971 fretum.
3096 900 3281 976 (Aug.)
3336 900 3436 959 Hic

1842 993 2188 1050 manifestum
2212 1004 2295 1049 est
2322 992 2491 1048 alium
2517 993 2661 1049 diem
2686 992 2983 1049 recoluisse
3002 1036 3016 1060 ,
3043 1010 3151 1066 quo
3176 993 3257 1048 ire
3273 991 3438 1063 jussit

1844 1099 1994 1144 trans
2018 1088 2248 1155 fretum,
2281 1103 2388 1142 non
2416 1103 2537 1143 eum
2564 1088 2655 1171 qui
2683 1087 2929 1157 sequitur
2952 1086 3092 1141 diem
3117 1102 3223 1157 quo
3246 1101 3437 1141 socrus

1842 1181 1991 1253 Petri
2031 1189 2218 1235 sanata
2264 1189 2345 1235 est
2375 1199 2389 1234 :
2419 1195 2526 1250 quo
2558 1179 2771 1235 Marcus
2801 1180 2887 1234 die
2914 1178 3198 1249 Lucasque
3226 1194 3349 1232 eum
3384 1177 3439 1232 in

1810 1290 1818 1298 ‘
1844 1273 2114 1328 desertum
2141 1272 2340 1326 exiisse
2354 1270 2639 1326 alﬁrmant.
2667 1270 2958 1345 (M.\URUS.)
2977 1269 3296 1325 Exhortatio
3310 1284 3440 1340 ergo

1842 1363 1970 1419 Jesu
2016 1372 2099 1419 est
2140 1372 2197 1417 ut
2243 1379 2459 1418 amaros
2503 1344 2683 1419 sreculi
2718 1362 2913 1419 (luctus
2941 1364 3265 1418 inconcusso
3314 1360 3439 1416 ﬁdei

1846 1457 2060 1539 navigio
2108 1463 2483 1522 transeamus,
2540 1470 2647 1528 quo
2697 1455 2763 1511 ad
2804 1455 2959 1511 littus
3004 1454 3277 1543 paradisi,
3324 1454 3441 1525 ipso

1846 1553 2181 1625 gubernante
2197 1594 2211 1617 ,
2242 1550 2646 1622 perveniamus.

1862 1634 1867 1639 1
1917 1648 1987 1704 Et
2018 1648 2267 1703 accedens
2298 1665 2432 1702 unus
2459 1646 2629 1701 scriba
2650 1688 2664 1711 ,
2689 1646 2761 1700 ait
2795 1644 2904 1711 illi,
2936 1642 3211 1715 Magister,
3254 1657 3445 1714 sequar

1847 1751 1927 1808 te,
1959 1757 2269 1814 quocunque
2310 1740 2455 1794 ieris.
2501 1737 2688 1815 (Λεία.)
2744 1737 2899 1806 Quod
2936 1745 3116 1791 autem
3161 1734 3446 1801 Matthmus

1851 1833 1983 1888 dicit
2028 1840 2156 1886 tunc
2201 1830 2344 1886 istud
2375 1840 2586 1913 gestum
2618 1845 2739 1886 esse
2780 1830 2995 1899 quando
3040 1828 3177 1882 dixit
3215 1836 3275 1883 ut
3305 1827 3447 1882 irent

147 1941 484 1999 persequens
510 1925 844 1991 Ecclesium;
896 1926 1042 1981 unde
1088 1933 1143 1981 et
1188 1939 1386 1995 Sponsa
1437 1921 1492 1977 in
1521 1920 1749 1977 cantico
1777 1910 1826 1971 Β
1854 1935 2006 1982 trans
2033 1925 2233 1981 fretum
2251 1967 2265 1991 ,
2292 1910 2470 1981 Lucas
2495 1940 2627 1980 vero
2658 1922 3063 1979 ambulantibus
3088 1921 3208 1977 aliis
3238 1922 3293 1991 ip
3322 1920 3407 1975 via
3426 1963 3443 1995 ,

149 2021 488 2075 canticorum
536 2019 669 2075 dicit
721 2036 735 2072 :
793 2017 925 2072 Filii
979 2019 1166 2073 matris
1216 2033 1346 2071 mete
1385 2021 1746 2088 pugnaverunt

147 2121 336 2165 contra
365 2128 446 2165 me
476 2107 654 2182 (Cant.
685 2110 747 2182 ι).
784 2109 953 2181 Cujus
983 2126 1202 2165 manum
1252 2108 1431 2180 attigit
1460 2105 1745 2172 Dominus,

146 2203 368 2273 quando
398 2203 637 2259 carnalia
662 2204 778 2274 ejus
806 2218 971 2274 opera
1008 2203 1064 2257 in
1095 2201 1392 2273 spiritalem
1424 2214 1580 2254 usum
1612 2213 1747 2253 con-

147 2296 334 2350 vertit.
382 2293 515 2363 Quae
562 2297 791 2349 surrexit
832 2304 881 2349 et
927 2294 1260 2348 ministrabat
1290 2292 1386 2356 eis,
1437 2290 1564 2361 quia
1594 2297 1747 2359 post-

149 2402 315 2458 quam
357 2394 565 2441 attactu
609 2386 803 2441 divinte
829 2384 1048 2456 pietatis
1082 2400 1114 2438 a
1145 2382 1348 2438 carnali
1376 2380 1749 2443 observantia,

148 2481 206 2536 in
235 2495 338 2550 qua
382 2479 647 2535 inutiliter
684 2478 957 2550 torpebat,
992 2486 1175 2532 erecta
1218 2485 1333 2541 est,
1378 2492 1479 2547 per
1507 2474 1750 2546 spiritale

149 2572 385 2628 ollicium
411 2574 638 2629 Domino
667 2573 909 2644 quotidie
944 2572 1241 2645 ministrat.
1264 2558 1541 2625 Moraliter
1568 2577 1747 2623 autem

150 2682 492 2751 unaquaeque
544 2666 724 2722 anima
773 2682 895 2738 quae
939 2666 1122 2735 carnis
1162 2662 1617 2735 concupiscentiis
1644 2660 1748 2715 mi-

150 2761 292 2828 litat,
325 2761 477 2832 quasi
510 2759 756 2816 febribus
782 2767 1007 2827 aestuat;
1051 2758 1145 2813 sed
1173 2773 1337 2813 manu
1363 2754 1753 2811 misericordias

152 2852 350 2909 divina:
379 2861 581 2908 attacta
627 2851 977 2918 convalescit,
1009 2859 1064 2906 et
1089 2865 1186 2919 per
1209 2848 1553 2904 continentia:
1598 2845 1753 2917 frena

151 2947 337 3019 carnis
389 2945 669 3018 lasciviam
701 2943 1044 3014 constringit,
1072 2930 1143 2998 ne
1167 2956 1266 3013 per
1292 2940 1576 2995 illecebras
1599 2938 1755 2993 volu-

152 3048 363 3110 ptatum
403 3039 678 3111 gradiens,
706 3036 1142 3101 fornicationem,
1176 3032 1596 3097 immunditiam,
1624 3029 1753 3085 libi-

151 3133 358 3201 dinem,
404 3132 898 3204 concupiscentiam
943 3129 1141 3184 malam
1192 3136 1248 3182 et
1293 3124 1602 3190 avaritiam,
1634 3138 1755 3195 quae

150 3234 241 3280 est
269 3224 683 3280 simulacrorum
729 3224 984 3289 servitus,
1016 3220 1173 3293 quasi
1222 3220 1464 3275 membra
1494 3215 1753 3287 pestifera

1852 2035 1959 2076 non
1991 2028 2075 2075 est
2103 2019 2468 2085 contrarium,
2494 2017 2623 2088 quia
2652 2017 2738 2081 via
2768 2015 2955 2086 utique
2980 2013 3357 2081 ambulabant,
3390 2018 3452 2067 ut

1851 2115 2100 2187 venirent
2142 2116 2209 2169 ad
2255 2112 2450 2167 fretum
2489 2109 2784 2185 (Hierom).
2816 2100 3009 2175 Scriba
3040 2108 3143 2163 iste
3166 2106 3323 2178 legis,
3356 2103 3449 2183 qui

1851 2215 2065 2263 tantum
2118 2206 2352 2261 litteram
2401 2211 2628 2269 noverat
2678 2203 3048 2266 occidentem,
3103 2199 3148 2254 si
3196 2197 3448 2263 dixisset,

1852 2298 2076 2355 Domine
2094 2341 2108 2367 ,
2133 2316 2325 2371 sequar
2347 2307 2394 2353 te
2414 2314 2722 2373 quocunque
2745 2297 2900 2369 ieris,
2927 2276 3041 2350 non.
3059 2293 3250 2375 luisset
3276 2289 3453 2364 repul—

1852 2407 1945 2451 sus
1977 2408 2005 2457 a
2034 2392 2291 2456 Domino,
2322 2390 2414 2446 sed
2439 2391 2565 2471 quia
2588 2388 2906 2471 magistrum
2931 2402 3095 2441 unum
3118 2386 3183 2445 de
3207 2384 3453 2473 pluribus

1851 2486 2177 2557 mstimabat,
2191 2492 2244 2539 ct
2257 2483 2528 2539 litterator
2541 2490 2678 2553 erat,
2695 2480 2836 2557 quod
2850 2478 3247 2551 signiﬁcantius
3262 2476 3453 2531 Graice

1854 2579 2052 2637 dicitur
2080 2578 2451 2656 γραμματεύς,
2506 2584 2560 2631 et
2606 2592 2713 2630 non
2752 2572 3013 2645 spiritalis
3044 2571 3281 2636 auditor,
3330 2567 3451 2622 ideo

1853 2688 1964 2727 non
1989 2670 2157 2727 habet
2178 2670 2358 2726 locum
2383 2669 2440 2727 in
2473 2683 2580 2739 quo
2610 2676 2788 2741 potest
2811 2664 3081 2735 reclinare
3105 2660 3266 2729 Iesus
3286 2665 3453 2733 caput

1854 2779 2034 2837 Suum.

1925 2857 2011 2927 Ait
2040 2855 2118 2910 illi
2138 2853 2332 2911 Iesus:
2358 2852 2549 2927 Vulpes
2572 2853 2748 2924 foveas
2774 2854 2984 2921 habent,
3016 2858 3063 2914 et
3087 2845 3321 2917 polucres
3341 2842 3455 2898 etrli

1856 2947 2040 3021 nidos,
2067 2946 2154 3000 ubi
2182 2947 2502 3021 requiescant
2516 2962 2534 3015 ;
2562 2944 2709 3019 [ilius
2728 2951 2903 3005 autem
2931 2939 3155 2995 hominis
3179 2953 3281 2992 non
3303 2935 3454 3007 habet

1856 3040 1945 3101 ubi
1973 3020 2129 3119 caput
2152 3056 2307 3095 suum
2339 3040 2567 3093 reclinet.
2601 3036 2684 3091 Ex
2710 3035 2924 3093 Domini
2948 3033 3130 3104 verbis
3152 3028 3457 3100 ostenditur

1859 3133 2001 3193 hunc
2031 3133 2123 3217 qui
2165 3130 2485 3202 obsequium
2532 3128 2795 3215 promittit
2844 3127 2911 3182 ob
2960 3126 3061 3197 hoc
3114 3121 3455 3217 repudiaium

1861 3225 2001 3299 quo-i
2020 3210 2347 3299 ,‘signorum
2378 3210 2568 3277 videns
2599 3218 3061 3295 magnitudinem,
3092 3213 3243 3289 sequi
3269 3210 3451 3265 volue-

151 3333 221 3372 ³ο
247 3318 568 3373 moribunda
600 3324 813 3384 teneat;
865 3316 960 3371 sed
1006 3314 1181 3385 magis
1225 3313 1281 3367 ίη
1328 3312 1460 3382 ἱρεῖδ
1489 3309 1752 3365 "Vmbris
1781 3289 1827 3352 ϐ
1860 3289 1932 3372 rit
1973 3289 2309 3377 salvatorem
2330 3356 2344 3381 ,
2375 3324 2431 3367 ut
2460 3312 2608 3368 lucra
2644 3289 2715 3366 ei;
2739 3324 2964 3389 operum
2999 3303 3280 3361 miraculis
3310 3313 3457 3367 qum-

150 3425 278 3464 eum
323 3410 517 3481 quibus
540 3410 691 3481 prius
718 3408 986 3465 servierat
1021 3405 1381 3461 immunditiae
1404 3404 1470 3458 ad
1493 3403 1751 3474 iniquita-

153 3507 265 3553 tem
294 3506 357 3553 nt
386 3497 740 3554 fructiﬁcaret
788 3497 974 3562 morti,
1014 3495 1217 3552 serviat
1237 3493 1461 3565 justitia:
1493 3494 1548 3548 in
1585 3493 1754 3547 vitam

151 3597 438 3643 :eternam.

240 3679 461 3751 Vespere
481 3687 658 3733 autem
680 3678 842 3749 facto,
875 3678 1173 3734 obtulerunt
1202 3679 1252 3733 ei
1277 3677 1756 3750 multosjdtrmonia

151 3772 438 3836 habentes,
474 3780 520 3825 et
560 3770 800 3843 ejiciebat
842 3771 1059 3841 spiritus
1102 3769 1284 3836 verba,
1321 3780 1368 3823 et
1406 3785 1583 3823 omnes
1618 3766 1757 3822 male

151 3861 403 3916 habentes
432 3862 653 3916 curavit.
704 3860 977 3934 (Hierom)
1007 3861 1209 3917 Omnes
1263 3877 1371 3917 non
1418 3876 1595 3923 mane,
1646 3875 1754 3915 non

154 3954 406 4018 meridie,
436 3954 532 4008 sed
562 3954 628 4007 ad
664 3968 949 4024 vesperam
985 3960 1270 4020 curantur,
1299 3953 1515 4024 quando
1540 3952 1620 4007 sol
1657 3967 1754 4008 oc-

156 4046 442 4102 eubiturus
472 4053 578 4111 est,
604 4046 821 4116 quando
850 4061 1079 4115 granum
1111 4046 1279 4101 tritici
1319 4047 1374 4100 in
1411 4054 1557 4101 terra
1589 4045 1758 4100 mori-

159 4146 273 4203 tur,
312 4146 376 4191 ut
410 4137 611 4193 multos
638 4137 848 4194 fructus
877 4137 1088 4193 aderat.
1145 4137 1289 4194 Solis
1318 4139 1601 4209 occnbitns
1629 4152 1757 4212 pas-

157 4231 370 4286 sionem
400 4239 458 4285 et
486 4238 715 4286 mortem
740 4230 885 4285 illius
921 4230 1210 4303 signiﬁcat,
1241 4231 1334 4302 qui
1359 4230 1493 4285 dixit
1519 4250 1531 4284 :
1566 4229 1754 4298 Quan-

159 4322 257 4378 diu
304 4321 357 4377 in
386 4323 588 4379 mundo
635 4338 788 4387 sum,
824 4322 919 4377 lux
961 4338 1080 4378 sum
1115 4324 1320 4379 mundi.
1362 4324 1429 4377 Et
1458 4306 1756 4379 sole-occi-

155 4416 345 4478 dente,
369 4415 554 4487 plures
579 4416 896 4470 daamoniaei
918 4432 1082 4485 quam
1109 4424 1252 4481 ante,
1281 4416 1464 4487 plures
1494 4424 1760 4471 sanantur

158 4508 355 4579 aegroti
380 4526 393 4562 :
416 4509 543 4579 quia
570 4510 665 4580 qui
698 4508 1077 4580 temporalitcr
1104 4509 1161 4563 in
1191 4523 1356 4563 carne
1383 4510 1593 4575 vivens,
1624 4525 1759 4579 pau-

157 4615 262 4657 cos
288 4600 598 4656 Iudaeorum
644 4602 859 4667 docuit,
902 4601 1110 4657 calcato
1137 4617 1303 4673 regno
1342 4603 1552 4670 mortis,
1584 4602 1759 4657 omni-

157 4696 269 4752 bus
298 4710 396 4765 per
417 4696 607 4751 orbem
635 4697 886 4767 gentibus
911 4694 1035 4750 ﬁdei
1075 4695 1371 4765 salutisque
1394 4694 1533 4750 dona
1585 4704 1762 4751 trans-

161 4788 336 4843 misit.
366 4787 535 4858 Cuius
562 4788 829 4843 ministris
868 4786 1025 4857 quasi
1052 4787 1179 4842 vita:
1226 4786 1472 4857 lucisque
1498 4786 1764 4857 praeconi-

162 4883 272 4938 bus
298 4881 584 4938 Psalmista
615 4883 764 4938 canit
790 4899 801 4933 :
834 4880 947 4936 Iter
969 4881 1129 4952 facite
1154 4881 1203 4935 ei
1229 4881 1319 4953 qui
1346 4879 1581 4934 ascendit
1606 4895 1765 4950 super

165 4992 413 5031 occasum
440 4976 612 5049 (Psal.
640 4977 832 5049 vau).
875 4977 1048 5048 Super
1075 4991 1329 5031 occasum
1357 4976 1554 5046 quippe
1574 4974 1761 5029 Domi-

165 5085 275 5125 nus
306 5072 567 5139 ascendit,
618 5073 710 5142 qui
762 5072 907 5127 unde
946 5071 999 5125 in
1029 5070 1279 5142 passione
1331 5067 1605 5139 occubuit,
1634 5067 1764 5123 inde

164 5159 433 5229 majorem
468 5177 619 5217 suam
651 5163 878 5234 gloriam
910 5163 1244 5233 resurgendo
1271 5159 1655 5215 manifestavit.

244 5250 314 5305 Ut
349 5253 725 5325 adimpleretur
758 5256 899 5331 quod
930 5256 1126 5310 dictum
1158 5266 1234 5310 est
1264 5272 1359 5327 per
1389 5254 1590 5309 Isaiam
1637 5271 1732 5329 pro

164 5343 383 5429 phetam
403 5343 557 5417 (Cap,
606 5348 726 5417 Lm)
750 5346 1002 5401 dicentem
1026 5364 1044 5402 :
1068 5347 1189 5418 Ipse
1207 5346 1540 5417 inﬁrmitates
1560 5355 1766 5400 nostras

171 5436 405 5506 accepit,
445 5446 493 5490 et
537 5437 899 5508 agrotationes
931 5439 1173 5509 portavit.
1206 5435 1504 5511 (iisunum)
1543 5437 1768 5507 Accepit

172 5546 308 5603 ergo
344 5530 600 5588 Salvator
646 5540 830 5587 noster
862 5541 1079 5587 nostras
1122 5533 1506 5598 inﬁrmitates,
1561 5548 1669 5587 non
1708 5539 1770 5587 ut

173 5626 281 5681 sibi
324 5627 588 5695 haberet,
636 5627 731 5683 sed
761 5634 822 5682 ut
866 5627 1023 5682 nobis
1067 5627 1322 5683 auferret.
1357 5628 1493 5697 Quia
1526 5629 1639 5700 ipse
1685 5637 1769 5684 est

174 5734 348 5789 agnus
393 5721 483 5792 qui
526 5719 662 5775 tollit
701 5729 914 5792 peccata
956 5721 1139 5775 mundi
1184 5720 1366 5792 (Joan.
1406 5721 1467 5796 1).
1507 5721 1767 5777 Dominus

168 5825 338 5883 ergo,
387 5814 680 5869 secundum
724 5814 973 5870 eumdem
1003 5816 1353 5889 prophetam,
1383 5817 1564 5889 posuit
1603 5817 1657 5872 in
1702 5830 1766 5871 eo

170 5903 522 5993 iniquitatem
546 5909 790 5979 omnium
820 5919 1100 5981 nostrum,
1130 5917 1190 5966 ut
1215 5909 1359 5991 quod
1390 5924 1492 5993 pro
1524 5909 1770 5971 imbecil-

1856 3416 2033 3476 reret;
2078 3409 2181 3471 hoc
2230 3407 2374 3469 idem
2420 3404 2738 3460 desiderans
2776 3401 2919 3481 quod
2956 3398 3144 3469 Simon
3193 3394 3379 3473 Magos
3428 3406 3460 3447 a

1857 3500 2017 3565 Petro
2051 3513 2233 3569 emere
2248 3499 2493 3557 voluerat
2524 3493 2664 3567 (Act.
2695 3493 2835 3566 Vili).
2850 3490 2998 3546 Talis
3013 3503 3143 3561 ergo
3159 3487 3293 3542 ﬁdes
3307 3485 3455 3557 iuste

1857 3590 2128 3647 sententia
2176 3589 2386 3644 Domini
2439 3587 2834 3642 condemnatur
2860 3592 2915 3639 et
2963 3581 3162 3637 dicitur
3187 3579 3237 3634 ei
3266 3596 3279 3633 :
3314 3574 3453 3646 Quid

1857 3697 1944 3737 me
1972 3690 2197 3768 propter
2222 3679 2435 3736 divitias
2453 3687 2506 3734 el
2530 3677 2709 3733 saeculi
2736 3678 2884 3743 iucra
2912 3674 3066 3757 cupis
3104 3671 3291 3743 sequi,
3332 3684 3456 3725 cum

1858 3762 2025 3828 tanta:
2075 3772 2175 3826 sim
2227 3770 2594 3843 paupertatis,
2647 3778 2704 3823 ut
2749 3786 2816 3823 ne
2843 3766 3189 3839 hospitiolum
3237 3762 3456 3834 quidem

1860 3865 2091 3937 habeam
2114 3905 2129 3930 ,
2157 3871 2212 3919 et
2242 3878 2347 3918 non
2378 3878 2499 3919 meo
2524 3871 2649 3918 utar
2668 3860 2853 3918 tecto?
2875 3843 3059 3933 (Αὶιςι.)
3080 3858 3267 3925 Aliter,
3302 3852 3456 3909 intel-

1857 3955 2047 4027 ligitur
2081 3954 2361 4010 miraculis
2390 3954 2604 4009 Domini
2638 3961 2943 4009 connnotus
2975 3940 3199 4027 propter
3234 3947 3455 4002 inanem

1853 4046 2175 4119 jactantiam
2197 4063 2322 4104 eum
2339 4048 2491 4118 sequi
2515 4047 2768 4112 voluisse,
2787 4060 2948 4127 quam
2969 4026 3275 4114 signiﬁcant
3295 4053 3454 4103 aves;

1861 4147 2084 4202 ﬁnxisse
2102 4161 2168 4201 an
2178 4154 2283 4201 tem
2299 4144 2543 4225 discipuli
2558 4142 2900 4225 obsequium,
2916 4153 3035 4223 quae
3057 4137 3202 4191 ﬁctio
3214 4131 3452 4203 vulpium

1861 4239 2082 4294 nomine
2113 4224 2565 4309 signiﬁcata'est;
2601 4224 2955 4301 reclinatione
2979 4245 3109 4287 vero
3138 4227 3331 4299 capitis
3356 4226 3457 4279 lm-

1862 4332 2151 4388 militatem
2197 4348 2352 4403 suam
2380 4330 2733 4403 signiﬁcavit,
2765 4343 2886 4400 quae
2924 4327 2978 4380 in
3016 4324 3106 4378 illo
3142 4319 3457 4377 simulatore

1864 4440 1929 4480 ac
1958 4425 2193 4497 superbo
2219 4439 2327 4495 non
2356 4422 2591 4477 habebat
2618 4404 2812 4487 locum.
2846 4413 3139 4501 (M.\URUS.)
3175 4413 3303 4467 Item
3334 4425 3458 4480 pos—

1864 4502 2053 4572 sumus
2087 4530 2200 4585 non
2236 4516 2561 4583 incongrue,
2595 4510 2747 4580 juxta
2789 4500 3101 4579 allegoriam
3142 4518 3240 4575 per
3269 4500 3458 4568 vulpes

1865 4607 2156 4662 haereticos
2184 4613 2239 4673 et
2264 4590 2515 4659 volucres
2543 4601 2666 4657 (κειί
2701 4586 2964 4669 malignos
3000 4595 3226 4681 spiritus
3256 4590 3463 4663 signiﬁ-

1865 4708 2020 4756 catos
2040 4699 2321 4770 accipere,
2350 4696 2442 4769 qui
2475 4697 2526 4763 in
2554 4695 2718 4751 corde
2745 4692 2954 4747 Judaici
2991 4688 3173 4760 populi
3200 4685 3384 4742 foveas
3408 4692 3463 4738 et

1864 4793 2054 4860 nidos,
2086 4792 2140 4845 id
2173 4799 2257 4845 est
2284 4788 2581 4855 domicilia,
2618 4787 2886 4857 habeant;
2917 4770 3109 4854 vulpes
3152 4780 3296 4836 enim
3328 4776 3460 4851 nihil

1867 4901 1991 4941 cum
2024 4885 2257 4963 virtute,
2288 4882 2382 4939 sed
2418 4882 2600 4936 omnia
2632 4895 2755 4935 cum
2785 4877 2982 4934 astutia
3013 4862 3153 4947 agit;
3188 4872 3268 4929 sic
3289 4871 3463 4926 hatre-

1868 4977 1961 5034 tici
2008 4992 2114 5033 non
2154 4976 2208 5030 in
2241 4974 2533 5029 virtutibus
2583 4972 2822 5037 Christi,
2854 4970 2948 5026 sed
2994 4969 3050 5024 in
3074 4965 3313 5023 versutia
3362 4978 3458 5017 sua

1868 5066 2204 5125 conﬁdentes
2223 5108 2238 5132 ,
2269 5065 2404 5121 dolis
2428 5064 2680 5119 instructi
2709 5070 2764 5117 et
2793 5059 3075 5116 dialectica
3103 5064 3219 5112 arte
3249 5052 3461 5117 callidi,

1869 5176 2223 5233 quoscunque
2270 5167 2500 5229 possunt
2543 5155 2804 5211 seducere
2868 5158 3121 5221 satagunt
3173 5167 3186 5203 :
3240 5155 3296 5202 et
3342 5146 3464 5200 ideo

1868 5254 2013 5327 ﬁlius
2038 5252 2264 5307 hominis
2290 5269 2393 5306 non
2417 5250 2569 5305 habet
2594 5249 2683 5303 ubi
2704 5257 2859 5320 caput
2882 5262 3036 5301 suum
3061 5242 3306 5307 reclinet;
3336 5239 3462 5327 quia

1868 5322 1927 5403 in
1953 5346 2141 5401 talium
2167 5344 2444 5399 mentibus
2470 5341 2718 5397 Christus
2744 5337 3015 5395 divinitati
3046 5352 3157 5392 sua:
3183 5322 3466 5390 habitacu-

1868 5443 1981 5499 lum
2004 5458 2109 5497 non
2137 5441 2360 5495 invenit.
2382 5438 2553 5509 Caput
2577 5452 2693 5489 rero
2713 5431 2937 5499 Christi,
2962 5432 3104 5487 Deus
3127 5429 3179 5504 (I
3207 5430 3327 5484 Cor.
3363 5429 3462 5497 χι).

1940 5534 2093 5589 Alius
2119 5543 2294 5587 autem
2320 5531 2384 5605 de
2414 5516 2686 5599 discipulis
2715 5527 2830 5597 ejus
2861 5526 2935 5579 ait
2963 5523 3323 5591 illi,Domine,
3351 5536 3469 5591 per-

1869 5630 2015 5684 mitte
2067 5645 2147 5682 me
2168 5626 2396 5699 primum
2445 5624 2521 5678 ire
2547 5632 2594 5677 et
2622 5619 2841 5692 sepelire
2894 5627 3092 5692 patrem
3124 5633 3313 5671 meum.
3350 5611 3464 5665 Non

1870 5722 2253 5793 discipulatum
2303 5718 2540 5789 respuit,
2592 5714 2684 5772 sed
2731 5713 2943 5786 expleta
2974 5714 3209 5786 primum
3250 5702 3461 5779 paterni

1868 5817 2077 5872 funeris
2132 5816 2335 5888 pietate
2395 5811 2623 5867 liberior
2676 5811 2822 5866 hunc
2890 5808 3107 5879 assequi
3164 5801 3459 5859 desiderat.

1848 5910 2077 5990 Dignus
2104 5897 2202 5989 per
2226 5905 2410 5967 omnia
2436 5907 2494 5965 in
2519 5920 2628 5989 quo
2654 5902 2800 5965 ﬁlius
2824 5888 3063 5963 hominis
3099 5902 3264 5980 caput
3303 5891 3467 5956 νεῶς
