3914 6484
437 419 548 477 863

1089 412 1150 468 Β.
1192 410 1446 468 ΒΑΒΑΝΙ
1485 407 1707 468 MAURI
1742 400 2061 464 ARCHIEP.
2091 397 2414 459 ‘MOGUNT.
2454 396 2744 456 OPERUM
2778 395 2961 453 PARS
2993 395 3034 451 l.

437 545 562 604 net,
593 536 698 591 hoc
720 541 826 599 est,
854 532 910 586 in
937 528 1090 599 cujus
1124 528 1316 584 humili
1343 534 1563 599 pectore
1585 524 1844 580 divinitas
1867 521 2024 576 fami—
2050 517 2106 580 Α
2128 530 2248 572 esse
2289 516 2497 572 cunctis
2539 515 2872 572 ostenderet.
2907 515 3184 586 ingressus
3237 526 3372 584 ergo
3413 511 3764 568 navicula

438 626 563 686 liari
593 626 824 698 quadam
853 623 1134 688 mansione
1162 621 1429 692 quiescat.

509 721 666 778 Iesus
685 728 861 774 autem
881 719 956 772 ait
982 715 1096 772 illi:
1120 714 1345 788 Sequere
1365 731 1446 770 me
1465 754 1480 781 ,
1503 722 1552 769 et
1574 713 1778 768 dimitte
1795 718 2031 767 mortuos

438 813 654 886 sepelire
669 818 901 867 mortuos
923 826 1067 864 suos.
1093 806 1293 879 (Hier.)
1319 805 1567 862 Mortuus
1589 806 1898 877 quicunque
1918 819 2030 861 non

439 906 638 972 credit;
669 906 716 961 si
743 913 926 960 autem
955 910 1231 959 mortuum
1276 901 1467 972 sepelit
1492 907 1763 966 mortuus,
1800 914 1912 955 non
1940 898 2031 954 de-

438 1003 630 1058 bemus
656 1013 844 1054 curam
869 997 1070 1053 habere
1093 1003 1452 1059 mortuorum,
1484 994 1580 1051 sed
1605 993 1934 1059 viventium,
1962 1006 2033 1047 ne

437 1091 565 1147 dum
596 1088 815 1144 solliciti
843 1103 1030 1144 sumus
1057 1088 1123 1143 de
1146 1086 1407 1152 mortuis,
1441 1100 1542 1140 nos
1570 1099 1786 1155 quoque
1829 1083 2032 1139 mortui

436 1180 790 1252 appellemnr.
843 1179 997 1247 Quod
1025 1193 1154 1250 ergo
1185 1178 1240 1232 in
1281 1177 1427 1232 Luca
1458 1176 1694 1242 additur,
1739 1174 1817 1228 Tu
1856 1182 2033 1229 autem

434 1272 567 1328 uade
607 1281 655 1327 et
694 1271 954 1326 annuntia
994 1285 1211 1341 regnum
1253 1266 1375 1333 Dei,
1403 1282 1512 1323 non
1562 1266 1681 1321 sine
1735 1280 1900 1320 causa
1929 1265 2034 1320 hoc

437 1364 493 1420 in
523 1364 642 1420 loco
683 1363 923 1434 positum
977 1369 1078 1416 est.
1116 1359 1424 1416 Notandum
1450 1374 1580 1430 ergo
1609 1359 1663 1413 in
1694 1358 1796 1413 hac
1825 1365 2036 1413 senten-

436 1455 514 1510 tia
540 1455 667 1524 quia
695 1452 988 1524 aliquando
1016 1452 1073 1506 in
1096 1452 1403 1507 actionibus
1421 1450 1626 1505 nostris
1659 1450 1869 1504 minora
1891 1449 2034 1504 bona

437 1547 900 1619 praetermittenda
949 1554 1077 1600 sunt
1120 1560 1220 1614 pro
1264 1544 1502 1599 utilitate
1551 1543 1840 1614 majorum.
1894 1540 2032 1597 Nam

438 1643 560 1712 quis
620 1641 830 1710 ignoret
878 1653 1003 1693 esse
1051 1637 1179 1692 boni
1231 1636 1412 1707 operis
1465 1636 1720 1690 meritum
1757 1641 2032 1690 mortuum

437 1733 696 1803 sepelire,
727 1739 782 1786 et
813 1738 996 1786 tamen
1030 1729 1080 1786 ei
1109 1730 1202 1800 qui
1231 1729 1299 1783 ad
1325 1728 1690 1799 sepeliendum
1718 1737 1931 1799 patrem
1974 1743 2035 1784 se

437 1823 634 1880 dimitti
676 1829 1016 1893 poposcerat,
1049 1822 1253 1876 dictum
1275 1828 1393 1887 est,
1428 1819 1555 1876 Sine
1581 1830 1636 1873 ut
1669 1821 1863 1875 mortui
1883 1837 2032 1890 sepe-

2128 611 2263 667 fecit
2313 609 2525 665 turbari
2565 625 2760 677 mare,
2811 608 3102 664 commovit
3150 615 3342 662 ventos
3370 647 3389 673 ,
3436 606 3766 662 concitavit

2128 704 2343 762 ﬂuctus.
2377 703 2488 761 Cur
2515 704 2652 760 hoc?
2680 703 2805 759 Ideo
2849 712 2910 757 ut
2947 701 3240 772 discipulos
3284 701 3547 756 mitteret
3583 701 3656 754 in
3689 701 3760 754 ti-

2131 813 2336 854 morem
2355 804 2412 853 et
2433 812 2592 852 suum
2607 794 2864 851 auxilium
2879 793 3237 865 postularent,
3254 806 3539 863 suamque
3556 800 3764 862 poten-

2132 892 2263 946 tiam
2294 890 2614 962 rogantibus
2645 887 3027 944 manifestaret
3076 884 3172 939 Illa
3195 891 3505 954 tempestas
3537 899 3662 938 non
3693 899 3761 939 ex

2130 1001 2189 1041 se
2217 984 2411 1041 oborta
2436 992 2552 1049 est,
2597 983 2690 1038 sed
2731 980 2992 1052 potestati
3017 979 3196 1050 paruit
3225 978 3568 1048 imperantis
3602 978 3756 1047 ejus,

2129 1079 2219 1149 qui
2267 1076 2439 1131 educit
2479 1083 2655 1130 ventos
2694 1073 2758 1128 de
2804 1073 3066 1128 thesauris
3111 1072 3220 1126 suis
3265 1070 3450 1143 (Psal.
3492 1079 3754 1139 cxxxrv),

2129 1171 2219 1242 qui
2257 1169 2537 1224 terminum
2580 1167 2717 1221 mari
2771 1182 2988 1221 arenam
3032 1163 3346 1228 constituit;
3418 1163 3565 1216 dixit
3621 1164 3754 1216 enim

2131 1263 2178 1315 ei
2212 1276 2230 1314 :
2283 1259 2458 1332 Usque
2504 1261 2605 1315 huc
2632 1259 2821 1324 venies,
2853 1266 2900 1312 et
2942 1273 3048 1311 non
3085 1256 3537 1328 supergredieris,
3569 1256 3668 1308 sed
3705 1257 3755 1308 in

2133 1355 2398 1425 temetipso
2462 1353 2862 1424 confringentur
2909 1353 3100 1422 fluctus
3157 1348 3234 1403 tui
3303 1348 3452 1420 (Job
3495 1348 3750 1419 xxxviii}.

2133 1449 2305 1519 Hujus
2331 1463 2460 1521 ergo
2480 1446 2724 1517 iussione
2753 1455 2810 1502 et
2836 1454 3107 1518 praecepto
3137 1453 3261 1500 orta
3310 1451 3405 1499 est
3454 1451 3752 1512 tempestas

2135 1547 2189 1602 in
2244 1545 2384 1601 mari
2431 1552 2654 1616 propter
2698 1544 3012 1600 occasiones
3045 1542 3296 1614 superius
3341 1549 3744 1597 monstratas:

2134 1641 2280 1698 facta
2303 1650 2384 1697 est
2406 1648 2702 1710 tempestas
2721 1656 2940 1712 magna,
2963 1648 3020 1695 et
3031 1655 3138 1695 non
3158 1638 3382 1709 pusilla,
3409 1646 3474 1692 ut
3498 1653 3750 1707 maguum

2134 1748 2291 1804 opus,
2343 1741 2397 1789 et
2425 1748 2534 1788 non
2565 1733 2820 1804 pusillum
2847 1733 3259 1798 ostenderetur;
3308 1740 3640 1800 quantoque
3669 1746 3754 1784 ve-

2136 1824 2445 1879 hementius
2472 1822 2667 1880 ﬂuctus
2710 1824 2971 1880 navicula:
3016 1823 3326 1888 irruebant,
3372 1831 3538 1876 tanto
3582 1822 3750 1892 magis

435 1916 570 1971 liant
591 1925 827 1971 mortuos
847 1933 969 1970 suos
994 1933 1012 1970 :
1037 1925 1096 1969 tu
1113 1915 1520 1981 autemvade,et
1540 1916 1798 1969 annuntio
1816 1931 2031 1985 regnum
2061 1887 2107 1946 Β
2139 1915 2302 1970 timor
2355 1915 2741 1987 discipulorum
2792 1915 3253 1979 conturbabatur,
3328 1922 3398 1968 ut
3456 1928 3524 1968 eo
3588 1914 3750 1984 magis

437 2007 557 2062 Dei.
617 2007 1056 2078 Postponendum
1094 2023 1330 2078 namque
1359 2016 1483 2063 erat
1513 2009 1834 2078 obsequium
1875 2006 2036 2077 hujus

439 2099 731 2169 ministerii
756 2097 934 2154 ofﬁcio
955 2099 1381 2168 praedicationis,
1408 2099 1534 2170 quia
1558 2100 1666 2164 illo,
1696 2115 1861 2156 carne
1888 2115 2036 2156 mor-

437 2199 558 2246 tuos
589 2191 644 2245 in
672 2198 873 2246 terram
898 2191 1178 2258 conderet,
1211 2193 1315 2248 isto
1358 2200 1540 2247 autem
1569 2191 1751 2246 anima
1793 2199 2036 2248 mortuos

437 2283 506 2338 ad
553 2283 720 2338 vitam
801 2284 1172 2340 resuscitaret.
1245 2284 1538 2358 (MAURUS.)
1605 2284 1886 2352 Quomodo
1935 2299 2036 2340 au-

437 2381 547 2429 tem
593 2375 798 2429 mortui
851 2384 1098 2430 mortuos
1152 2375 1382 2445 sepelire
1426 2383 1666 2446 queunt,
1713 2375 1817 2430 nisi
1868 2376 2036 2448 gemi-

438 2483 564 2522 nam
587 2467 856 2538 intelligas
877 2478 1128 2532 mortem,
1151 2484 1316 2522 unam
1335 2477 1563 2536 naturm,
1586 2468 1812 2524 alteram
1831 2468 2038 2538 culpae?

437 2571 627 2621 unam,
659 2572 768 2627 qua
793 2557 974 2611 anima
1003 2573 1034 2613 a
1064 2572 1254 2623 carne,
1283 2558 1541 2624 alteram,
1573 2575 1680 2630 qua
1710 2559 1854 2616 Deus
1879 2574 2038 2630 sepa-

442 2655 597 2701 ratur
627 2649 696 2703 ab
727 2648 942 2702 anima?
970 2647 1098 2704 Sive
1125 2657 1389 2716 mortuos,
1431 2667 1540 2706 non
1585 2652 1872 2709 credentes
1891 2693 1905 2720 ,
1951 2651 2040 2708 vel

441 2748 565 2809 post
600 2739 762 2795 ﬁdem
790 2740 1092 2796 servientes
1121 2743 1379 2811 peccatis,
1412 2743 1567 2809 dicit,
1620 2755 1866 2800 mortuos
1911 2760 2040 2802 suos

440 2839 653 2895 autem,
713 2831 803 2900 qui
857 2831 1207 2887 nihilominus
1231 2833 1348 2888 sine
1383 2832 1489 2888 ﬁde
1516 2843 1572 2890 et
1598 2836 1757 2891 bonis
1782 2837 2040 2904 operibus

441 2922 508 2978 de
532 2937 761 2994 corpore
785 2923 1039 2978 exierunt
1063 2942 1076 2978 :
1108 2932 1322 2994 oportet
1350 2926 1494 2980 enim
1521 2935 1581 2981 ut
1602 2929 1695 2998 qui
1721 2929 1834 2984 suis
1854 2935 2042 2984 carent

436 3019 679 3089 peccatis
735 3033 845 3073 non
877 3019 1222 3074 consentiant
1253 3019 1444 3076 alienis
1480 3039 1493 3075 :
1533 3022 1659 3091 quia
1710 3038 1819 3077 non
1865 3023 2040 3078 solum

439 3109 534 3179 qui
557 3117 781 3179 peccata
818 3108 1048 3176 faciunt,
1096 3109 1191 3166 sed
1215 3119 1270 3166 et
1291 3112 1385 3180 qui
1409 3113 1763 3167 consentiunt
1791 3113 2041 3170 facienti-

439 3203 570 3268 bus,
625 3213 838 3258 reatum
891 3220 1075 3261 coram
1126 3205 1272 3274 justo
1305 3204 1490 3274 judice
1523 3207 1724 3262 habent
1769 3204 1943 3275 (Rom.
1973 3206 2037 3278 ι).

442 3298 683 3354 Mortuos
708 3299 853 3354 enim
896 3299 1160 3370 sepelire,
1203 3307 1522 3369 peccatores
1551 3301 1606 3355 in
1656 3299 1770 3354 suis
1800 3301 2041 3371 peccatis

441 3389 627 3448 fovere
650 3401 752 3458 est,
782 3394 928 3464 quod
952 3393 1028 3447 illi
1052 3392 1260 3448 faciunt
1282 3395 1371 3465 qui
1384 3395 1689 3465 justifieant
1706 3395 1924 3464 impium
1946 3411 2041 3466 pro

440 3482 764 3551 muneribus,
810 3494 859 3539 et
887 3484 1110 3539 laudant
1136 3496 1433 3557 peccatores
1459 3487 1515 3540 in
1543 3487 1818 3541 desideriis
1847 3487 2040 3542 anima:

439 3591 574 3639 sum,
607 3584 654 3628 et
686 3577 872 3646 iniqua
895 3587 1126 3646 gerentes
1158 3578 1464 3633 benedicunt
1490 3577 1629 3651 (Isa.
1660 3595 1724 3646 v;
1755 3577 1906 3635 Psal.
1937 3578 2039 3652 rx).

518 3667 586 3721 Et
627 3669 936 3724 ascendente
965 3687 1024 3724 eo
1060 3672 1118 3725 in
1164 3669 1494 3736 naviculam‘,
1545 3673 1710 3727 secuti
1754 3681 1876 3727 sunt
1921 3689 2041 3726 eum

441 3759 689 3830 discipuli
724 3761 858 3831 ejus.
890 3759 1086 3833 (0rig.)
1147 3762 1265 3817 Non
1306 3762 1609 3819 imbecilles
1631 3806 1645 3831 ,
1692 3764 1786 3819 sed
1819 3763 1962 3818 ﬁrmi
1987 3770 2043 3820 et

441 3855 666 3910 stabiles
689 3856 742 3909 in
761 3855 884 3922 lide,
909 3857 1204 3922 mansueti,
1221 3857 1387 3927 etpii,
1412 3866 1732 3928 spernentes
1755 3857 2038 3923 mundum,

442 3962 552 4002 non
587 3947 786 4017 duplici
832 3949 1020 4015 corde,
1061 3948 1155 4005 sed
1187 3950 1441 4021 simplici.
1474 3950 1690 4022 (Beda.)
1724 3951 1780 4004 In
1813 3951 1918 4005 hac
1946 3965 2042 4003 na-

443 4039 718 4110 vigatione
742 4041 1005 4097 Dominus
1025 4051 1334 4113 utramque,
1368 4045 1528 4099 unius
1549 4044 1902 4114 ejusdemque
1931 4060 2042 4100 suae

445 4146 691 4201 persona:
712 4171 726 4198 ,
777 4142 1029 4188 naturam
1069 4135 1328 4205 dignatur
1351 4136 1638 4190 ostendere
1656 4177 1670 4200 ,
1697 4137 1824 4192 dum
1855 4137 1902 4192 is
1926 4136 2040 4207 qui,

442 4232 508 4278 ut
561 4226 746 4290 homo,
782 4225 983 4280 dormit
1012 4227 1064 4281 in
1099 4229 1248 4295 navi,
1276 4229 1515 4285 furorem
1553 4232 1748 4298 maris,
1776 4241 1835 4287 ut
1877 4232 2040 4298 Deus,

450 4317 618 4372 verbo
652 4327 887 4373 coercet.
922 4318 1094 4375 Porro
1136 4319 1292 4390 juxta
1336 4322 1672 4393 allegoriam,
1720 4340 1900 4391 mare,
1930 4324 2044 4382 sive

449 4411 721 4480 stagnum,
751 4411 892 4480 quod
915 4427 1037 4467 cum
1061 4413 1174 4469 suis
1205 4414 1436 4469 transire
1464 4415 1758 4482 desiderat,
1791 4417 2046 4473 tenebro-

441 4516 540 4558 sus
559 4515 885 4572 amarusque
901 4503 1082 4559 saeculi
1100 4505 1365 4576 accipitur
1379 4515 1561 4562 aestus.
1585 4506 1847 4563 Navicula
1863 4516 2044 4564 autem

447 4610 610 4664 quam
645 4596 942 4651 ascendunt
971 4597 1118 4651 nulla
1155 4597 1351 4653 melius
1377 4614 1542 4669 quam
1576 4598 1872 4657 Dominicaa
1912 4617 2043 4672 pas-

441 4687 617 4742 sionis
668 4687 988 4760 intelligitur
1057 4691 1262 4758 arbor,
1328 4692 1480 4762 cujus
1528 4691 1792 4748 beneﬁcio
1845 4695 2046 4764 quique

450 4779 638 4834 ﬁdeles
666 4779 860 4850 adjuti,
889 4783 1130 4838 emensis
1156 4783 1342 4838 mundi
1371 4782 1624 4838 ﬂuctibus
1651 4784 2047 4842 habitationem

447 4876 638 4944 patriae
664 4876 927 4942 caelestis,
943 4878 1098 4948 quasi
1121 4878 1470 4935 stabilitatem
1495 4879 1671 4934 securi
1696 4878 1914 4943 littoris,
1946 4880 2046 4935 ob-

451 4968 644 5040 tinent.
671 4967 825 5036 Quod
847 4979 1029 5026 autem
1051 4973 1167 5043 ipse
1189 4972 1243 5028 in
1267 4989 1428 5028 unam
1454 4972 1759 5029 naviculam
1783 4987 1907 5028 cum
1936 4973 2046 5028 dis-

437 5061 645 5132 rcipulis
667 5062 919 5120 Salvator
939 5066 1239 5131 descendit,
1263 5067 1389 5123 alibi
1403 5068 1535 5138 quid
1554 5068 1822 5141 signiﬁcet
1848 5069 2039 5138 aperit,

453 5169 576 5209 cum
619 5158 985 5226 praenuntiata
1035 5174 1146 5214 suae
1196 5160 1466 5230 passionis
1516 5161 2045 5230 resurrectionisque

453 5251 732 5318 mysterio,
759 5267 885 5307 mox
911 5250 1126 5308 dicebat
1149 5251 1216 5307 ad
1237 5268 1428 5309 omnes
1460 5271 1473 5308 :
1506 5252 1564 5310 Si
1587 5256 1704 5326 quis
1733 5254 1844 5309 vult
1872 5254 2046 5310 venire

447 5345 704 5409 post'me,
739 5344 954 5415 abneget
983 5348 1347 5416 semetipsum,
1390 5357 1440 5400 et
1469 5346 1623 5401 tollat
1653 5362 1860 5402 crucem
1891 5363 2045 5402 suam

455 5431 685 5500 quotidie
704 5445 751 5486 et
777 5446 1027 5506 sequatur
1054 5454 1135 5492 me
1166 5437 1380 5511 (Matth.
1409 5438 1543 5510 xw).

441 5538 446 5542 '
528 5518 645 5595 [Ἦ]
677 5521 743 5576 Et
772 5542 886 5581 ecce
911 5537 1082 5582 motus
1109 5545 1329 5602 magnus
1357 5531 1528 5602 factus
1554 5541 1628 5586 est
1656 5533 1713 5587 in
1750 5533 1886 5586 mari
1910 5573 1924 5597 ,
1971 5533 2047 5588 ita

446 5621 522 5667 ut
577 5614 820 5670 nauicula
862 5620 1155 5691 operiretur
1179 5621 1443 5691 fluctibus.
1494 5619 1694 5696 (θήρ.)
1723 5623 1859 5679 Cum
1900 5623 2046 5679 enim

457 5707 625 5764 multa
653 5723 846 5783 magna
867 5722 923 5768 et
943 5714 1187 5771 miranda
1210 5718 1536 5773 ostendisset
1559 5718 1614 5772 in
1641 5727 1806 5783 terra,
1832 5719 2051 5775 transiit

442 5803 728 5873 ‘ad'mare,
781 5815 842 5864 ut
890 5808 1093 5866 ibidem
1123 5812 1300 5868 adhuc
1325 5812 1710 5870 escellentiora
1750 5827 1916 5883 opera
1956 5813 2048 5867 de-

459 5905 822 5972 monstraret,
870 5909 1138 5979 quatenus
1170 5912 1327 5961 terrze
1357 5906 1635 5977 marisque
1659 5903 1948 5966 Dominum
1991 5919 2050 5962 se

2072 4642 2127 4703 D

2135 2009 2512 2064 desiderarent
2536 2025 2605 2081 se,
2631 2011 2697 2065 ad
2735 2009 3076 2065 liberandum
3107 2007 3386 2063 mirabilia
3424 2005 3742 2061 Salv-amris.

2207 2100 2331 2172 Ipse
2360 2117 2479 2156 vero
2507 2101 2821 2156 dormiebat.
2859 2101 2904 2156 0
2934 2115 3024 2155 res
3059 2099 3331 2155 mirabilis
3360 2108 3426 2154 et
3458 2099 3743 2168 stupenda!

2137 2193 2184 2247 is
2214 2191 2307 2262 qui
2337 2207 2617 2262 nunquam
2663 2191 2969 2256 obdormit,
3007 2191 3210 2246 dormit
3237 2209 3249 2243 :
3287 2205 3429 2261 ergo
3458 2190 3746 2244 dormiebat

2138 2299 2396 2353 corpore,
2443 2283 2539 2338 sed
2565 2283 2824 2355 vigilabat
2853 2281 3075 2339 deitate.
3107 2281 3442 2338 Dormiebat
3485 2283 3662 2352 itaque
3691 2291 3746 2336 ut

2139 2374 2418 2446 apostolos
2446 2375 2738 2430 suscitaret
2779 2383 2835 2430 et
2882 2374 3144 2446 evigilare
3186 2375 3438 2442 laceret,
3492 2375 3741 2445 pra:de

2139 2474 2320 2540 autem
2365 2481 2554 2521 omnes
2603 2481 2733 2532 nos,
2781 2482 2851 2522 ne
2880 2481 3118 2537 unquam
3156 2467 3346 2521 animo
3376 2466 3741 2528 dormiamus,

2139 2575 2274 2615 neve
2308 2559 2586 2614 intellectu
2613 2567 2707 2613 aut
2732 2559 3018 2631 prudentia
3036 2601 3051 2624 ,
3109 2559 3206 2614 sed
3232 2558 3477 2630 vigilare
3534 2560 3593 2612 in
3618 2557 3740 2612 omi

2141 2659 2402 2720 tempore,
2435 2648 2742 2718 etjubilare
2769 2650 3031 2715 Domino,
3061 2659 3116 2704 et
3147 2648 3387 2704 salutem
3438 2649 3516 2704 ab
3560 2665 3626 2704 eo
3662 2664 3741 2718 po-

2141 2745 2342 2802 stulare
2386 2745 2720 2800 Studeamus.
2759 2743 2972 2816 (Beda.)
3003 2743 3227 2816 Mystice
3256 2754 3458 2799 autem
3485 2742 3739 2814 discipula

2145 2835 2532 2907 navigantibus
2559 2834 2811 2891 Christus
2857 2835 3204 2901 obdormivit,
3236 2835 3373 2906 quia
3420 2834 3742 2890 celantibus

2143 2930 2400 2986 saeculum
2455 2929 2702 2984 ﬁdelibus
2756 2927 3031 2999 futurique
3079 2929 3234 3000 regni
3269 2929 3536 2999 quietem
3587 2930 3740 2983 anim

2142 3021 2550 3086 meditantibus,
2597 3030 2672 3087 et,
2720 3019 2803 3076 vel
2837 3021 3076 3076 secundo
3106 3019 3283 3075 sancti
3309 3017 3566 3090 Spiritus
3604 3018 3740 3084 ﬂatu,

2143 3113 2227 3167 vel
2252 3113 2456 3183 proprii
2486 3112 2716 3183 remigio
2742 3122 2958 3176 conatu,
2991 3110 3184 3167 inﬁdos
3213 3112 3411 3167 mundi
3440 3111 3620 3167 fastus
3639 3126 3745 3168 eer-

2145 3205 2298 3260 tatim
2323 3214 2446 3275 post
2471 3214 2622 3276 terga
2639 3204 2994 3274 jactantibus,
3013 3213 3229 3275 tempus
3251 3204 3446 3260 subito
3471 3205 3745 3260 Dominica

2145 3299 2414 3369 passionis
2445 3298 2665 3354 advenit
2688 3315 2702 3353 :
2727 3300 2870 3355 unde
2891 3301 3029 3356 bene
3051 3298 3266 3354 Marcus
3291 3299 3403 3354 hoc
3427 3300 3737 3354 imminente

2144 3394 2320 3448 noctis
2343 3402 2586 3463 tempore
2612 3402 2823 3464 gestum
2854 3393 3020 3448 fuisse
3049 3394 3336 3463 perhibet,
3367 3402 3430 3448 ut
3465 3395 3589 3450 veri
3629 3394 3738 3451 sul'n

2142 3485 2452 3542 occubitum
2466 3502 2575 3542 non
2599 3486 2714 3541 sola
2740 3486 2955 3541 Domini
2977 3484 3255 3552 dormitio,
3286 3487 3388 3542 sed
3417 3496 3479 3542 et
3513 3488 3633 3559 ipsa
3657 3486 3738 3541 de-

2145 3579 2390 3635 cedentis
2420 3579 2558 3635 lucis
2587 3582 2720 3635 hora
2753 3578 3039 3650 signiﬁcet.

2215 3673 2287 3728 Et
2343 3683 2671 3730 accesserunt
2697 3715 2711 3740 ,
2767 3684 2817 3729 et
2845 3675 3230 3729 suscitaverunt
3275 3690 3435 3739 eum,
3489 3675 3736 3739 dicentes,

2143 3764 2402 3829 Domine,
2457 3764 2602 3820 salva
2648 3781 2741 3820 nos
2773 3806 2789 3831 ,
2840 3765 3088 3836 perimus.
3142 3763 3346 3836 (0rig.)
3391 3763 3582 3820 Tanto
3641 3766 3736 3820 lue-

2145 3865 2270 3910 rant
2319 3863 2466 3911 metu
2497 3856 2800 3924 conterriti,
2828 3867 2884 3912 et
2905 3872 3042 3927 pene
3071 3856 3255 3911 animo
3285 3856 3552 3922 alienati,
3585 3869 3639 3911 ut
3677 3859 3738 3910 ir-

2144 3954 2367 4002 ruerent
2408 3949 2462 4002 in
2521 3962 2644 4002 eum
2671 3988 2685 4011 ,
2737 3958 2792 4004 et
2821 3963 2930 4004 non
2962 3950 3206 4004 modeste
3257 3957 3353 4002 aut
3397 3948 3604 4003 leviter
3631 3964 3738 4018 sug-

2145 4045 2417 4109 gererent,
2447 4038 2541 4093 sed
2563 4038 2904 4095 turbulenter
2928 4041 3261 4096 suscitarent
3289 4056 3442 4107 eum,
3465 4041 3734 4097 dicentes:

2151 4129 2392 4195 Domine,
2433 4129 2579 4184 salva
2624 4147 2750 4198 nos,
2775 4133 3027 4203 perimus.
3057 4132 3102 4189 Ο
3125 4133 3292 4198 beati,
3335 4148 3374 4187 ο
3403 4149 3635 4191 veraces
3663 4133 3737 4188 Dei

2148 4221 2427 4292 discipuli,
2494 4223 2784 4278 Dominum
2854 4224 3193 4288 Salvatorem
3238 4226 3537 4282 vobiscum
3600 4227 3739 4283 habe-

2149 4314 2240 4380 tis,
2273 4317 2329 4369 et
2361 4315 2662 4386 periculum
2702 4317 2934 4385 timetis;
2971 4317 3084 4372 vita
3116 4317 3401 4373 vobiscum
3442 4328 3534 4374 est
3590 4331 3642 4374 et
3687 4320 3738 4373 de

2148 4416 2325 4463 morte
2381 4408 2597 4463 solliciti
2642 4409 2794 4464 estis.
2822 4408 3099 4467 Suscitant
3143 4409 3440 4466 Dominum
3482 4413 3736 4483 discipuli,

2150 4515 2219 4556 ne
2255 4516 2321 4556 eo
2349 4501 2652 4557 dormiente
2704 4500 2964 4558 ﬂuctuum
3010 4503 3227 4560 feritate
3275 4516 3516 4576 pereant
3574 4527 3589 4562 :
3635 4508 3736 4577 quis

2151 4593 2306 4664 cujus
2327 4601 2558 4649 mortem
2577 4595 2846 4661 viderant,
2864 4597 3117 4652 maximis
3132 4599 3273 4654 votis
3291 4603 3738 4657 resurrectionem

2152 4687 2469 4756 quaerebant
2483 4729 2497 4752 ,
2525 4702 2592 4741 ne
2616 4687 2661 4740 si
2689 4687 2895 4744 diutius
2915 4689 3032 4759 ipse
3050 4699 3225 4744 morte
3245 4693 3437 4748 carnis
3459 4695 3736 4764 sopiretur,

2152 4793 2342 4835 eorum
2389 4795 2542 4834 mens
2572 4779 2838 4849 spirituali
2873 4781 2928 4835 in
2964 4791 3284 4852 perpetuum
3315 4794 3499 4840 morte
3535 4787 3734 4857 periret.

2225 4871 2295 4926 Et
2322 4873 2395 4927 ait
2424 4872 2529 4927 illis
2554 4871 2713 4927 Jesus
2737 4889 2754 4928 :
2784 4873 2928 4940 Quid
2956 4876 3127 4930 timidi
3159 4878 3306 4942 estis,
3338 4879 3573 4934 modice
3599 4876 3738 4948 ﬁdei!

2155 4966 2216 5037 (Α
2227 4965 2339 5038 ug.)
2354 4965 2508 5033 Quod
2521 4966 2806 5023 Matthaius
2819 4968 2951 5024 dicit
2968 4969 3172 5025 dixisse
3186 4970 3483 5025 Dominum
3505 4989 3519 5024 :
3543 4969 3739 5036 0κὶάεὶ-

2153 5057 2284 5114 midi
2299 5061 2442 5125 estis,
2469 5060 2687 5114 modica:
2707 5061 2874 5132 ﬁdei?
2896 5061 3108 5118 Marcus
3127 5063 3202 5118 ita
3225 5062 3393 5118 dicit:
3423 5062 3566 5130 Quid
3589 5061 3739 5117 timidi

2150 5151 2293 5215 estis,
2317 5150 2536 5206 necdum
2557 5152 2755 5208 habetis
2783 5153 2982 5222 fidem?
3004 5153 3202 5225 (Marc.
3233 5153 3333 5228 Iv.)
3361 5155 3522 5210 Illam
3553 5156 3738 5212 scilicet

2151 5241 2471 5313 perfectam,
2495 5244 2640 5300 velut
2658 5260 2884 5316 granum
2905 5246 3128 5319 sinapis.
3153 5248 3267 5304 Hoc
3292 5263 3428 5320 ergo
3454 5259 3512 5304 et
3539 5249 3632 5304 ille
3659 5249 3736 5308 ait.

2150 5335 2371 5392 modicte
2422 5337 2566 5406 ﬁdei.
2627 5337 2803 5394 Lucas
2849 5348 3028 5395 autem
3066 5359 3079 5396 :
3121 5339 3222 5395 Ubi
3268 5353 3344 5396 est
3371 5343 3510 5412 ﬁdes
3542 5341 3738 5399 uestra!

2155 5429 2306 5504 (Luc.
2360 5430 2500 5503 vm.)
2560 5431 2628 5486 Et
2673 5439 2846 5488 totum
2893 5434 3112 5503 quidem
3159 5435 3265 5491 dici
3302 5437 3487 5506 potuit
3533 5455 3545 5490 :
3616 5433 3736 5502 Quid

2152 5524 2325 5578 timidi
2353 5525 2496 5590 estis,
2515 5524 2603 5579 ubi
2629 5534 2705 5580 est
2726 5524 2859 5594 ﬁdes
2885 5536 3074 5593 vestra,
3108 5528 3327 5582 modica:
3357 5529 3490 5598 ﬁdei
3505 5529 3531 5581 2
3552 5524 3736 5601 (Οής.)

2154 5618 2308 5675 Unde
2329 5627 2384 5673 et
2411 5619 2555 5674 aliud
2583 5619 2691 5686 hic,
2723 5619 2870 5675 aliud
2899 5620 2988 5675 ille
3014 5631 3428 5677 commemorat.
3457 5621 3519 5677 Si
3557 5633 3735 5693 poten-

2153 5725 2261 5772 tem
2294 5732 2381 5773 me
2401 5733 2568 5788 super
2594 5725 2797 5772 terram
2825 5719 3179 5789 cognovistis,
3204 5735 3375 5789 quare
3393 5735 3507 5775 non
3529 5717 3737 5776 creditis

2153 5813 2296 5884 quod
2323 5821 2378 5869 et
2421 5813 2476 5873 in
2523 5812 2660 5867 mari
2698 5820 2892 5883 potens
2923 5815 3079 5870 sum?
3120 5813 3182 5869 Si
3221 5814 3391 5869 Deum
3421 5829 3514 5870 me
3540 5826 3663 5869 esse
3689 5816 3741 5867 et

2127 5915 2458 5980 creatorem
2495 5904 2738 5962 omnium
2785 5905 3132 5978 suscepistis,
3155 5921 3332 5979 quare
3362 5921 3475 5962 non
3524 5901 3742 5962 creditis
