3914 6496
183 414 293 474 865

1161 412 1516 472 COMMENT.
1537 413 1622 506 ⁸ΙΝ
1657 414 2099 475 MATTILEUM.
2137 419 2375 478 -—‘LIB.
2413 423 2500 479 Ill.

3366 427 3478 488 866

182 528 331 602 quod
356 541 421 583 ea
451 541 573 598 quae
600 542 632 583 a
655 539 744 582 me
783 525 926 582 facta
955 534 1084 582 sunt
1124 527 1182 583 in
1219 545 1340 586 mea
1367 529 1596 585 habeam
1620 538 1777 601 pote-
1801 534 1860 596 Α
1883 538 2252 604 terpretantur
2322 535 2379 590 in
2445 534 2648 591 mundo
2717 533 3154 606 persecutionem
3226 533 3478 596 ﬁdelibus

181 622 360 680 state?
381 621 560 688 Quare
585 635 716 692 ergo
738 619 976 686 dubitas,
992 620 1186 690 pusille
1214 621 1375 678 ﬁdei?
1402 622 1504 690 Qui
1524 623 1777 693 pusillum
1878 625 2176 682 excitantes
2204 646 2216 680 :
2244 627 2320 681 ita
2343 636 2399 680 ut
2432 627 2674 683 navicula
2708 627 3001 699 operiretur
3027 628 3297 698 ﬂuctibus,
3350 631 3479 701 quia

180 718 381 783 credit,
418 715 696 788 arguitur;
735 723 792 770 et
831 714 925 784 qui
961 714 1096 770 nihil
1129 716 1334 784 credit,
1383 717 1776 785 contemnitur;

179 809 404 881 fragiles
449 809 505 863 in
546 807 651 862 ﬁde
680 806 1067 878 corripiuntur,
1099 815 1156 862 et
1181 807 1343 864 alieni
1367 811 1590 866 omnino
1619 825 1650 864 a
1674 809 1782 866 ﬁde

179 903 528 974 puniuntur:
567 900 705 957 tales
728 900 948 957 fuerunt
977 898 1148 956 Judaei
1174 909 1230 956 et
1268 902 1506 973 pagani,
1548 902 1781 973 ideoque

178 993 238 1049 in
265 993 422 1049 malis
445 993 558 1050 suis
582 1001 956 1057 evanuerunt;
986 991 1124 1049 tales
1144 992 1312 1048 etiam
1338 993 1602 1061 haeretici,
1639 993 1782 1049 ideo-

180 1101 290 1157 que
319 1087 377 1141 in
406 1086 494 1141 die
514 1084 705 1154 judicii
729 1085 1149 1141 damnabuntur.
1175 1084 1344 1141 Recte
1362 1094 1664 1157 arguuntur
1685 1085 1780 1158 qui

178 1186 448 1248 praesente
474 1175 692 1234 Christo
719 1178 1004 1245 timebant,
1032 1193 1156 1233 eum
1183 1178 1370 1248 utique
1393 1179 1487 1250 qui
1519 1180 1570 1235 ei
1600 1179 1781 1235 adlue-

180 1272 320 1326 serit
352 1271 547 1341 perire
593 1287 700 1327 non
742 1272 932 1342 possit.
989 1270 1088 1327 Cui
1130 1272 1308 1328 simile
1353 1282 1438 1328 est
1469 1274 1614 1344 quod
1655 1282 1782 1344 post

181 1366 378 1421 mortis
417 1381 666 1421 somnum
714 1366 990 1436 discipulis
1026 1381 1297 1438 apparens
1322 1367 1650 1438 exprobravit
1693 1367 1778 1421 in-

181 1456 543 1512 credulitatem
579 1457 792 1512 illorum
820 1468 869 1512 et
905 1457 1157 1512 duritiam
1206 1458 1378 1513 cordis
1396 1459 1560 1530 ,‘quia
1579 1459 1661 1512 his
1689 1458 1782 1529 qui

183 1549 426 1604 uiderant
469 1566 588 1604 eum
619 1551 969 1605 resurrexisse
994 1590 1009 1616 ,
1047 1566 1152 1604 non
1198 1551 1530 1605 crediderunt
1581 1550 1777 1624 (Marc.

181 1638 318 1709 xvr).
350 1638 592 1710 Itemque
623 1640 762 1695 dixit
790 1642 858 1696 ad
895 1655 990 1697 eos
1017 1655 1031 1694 :
1062 1639 1107 1694 0
1143 1640 1293 1696 stulti
1313 1681 1328 1707 ,
1366 1651 1414 1695 et
1458 1641 1598 1696 tardi
1626 1642 1782 1697 corde

183 1727 255 1780 ad
282 1728 598 1784 credendum
626 1731 682 1784 in
711 1731 950 1785 omnibus
981 1747 1098 1803 qua:
1136 1730 1296 1785 locuti
1335 1741 1456 1786 sunt
1494 1733 1780 1803 prapltetw.

186 1819 379 1876 Nonne
405 1823 516 1878 haec
561 1826 789 1895 oportuit
817 1826 929 1895 pati
955 1823 1222 1880 Christum
1241 1866 1256 1887 ,
1285 1834 1335 1879 et
1363 1826 1441 1879 ita
1484 1827 1686 1881 intrare
1725 1827 1782 1881 in

182 1915 410 1986 gloriam
436 1920 628 1974 suam?
660 1918 810 1992 (Luc.
851 1918 1026 1991 xxiv.)
1071 1921 1152 1976 Ac
1197 1919 1244 1974 si
1272 1934 1370 1990 per
1407 1921 1782 1991 metaphoram

184 2011 391 2083 navigii
441 2012 670 2079 diceret,
703 2011 893 2069 Nonne
917 2014 1158 2084 oportuit
1198 2013 1475 2070 Christum
1497 2013 1781 2084 soporari,

183 2106 347 2162 undis
390 2122 587 2162 navem
615 2107 670 2162 in
697 2123 801 2177 qua
833 2108 1153 2177 quiescebat
1182 2108 1308 2164 hinc
1357 2107 1485 2169 inde
1513 2107 1783 2165 verrenti—

179 2198 308 2265 bus,
335 2207 392 2254 et
420 2201 496 2254 ita
515 2240 531 2266 ,
554 2200 760 2256 sedatis
809 2200 1088 2271 extemplo
1128 2199 1351 2255 tumidis
1379 2200 1652 2270 gurgitum
1679 2216 1782 2255 cu-

185 2291 375 2359 mulis,
405 2291 706 2348 divinitatis
728 2307 840 2348 suac
869 2292 1083 2348 cunctis
1106 2290 1420 2363 patefacere
1449 2291 1784 2362 potentiam?

261 2383 407 2438 Tunc
418 2400 634 2454 surgens
648 2385 917 2454 imperavit
930 2385 1096 2438 ventis
1109 2394 1154 2438 et
1169 2385 1305 2438 mari
1313 2424 1328 2449 ,
1341 2393 1390 2438 et
1402 2383 1544 2454 facta
1556 2393 1630 2438 est
1642 2394 1784 2437 tran-

180 2476 418 2548 quillitas
432 2493 646 2547 magna.
664 2476 864 2548 (θήρ.)
879 2476 957 2532 De
971 2492 1167 2548 magno
1178 2491 1393 2547 quoque
1403 2484 1568 2530 vento
1581 2483 1639 2530 et
1651 2483 1784 2530 tem-

181 2575 396 2638 pestate
419 2583 633 2638 ntagna,
668 2567 809 2623 mari
837 2567 1158 2624 conturbata
1187 2576 1244 2623 et
1264 2568 1512 2632 tumenti,
1539 2567 1682 2624 facta
1697 2574 1786 2623 est

181 2677 382 2732 magna
395 2663 779 2733 tranquillitas.
802 2664 969 2720 Decet
983 2663 1131 2718 enim
1154 2664 1300 2719 hunc
1311 2679 1569 2734 magnum
1585 2679 1784 2736 magna

181 2767 242 2814 et
255 2757 499 2814 miranda
510 2758 715 2826 facere,
734 2759 963 2829 ideoque
976 2759 1136 2828 paulo
1149 2768 1275 2814 ante
1289 2775 1485 2831 magna
1507 2760 1785 2815 accinctus

179 2849 422 2921 potentia
464 2850 753 2923 magniﬁce
775 2851 1472 2921 conturbavitprofundum
1495 2851 1683 2907 maris.
1715 2851 1785 2905 Et

183 2957 328 2998 nunc
342 2942 564 3010 iterum,
584 2943 638 2998 in
664 2959 728 2999 eo
751 2944 868 3014 ipso
880 2944 1171 3000 ostendens
1190 2959 1302 2999 sua:
1323 2944 1784 3015 magniliccntiam

181 3036 492 3105 potestatis,
511 3036 961 3107 tranquillitatem
977 3051 1229 3109 magnam
1246 3037 1394 3093 fecit.
1413 3037 1626 3108 (Bedu.)
1643 3036 1786 3092 Ven-

183 3133 298 3179 tum
313 3126 512 3197 quippc
532 3141 763 3198 surgens
778 3128 1102 3198 increpavit.
1124 3128 1263 3196 Quia
1279 3128 1683 3184 resurrectione
1694 3142 1785 3184 ce-

181 3214 408 3284 lebrata,
433 3217 633 3275 diaboli
661 3220 971 3290 superbiam
999 3220 1222 3286 stravit,
1264 3220 1394 3276 dum
1423 3235 1522 3290 per
1549 3229 1784 3276 mortem

182 3308 453 3365 destruxit
492 3325 616 3366 eum
655 3313 747 3382 qui
773 3313 1008 3369 habebat
1047 3313 1239 3368 mortis
1280 3312 1586 3382 imperium.
1622 3313 1783 3369 Tem-

179 3412 448 3471 pestatem
481 3418 698 3474 quoque
725 3419 879 3475 aqum
925 3419 1155 3475 surgens
1183 3420 1402 3460 cessare
1454 3405 1614 3470 fecit,
1659 3405 1786 3475 quia

179 3505 436 3548 vesanam
470 3491 782 3551 Judaeorum
811 3494 1050 3561 rabiem,
1101 3511 1253 3564 qua),
1304 3504 1466 3565 caput
1492 3495 1744 3565 quatiens
1766 3535 1782 3561 ,

180 3581 557 3640 clantaverat:
604 3586 663 3642 Si
705 3585 879 3641 Filius
913 3585 1012 3645 Dei
1059 3595 1168 3652 est,
1199 3586 1480 3641 descendat
1531 3603 1668 3641 nunc
1719 3578 1789 3642 de

178 3690 334 3729 cruce
361 3716 376 3743 ,
419 3689 466 3731 et
511 3678 773 3733 credimus
816 3682 864 3733 ei
915 3679 1132 3751 (Matth.
1168 3679 1364 3751 xxv"),
1421 3680 1489 3735 dc
1534 3680 1784 3749 sepulcro

180 3767 457 3837 surgenth
504 3769 779 3824 labefecit.
840 3769 942 3826 Ubi
987 3769 1144 3840 juxta
1194 3770 1432 3825 litteram
1485 3771 1784 3827 notandum

177 3858 324 3928 quod
377 3874 567 3917 omnes
608 3872 876 3918 creatura:
928 3864 1167 3920 sentiant
1194 3862 1534 3920 Creatorem.
1575 3863 1784 3931 Quibus

177 3951 323 4006 enim
350 3952 664 4024 increpalur
683 3964 738 4010 et
760 3956 1086 4028 imperatur,
1111 3957 1356 4013 sentiunt
1381 3957 1740 4029 imperantem
1766 3975 1779 4012 :

180 4057 289 4098 non
318 4057 508 4099 errore
535 4043 943 4116 hereticorum,
972 4049 1065 4119 qui
1093 4049 1278 4105 omnia
1307 4058 1504 4119 putant
1529 4051 1781 4105 animan-

181 4132 255 4187 tia
283 4145 342 4200 a;
371 4135 464 4192 sed
487 4135 774 4205 majestate
802 4141 1120 4210 conditoris,
1152 4157 1274 4213 qua:
1297 4143 1441 4214 apud
1471 4157 1573 4199 nos
1598 4143 1782 4199 insen-

179 4230 382 4298 sibilia,
413 4233 490 4288 illi
521 4235 804 4292 scnsibilia
834 4247 982 4294 sunt.

171 4338 174 4345 '
253 4320 423 4378 Porro
452 4325 688 4382 homines
706 4329 888 4383 mirati
917 4340 1063 4398 sunt,
1088 4332 1318 4387 dicentes
1343 4349 1362 4387 :
1390 4331 1578 4399 Qualis
1599 4342 1674 4389 est
1697 4333 1782 4388 hic

178 4422 304 4491 quia
330 4424 469 4477 venti
494 4431 542 4478 et
570 4441 715 4479 mare
746 4425 994 4480 obediunt
1026 4428 1114 4481 ei?
1145 4428 1420 4501 (Hierom)
1450 4427 1569 4485 Non
1622 4429 1784 4485 disci-

177 4514 312 4584 puli,
339 4515 436 4569 sed
481 4525 695 4582 uanae,
729 4526 787 4572 ct
814 4518 998 4573 caeteri
1044 4519 1138 4589 qui
1164 4519 1222 4574 in
1263 4519 1391 4574 navi
1416 4529 1574 4576 erant
1617 4521 1784 4576 mira-

1809 1904 1859 1966 B

1812 3275 1857 3338 (Ξ

1879 716 1986 773 hoc
2013 718 2329 775 desiderant
2357 719 2597 790 Spiritus
2624 719 2915 787 immundi,
2951 722 3056 776 hoc
3083 721 3330 778 homines
3370 724 3478 779 iui-

1881 806 1996 877 qni,
2027 816 2090 864 ut
2115 807 2384 876 Ecclesia,
2415 809 2671 881 gravibus
2696 811 2971 880 pressuris
2997 821 3252 882 superata
3271 853 3288 880 ,
3329 828 3478 868 mer-

1881 907 2061 969 gatur.
2109 898 2219 956 Sed
2261 899 2390 956 licet
2426 899 2587 958 Jesus
2615 902 2876 958 auxilium
2901 902 2971 958 ad
3009 911 3225 975 tempus
3269 906 3482 979 subtra-

1881 993 2062 1049 hendo
2112 994 2356 1051 dormire
2402 995 2679 1064 videatur,
2724 998 2980 1066 precibus
3025 1007 3207 1053 tamen
3238 997 3480 1055 honestis

1882 1088 2180 1144 suscitatur
2235 1098 2292 1145 et
2334 1089 2698 1160 malignorum
2753 1091 3041 1162 spirituum
3106 1090 3481 1149 incitationem

1883 1181 2202 1250 compescit,
2235 1189 2292 1237 et
2320 1190 2733 1252 persecutorum
2763 1182 2941 1238 minas
2980 1182 3269 1239 mitescere
3305 1181 3470 1248 facit;

1881 1273 1958 1328 ita
1987 1283 2048 1330 ut
2089 1274 2185 1330 ﬁat
2212 1276 2578 1347 tranquillitas
2605 1292 2800 1349 magna
2825 1318 2840 1344 ,
2887 1292 3023 1347 pace
3070 1277 3327 1333 Ecclesiae
3371 1290 3484 1332 suae

1881 1365 2092 1422 reddita
2114 1408 2130 1433 ,
2175 1379 2448 1438 quatenus
2475 1383 2738 1439 prospero
2761 1384 2925 1424 cursu
2949 1368 3113 1424 ﬂante
3143 1384 3277 1424 aura
3313 1368 3485 1438 Spiri-

1883 1464 1970 1512 tus
2015 1457 2208 1524 sancti,
2235 1459 2303 1513 ad
2326 1467 2568 1528 optatum
2590 1467 2807 1514 aeternae
2833 1458 3032 1529 quietis
3055 1467 3273 1529 portum
3313 1458 3486 1528 possit

1884 1563 2075 1606 secura
2120 1551 2430 1620 pervenire.
2477 1549 2662 1622 (ΗΑΒ.)
2714 1549 3040 1620 Theologice
3081 1556 3263 1605 autem
3291 1555 3345 1602 ct
3385 1562 3484 1602 1108

1883 1645 2081 1715 singuli
2127 1644 2398 1700 catholica
2439 1643 2547 1699 ﬁde
2579 1643 2866 1710 instructi,
2913 1650 2970 1697 et
3001 1641 3156 1713 signo
3186 1638 3486 1696 Dominica:

1885 1738 2065 1795 crucis
2087 1739 2304 1806 imbuti,
2336 1738 2466 1793 dum
2495 1736 2753 1793 steculum
2776 1736 3086 1806 relinquere
3113 1734 3449 1806 disponimus
3467 1773 3483 1800 ,

1886 1847 2082 1886 navem
2103 1829 2348 1901 profecto
2373 1845 2496 1885 cum
2525 1829 2656 1884 Jesu
2674 1828 3112 1892 conscendimus,
3131 1840 3282 1880 mare
3308 1833 3488 1880 trans-

1887 1925 1968 1980 ire
2026 1939 2309 1980 conamur.
2354 1921 2462 1978 Sed
2489 1922 2578 1993 qui
2608 1937 2713 1975 non
2742 1917 3046 1974 dormitabit
3089 1934 3253 1988 neque
3291 1915 3485 1969 obdor-

1884 2018 2006 2074 miet
2060 2015 2233 2082 Israel
2280 2013 2578 2070 custodiens
2624 2010 2804 2085 (Psal.
2850 2009 2978 2084 cxx)
3030 2025 3280 2080 semper,
3330 2004 3488 2063 nobis

1885 2122 2071 2168 tamen
2099 2126 2242 2182 saepe
2276 2108 2658 2181 navigantibus
2678 2106 2835 2176 quasi
2857 2105 3002 2160 inter
3030 2101 3267 2173 aequoris
3293 2098 3486 2154 fremi-

1885 2213 1974 2259 tus
2037 2202 2346 2268 obdormit,
2401 2199 2618 2269 quando
2661 2197 3044 2253 crebrescente
3087 2193 3233 2249 inter
3276 2189 3486 2247 medios

1884 2296 2147 2351 virtutum
2179 2295 2332 2350 nisus
2354 2293 2440 2346 vel
2477 2292 2878 2348 immundorum
2916 2289 3227 2360 Spirituum,
3258 2285 3344 2341 vel
3393 2285 3489 2340 ho-

1884 2387 2092 2443 minum
2117 2401 2432 2460 pravorum,
2471 2385 2557 2440 vel
2599 2384 2718 2454 ipso
2757 2390 3070 2439 nostrarum
3097 2379 3486 2451 cogitationum

1885 2479 2124 2551 impetu,
2171 2478 2298 2534 ﬁdei
2327 2477 2585 2547 Splendor
2607 2474 3028 2538 obtenebrescit,
3079 2473 3195 2542 spei
3222 2471 3486 2527 celsitudo

1885 2570 2245 2637 contabescit,
2274 2569 2479 2625 amoris
2507 2568 2726 2624 ﬂamma
2752 2566 3076 2637 refrigescit.
3112 2565 3309 2620 Verum
3345 2563 3486 2618 inter

1884 2663 2260 2734 hujuscemodi
2282 2661 2552 2732 procellas
2577 2662 2644 2716 ad
2667 2659 2818 2714 illum
2850 2672 3075 2714 necesse
3102 2663 3189 2712 est
3217 2655 3489 2726 guberna-

1885 2767 2063 2815 torem
2105 2772 2392 2814 curramus
2418 2797 2433 2822 ,
2482 2755 2634 2810 ilium
2661 2752 2849 2809 sedulo
2878 2751 3209 2816 excitemus,
3236 2748 3330 2818 qui
3378 2761 3487 2800 non

1886 2849 2089 2904 serviat
2114 2848 2209 2903 sed
2235 2849 2465 2917 imperet
2511 2832 2688 2899 ventis
2712 2885 2726 2908 ,
2758 2845 2884 2899 m‘ox
2928 2848 3280 2912 tempestates
3339 2854 3489 2893 com-

1884 2949 2101 3010 pescet,
2143 2938 2397 2994 rel'undet
2419 2936 2889 3007 tranquillitatem,
2920 2941 3140 3004 portum
3179 2929 3370 2987 salutis
3399 2929 3486 2984 iur

1886 3034 2148 3103 dulgebit.
2164 3031 2742 3105 (Beda.)Admiremur
2767 3037 2822 3085 et
2843 3042 2962 3094 nos,
2987 3025 3209 3098 quando
3234 3021 3485 3092 benigni-

1887 3139 2026 3185 tates
2053 3137 2109 3182 ct
2148 3125 2553 3182 benevolentias
2594 3123 2836 3180 ostendit
2860 3121 3008 3178 circa
3033 3135 3168 3186 nos,
3199 3115 3414 3189 quando
3453 3131 3486 3170 a

1887 3222 2147 3294 periculis
2171 3237 2273 3277 nos
2296 3219 2509 3276 salvare
2531 3219 2804 3289 dignatur,
2837 3213 3054 3286 quando
3075 3213 3143 3269 de
3167 3209 3488 3267 tumultibus

1889 3329 1990 3370 nos
2025 3311 2244 3378 liberat,
2271 3310 2491 3381 quando
2516 3309 2584 3364 ab
2615 3307 2853 3363 inimicis
2882 3307 3027 3362 eruit
3060 3319 3160 3361 nos
3179 3344 3195 3372 ,
3223 3302 3486 3359 miremur

1889 3417 1945 3460 et
1973 3406 2235 3460 mirantes
2258 3403 2464 3474 gratias
2485 3417 2729 3474 agamus.
2765 3399 3052 3470 Sequitur:

1959 3497 2030 3551 Et
2057 3512 2176 3551 cum
2203 3496 2420 3550 uenisset
2451 3504 2598 3548 trans
2626 3493 2816 3563 fretum
2834 3531 2850 3558 ,
2877 3493 2932 3546 in
2973 3491 3235 3561 regionem
3265 3486 3486 3543 Gerase-

1888 3606 2099 3646 norum.
2156 3586 2293 3661 [γι]
2344 3586 2549 3642 Gerasa
2597 3584 2728 3639 urbs
2774 3582 3005 3654 insignis
3047 3581 3302 3646 Arabiae,
3335 3587 3487 3634 trans

1886 3686 2179 3744 Jordancm
2204 3725 2218 3751 ,
2246 3682 2437 3752 juncta
2465 3680 2635 3736 monti
2663 3678 2892 3744 Galaad,
2918 3691 3079 3747 quem
3111 3676 3282 3731 tenuit
3315 3673 3489 3728 tribus

1888 3778 2196 3843 Manasses,
2228 3791 2337 3831 non
2387 3773 2545 3844 longe
2574 3788 2606 3827 a
2637 3778 2830 3842 stagno
2871 3767 3175 3824 Tiberiadis
3196 3807 3212 3833 ,
3258 3766 3312 3820 in
3346 3762 3490 3834 quod

1885 3875 2038 3946 porci
2089 3871 2410 3943 praecipitati
2463 3875 2610 3924 sunt.
2662 3864 2949 3936 Signiﬁcat
3001 3870 3184 3916 autem
3234 3858 3487 3913 nationes

1887 3967 2163 4039 gentium,
2213 3979 2349 4035 quas
2378 3969 2500 4032 post
2541 3956 2813 4030 passionis
2840 3969 3089 4011 somnum
3127 3949 3486 4007 resurrectio-

1885 4059 2082 4129 nisque
2107 4071 2219 4112 suae
2245 4053 2496 4126 gloriam,
2526 4049 2711 4106 missis
2735 4043 3205 4118 praedicatoribus,
3238 4039 3489 4095 Salvator

1885 4159 1972 4209 est
1997 4149 2221 4205 visitare
2242 4147 2520 4220 dignatus.
2550 4141 2705 4198 Unde
2730 4139 2868 4195 bene
2893 4137 3103 4194 Gerasa.
3120 4133 3207 4188 vel
3236 4129 3484 4203 Gergesi,

1884 4253 1947 4300 ut
1975 4242 2198 4313 quidam
2220 4239 2429 4302 volunt,
2460 4235 2704 4292 colonum
2738 4232 2974 4302 ejiciens,
3015 4227 3333 4286 veladuena
3357 4240 3482 4296 pro-

1883 4341 2146 4411 pinquans
2189 4336 2580 4404 interpretatur
2630 4351 2643 4384 :
2700 4328 2985 4392 videlicet,
3035 4324 3318 4380 insinuans
3357 4320 3485 4391 quia

1884 4430 2128 4502 gentium
2155 4426 2387 4498 populus
2417 4433 2473 4480 et
2497 4439 2623 4481 eum
2655 4437 2686 4476 a
2729 4435 2836 4492 quo
2865 4417 3118 4488 nequiter
3147 4413 3489 4472 incolebatur

1884 4523 2102 4578 hostem
2144 4521 2260 4576 suis
2292 4519 2357 4573 de
2385 4516 2644 4572 cordibus
2672 4510 2914 4582 ejecerit,
2941 4517 2998 4564 et
3026 4507 3120 4578 qui
3143 4513 3264 4563 erat
3305 4504 3484 4574 longe,

176 4607 398 4663 bantur.
436 4605 532 4661 Sin
561 4617 743 4663 autem
768 4609 893 4678 quis
929 4609 1272 4666 contentiose
1300 4610 1535 4666 voluerit
1563 4625 1659 4666 eos
1685 4610 1779 4680 qui
1806 4649 1861 4710 Β
1887 4614 2067 4669 factus
2090 4611 2161 4666 sit
2185 4622 2351 4680 prope
2377 4608 2434 4661 in
2469 4604 2731 4676 sanguine
2759 4601 2982 4658 Christi.

177 4702 524 4758 mirabantur
549 4703 719 4761 fuisse
747 4705 1075 4776 discipulos,
1127 4707 1573 4779 respondebimus
1625 4717 1776 4765 recte

179 4794 430 4851 homines
450 4797 768 4868 appellatos,
792 4797 918 4869 quia
933 4799 1167 4853 necdum
1189 4799 1490 4870 potentiam
1511 4801 1779 4855 noverant

179 4883 506 4942 Salvatoris.
538 4888 876 4944 Mirabantur
920 4890 1182 4955 dicentes,
1212 4889 1400 4957 Qualis
1429 4898 1514 4945 est
1536 4891 1638 4945 iste
1681 4891 1781 4960 qui

179 4979 322 5034 sicut
345 4980 506 5036 homo
525 4981 760 5047 videtur,
783 4990 839 5038 ct
865 4983 1006 5038 sicut
1029 4982 1175 5038 Deus
1193 4981 1493 5052 potentiam
1515 4982 1776 5049 ostendit;

179 5070 322 5125 sicut
351 5087 492 5128 unus
522 5073 820 5129 carnalium
848 5082 1072 5144 putatur
1100 5089 1222 5130 esse
1240 5114 1255 5140 ,
1300 5082 1356 5129 et
1401 5089 1565 5145 super
1591 5075 1776 5130 omnia

179 5162 418 5218 carnalia
445 5165 684 5221 ostendit
723 5165 996 5222 mirabilia
1043 5184 1056 5219 :
1089 5166 1290 5222 dormit
1315 5165 1457 5221 sicut
1495 5166 1692 5234 homo,
1721 5175 1779 5224 et

177 5255 416 5325 imperat
441 5257 577 5312 mari
601 5265 658 5314 et
677 5259 854 5315 ventis
873 5259 1016 5316 sicut
1036 5258 1213 5326 Deus;
1241 5260 1296 5314 in
1320 5259 1573 5316 navicula
1598 5259 1772 5326 sedet,

179 5355 238 5402 et
286 5363 503 5404 omnem
560 5357 867 5405 creaturam
914 5350 1160 5420 jussione
1217 5351 1444 5407 inclinat
1490 5350 1584 5406 ubi
1616 5350 1777 5406 vult?

181 5436 476 5509 (MAURUS.)
527 5439 665 5494 Sunt
713 5441 806 5510 qui
849 5442 990 5496 hanc
1033 5443 1340 5499 naviculam
1407 5457 1572 5512 quam
1616 5440 1776 5499 Jesus

178 5544 308 5585 cum
332 5530 612 5601 discipulis
633 5533 748 5588 suis
769 5534 1108 5602 conscendit,
1140 5534 1430 5607 allegorice
1448 5542 1774 5606 praesentem

181 5620 484 5679 Ecclesiam
529 5623 825 5696 signiﬁcari
868 5624 1084 5692 volunt,
1135 5627 1190 5681 in
1217 5643 1326 5698 qua
1371 5625 1622 5682 Salvator
1649 5642 1774 5682 cum

181 5713 466 5784 discipulis
511 5717 624 5773 suis
675 5731 828 5772 mare
879 5717 1036 5773 istius
1081 5720 1265 5775 saeculi
1313 5721 1549 5776 transire
1604 5720 1772 5790 cupit.

165 5805 392 5865 .Ventos
416 5810 472 5865 in
499 5825 650 5867 mare
679 5818 1058 5882 tempestatem
1084 5810 1369 5880 facientes,
1401 5814 1675 5876 daemones
1693 5813 1780 5868 in-

1961 4703 2320 4760 Occurrerunt
2343 4701 2391 4755 ei
2417 4699 2522 4753 duo
2545 4697 2793 4752 habentes
2817 4692 3100 4750 darmonia.
3125 4690 3315 4763 (Aug.)
3333 4689 3487 4757 Quod

1886 4811 2019 4853 vero
2044 4795 2328 4850 Matthaaus
2359 4793 2494 4847 duos
2522 4789 3053 4847 dicitatdtemonum
3085 4785 3485 4855 legionecura-

1889 4898 2004 4956 tos,
2034 4887 2251 4943 Marcus
2294 4893 2474 4941 autem
2519 4891 2576 4939 et
2617 4882 2796 4938 Lucas
2821 4883 3482 4941 unumcommemorant,

1887 4982 2162 5054 intelligas
2189 4995 2358 5036 unum
2399 4994 2589 5036 eorum
2618 4977 2786 5033 fuisse
2827 4989 3077 5048 personae
3106 4970 3334 5041 alicujus
3376 4970 3486 5025 cla-

1887 5076 2054 5135 rioris
2078 5083 2136 5132 et
2173 5073 2514 5138 famosioris,
2561 5086 2723 5143 quem
2769 5068 2920 5141 regio
2948 5068 3040 5123 illa
3070 5064 3306 5121 maxime
3333 5062 3486 5131 dole-

1885 5169 2006 5236 bat,
2045 5177 2101 5226 et
2129 5183 2230 5241 pro
2263 5166 2420 5237 cujus
2463 5165 2640 5222 salute
2679 5163 2975 5234 plurimum
3016 5158 3317 5228 satagebat.
3367 5153 3484 5211 Hoc

1886 5259 2135 5316 volentes
2162 5258 2471 5332 signiﬁcare
2497 5259 2605 5315 duo
2634 5253 3008 5327 evangelista,
3041 5249 3217 5306 solum
3233 5259 3485 5304 comme-

1883 5351 2212 5408 morandum
2239 5349 2664 5419 iudicaverunt,
2712 5347 2789 5402 de;
2821 5358 2930 5416 quo
2970 5341 3099 5397 facti
3134 5336 3483 5409 hujusﬁtma

1883 5442 2050 5498 latius
2076 5441 2501 5513 praeclariusque
2524 5439 2863 5511 ﬂagraverat.
2894 5431 3109 5506 (Beda.)
3135 5429 3244 5486 Sed
3266 5436 3322 5484 et
3347 5427 3483 5488 allee-

1884 5535 2054 5607 goria:
2083 5550 2294 5591 summa
2329 5532 2627 5589 concordat
2657 5547 2669 5585 :
2706 5529 2837 5602 quia
2867 5526 3008 5584 sicut
3033 5540 3175 5580 unus
3203 5537 3236 5578 a
3285 5522 3488 5578 daemo-

1883 5626 1978 5680 nio
2002 5641 2309 5696 possessus,
2352 5624 2432 5679 sic
2459 5631 2516 5678 et
2548 5624 2654 5679 duo
2679 5618 2898 5694 gentilis
2923 5617 3106 5689 populi
3144 5624 3332 5687 typum
3373 5625 3482 5666 non

1884 5717 2334 5774 inconvenienter
2360 5715 2690 5786 exprimunt.
2723 5711 2861 5767 Nam
2887 5723 3014 5766 cum
3040 5715 3155 5763 tres
3183 5704 3324 5760 ﬁlios
3367 5700 3480 5756 Noe

1853 5813 2227 5884 generaverit
2252 5852 2267 5878 ,
2313 5809 2475 5866 unius
2525 5806 2700 5867 solum
2729 5801 2936 5862 familia
2980 5800 3037 5860 in
3082 5793 3482 5872 possessionem

256 5935 289 6008 ξι
312 5925 532 5985 Addunt
553 5928 776 6000 quidam
805 5946 936 5991 mss.
969 5928 1238 5990 sensibilia
1277 5947 1388 5990 esse
1411 5948 1432 6000 ;
1462 5930 1555 5992 alii
1589 5945 1622 5988 e
1649 5928 1954 6020 contrario,
1984 5927 2309 5989 insensibilia
2329 5945 2455 5987 esse.
