3914 6446
467 405 566 470 8Ἇ

1116 404 1179 459 Β.
1216 399 1472 459 RABANI
1509 397 1731 457 MAURI
1766 394 2087 456 ARCHIEP.
2127 393 2436 456 MOGUNT.
2474 391 2760 452 OPERUM
2790 388 2972 446 PARS
3009 387 3052 444 Ι.

3641 388 3748 444 872

459 539 621 596 quem
668 521 976 578 sacerdotes
1029 534 1135 574 non
1185 518 1546 590 dignabantur
1597 516 1881 586 attingere.
1936 517 2040 570 Aut
2067 518 2119 579 Α
2145 513 2368 570 dimissa
2402 511 2548 567 solus
2581 515 2806 565 noverat
2837 505 2932 575 qui
2967 503 3288 563 dimittebat.
3337 500 3514 570 Surge
3558 508 3745 556 autem

459 628 607 673 certe
639 617 759 672 ideo
786 614 952 669 ﬁlium
977 621 1167 678 vocat,
1208 613 1334 683 quia
1370 611 1712 666 dimittuntur
1739 610 1788 664 ei
1818 618 2038 680 peccata

461 729 576 769 sua.
609 710 790 784 (Aug.)
818 710 969 778 Quod
991 724 1120 782 ergo
1147 707 1430 763 Matthmus
1455 707 1582 762 dicit
1606 705 1774 761 Deum
1799 705 1997 761 dixisse
2016 721 2036 762 .°

460 802 697 871 Con/ide,
727 801 826 871 ﬁli,
867 801 1202 856 remittuntur
1230 798 1320 852 tibi
1349 807 1560 869 peccata
1591 806 1706 861 tua,
1733 796 1904 851 Lucas
1933 812 2038 852 non

452 897 612 973 (dixit,
639 894 738 965 ﬁli,
767 894 882 950 sed.
915 894 1090 980 homo,
1118 893 1188 947 ad
1213 891 1540 946 sententiam
1582 888 1796 944 Domini
1818 904 2042 960 expres-

460 1005 573 1045 sms
602 988 977 1044 insinuandam
1010 994 1150 1041 vatct
1179 1004 1191 1039 :
1225 986 1352 1056 quia
1388 983 1595 1040 homini
1633 983 2042 1038 dimittebantur

457 1089 700 1154 peccata,
744 1079 835 1150 qui
875 1079 979 1134 hoc
1007 1078 1123 1149 ipso
1151 1076 1293 1147 quod
1324 1080 1486 1131 homo
1527 1083 1679 1140 erat,
1710 1091 1818 1129 non
1861 1081 2044 1144 posset

458 1175 639 1230 dicere
677 1171 795 1227 Non
830 1169 1080 1243 peccavi,
1114 1169 1272 1224 simul
1311 1169 1474 1224 etiam
1505 1177 1566 1222 ut
1598 1167 1688 1223 ille
1715 1168 1808 1238 qui
1836 1166 2040 1222 homini

458 1267 764 1322 dimittebat
785 1263 1172 1333 intelligeretur
1202 1263 1361 1316 Deus.
1393 1245 1498 1316 Sed
1526 1269 1582 1316 et
1604 1261 1650 1315 si
1674 1275 1838 1330 quem
1862 1267 2045 1314 movet

459 1369 641 1414 utrum
669 1357 928 1413 Dominus
951 1355 1149 1412 dixerit
1173 1356 1314 1426 quod
1341 1354 1642 1419 Matthteus,
1672 1370 1739 1408 an
1768 1352 1910 1423 quod
1942 1352 2043 1406 Lu-

459 1468 573 1515 cas,
603 1450 767 1513 dixit,
803 1449 940 1504 sciat
965 1455 1254 1516 utrumque
1282 1446 1433 1500 illum
1471 1444 1631 1500 simul
1657 1445 1837 1500 dicere
1863 1458 2038 1513 posse,

462 1550 576 1607 aut,
602 1539 824 1609 conﬁde,
851 1541 1028 1604 homo,
1051 1539 1388 1593 dimittuntur
1412 1538 1504 1592 tibi
1532 1548 1764 1608 peccata,
1787 1536 1899 1606 ﬁli;
1929 1546 2039 1602 aut,

459 1635 682 1704 conﬁde,
730 1632 830 1702 ﬁli,
873 1633 1208 1688 dimittuntur
1245 1632 1338 1687 tibi
1377 1641 1608 1702 peccata,
1635 1631 1809 1684 homo.
1858 1628 2038 1700 (Joan.

460 1725 754 1796 Citrysost.)
795 1724 1115 1780 Intuendum
1157 1739 1286 1779 sane
1312 1731 1574 1793 quantum
1614 1722 1831 1792 prapria
1872 1719 2047 1789 cuius-

415 1865 426 1871 .
457 1817 713 1886 quevfides
733 1817 873 1887 apud
895 1816 1064 1871 Deum
1086 1816 1282 1882 valeat,
1306 1817 1395 1871 ubi
1424 1823 1633 1871 tantum
1656 1815 1826 1870 valuit
1845 1815 2038 1879 aliena,

2141 617 2189 661 et
2215 605 2445 672 ambula,
2477 614 2586 660 tam
2615 603 2659 657 is
2685 602 2774 670 qui
2807 597 3077 669 surgebat,
3104 611 3263 666 quam
3294 595 3478 665 hi.qui
3513 610 3746 663 surgen-

2143 711 2249 755 tem
2276 699 2550 761 videbant,
2586 693 2885 764 approbare
2912 696 3176 760 poterant.
3205 688 3292 741 Fit
3321 688 3492 757 igitur
3517 685 3746 740 cantate

2143 793 2352 863 signum
2401 799 2461 845 ut
2505 789 2762 859 probetur
2809 781 3084 855 spiritale,
3127 795 3440 850 quanquam
3495 779 3743 848 ejusdem

2142 885 2358 940 virtutis
2385 885 2456 940 sit
2480 892 2534 938 et
2569 879 2811 950 corporis
2849 886 2904 933 et
2937 877 3132 931 anima:
3156 875 3286 928 vitia
3322 873 3634 928 dimittere.
3681 873 3741 927 Et

2145 980 2298 1035 datur
2327 977 2481 1032 nobis
2523 973 2874 1044 intelligentia
2915 978 3135 1041 propter
3175 976 3399 1038 peccata
3450 966 3742 1036 plerasque

2142 1070 2359 1127 evenire
2407 1081 2691 1137 corporum
2743 1062 3067 1120 debilitates.
3124 1060 3191 1114 Et
3248 1059 3459 1114 idcirco
3513 1057 3741 1113 forsitan

2142 1163 2293 1235 prius
2315 1160 2657 1216 dimittuntur
2678 1163 2902 1227 peccata
2933 1163 3023 1218 ut,
3049 1153 3224 1208 causis
3253 1150 3563 1207 debilitatis
3603 1151 3740 1205 abla-

2143 1257 2234 1322 tis,
2263 1255 2464 1310 sanitas
2489 1251 2820 1308 restituatur.

2217 1347 2532 1418 (ΒΑΒΑΝιιε.)
2557 1340 2811 1410 Quadam
2830 1337 3096 1408 siquidem
3119 1342 3244 1391 sunt
3264 1333 3602 1390 differentia:
3623 1349 3736 1387 cau-

2145 1455 2350 1504 sarum,
2377 1454 2476 1510 pro
2504 1436 2698 1508 quibus
2721 1436 2775 1490 in
2804 1435 2907 1488 hac
2932 1432 3043 1486 vita
3070 1429 3335 1484 molestiis
3361 1427 3738 1497 corporalibus

2146 1531 2450 1604 affligimur.
2494 1528 2602 1583 Aut
2628 1528 2772 1583 enim
2806 1525 2875 1579 ad
2907 1521 3100 1577 merita
3131 1518 3377 1592 augenda
3404 1533 3514 1588 per
3541 1518 3737 1586 patien-

2146 1624 2278 1678 tiam
2319 1620 2451 1692 justi
2494 1617 2735 1688 corporis
2778 1615 3092 1670 infirmitate
3130 1619 3457 1682 gravantur,
3501 1617 3563 1662 ut
3607 1609 3738 1662 beati

2144 1714 2332 1768 Patres
2363 1711 2462 1766 Job
2488 1720 2542 1764 et
2575 1708 2790 1773 Tobias,
2819 1715 2874 1762 et
2905 1704 3175 1760 innumeri
3204 1712 3490 1774 martyres
3524 1700 3581 1754 in
3606 1708 3738 1754 utro-

2145 1823 2248 1877 que
2274 1806 2647 1868 Testamento;
2683 1811 2776 1856 aut
2821 1801 2888 1855 ad
2930 1798 3230 1856 custodiam
3259 1797 3538 1850 virtutum
3568 1808 3738 1864 perte»

456 1917 514 1964 ut
544 1918 689 1964 totus
722 1910 884 1965 homo
910 1916 1152 1978 repente,
1185 1910 1288 1964 hoc
1313 1917 1396 1963 est
1422 1909 1660 1964 exterius
1689 1909 2041 1978 interiusque,
2072 1895 2120 1955 B
2147 1910 2382 1972 ptarum,
2413 1915 2481 1954 ne
2512 1897 2763 1970 superbia
2791 1903 3030 1951 tentante
3053 1893 3371 1962 dispereant
3402 1909 3415 1943 :
3453 1889 3603 1944 sicut
3628 1907 3738 1959 apo-

451 2002 566 2073 jam
600 2002 836 2057 salvatus
865 2009 1199 2073 exsurgeret,
1228 2001 1564 2070 aliorumque
1595 2001 1788 2056 merito
1811 1999 1931 2056 aliis
1960 2016 2046 2055 re-

456 2093 770 2149 laxarentur
792 2101 992 2148 errata.
1019 2093 1183 2148 Audit
1205 2089 1498 2148 veniam'et
1525 2101 1668 2149 tacet
1689 2092 2041 2164 paralyticus,

456 2201 556 2241 nec
601 2186 762 2240 ullam
796 2186 1089 2255 respondet
1131 2185 1359 2255 gratiam
1401 2204 1412 2238 :
1462 2186 1588 2255 quia
1637 2185 1756 2255 plus
1800 2186 2044 2255 corporis

454 2293 616 2348 quam
665 2277 856 2332 animae
906 2277 1162 2332 tendebat
1219 2277 1285 2331 ad
1339 2293 1564 2345 curam,
1616 2286 1671 2333 et
1723 2277 2044 2349 temporales

455 2387 723 2428 aerumnas
752 2371 972 2428 resoluti
1019 2372 1262 2441 corporis
1303 2372 1381 2428 sic
1421 2373 1678 2439 deflebat,
1719 2382 1778 2427 ut
1813 2382 2044 2428 aeternas

454 2479 644 2534 poenas
689 2463 1025 2519 resolutioris
1069 2464 1263 2518 animae
1307 2480 1411 2518 non
1457 2463 1708 2530 defieret,
1754 2465 2044 2535 gratiorem

458 2554 559 2608 sibi
602 2562 923 2624 praesentem
954 2554 1142 2630 vitam,
1154 2552 1402 2621 judicans
1429 2571 1591 2626 quam
1629 2555 1885 2611 futuram.
1932 2555 2044 2610 Me-

456 2643 562 2700 rito
591 2642 840 2700 Christus
880 2642 1222 2699 offerentium
1266 2645 1425 2700 ﬁdem
1470 2647 1726 2716 respicit,
1771 2655 1825 2701 et
1858 2661 2046 2703 vecor-

457 2732 599 2788 diam
640 2735 719 2789 sic
754 2733 985 2804 jacentis
1025 2735 1278 2805 respicit,
1309 2743 1368 2789 ut
1410 2737 1534 2791 fidei
1566 2737 1754 2793 alienae
1792 2735 2044 2808 suffragio

455 2824 738 2895 paralytici
765 2826 945 2880 anima
976 2833 1098 2880 ante
1125 2835 1411 2882 curaretur
1434 2843 1597 2897 quam
1625 2842 1839 2899 corpus.

525 2916 595 2970 Et
621 2933 736 2972 ecce
773 2918 988 2990 quidam
1018 2920 1082 2974 de
1110 2921 1296 2974 scribis
1334 2921 1577 2976 dixerunt
1617 2923 1757 2976 intra
1795 2939 1848 2977 se
1882 2937 1900 2973 :
1942 2921 2045 2977 Hic

456 3009 796 3078 blaspltemat.
831 3008 1103 3081 (Hieron.)
1147 3010 1301 3077 Quod
1344 3021 1526 3067 autem
1555 3013 1790 3068 dixerint
1823 3013 1897 3068 illi
1925 3028 2046 3070 esse

453 3099 864 3170 blasphemiam,
895 3099 1108 3156 Marcus
1134 3111 1531 3171 consequenter
1557 3105 1798 3173 exponit,
1829 3104 2042 3160 dicens:

458 3192 611 3258 Quis,
661 3192 939 3263 inquiunt,
988 3203 1152 3264 potest
1203 3195 1461 3250 dimittere
1499 3207 1709 3267 peccata
1759 3196 1859 3250 nisi
1901 3196 2044 3251 solus

2144 1993 2283 2050 stolo
2308 1991 2495 2057 Paulo,
2523 1991 2634 2057 cui,
2661 2005 2729 2044 ne
2755 1986 3123 2061 magnitudine
3148 1982 3559 2038 revelationum
3587 1981 3736 2036 extol-

2143 2087 2362 2152 leretur,
2386 2086 2541 2140 datus
2562 2093 2635 2138 est
2661 2083 2904 2137 stimulus
2932 2079 3106 2134 carnis
3135 2094 3247 2132 sum
3273 2075 3508 2147 angelus
3539 2072 3734 2129 Salaria

2143 2183 2231 2253 qui
2254 2197 2371 2236 eum
2397 2177 2744 2250 colaphizaret
2768 2175 2852 2248 (II
2875 2173 2999 2228 Cor.
3024 2172 3154 2243 xu);
3183 2178 3278 2224 aut
3298 2170 3373 2224 ad
3396 2167 3737 2237 intelligenda

2145 2283 2200 2328 et
2220 2271 2534 2342 corrigenda
2556 2277 2776 2339 peccata
2798 2274 3006 2330 nostra,
3025 2265 3163 2319 sicut
3185 2261 3358 2315 Maria
3385 2275 3557 2316 soror
3573 2259 3733 2312 Aaron

2146 2367 2200 2421 in
2225 2379 2407 2420 eremo
2431 2365 2500 2418 ob
2523 2363 2688 2417 verba
2717 2359 3039 2414 temeritatis
3067 2365 3121 2411 et
3150 2354 3426 2426 superbia:
3453 2354 3614 2422 lepra
3639 2369 3735 2422 per-

2145 2472 2303 2513 cussa
2337 2463 2422 2510 est
2453 2454 2643 2528 (Num.
2669 2451 2770 2522 xu)
2805 2469 2817 2505 :
2850 2451 2990 2506 sicut
3017 2448 3354 2519 paralyticus
3386 2445 3459 2500 de
3504 2460 3617 2514 quo
3653 2454 3735 2496 tra-

2143 2560 2354 2606 ctamus
2372 2550 2485 2619 qui,
2503 2563 2606 2602 non
2628 2546 2730 2601 nisi
2755 2543 3181 2613 dimissisprimo
3203 2539 3477 2611 peccatis,
3495 2541 3668 2607 potuit
3682 2537 3735 2588 ab

2144 2641 2458 2697 infirmitate
2490 2638 2700 2703 curari;
2743 2646 2836 2692 aut
2864 2636 2930 2691 ad
2959 2634 3184 2707 gloriam
3209 2632 3308 2688 Dei
3339 2631 3619 2685 salvantis
3645 2629 3732 2682 sive

2144 2750 2242 2805 per
2269 2735 2527 2803 seipsum,
2559 2733 2670 2787 sive
2697 2746 2795 2800 per
2821 2729 3050 2784 famulos
3086 2743 3234 2791 suos,
3266 2726 3418 2781 sicut
3446 2740 3631 2778 caecus
3652 2738 3730 2775 na-

2146 2839 2233 2884 tus
2260 2830 2314 2883 in
2346 2827 2638 2898 Evangelio
2669 2825 2851 2899 (Joan.
2876 2824 2974 2896 1x),
3005 2822 3094 2893 qui
3121 2836 3298 2890 neque
3335 2821 3459 2890 ipse
3487 2817 3731 2888 peccarit,

2145 2936 2320 2991 neque
2350 2928 2602 2990 parentes
2643 2919 2778 2989 ejus,
2823 2916 2916 2972 sed
2955 2923 3014 2970 ut
3052 2912 3558 2968 manifestarentur
3594 2923 3732 2980 opera

2147 3014 2240 3069 Dei
2275 3015 2328 3068 in
2358 3014 2446 3069 illo
2475 3033 2487 3067 :
2520 3015 2660 3068 sicut
2701 3013 2957 3076 Lazarus,
2991 3008 3142 3076 cujus
3183 3007 3490 3062 infirmitas
3521 3022 3626 3060 non
3653 3005 3736 3056 fuit

2148 3110 2216 3164 ad
2245 3117 2493 3170 mortem,
2526 3106 2618 3162 sed
2646 3121 2746 3176 pro
2770 3104 2938 3176 gloria
2969 3102 3089 3167 Dei,
3123 3109 3185 3155 ut
3215 3099 3629 3172 glorificaretur
3657 3096 3734 3148 Fi-

2147 3201 2252 3256 lius
2280 3201 2374 3256 Dei
2420 3215 2517 3270 per
2557 3214 2682 3254 eum
2715 3197 2894 3270 (Joan.
2927 3194 3040 3267 xi);
3087 3201 3180 3248 aut
3221 3194 3293 3248 ad
3341 3192 3734 3246 inchoationem

453 3281 633 3336 Deus?
671 3261 924 3354 Legimus
961 3261 1016 3340 in
1059 3287 1321 3357 propheta
1357 3261 1569 3344 dicente
1603 3308 1615 3342 :
1656 3289 1770 3360 Ego
1800 3307 1914 3344 sum
1956 3291 2044 3361 qui
2071 3261 2117 3323 C
2150 3261 2512 3349 damnationis
2531 3261 2768 3355 aeternae,
2789 3289 2930 3360 quod
2952 3261 3304 3359 reproborum
3324 3293 3419 3340 est
3439 3285 3732 3356 proprium:

453 3375 599 3429 deleo
630 3377 930 3448 iniquitates
957 3388 1077 3433 luas
1108 3379 1244 3448 (Isa.
1275 3380 1450 3454 mu).
1481 3380 1888 3452 Consequenter
1916 3398 2046 3452 ergo

457 3467 649 3523 scriba:
675 3469 803 3538 quia
834 3469 1108 3524 hominem
1144 3472 1406 3540 putabant
1441 3479 1497 3528 et
1523 3474 1687 3529 verba
1726 3473 1821 3528 Dci
1853 3474 2047 3529 intelli-

456 3559 675 3630 gebant,
702 3568 934 3630 arguunt
954 3578 1077 3615 eum
1102 3561 1472 3632 blasphemiae.
1503 3562 1629 3629 Sed,
1654 3564 1780 3620 licet
1806 3565 2048 3620 nescien-

455 3660 555 3718 tes,
583 3668 770 3708 verum
812 3655 1075 3720 dicebant,
1115 3657 1240 3726 quia
1277 3670 1435 3711 nemo
1481 3657 1755 3712 dimittere
1799 3667 2042 3727 peccata,

456 3744 560 3799 nisi
587 3745 751 3812 Deus,
784 3755 965 3817 potest
995 3765 1007 3800 :
1041 3748 1130 3816 qui
1161 3763 1260 3817 per
1283 3763 1377 3804 eos
1403 3764 1617 3819 quoque
1644 3749 1896 3814 dimittit,
1929 3749 2048 3818 qui-

452 3838 554 3892 bus
596 3838 899 3894 dimittendi
944 3839 1092 3894 dedit
1133 3848 1475 3909 potestatem.
1525 3842 1595 3896 Et
1641 3841 1761 3896 ideo
1797 3840 2060 3920 Christus

452 3945 580 3985 vere
630 3931 774 3987 Deus
823 3946 942 3988 esse
983 3932 1278 4002 probatur,
1329 3934 1454 4004 quia
1507 3935 1780 3990 dimittere
1824 3942 2046 4004 peccata

436 4011 609 4090 quasi
632 4021 776 4076 Deus
800 4029 1000 4091 potest.
1033 4020 1235 4077 Verum
1264 4024 1376 4078 Deo
1399 4025 1769 4080 testimonium
1794 4023 2044 4093 reddunt,

455 4111 548 4165 sed
598 4125 891 4180 personam
933 4111 1135 4166 Christi
1185 4113 1469 4183 negando,
1521 4113 1796 4169 falluntur.
1847 4114 2047 4168 Errant

454 4203 637 4270 itaque
665 4201 835 4258 Judaei
873 4205 998 4274 qui,
1041 4221 1161 4260 cum
1199 4206 1474 4263 Christum
1503 4215 1559 4264 et
1600 4208 1770 4263 Deum
1799 4223 1950 4274 esse,
1993 4217 2048 4264 et

453 4301 677 4364 peccata
703 4293 977 4351 dimittere
1005 4311 1161 4367 posse
1190 4298 1436 4364 credant,
1471 4297 1656 4366 Jesum
1687 4306 1866 4355 tamen
1891 4301 2048 4357 Chri-

454 4381 594 4441 stuih
624 4400 744 4440 esse
773 4400 880 4440 non
906 4388 1154 4442 credunt.
1187 4389 1293 4444 Sed
1324 4389 1494 4446 multo
1529 4391 1835 4448 dementius
1862 4403 2047 4449 errant

450 4478 672 4546 Ariani,
699 4479 793 4550 qui
821 4495 943 4534 cum
980 4478 1165 4536 Jesum
1203 4490 1260 4537 et
1295 4480 1571 4538 Christum
1599 4500 1717 4540 esse
1745 4495 1800 4540 et
1824 4495 2044 4556 peccata

449 4587 607 4642 posse
637 4571 929 4638 dimittere,
959 4571 1238 4644 Evangelii
1262 4573 1444 4629 verbis
1469 4573 1686 4641 devicti,
1718 4591 1914 4648 negare
1936 4593 2040 4632 non

452 4664 688 4730 audent,
730 4663 1082 4720 nihilominus
1122 4666 1294 4721 Deum
1335 4682 1533 4737 negare
1571 4683 1681 4724 non
1722 4670 1933 4726 timent.
1974 4672 2045 4728 At

452 4755 564 4824 ipse
603 4755 838 4826 perfidos
879 4756 1087 4812 salvare
1125 4757 1464 4826 desiderans,
1498 4769 1554 4815 et
1593 4761 1926 4818 occultorum
1958 4779 2047 4819 co-

450 4847 691 4918 gnitione
743 4856 798 4904 et
847 4849 1049 4904 virtute
1096 4865 1322 4921 operum
1370 4851 1541 4908 Deum
1592 4868 1651 4910 se
1701 4868 1821 4910 esse
1875 4855 2050 4910 mani-

453 4939 633 4998 festat.

524 5036 593 5090 Et
635 5052 752 5092 cum
792 5038 1002 5093 vidisset
1043 5036 1201 5094 Iesus
1248 5041 1588 5112 cogitationes
1621 5059 1822 5107 eorum,
1861 5041 2045 5096 dixit:

459 5125 651 5197 thuid
676 5128 912 5199 cogitatis
937 5128 1083 5184 mala
1111 5130 1167 5185 in
1196 5132 1439 5187 cordibus
1468 5135 1684 5188 vestris?
1709 5133 1958 5191 Ostendit
1987 5148 2046 5190 se

456 5217 642 5284 Deum,
669 5220 759 5290 qui
795 5229 972 5291 potest
1002 5221 1182 5277 cordis
1209 5223 1419 5278 occulta
1458 5241 1806 5295 cognoscere,
1829 5236 1883 5281 et
1912 5240 2047 5296 quo—

456 5306 740 5363 dammodo
768 5318 953 5367 tacens
981 5311 1224 5382 loquitur
1258 5332 1269 5366 :
1306 5313 1505 5368 Eadem
1549 5300 1834 5384 majestate
1863 5323 1919 5369 et
1950 5331 2046 5386 po-

458 5398 621 5453 tentia
662 5415 767 5469 qua
806 5403 1163 5476 cogitationes
1203 5413 1417 5461 vestras
1456 5406 1690 5472 intueor,
1732 5421 1953 5476 possum
1993 5414 2048 5462 et

455 5489 762 5547 lmminibus
783 5493 977 5550 delicta
1001 5495 1294 5553 dimittere.
1319 5498 1400 5554 Ex
1419 5499 1572 5556 vobis
1602 5499 1886 5570 intelligite
1916 5499 2045 5568 quid

455 5580 784 5660 paralyticus
811 5596 1200 5658 consequatur.

529 5675 669 5743 Quid
710 5677 918 5747 facilius
948 5691 1023 5735 est
1059 5682 1254 5750 dicere,
1297 5683 1644 5739 Dimittuntur
1679 5684 1773 5738 tibi
1808 5691 2042 5753 peccata,

457 5780 548 5825 aut
577 5771 766 5838 dicere,
798 5773 963 5844 Surge
998 5787 1045 5830 et
1075 5777 1330 5833 ambula?
1369 5780 1515 5836 Inter
1543 5781 1722 5837 dicere
1751 5787 1807 5836 et
1839 5777 2043 5844 facere,

438 5862 627 5937 inulta
663 5865 918 5929 distantia
953 5876 1054 5926 est.
1098 5870 1291 5930 Utrum
1334 5874 1444 5931 sint
1484 5873 1784 5939 paralytico
1821 5879 2046 5939 peccata

2067 4627 2121 4688 D

2147 3388 2286 3442 sicut
2303 3385 2602 3440 Antiochus
2617 3381 2668 3454 (1
2675 3381 2703 3434 Ι
2718 3381 2770 3437 Μ
2778 3383 2894 3436 ach.
2910 3381 2990 3452 ιιι)
3011 3389 3065 3435 et
3083 3379 3326 3434 Herodes
3355 3378 3504 3446 (Act.
3520 3379 3643 3448 xu),
3657 3375 3732 3446 qui

2147 3486 2374 3547 uterque
2415 3491 2514 3530 suo
2559 3484 2800 3544 tempore
2843 3473 3101 3527 adversus
3138 3472 3312 3526 Deum
3355 3479 3734 3543 repugnantes,

2147 3577 2278 3640 quot
2322 3575 2716 3624 tormentorum
2755 3565 2811 3620 in
2851 3567 3096 3636 gehenna
3125 3573 3395 3635 perpetuo
3422 3563 3643 3633 passuri
3669 3578 3737 3617 (so

2149 3669 2286 3727 sent,
2315 3659 2662 3730 praesentium
2696 3655 3046 3712 afflictionum
3074 3655 3294 3711 miseria
3324 3656 3552 3711 cunctis
3577 3664 3738 3710 osten-

2149 3756 2347 3811 debant
2379 3773 2392 3808 :
2425 3755 2621 3824 quibus
2649 3753 2899 3809 convenit
2927 3752 3060 3807 illud
3085 3751 3372 3822 Propheta:
3406 3771 3424 3805 ;
3457 3750 3532 3805 Et
3561 3750 3738 3819 duplici

2148 3847 2457 3902 contritione
2486 3856 2689 3900 contere
2713 3862 2798 3900 eos
2832 3843 2964 3917 (Ier.
2995 3842 3147 3916 xvu).

2220 3939 2373 3995 Unde
2404 3953 2626 3994 necesse
2645 3947 2730 3994 est
2757 3937 2812 3992 in
2840 3937 3091 3993 omnibus
3119 3936 3210 4007 qui
3243 3935 3627 4004 temporaliter
3652 3933 3734 3986 ad.

2147 4048 2302 4090 versa
2335 4032 2595 4102 patimur,
2624 4046 2748 4086 cum
2781 4029 3088 4085 humilitate
3111 4028 3342 4084 Domino
3373 4028 3590 4099 gratias
3629 4042 3738 4095 aga-

2146 4141 2300 4190 mus;
2335 4134 2390 4178 et
2417 4121 2749 4177 infirmitatis
2773 4129 2972 4176 nostrae
3001 4121 3225 4186 conscii,
3257 4121 3324 4175 de
3352 4119 3580 4175 collatis
3601 4117 3737 4172 nobis

2150 4213 2402 4270 remediis
2430 4212 2764 4283 gratulemur
2789 4226 3011 4268 necesse
3036 4220 3141 4278 est,
3166 4221 3227 4266 ut
3254 4211 3324 4266 ad
3350 4211 3734 4266 conscientiam

2149 4315 2394 4361 nostram
2427 4304 2630 4360 reversi
2653 4303 2886 4360 solerter
2915 4320 3078 4376 opera
3102 4312 3289 4359 nostra
3316 4303 3486 4357 simul
3518 4314 3576 4358 et
3606 4301 3738 4372 cogi-

2151 4400 2381 4453 tationes
2424 4397 2786 4465 exploremus,
2822 4405 2876 4452 et
2916 4396 3173 4467 quidquid
3211 4411 3312 4451 nos
3355 4412 3628 4468 peccasse
3660 4396 3738 4448 de-

2147 4489 2532 4560 prehendimus
2556 4489 2717 4560 digna
2743 4488 3096 4560 castigatione
3125 4502 3452 4559 purgemus;
3487 4486 3737 4556 quidquid

2149 4581 2216 4637 de
2240 4581 2324 4636 his
2347 4597 2467 4652 qua:
2493 4596 2591 4636 nos
2621 4590 2768 4636 recte
2798 4580 2990 4638 fecisse
3019 4579 3392 4646 credebamus,
3426 4581 3567 4634 vitio
3598 4578 3740 4633 nobis

2148 4673 2401 4729 elationis
2439 4672 2646 4742 perisse
2683 4671 3068 4742 comperimus,
3116 4679 3170 4727 et
3214 4669 3316 4726 hoc
3345 4671 3548 4726 humili
3589 4670 3737 4726 satis-

2150 4765 2385 4821 factione
2433 4764 2759 4834 castigemus
2811 4783 2822 4817 :
2876 4763 2991 4818 haec
3037 4763 3182 4818 enim
3228 4763 3383 4818 nobis
3436 4763 3642 4832 sapius
3687 4759 3737 4814 tit

2151 4877 2313 4918 causa
2342 4859 2695 4931 ﬂagellorum.
2734 4859 3000 4916 Caeterum
3028 4861 3344 4916 innocentes
3372 4871 3432 4914 et
3471 4861 3656 4928 justas
3679 4859 3736 4912 ad

2151 4960 2440 5024 augmenta
2468 4952 2813 5022 praemiorum
2840 4949 3098 5022 ﬂagellari
3129 4950 3498 5020 perfectorum
3532 4963 3619 5008 est
3654 4953 3742 5005 do-

2153 5059 2283 5098 num
2318 5043 2549 5114 speciale
2584 5044 2823 5099 virorum
2855 5062 2866 5096 :
2898 5042 3216 5098 verberibus
3250 5051 3435 5098 autem
3476 5056 3742 5114 tempora-

2147 5133 2290 5189 libus
2317 5135 2383 5188 ad
2412 5134 2613 5189 aeterna
2663 5143 2926 5190 tormenta
2953 5136 3233 5206 compelli,
3279 5135 3739 5207 impaeniteutium

2149 5236 2232 5283 est
2259 5243 2418 5298 paena
2444 5228 2815 5298 reproborum.

2225 5317 2292 5373 Ut
2329 5321 2507 5374 sciatis
2549 5332 2723 5374 autem
2749 5321 2992 5391 quoniam
3021 5321 3166 5389 ﬁlius
3194 5321 3420 5376 hominis
3461 5321 3620 5376 habet
3656 5339 3739 5392 po-

2151 5419 2384 5466 testatem
2415 5410 2469 5462 in
2502 5419 2643 5464 terra
2668 5410 2962 5465 dimittendi
2995 5423 3229 5482 peccata,
3261 5421 3385 5466 tunc
3421 5416 3502 5467 ait
3529 5416 3738 5484 paraly-

2150 5503 2252 5556 tico
2280 5518 2299 5556 :
2340 5500 2526 5571 Surge,
2558 5499 2681 5556 tolle
2721 5501 2909 5556 lectum
2946 5512 3125 5569 tuum,
3170 5512 3217 5558 et
3251 5503 3384 5558 vade
3424 5503 3486 5558 in
3525 5505 3736 5558 donis.

2149 5602 2314 5646 tuam.
2349 5591 2560 5663 (Beda.)
2594 5592 2651 5646 Si
2681 5601 2735 5646 et
2764 5594 2904 5648 Deus
2931 5602 3013 5649 est
3037 5593 3192 5662 juxta
3222 5593 3571 5649 Psalmistam
3597 5637 3612 5659 ,
3653 5595 3738 5663 qui

2148 5692 2401 5753 quantum
2441 5682 2603 5735 distat
2631 5684 2805 5738 oriens
2845 5684 2910 5739 ab
2951 5701 3172 5750 occasu,
3214 5683 3473 5755 elongauit
3517 5704 3549 5738 a
3597 5685 3738 5738 nobis

2146 5779 2450 5849 iniquitates
2483 5787 2690 5832 nostras
2719 5776 2889 5850 (Psal.
2925 5779 3045 5850 cu),
3086 5787 3140 5835 et
3163 5779 3305 5847 ﬁlius
3336 5779 3564 5833 hominis
3588 5790 3737 5849 ρωειο

2148 5879 2334 5928 statem
2367 5869 2520 5927 habet
2550 5869 2606 5925 in
2635 5880 2772 5928 terra
2810 5871 3103 5928 dimittendi
3129 5881 3338 5928 oeccata
3372 5885 3390 5924 .'
3430 5886 3563 5929 ertto
3592 5871 3738 5927 idem
