3914 6456
176 362 284 426 875

1139 357 1494 419 COMMENT.
1531 357 1600 417 IN
1633 357 2073 419 MATTHrEUM.
2110 393 2185 407 —
2219 364 2352 424 LIB.
2390 365 2476 425 Ill.

3359 369 3471 431 επ

173 481 292 554 ipse
325 485 382 535 et
404 475 550 536 Deus
580 484 637 534 et
666 476 809 534 illius
834 476 1072 534 hominis
1101 484 1217 545 est;
1254 484 1317 533 ut
1339 484 1397 532 et
1418 476 1584 533 homo
1610 475 1767 532 Chri-
1791 482 1843 543 Α
1870 478 2040 534 monis
2064 475 2246 550 (Prov.
2274 479 2465 553 xviu);
2489 486 2544 536 et
2564 477 2620 536 in
2643 478 2751 536 alio
2766 478 3103 538 locozbictu
3113 491 3327 555 peccata
3349 493 3470 558 tua,

172 583 291 632 stus
316 588 415 646 per
442 572 742 629 divinitatis
770 587 880 629 sua:
908 571 1211 631 potentiam
1246 577 1469 642 peccata
1501 571 1773 627 dimittere

169 666 376 739 possit,
415 672 470 720 et
499 665 641 720 idem
685 664 829 720 Deus
862 663 1112 721 Christus
1152 679 1252 736 per
1279 663 1632 719 humanitatis
1661 679 1774 721 suae

170 754 528 830 fragilitatem
575 772 675 829 pro
720 756 1099 829 peccatoribus
1147 755 1309 813 mori.
1362 754 1559 830 (Joan.
1608 755 1772 830 Chr.)

170 852 461 909 Scrutator
485 851 788 908 animarum
816 852 1078 926 praevenit
1102 852 1369 909 mentium
1411 866 1609 924 magna
1638 868 1772 910 con-

168 945 311 1004 silia.
363 944 435 1001 Et
461 945 680 1002 deitatis
707 961 819 1003 suae
862 946 1158 1018 potentiam
1203 946 1383 1018 operis
1425 947 1775 1004 attestatione

167 1035 531 1105 monstravit,
559 1037 689 1094 dum
723 1037 970 1109 dissipati
995 1038 1243 1108 corporis
1280 1039 1524 1095 membra
1555 1053 1775 1109 compo-

164 1130 283 1197 nit,
330 1145 532 1187 nervos
577 1130 830 1202 stringit,
875 1146 1000 1187 ossa
1030 1131 1284 1203 complet,
1318 1131 1533 1188 viscera
1568 1131 1771 1198 ﬁrmat,

164 1223 428 1279 virtutem
456 1232 511 1280 et
535 1238 753 1294 gressus
781 1224 850 1281 ad
877 1238 1095 1281 cursum
1123 1225 1350 1281 suscitat
1374 1225 1431 1280 in
1457 1224 1580 1281 vivo
1607 1224 1773 1281 cada-

162 1327 293 1372 vere
312 1312 435 1384 jam
462 1316 722 1388 sepultos.
757 1314 923 1384 Tolle,
951 1316 1060 1384 ait,
1093 1315 1285 1370 lectum
1307 1324 1458 1370 tuum
1485 1328 1504 1369 :
1532 1316 1636 1371 hoc
1665 1323 1770 1380 est,

161 1415 323 1479 porta
346 1415 677 1480 portantem,
712 1407 897 1465 oneris
924 1416 1075 1463 muta
1098 1407 1269 1475 vices,
1297 1415 1359 1462 ut
1386 1407 1531 1479 quod
1559 1406 1661 1463 fuit
1687 1407 1772 1462 in-

162 1497 446 1556 firmitatis
473 1499 875 1567 testimonium,
916 1499 989 1555 sit
1030 1499 1279 1569 probatio
1313 1498 1582 1555 sanitatis.
1625 1495 1771 1554 Vade

160 1591 219 1645 in
246 1591 467 1647 domum
491 1603 638 1648 tuam
674 1606 694 1646 :
732 1607 803 1649 ne
836 1591 1148 1649 Christiana
1183 1592 1290 1649 ﬁde
1325 1600 1547 1650 curatus
1584 1592 1639 1648 in
1667 1593 1771 1650 viis

159 1677 408 1739 Iudaicae
436 1683 680 1755 perfidiae
698 1681 815 1753 jam
841 1683 1073 1739 moreris

232 1771 573 1844 Spiritaliter
593 1783 797 1844 autem,
820 1790 1045 1848 surgere
1070 1775 1138 1832 de
1166 1773 1309 1831 lecto
1334 1782 1421 1831 est
1446 1774 1683 1830 animam
1709 1790 1770 1833 se

1876 579 1934 623 ut
1951 570 2265 640 justi/Fceris
2294 570 2430 643 (Isa.
2476 570 2654 646 sun).
2695 572 3007 628 Matthreum
3033 589 3093 630 se
3128 583 3186 630 et
3218 575 3470 647 publiea-

1875 678 2007 719 num
2035 664 2299 733 nominat,
2320 674 2382 719 ut
2401 666 2652 723 ostendat
2676 664 2999 738 legentibus,
3037 667 3243 724 nullum
3270 669 3471 727 debere

1874 754 2103 811 salutem
2160 756 2471 827 desperare,
2525 757 2571 813 si
2616 758 2687 814 ad
2737 758 2963 815 meliora
3005 774 3302 818 conversus
3352 762 3467 832 sit,

1874 862 1998 904 cum
2033 848 2147 920 ipse
2184 850 2251 906 de
2284 849 2576 921 publicano
2630 851 2688 907 in
2741 851 3061 923 Apostolum
3115 853 3188 910 sit
3240 863 3468 925 repente

1874 946 2133 996 mutatus.
2178 939 2393 1015 (Beda.)
2434 941 2562 999 Levi
2586 942 2733 1000 enim
2774 943 3165 1016 interpretatur
3209 947 3467 1015 additus,

1874 1029 1992 1087 sive
2020 1042 2340 1105 assumptus.
2366 1033 2522 1103 Quod
2543 1037 2708 1092 etiam
2728 1050 2927 1095 nomen
2951 1037 3129 1094 eidem
3155 1039 3246 1094 cui
3283 1039 3470 1095 datum

1873 1128 1984 1187 est,
2021 1124 2394 1181 testimonium
2429 1127 2700 1199 perhibet.
2738 1126 3023 1200 Signiﬁcat
3069 1145 3306 1202 namque
3341 1131 3468 1201 quia

1874 1224 2185 1285 assumptus
2222 1225 2306 1273 est
2345 1233 2445 1291 per
2486 1220 2809 1277 electionem
2845 1237 2877 1277 a
2921 1222 3167 1289 Domino,
3219 1232 3275 1279 et
3310 1222 3466 1279 addi-

1874 1314 1963 1362 tus
2005 1307 2075 1362 ad
2109 1323 2394 1366 numerum
2439 1313 2642 1383 gradus
2683 1314 2988 1384 apostolici.
3035 1312 3219 1387 (Aug.)
3267 1314 3471 1370 Notan-

1873 1396 2003 1451 dum
2030 1407 2212 1455 autem
2241 1400 2385 1472 quod
2425 1402 2568 1459 hanc
2603 1404 2943 1460 vocationem
2984 1420 3140 1461 suam
3182 1404 3470 1462 Matthzeus

1872 1489 2089 1546 videtur
2136 1493 2565 1564 praetermissam
2615 1497 2705 1552 hic
2750 1497 3049 1554 recordari.
3095 1498 3235 1566 Quia
3282 1499 3471 1569 utique

1872 1589 2000 1637 ante
2033 1580 2185 1637 illum
2217 1597 2523 1642 sermonem
2550 1586 2796 1643 habitum
2822 1588 2878 1643 in
2905 1595 3110 1656 monte,
3140 1587 3470 1644 credendum

1871 1678 1958 1727 est
2008 1680 2262 1729 vocatum
2312 1688 2433 1730 esse
2468 1675 2798 1733 Matthaaum.
2846 1678 2904 1733 in
2947 1693 3015 1735 eo
3055 1679 3253 1750 quippe
3286 1686 3472 1735 monte

1872 1773 2003 1822 tunc
2026 1765 2206 1823 Lucas
2232 1778 2625 1826 commemorat
2667 1786 2859 1827 omnes
2885 1769 3172 1826 duodecim
3196 1785 3265 1825 ex
3302 1770 3472 1842 pluri-

158 1876 191 1921 a
214 1866 530 1923 carnalibus
550 1867 851 1933 desideriis,
876 1868 969 1923 ubi
998 1882 1139 1941 aegra
1161 1867 1403 1941 iacebat,
1426 1868 1765 1925 abstrahere.
1796 1874 1847 1938 B
1873 1863 1979 1916 mis
2039 1861 2321 1934 diSCipulis
2363 1862 2565 1921 electos
2590 1906 2606 1933 ,
2654 1880 2790 1937 quos
2851 1874 2909 1923 et
2963 1866 3236 1940 apostolos
3295 1867 3483 1924 nomi-'

155 1958 393 2017 Lectum
424 1977 557 2019 vero
585 1961 799 2031 tollere,
836 1970 921 2020 est
944 1963 1119 2035 ipsam
1144 1978 1361 2035 quoque
1387 1979 1642 2033 carnem,
1673 1979 1772 2036 per

155 2052 515 2110 continentiae
560 2054 716 2111 frena
747 2063 1090 2127 correptam,
1141 2071 1238 2128 spe
1283 2056 1587 2114 caelestium
1632 2073 1771 2130 pra:-

155 2145 402 2202 miorum
430 2162 461 2201 a
500 2146 710 2204 deliciis
734 2163 1020 2221 segregare
1048 2149 1300 2206 terrenis.
1337 2148 1563 2208 Sublato
1589 2159 1772 2208 autem

152 2235 301 2295 lecto
341 2238 562 2296 domum
610 2240 712 2307 ire,
765 2241 835 2297 ad
879 2242 1195 2313 paradisum
1242 2243 1421 2299 redire
1464 2250 1549 2300 est
1590 2262 1605 2300 :
1653 2246 1772 2301 haec

154 2328 364 2385 etenim
393 2345 523 2387 vera
554 2339 639 2387 est
669 2332 865 2389 domus
887 2342 1094 2402 nostra,
1129 2350 1251 2406 quae
1279 2334 1553 2391 hominem
1592 2337 1769 2408 prima

155 2422 424 2495 suscepit,
454 2440 566 2488 non
587 2423 714 2496 jure
738 2427 963 2495 amissa,
995 2427 1093 2483 sed
1114 2426 1327 2494 fraude,
1357 2428 1578 2487 tandem
1606 2430 1771 2487 resti-

155 2522 275 2571 tuta
307 2531 413 2589 per
433 2532 558 2573 eum
588 2518 682 2590 qui
708 2517 1053 2576 fraudulento
1078 2520 1221 2576 hosti
1248 2519 1387 2576 nihil
1416 2520 1619 2577 debuit.
1651 2521 1767 2577 Ali-

156 2615 263 2678 ter,
324 2626 491 2668 sanus
527 2611 619 2683 qui
661 2611 945 2683 languerat
984 2609 1205 2670 domum
1251 2620 1496 2684 reportat
1543 2613 1766 2684 lectum,

159 2714 287 2756 cum
318 2701 533 2771 anima,
565 2704 889 2761 remissione
918 2714 1141 2777 accepta
1169 2714 1554 2779 peccatorum,
1585 2709 1655 2765 ad
1688 2709 1771 2765 in-

160 2799 375 2849 ternam
399 2794 486 2850 sui
514 2795 820 2853 custodiam
846 2812 969 2852 cum
997 2797 1114 2868 ipso
1140 2813 1199 2853 se
1228 2812 1457 2869 corpore
1478 2797 1667 2865 refert,
1702 2815 1771 2857 ne

159 2883 288 2955 quid
313 2885 583 2955 perversi,
607 2886 753 2942 unde
782 2886 1002 2953 iterum,
1030 2886 1181 2957 juste
1206 2885 1461 2957 feriatur,
1494 2889 1767 2945 admittat.

232 2974 301 3030 Et
331 2979 602 3045 surrexit,
632 2987 683 3034 et
708 2978 836 3037 abiit
862 2980 919 3034 in
946 2980 1161 3037 domum
1190 2998 1363 3037 suam.
1398 2981 1673 3057 (Hieron.)
1705 2984 1773 3040 Et

158 3067 339 3124 anima
376 3070 678 3144 paralytica
721 3071 767 3127 si
805 3060 1144 3141 surrexerit,
1188 3074 1234 3131 si
1275 3074 1443 3131 robur
1478 3076 1773 3147 pristinum

161 3162 601 3232 recuperaverit,
639 3172 826 3237 portat
862 3165 1065 3221 lectum
1104 3181 1264 3224 suum
1309 3166 1366 3222 in
1408 3183 1516 3240 quo
1554 3167 1775 3240 iacebat

161 3259 289 3308 ante
315 3252 621 3311 dissoluta:
650 3263 708 3312 et
740 3264 923 3328 portat
947 3257 1101 3314 illum
1143 3258 1202 3314 in
1247 3258 1469 3317 domum
1508 3261 1771 3320 virtutum
1799 3244 1846 3311 (ἶ

163 3357 411 3401 suarum.

242 3433 493 3493 Videntes
519 3447 697 3495 autem
727 3442 895 3498 turba:
926 3444 1235 3515 timuerunt,
1268 3454 1317 3502 et
1345 3447 1772 3519 gloriﬁcaverunt

160 3525 355 3594 Deum,
386 3529 478 3601 qui
501 3531 646 3586 dedit
670 3541 980 3603 potestatem
1010 3535 1169 3590 talem
1198 3537 1519 3594 hominibus.
1553 3537 1769 3612 (Beda.)

162 3618 339 3687 Quam
391 3623 643 3679 miranda
693 3625 891 3683 divina:
932 3630 1190 3699 potentiae
1234 3631 1441 3699 virtus,
1488 3634 1582 3689 ubi
1627 3632 1774 3691 nulla

162 3712 427 3781 temporis
458 3714 855 3773 interveniente
891 3734 1066 3787 mora,
1102 3721 1261 3793 jussu
1298 3721 1598 3781 Salvatoris
1627 3726 1775 3784 salus

161 3799 367 3857 festina
384 3805 706 3863 comitatur!
728 3807 962 3881 Ideoque
982 3813 1181 3869 merito
1200 3814 1292 3884 qui
1316 3814 1604 3885 aﬂ'uerant,
1622 3818 1775 3876 dam-

161 3895 308 3950 natis
334 3895 689 3970 blasphemiae
703 3903 922 3975 jaculis,
945 3907 1014 3963 ad
1039 3907 1255 3966 laudem
1283 3918 1447 3968 tantae
1474 3912 1775 3983 majestatis

164 3992 441 4061 stupentia
470 3995 636 4051 corda
663 4008 1007 4058 convertunt.
1256 4006 1262 4013 ’

237 4078 350 4155 [ΙΙ.]
377 4082 448 4139 Et
478 4102 597 4141 cum
624 4090 872 4146 transiret
898 4093 1022 4149 inde
1044 4093 1222 4164 Iesus,
1247 4099 1373 4154 vidit
1397 4100 1662 4158 hominem
1686 4119 1771 4159 se-

165 4173 369 4231 dentem
395 4180 451 4234 in
473 4179 687 4250 telonio,
718 4183 1034 4242 Mattlueum
1064 4193 1306 4259 nomine,
1337 4203 1385 4248 et
1423 4196 1499 4249 ait
1528 4195 1607 4250 illi
1635 4210 1655 4250 :
1679 4195 1775 4254 Se-

166 4284 320 4339 quere
347 4288 450 4328 me.
492 4272 656 4343 Vidit,
690 4277 887 4350 inquit,
918 4280 1079 4338 Iesus
1115 4284 1380 4342 hominem
1414 4287 1678 4345 sedentem
1717 4290 1774 4346 in

167 4361 391 4432 telonio,
443 4364 759 4425 Hatthazum
796 4374 1042 4441 nomine,
1077 4383 1185 4432 etc.
1242 4377 1391 4434 Vidit
1431 4388 1614 4436 autem
1664 4395 1773 4437 non

171 4461 274 4510 tam
302 4460 558 4530 corporei
609 4460 857 4530 intuitus,
911 4480 1080 4535 quam
1131 4467 1361 4525 interna:
1405 4469 1773 4528 miserationis

169 4550 500 4619 aspectibus,
547 4554 744 4624 quibus
782 4565 838 4612 et
890 4556 1112 4615 Petrum
1158 4570 1446 4633 negantem
1475 4604 1491 4631 ,
1549 4572 1612 4619 ut
1651 4580 1773 4622 rea-

170 4645 279 4695 tum
308 4657 473 4700 suum
494 4657 833 4718 agnosceret,
861 4653 1121 4723 respexit.
1140 4652 1289 4711 Vidit
1317 4671 1447 4727 ergo
1468 4657 1767 4727 hominem,

171 4728 224 4784 id
251 4741 367 4803 est,
394 4736 661 4796 misertus
688 4748 775 4797 est
813 4756 936 4797 eum
957 4784 973 4811 ,
1006 4744 1101 4815 qui
1136 4746 1391 4804 humanis
1423 4758 1634 4806 tantum
1660 4758 1773 4807 stu-

173 4821 270 4879 diis
298 4826 519 4888 deditus
545 4839 647 4888 est.
699 4831 841 4889 Vidit
869 4836 1131 4892 sedentem
1155 4840 1212 4894 in
1241 4838 1456 4910 telonio,
1504 4841 1773 4913 pertinaci

173 4916 423 4979 videlicet
478 4926 677 4993 studio,
733 4930 1124 5001 temporalibus
1174 4931 1342 4990 lucris
1391 4933 1694 4990 inhiantem
1754 4953 1770 4992 :

173 5014 306 5076 τέλος
332 5021 484 5076 enim
547 5019 734 5079 Graece
757 5064 773 5091 ,
829 5023 1022 5081 Latine
1080 5027 1303 5100 vectigal
1358 5029 1771 5103 interpretatur.

179 5112 511 5185 Matthwum,
541 5117 736 5190 inquit,
766 5120 994 5176 nomine.
1025 5119 1313 5179 Mattlueus
1339 5122 1634 5193 Hebraice,
1666 5124 1771 5181 La—

179 5205 289 5262 tine
313 5208 519 5267 dicitur
545 5210 793 5267 donatus.
824 5212 981 5281 Quod
1023 5214 1270 5285 profecto
1296 5231 1497 5275 nomen
1542 5218 1620 5274 illi
1648 5229 1773 5291 apte

182 5301 454 5372 congruit,
503 5301 597 5373 qui
627 5310 841 5359 tantum
891 5319 1138 5378 supernae
1167 5308 1355 5380 gratiae
1392 5325 1591 5368 munus
1619 5327 1775 5369 acce-

184 5390 282 5461 pit.
308 5391 584 5467 (Hieron.)
611 5393 723 5452 Nec
748 5400 1186 5467 praetereundum
1208 5401 1356 5471 quod
1394 5396 1579 5458 caeteri
1603 5418 1774 5459 evan-

185 5481 404 5554 gelista,
436 5494 659 5558 propter
696 5489 1077 5544 verecundiam
1108 5498 1163 5546 et
1202 5491 1466 5548 honorem
1514 5490 1771 5561 Matthaei,

190 5574 476 5633 noluerunt
507 5593 632 5635 eum
661 5578 882 5635 nomine
908 5581 1180 5651 appellare
1206 5584 1448 5657 vulgato,
1486 5584 1582 5641 sed
1624 5584 1775 5641 dixe-

191 5676 334 5736 runt,
388 5669 512 5726 Levi
556 5669 710 5742 (Luc.
749 5669 839 5743 v);
887 5671 1085 5743 duplici
1115 5675 1315 5747 quippe
1344 5676 1609 5734 vocabulo
1649 5676 1773 5732 fuit.

192 5754 308 5830 ipse
337 5770 518 5818 autem
559 5761 870 5829 Matthazus,
907 5764 1206 5821 secundum
1234 5767 1378 5838 quod
1423 5783 1455 5823 a
1484 5767 1777 5826 Salomone

193 5857 517 5928 praecipitur,
538 5860 718 5930 justus
743 5868 1020 5916 accusator
1048 5862 1132 5917 sui
1159 5872 1256 5932 est,
1285 5863 1342 5919 in
1369 5864 1625 5937 principio
1667 5882 1778 5921 ser-

510 5954 785 6018 Ps'rnon.
831 5954 1019 6023 CVIL

1798 4613 1852 4676 D

1872 1954 2043 2010 navit.

1943 2046 2014 2102 Et
2058 2065 2278 2122 surgens
2338 2060 2549 2108 secutus
2590 2061 2666 2109 est
2717 2069 2857 2110 eum.
2894 2054 2953 2111 In
2985 2050 3475 2129 Evarugelithuca‘.

1872 2143 2138 2214 scriptum
2179 2151 2263 2199 est
2304 2144 2518 2215 plenius
2572 2165 2586 2201 :
2628 2147 2697 2202 Et
2738 2149 2932 2205 relictis
2987 2151 3229 2207 omnibus
3264 2160 3473 2207 secutus

1871 2244 1948 2290 est
1975 2252 2116 2290 eum.
2150 2236 2464 2311 lntelligens
2489 2255 2619 2312 ergo
2649 2239 2958 2310 Matthaeus,
2991 2242 3123 2314 quid
3164 2244 3237 2299 sit
3264 2243 3475 2300 veraci-

1871 2338 1960 2385 ter
2007 2331 2180 2387 Deum
2224 2333 2414 2405 sequi,
2448 2334 2655 2391 relictis
2695 2336 2949 2393 omnibus
2987 2336 3275 2408 sequitur:
3318 2337 3477 2408 sequi

1871 2425 2019 2481 enim
2070 2426 2276 2483 imitari
2316 2436 2419 2485 est.
2473 2430 2709 2503 Ideoque
2756 2442 2816 2489 ut
2862 2448 3156 2505 pauperem
3197 2433 3477 2490 Christum

1870 2533 1980 2574 non
2012 2526 2124 2573 tam
2169 2535 2361 2591 gressu
2395 2536 2559 2593 quam
2589 2523 2784 2580 affectu
2829 2526 2982 2597 sequi
3024 2526 3314 2598 potuisset,
3347 2524 3480 2582 reli-

1872 2611 1992 2682 quit
2016 2613 2257 2683 propria,
2283 2614 2377 2686 qui
2422 2630 2615 2687 rapere
2655 2617 2867 2674 solebat
2896 2617 3075 2674 aliena
3104 2635 3119 2674 :
3151 2616 3478 2689 perfectam-

1872 2719 1979 2775 que
2004 2705 2164 2761 nobis
2208 2707 2702 2766 abrenuntiationis
2730 2710 2913 2767 saeculi
2952 2710 3187 2768 formam
3234 2711 3481 2770 tribuens

1872 2811 1983 2852 non
2017 2797 2193 2853 solum
2227 2798 2380 2854 lucra
2415 2800 2637 2872 reliquit
2664 2803 3035 2873 vectigalium,
3066 2804 3163 2859 sed
3188 2812 3244 2859 et
3265 2804 3481 2875 pericu-

1874 2886 1988 2943 lum
2015 2891 2347 2961 contempsit
2392 2893 2540 2962 quod
2566 2894 2785 2949 evenire
2825 2902 3040 2964 poterat
3080 2909 3112 2950 a
3142 2894 3481 2967 principibus

1873 2982 2083 3045 saeculi.
2115 2984 2242 3055 quia
2268 2985 2614 3057 vectigalium
2642 2987 2884 3043 rationes
2930 2986 3286 3059 imperfectas
3313 2995 3480 3059 atque

1874 3074 2267 3148 incompositas
2318 3079 2635 3151 reliquerit;
2679 3088 2830 3136 tanta
2874 3081 3022 3137 enim
3050 3081 3347 3152 cupiditate
3387 3096 3480 3137 se-

1876 3171 2078 3242 quendi
2105 3171 2276 3227 Deum
2302 3172 2495 3229 ductus
2536 3180 2643 3240 est,
2674 3182 2735 3228 ut
2765 3173 2821 3228 in
2866 3173 3015 3229 nullo
3045 3188 3273 3245 prorsus
3315 3171 3481 3242 hujus

1878 3264 2005 3320 vita:
2029 3271 2339 3335 respectum
2372 3264 2457 3319 vel
2488 3265 2873 3337 cogitationem
2918 3265 3138 3321 sibimet
3164 3277 3479 3321 reservave-

1877 3355 1970 3411 rit.
2001 3354 2276 3429 (Hieron.)
2321 3355 2518 3427 Arguit
2561 3357 2665 3412 hoc
2691 3355 2811 3413 loco
2839 3352 3176 3428 Porphyrius
3210 3362 3267 3411 et
3304 3352 3480 3411 Julia-

1876 3462 1981 3503 nus
2010 3446 2307 3520 Augustus,
2357 3448 2444 3504 vel
2483 3447 2820 3519 imperitiam
2862 3447 3110 3504 historici
3141 3446 3477 3515 mentientis,

1876 3539 1964 3597 vel
2007 3540 2297 3596 stultitiam
2327 3554 2518 3597 eorum
2565 3539 2659 3611 qui
2688 3539 2878 3595 statim
2911 3539 3085 3596 secuti
3126 3546 3255 3596 sunt
3292 3536 3480 3595 Salva-

1879 3640 2073 3697 torem,
2131 3631 2289 3703 quasi
2338 3618 2792 3688 irrationabiliter
2842 3630 3143 3703 quemlibet
3188 3638 3479 3693 vocantem

1875 3726 2155 3783 hominem
2194 3725 2303 3782 sint
2341 3726 2545 3793 secuti,
2585 3742 2709 3783 cum
2752 3734 2919 3782 tantae
2945 3726 3174 3782 virtutes
3215 3732 3478 3795 tantaque

1877 3818 2033 3890 signa
2056 3819 2462 3889 pmcesserint,
2497 3832 2618 3890 quae
2648 3816 2936 3890 apostolos,
2971 3827 3265 3889 antequam
3299 3816 3476 3872 credi-

1878 3910 2091 3979 derint,
2120 3910 2323 3967 vidisse
2347 3926 2455 3966 non
2487 3910 2712 3967 dubium
2739 3920 2842 3967 est.
2886 3909 3047 3967 Certe
3080 3908 3256 3981 fulgor
3278 3908 3397 3980 ipse
3420 3916 3478 3963 et

1876 4001 2135 4073 majestas
2178 4002 2478 4072 divinitatis
2518 4002 2765 4070 occultae,
2798 4017 2919 4073 quae
2939 4001 3103 4057 etiam
3154 4002 3212 4057 in
3239 4002 3479 4058 humana

1875 4095 2019 4152 facie
2050 4095 2362 4163 relucebat,
2415 4111 2483 4152 ex
2527 4095 2706 4167 primo
2745 4094 2814 4150 ad
2860 4110 2920 4151 se
2962 4094 3211 4151 videntes
3256 4094 3480 4150 trahere

1876 4198 2095 4263 poterat
2120 4199 2363 4262 aspectu.
2397 4188 2456 4244 Si
2485 4189 2631 4246 enim
2657 4189 2712 4244 in
2736 4189 2913 4260 lapide
2940 4197 3191 4261 magnete
3220 4196 3276 4246 et
3302 4186 3481 4245 succi-

1876 4282 1965 4339 nis
2001 4284 2119 4338 haic
2145 4297 2267 4339 esse
2290 4281 2372 4337 vis
2406 4280 2627 4349 dicitur,
2657 4289 2719 4336 ut
2744 4279 2996 4346 annulos,
3027 4288 3082 4337 et
3104 4280 3384 4352 stipulam,
3421 4288 3479 4337 et

1875 4373 2117 4432 festucas
2164 4374 2271 4430 sibi
2309 4372 2599 4445 copulent,
2632 4380 2839 4445 quanto
2866 4372 3039 4442 magis
3065 4371 3329 4427 Dominus
3353 4385 3476 4428 om-

1876 4472 2029 4527 nium
2058 4480 2435 4527 creaturarum
2470 4469 2537 4525 ad
2568 4483 2629 4525 se
2668 4467 2885 4523 trahere
2913 4473 3132 4536 poterat
3159 4479 3296 4537 quos
3323 4465 3478 4521 vole-

1876 4563 1991 4619 bat.
2033 4561 2312 4634 Siquidem
2350 4562 2467 4631 ipse
2499 4558 2780 4627 Dominus,
2808 4557 2902 4628 qui
2932 4558 3078 4613 hunc
3104 4556 3346 4613 exterius
3376 4555 3481 4611 hu-

1877 4673 2040 4713 mana
2084 4655 2430 4721 allocutione,
2468 4662 2529 4709 ut
2570 4669 2630 4710 se
2675 4659 3023 4723 sequeretur,
3063 4651 3299 4717 vocavit,
3331 4649 3478 4707 intus

1877 4750 2064 4807 divina
2114 4749 2493 4821 inspiratione,
2537 4755 2598 4802 ut
2628 4762 2754 4802 mox
2784 4754 3069 4802 vocantem
3116 4751 3473 4816 sequeretur,

1878 4840 2144 4906 accendit,
2178 4841 2297 4912 ipse
2328 4838 2695 4904 invisibiliter,
2724 4838 2996 4909 quomodo
3025 4836 3360 4909 sequendum
3383 4849 3475 4891 es~

1878 4948 1983 5007 set,
2011 4938 2249 4996 edocuit.
2280 4935 2511 5006 Propter
2551 4935 2697 5007 quod
2740 4933 2832 4989 ille
2872 4933 3072 4990 merito
3112 4929 3433 4988 obedientiae
3458 4968 3476 4996 ,

1879 5031 2011 5088 dum
2060 5030 2299 5087 humana
2336 5035 2692 5084 contemnens
2730 5025 2950 5097 negotia
2978 5021 3204 5089 deserit,
3237 5020 3476 5076 domini-

1881 5139 2073 5181 corum
2098 5122 2274 5179 ﬁdelis
2300 5122 2644 5192 dispensator
2671 5117 2849 5175 factus
2888 5127 2974 5175 est
3002 5116 3352 5172 talentorum.

1878 5266 1888 5281 ,
1952 5213 2023 5268 Et
2052 5214 2253 5285 factum
2277 5221 2373 5279 est,
2400 5209 2759 5265 discumbente
2791 5223 2851 5262 eo
2889 5209 2945 5261 in
2966 5206 3143 5272 domo,
3170 5220 3286 5260 ecce
3322 5200 3476 5258 multi

1877 5305 2146 5380 publicani
2185 5313 2233 5361 et
2276 5312 2571 5376 peccatores
2608 5300 2870 5355 venientes
2908 5294 3302 5353 discumbebant
3354 5310 3475 5349 eum

1880 5401 2010 5457 Iesu
2050 5408 2097 5454 et
2137 5396 2410 5469 discipulis
2449 5396 2585 5467 ejus.
2631 5391 2812 5466 (Aug.
2836 5390 2856 5465 )
2883 5389 2985 5448 Hic
3032 5389 3319 5447 Matthteus
3365 5404 3474 5446 non

1879 5493 2149 5567 expressit
2170 5493 2226 5549 in
2248 5489 2404 5561 cujus
2428 5490 2587 5546 domo
2610 5485 2986 5544 discumbebat
3005 5483 3186 5555 Iesus,
3214 5485 3312 5542 sed
3336 5482 3472 5541 scri—

1875 5586 1959 5643 bit
1986 5585 2318 5658 evangelista
2340 5583 2539 5651 Lucas,
2570 5579 2700 5653 quia
2721 5577 2917 5637 fecerit
2938 5579 2990 5635 ei
3015 5577 3328 5635 convivium
3348 5589 3469 5632 ma-

1878 5694 2044 5750 gnum
2070 5678 2203 5736 Levi
2231 5678 2288 5735 in
2329 5678 2491 5735 domo
2533 5690 2631 5734 sua
2665 5694 2679 5731 :
2731 5675 2878 5746 quod
2921 5672 3309 5747 mysteriorum
3337 5668 3479 5740 ﬁgu-

1879 5773 1957 5830 ris
1982 5781 2107 5845 apte
2130 5772 2399 5845 congruit.
2426 5768 2531 5838 Qui
2559 5770 2705 5826 enim
2734 5766 3007 5824 domicilio
3032 5765 3310 5823 Christum
3338 5760 3472 5817 reci-

1880 5865 1962 5937 pit
1994 5865 2229 5933 interno,
2272 5863 2525 5922 maximis
2566 5860 3015 5920 delectationibus
3056 5853 3473 5913 exuberantiutn

3033 5950 3113 6012 28
