3914 6466
426 390 534 464 875

1083 398 1146 457 Β.
1191 388 1448 458 mani
1485 386 1709 456 MAURI
1748 394 2065 456 ancnmr.
2110 376 2421 475 uocum.
2462 392 2751 455 OPERUM
2785 396 2965 454 PARS
3001 396 3046 453 ι.

3630 398 3738 455 876

425 522 667 595 pascitur
688 522 1045 592 voluptatum.
1070 516 1258 589 Itaque
1286 516 1548 573 Dominus
1575 517 1809 573 libenter
1833 516 2011 588 ingre-
2041 518 2096 583 Α
2120 526 2250 572 tates
2284 528 2511 585 nostras,
2542 527 2591 572 et
2631 517 2791 573 livore
2816 518 2931 588 ejus
2974 506 3153 574 sanati
3179 538 3364 577 sumus
3394 506 3545 596 (fsa.
3582 528 3731 597 LIII).

425 618 591 684 ditur,
632 623 687 669 et
729 614 783 668 in
807 611 944 682 ejus,
975 611 1067 683 qui
1104 604 1431 677 crediderit,
1488 611 1756 666 recumbit
1783 609 1973 666 all'ectu
2004 628 2018 665 :

421 726 477 773 et
505 717 607 771 hoc
633 721 716 769 est
743 712 1011 768 bonorum
1039 724 1263 781 operum
1286 707 1527 778 spiritale
1554 708 1887 774 convivium,
1915 723 2022 777 quo

391 808 574 867 .dives
608 804 839 875 populus
871 810 1012 872 eget,
1063 815 1272 873 pauper
1296 798 1567 869 epulatur.
1597 796 1810 872 (Beda.)
1839 798 2022 854 Publi-

421 900 542 956 cani
574 908 754 955 autem
785 897 927 954 sicut
952 897 1117 953 etiam
1148 895 1367 951 nomine
1395 894 1651 965 probant,
1682 892 2021 964 appellantur

420 994 475 1050 hi
506 993 600 1064 qui
631 992 914 1064 vectigalia
931 990 1160 1062 publica
1189 990 1431 1062 exigunt,
1460 988 1575 1043 sive
1602 988 1697 1059 qui
1723 987 2021 1043 conducto-

420 1099 510 1140 res
549 1092 678 1138 sunt
701 1082 1069 1152 vectigalium,
1119 1081 1260 1148 ﬁsci,
1288 1080 1387 1159 vel.
1419 1096 1603 1135 rerum
1633 1079 1970 1150 publicarum
2002 1096 2015 1132 :

419 1191 523 1231 nec
552 1191 657 1231 non
688 1183 743 1230 et
768 1175 824 1230 hi
851 1174 944 1247 qui
976 1173 1156 1229 sazculi
1186 1171 1349 1243 hujus
1382 1173 1535 1228 lucra
1555 1187 1653 1242 per
1680 1170 1898 1243 negotia
1928 1186 2016 1225 se-

418 1276 658 1334 ctantur,
703 1268 892 1323 eodem
944 1266 1209 1321 vocabulo
1245 1274 1558 1321 censentur.
1594 1263 1867 1337 (Hieran.)
1914 1262 2017 1331 Qui

416 1359 669 1414 viderant
693 1358 1061 1428 publicanum,
1100 1373 1128 1411 a
1161 1358 1402 1428 peccatis
1433 1357 1499 1412 ad
1527 1356 1758 1414 meliora
1784 1370 2017 1411 conver-

420 1468 566 1518 sum,
591 1451 769 1506 locum
819 1452 1092 1507 invenisse
1122 1451 1486 1522 poenitentiae,
1528 1451 1598 1507 ob
1628 1450 1681 1505 id
1711 1450 1875 1505 etiam
1906 1463 2015 1504 non

417 1543 710 1612 desperant
744 1541 992 1598 salutem.
1029 1540 1243 1613 (Beda.)
1272 1541 1457 1614 Neque
1505 1556 1633 1596 vero
1668 1542 1723 1595 in
1767 1540 2015 1612 pristinis

417 1636 565 1692 vitiis
593 1644 971 1707 permanentes
1007 1636 1224 1691 veniunt
1251 1636 1320 1691 ad
1359 1635 1568 1702 Jesum,
1600 1642 1656 1689 ut
1681 1634 1940 1690 Pharisaei
1958 1641 2014 1690 et

415 1727 609 1783 scriba:
654 1736 1025 1793 murmurant,
1080 1727 1177 1783 sed
1206 1726 1583 1797 pmuitcntiam
1635 1732 1858 1801 agentes
1911 1723 2013 1799 (ut

416 1821 628 1877 Marcus
657 1820 985 1892 evangelista
1028 1821 1134 1876 hoc
1159 1821 1279 1876 loco
1310 1818 1562 1890 testatur)
1585 1819 1771 1874 dicens
1796 1837 1809 1871 :
1838 1815 2011 1870 Erant
2050 1892 2055 1897 Ι

2126 607 2300 666 Sanos
2328 618 2507 665 autem
2555 618 2610 665 et
2648 608 2826 679 justas
2860 611 3094 683 appellat
3122 627 3214 669 eos
3256 614 3368 684 qui,
3416 617 3733 688 ignorantes

2120 700 2220 758 Dei
2254 704 2541 775 justitiam,
2572 701 2623 758 et
2663 721 2815 758 suam
2860 703 3085 758 volentes
3115 707 3453 771 constituere,
3501 709 3731 777 justitia

2120 792 2219 850 Dei
2251 812 2354 851 non
2402 804 2522 851 sunt
2551 792 2771 866 subjecti
2800 784 2972 867 (Rom.
3002 795 3092 867 x);
3147 796 3239 868 qui
3281 813 3349 853 ex
3376 798 3505 872 lege
3530 818 3734 874 praesu-

2119 888 2349 967 mentes,
2384 890 2614 962 gratiam
2643 889 2737 944 Dei
2768 905 2872 944 non
2902 896 3170 960 qumrunt.
3221 886 3395 946 Porro
3440 894 3594 950 male
3638 898 3729 952 ba-

2118 978 2310 1036 bentes
2338 990 2651 1053 peccatores
2685 989 2843 1036 vocat
2872 996 2965 1036 eos
2996 983 3088 1053 qui
3112 998 3223 1037 suae
3249 976 3575 1055 fragilitatis
3605 1003 3729 1043 con-

2120 1073 2342 1130 scientia
2366 1070 2586 1140 devicti,
2615 1089 2713 1129 nec
2740 1089 2837 1146 per
2861 1074 3036 1147 legem
3065 1090 3122 1130 se
3144 1073 3439 1143 justiiicari
3471 1093 3640 1148 posse
3659 1080 3729 1136 vi-

2119 1162 2329 1234 dentes,
2383 1162 2585 1222 Christi
2615 1165 2805 1238 gratize
2852 1152 3165 1237 paenitendo
3192 1166 3331 1221 colla
3372 1168 3726 1226 submittunt.

2118 1260 2256 1315 Dum
2284 1275 2417 1315 vero
2446 1258 2725 1330 subjungit
2759 1277 2771 1312 :
2809 1255 3010 1313 Euntes
3039 1270 3213 1314 autem
3237 1259 3427 1314 discite
3457 1263 3593 1332 quid
3620 1272 3727 1319 est:

2117 1346 2538 1406 Misericordiam
2564 1350 2679 1406 valo
2705 1364 2752 1406 et
2780 1369 2884 1407 non
2911 1352 3254 1419 sacri/icium,
3284 1354 3507 1409 eisdem
3540 1355 3726 1412 Phari-

2117 1440 2241 1500 saeis
2282 1440 2348 1499 de
2391 1442 2526 1499 falsa
2558 1440 2771 1512 justitia
2821 1444 3154 1499 tumentibus
3209 1445 3380 1500 etiam
3438 1446 3725 1504 consilium

2117 1536 2468 1593 correctionis
2515 1537 2792 1592 ostendit:
2824 1538 3083 1593 admonet
3124 1553 3366 1609 namque
3396 1555 3503 1595 eos
3553 1550 3613 1594 ut
3639 1558 3725 1612 per

2115 1648 2278 1704 opera
2312 1631 2699 1689 misericordiae
2745 1632 3101 1704 sibimetipsis
3131 1650 3391 1706 superna
3424 1636 3726 1692 misericor-

2116 1724 2218 1781 dia:
2242 1726 2465 1797 prazmia
2488 1725 2832 1797 conquirant,
2856 1734 2912 1780 et
2934 1742 3043 1781 non
3068 1728 3400 1798 contemptis
3428 1728 3725 1799 pauperum

2118 1817 2664 1889 necessitatibusaper
2686 1816 3012 1889 oblationem
3043 1817 3449 1875 sacrificiorum
3484 1837 3547 1875 se
3576 1821 3724 1877 Deum

416 1915 555 1967 enim
584 1913 733 1968 multi
762 1884 852 1985 qui
881 1923 946 1984 et,
977 1913 1328 1984 sequebantur
1369 1929 1486 1967 eum
1518 1884 1712 1984 (Marc.
1750 1909 1833 1982 ll).
1861 1908 2015 1982 [Hie-
2119 1907 2341 1983 placare
2368 1884 2664 1963 confidant.
2697 1884 2993 1980 Praeposuit
3030 1919 3211 1965 autem
3238 1910 3321 1965 eis
3354 1912 3725 1969 testimonium

413 2004 554 2078 ran.]
610 2004 727 2060 lbat
769 2014 948 2061 autem
978 2004 1242 2060 Dominus
1270 2004 1336 2059 ad
1362 2003 1608 2059 convivia
1628 2009 1996 2074 peccatorum,

413 2108 473 2153 ut
500 2100 843 2156 occasionem
875 2099 1103 2155 haberet
1132 2099 1383 2163 docendi,
1415 2106 1470 2153 et
1494 2096 1769 2168 spiritales
1799 2094 1999 2149 invita-

411 2190 619 2246 toribus
647 2192 761 2246 suis
785 2190 1050 2262 prteberet
1076 2190 1246 2246 cibos.
1272 2190 1513 2260 Denique
1538 2204 1662 2244 cum
1690 2186 2004 2258 frequenter

408 2296 635 2359 pergere
678 2283 745 2339 ad
794 2278 1103 2339 convivium
1154 2281 1531 2348 describatur,
1583 2279 1719 2335 nihil
1769 2278 2004 2334 refertur

407 2373 552 2428 aliud
582 2374 688 2430 nisi
712 2374 843 2446 quid
869 2374 941 2429 ibi
966 2374 1176 2440 fecerit,
1206 2375 1337 2445 quid
1361 2374 1633 2442 docuerit,
1665 2381 1727 2428 ut
1748 2381 1804 2428 et
1827 2373 2005 2429 humi-

408 2462 535 2520 litas
561 2465 774 2520 Domini
825 2466 1004 2521 eundo
1047 2466 1114 2521 ad
1160 2475 1495 2536 peccatores,
1541 2474 1595 2521 et
1626 2466 1863 2537 potentia
1912 2464 2007 2519 do-

408 2552 597 2610 ctrinae
607 2556 795 2627 ejusin
807 2556 1158 2613 conversione
1169 2558 1566 2627 pcenitentium,
1585 2559 2002 2615 demonstretur.

484 2646 550 2700 Et
601 2647 829 2702 videntes
886 2645 1149 2703 Pltariswi
1203 2649 1443 2704 dicebant
1502 2649 1777 2720 discipulis
1822 2650 1937 2720 ejus
1983 2663 2001 2701 :

409 2736 587 2804 Quare
618 2756 737 2793 cum
765 2738 1059 2812 publicanis
1094 2750 1141 2795 et
1181 2740 1539 2811 peccatoribus
1570 2741 1855 2795 manducat
1892 2756 2005 2794 ma-

402 2828 566 2900 gister
612 2829 814 2884 vester?
864 2828 1071 2900 Duplici
1125 2845 1312 2886 errore
1372 2818 1699 2885 tenebantur
1745 2829 2004 2886 Pharisaei

405 2936 529 2977 cum
578 2913 839 2995 magistro
887 2923 1136 2979 veritatis
1167 2924 1233 2978 de
1282 2924 1622 2993 susceptione
1658 2918 2004 2993 peccatorum

407 3012 741 3084 derogabant
770 3032 783 3067 :
816 3012 942 3083 quia
970 3023 1025 3069 et
1049 3030 1107 3069 se
1128 3013 1303 3082 justos
1332 3013 1759 3079 arbitrabantur,
1793 3014 1883 3083 qui
1909 3012 2005 3068 su;

402 3105 607 3176 perbia:
657 3104 798 3161 fastu
846 3122 876 3160 a
919 3105 1129 3176 justitia
1180 3106 1338 3177 longe
1383 3107 1776 3174 discesserant;
1806 3105 1860 3161 et
1908 3104 2003 3163 cos

410 3195 843 3252 criminabantur
874 3196 1126 3268 injustas,
1155 3198 1248 3269 qui
1284 3198 1654 3268 resipiscendo
1684 3216 1711 3253 a
1739 3199 1998 3271 peccatis,

2107 1999 2174 2054 de
2195 2000 2480 2070 propheta,
2506 2005 2560 2054 et
2586 1999 2689 2054 hoc
2714 1998 2836 2055 illos
2859 2008 3051 2056 euntes
3075 2000 3288 2057 discere
3306 2000 3513 2071 jussit,
3548 2016 3723 2060 euntes

2106 2091 2369 2148 videlicet
2385 2108 2416 2145 a
2440 2084 2744 2148 temeritate
2764 2092 2943 2148 stulta:
2978 2094 3397 2166 vituperationis
3418 2095 3497 2150 ad
3517 2096 3726 2167 diligea~

2107 2186 2304 2243 tiorem
2331 2182 2627 2257 Scriptura:
2647 2192 2848 2242 sancta:
2874 2185 3311 2253 meditationem,
3346 2204 3481 2258 qua:
3530 2189 3724 2244 miseri-

2107 2280 2351 2336 cordiam
2380 2276 2615 2336 maxime
2652 2279 3018 2336 commendat.
3066 2262 3220 2336 Unde
3248 2272 3301 2335 et
3334 2297 3510 2338 suum
3540 2282 3607 2338 de
3646 2284 3724 2338 ini-

2108 2359 2405 2431 sericordia
2451 2370 2760 2447 exemplum
2786 2372 2867 2430 eis
2891 2373 3164 2445 proponit,
3192 2374 3391 2431 dicens
3426 2391 3442 2429 :

2182 2464 2309 2520 Non
2330 2466 2468 2521 enim
2481 2466 2595 2520 veni
2619 2482 2804 2521 vocare
2823 2465 3023 2536 justas,
3040 2466 3131 2521 sed
3151 2476 3492 2537 peccatores.
3512 2466 3721 2539 (Mam)

2111 2542 2169 2611 id
2201 2563 2285 2611 est
2322 2574 2334 2610 :
2365 2542 2448 2609 Ad
2502 2554 2607 2609 hoc
2660 2553 2781 2609 veni
2815 2570 2922 2610 non
2966 2564 3025 2609 ut
3076 2554 3211 2611 falso
3256 2568 3318 2611 se
3359 2556 3722 2628 justiﬁcantes

2109 2649 2257 2705 inani
2286 2646 2473 2704 favore
2501 2646 2839 2716 extollerem,
2888 2648 2983 2704 sed
3032 2658 3092 2704 ut
3137 2658 3373 2722 peccata
3423 2666 3532 2706 sua
3561 2652 3718 2722 peni—

2110 2750 2287 2798 tentes
2337 2738 2762 2797 misericorditer
2811 2741 3146 2814 colligerem.
3203 2739 3393 2797 Movet
3445 2742 3599 2798 forte
3638 2742 3719 2797 ali-

2109 2850 2272 2904 quem
2299 2816 2569 2904 quomod’o
2619 2831 2881 2889 Dominus
2910 2833 3109 2889 dixerit
3138 2850 3246 2888 non
3298 2850 3364 2890 se
3398 2836 3626 2891 venisse
3664 2833 3719 2890 ad

2103 2920 2301 2996 justas,
2334 2923 2430 2981 sed
2458 2925 2628 2995 magis
2654 2925 2720 2979 ad
2749 2934 3068 2995 peccatores
3102 2928 3403 2991 vocandas,
3439 2944 3574 3005 eum
3602 2945 3718 2983 cun-

2112 3014 2214 3075 ctis
2245 3016 2547 3091 legentibus
2573 3014 2753 3090 palam
2779 3006 2995 3075 canstet
3042 3020 3187 3091 quod
3216 3020 3394 3076 etiam
3439 3020 3572 3077 illos
3595 3039 3720 3093 quas

2113 3104 2408 3164 secundum
2438 3106 2686 3167 Mosaicm
2721 3110 2854 3181 legis
2897 3110 3148 3167 instituta
3194 3110 3385 3181 justos
3420 3112 3627 3168 invenit
3656 3114 3719 3168 ad

2062 3258 2069 3267 ,
2114 3196 2439 3271 'evangelicze
2466 3198 2871 3270 praedicationis
2918 3202 3131 3257 eulme'n
3158 3202 3440 3274 plurimos
3484 3208 3715 3262 vocavit.

401 3304 510 3344 non
541 3304 731 3361 parum
750 3287 866 3359 jam
883 3288 1110 3360 justitia
1138 3291 1591 3362 propinquabant.
1624 3290 1827 3347 invidia
1850 3308 1999 3345 nam-
2032 3279 2078 3344 C
2115 3290 2171 3346 Si
2197 3292 2341 3348 enim
2374 3292 2518 3348 solos
2556 3290 2899 3363 peccatores,
2935 3302 2991 3349 et
3015 3308 3123 3351 non
3155 3294 3323 3350 etiam
3354 3296 3545 3367 justos
3572 3316 3717 3354 voca-

401 3396 507 3452 que
533 3368 790 3437 fraternae
814 3382 1003 3437 salutis
1026 3380 1305 3449 obcaecati,
1338 3383 1650 3439 recalebant
1672 3382 1796 3453 quia
1830 3382 2001 3454 publi-

401 3488 572 3531 canus
611 3482 729 3529 erat
779 3472 1082 3541 Matthteus,
1116 3474 1387 3546 publicani
1418 3482 1473 3530 et
1498 3483 1812 3547 peccatores
1840 3484 2000 3531 erant

406 3566 564 3622 multi
594 3559 684 3623 alii
698 3566 803 3637 .qui
830 3582 952 3621 cum
1002 3566 1233 3622 Domino
1263 3564 1695 3622 discumbebant.
1723 3564 1829 3621 Sed
1886 3572 2001 3622 m’e—

400 3658 626 3715 minisse
658 3658 913 3714 nolebant
940 3658 1065 3729 quia
1114 3658 1258 3713 idem
1308 3656 1615 3726 Matthzeus,
1647 3659 1785 3713 sicut
1821 3656 1999 3715 Lucas

399 3749 609 3817 scribit,
639 3749 879 3804 omnibus
899 3765 1018 3820 qua:
1040 3750 1260 3822 gerebat
1295 3749 1488 3805 relictis
1518 3760 1725 3805 secutus
1754 3759 1829 3806 est
1856 3767 1993 3806 eum.

400 3839 510 3897 Sed
538 3850 594 3897 et
633 3841 723 3896 alii
776 3840 1048 3912 publicani
1078 3850 1130 3896 et
1180 3849 1495 3912 peccatores
1544 3858 1610 3898 eo
1639 3842 1821 3898 animo
1871 3854 1997 3898 cum

396 3934 492 3990 illo
519 3933 955 4002 discumbebant,
993 3935 1251 4004 quoniam
1296 3935 1372 3990 illi
1412 3935 1674 4005 deinceps
1718 3936 1996 3990 adhaerere

396 4025 772 4095 disponebant.
802 4024 1028 4096 Mystice
1057 4033 1237 4079 autem
1267 4041 1365 4096 per
1394 4024 1631 4079 Matthxi
1674 4025 1995 4080 electionem

397 4122 452 4172 et
480 4116 819 4171 vocationem
852 4112 1266 4183 publicanorum
1319 4113 1454 4169 ﬁdes
1503 4116 1828 4184 exprimitur
1866 4129 1995 4185 gen-

398 4207 557 4274 tium,
616 4223 738 4277 qua:
792 4206 945 4277 prius
1000 4206 1185 4261 mundi
1228 4206 1393 4261 lucris
1422 4206 1736 4271 inhiabant,
1767 4212 1820 4259 at
1848 4221 1994 4261 nunc

397 4315 523 4356 cum
549 4298 779 4356 Domino
809 4299 983 4370 epulis
1018 4298 1304 4354 charitatis
1350 4308 1405 4353 et
1452 4298 1719 4353 bonorum
1764 4300 1993 4368 operum

398 4392 583 4450 sedula
625 4390 912 4449 devotione
962 4380 1302 4447 reficiuntur.
1340 4388 1594 4447 Profecto
1643 4388 1991 4461 supercilium

396 4487 699 4544 scribarum
730 4494 784 4541 et
816 4478 1238 4549 Pharisaeorum,
1269 4481 1576 4539 Iudaeorum
1615 4483 1988 4549 invidentiam,

396 4598 505 4654 qua
532 4581 599 4637 de
628 4578 802 4635 salute
833 4581 1076 4652 gentium
1104 4582 1446 4648 torquentur,
1478 4578 1741 4633 insinuat.
1784 4574 1991 4644 Quibus

2105 3393 2208 3451 ret,
2242 3400 2587 3455 nequaquam
2636 3384 2938 3441 Nathanael
2986 3386 3349 3458 discipulatus
3407 3390 3561 3446 illius
3604 3407 3714 3446 con-

2107 3476 2230 3537 sors
2258 3482 2519 3538 existeret
2550 3502 2562 3535 :
2603 3484 2765 3553 q'uem
2798 3481 2864 3537 ad
2911 3486 2969 3539 's'e
2998 3484 3176 3554 primo
3202 3485 3535 3541 venientem
3582 3496 3713 3542 tanta

2102 3572 2259 3631 laude
2290 3576 2509 3647 dignum
2538 3570 2749 3646 putavit
2774 3582 2832 3630 ut
2859 3575 3066 3632 diceret
3094 3595 3106 3630 :
3130 3575 3271 3632 Ecce
3297 3595 3423 3632 vere
3449 3578 3708 3645 Israei’ita,

2100 3667 2157 3722 in
2184 3684 2287 3739 quo
2314 3667 2466 3722 dolus
2503 3684 2606 3723 non
2632 3677 2709 3722 est
2740 3662 2923 3742 (Joan.
2958 3667 3020 3743 1).
3047 3667 3106 3724 Si
3136 3686 3242 3725 non
3264 3671 3456 3742 justas
3478 3685 3711 3737 vocaret,

2097 3759 2319 3817 Petrum
2347 3769 2402 3818 et
2436 3761 2710 3817 Andream
2740 3762 2796 3817 in
2843 3761 3180 3833 apostolatus
3228 3780 3361 3820 arce
3413 3782 3532 3821 non
3562 3767 3711 3822 habe-

2098 3865 2182 3913 ret
2210 3877 2222 3911 :
2254 3857 2343 3928 qui
2375 3867 2580 3927 quanto
2609 3871 2795 3912 amore
2819 3854 3049 3925 justitia:
3088 3852 3476 3928 flagraverint,
3526 3856 3711 3914 docue-

2100 3955 2248 4011 runt,
2298 3961 2419 4000 cum
2473 3946 2541 4000 ad
2600 3946 2969 4001 testimonium
3030 3947 3395 4018 przecursoris
3456 3951 3711 4005 continuo

2098 4036 2269 4091 Deum
2298 4036 2484 4091 videre
2535 4043 2590 4090 et
2642 4036 2834 4090 audire
2873 4034 3045 4108 gavisi
3088 4043 3231 4091 sunt.
3267 4037 3567 4105 Quomodo
3592 4056 3710 4111 ergo

2096 4116 2245 4182 venit
2282 4134 2475 4183 t'ecare
2524 4142 2630 4182 non
2673 4126 2875 4196 juStos,
2924 4126 3019 4181 sed
3047 4124 3390 4198 peccatores,
3434 4130 3548 4186 nisi
3594 4134 3707 4202 quia

2092 4219 2261 4294 ‘(sicut
2286 4219 2462 4276 Lucas
2492 4219 2608 4275 haec
2637 4218 2883 4276 referens
2911 4222 3153 4291 apertius
3178 4221 3353 4293 dicit)
3394 4242 3410 4277 :
3455 4222 3583 4279 Non
3606 4224 3709 4279 rati

2100 4328 2288 4367 vocare
2303 4312 2502 4383 justas,
2533 4310 2623 4366 sed
2649 4320 2947 4383 peccatores
2990 4312 3045 4366 in
3071 4314 3461 4383 paenitentiam.
3512 4315 3709 4373 Omnes

2093 4414 2329 4472 namque
2363 4401 2562 4458 electos
2588 4402 2658 4456 ad
2690 4416 2917 4473 regnum
2946 4400 3171 4458 eteleste
3204 4403 3349 4458 Dens
3380 4412 3580 4471 vocat,
3624 4404 3708 4461 sed

2092 4493 2214 4551 illos
2248 4494 2423 4551 solum
2475 4496 2544 4551 ad
2598 4495 2978 4565 paenitentiam
3028 4503 3207 4562 vocat,
3263 4510 3409 4566 quos
3463 4500 3705 4568 peccatis

2095 4582 2435 4658 gravioribus
2469 4586 2739 4643 involutos
2764 4586 2989 4642 invenit.
3021 4587 3167 4655 Quos
3193 4602 3325 4644 vero
3350 4588 3409 4643 in
3451 4590 3703 4660 operibus

395 4650 510 4745 ipse
546 4670 785 4743 loquitur
817 4650 1034 4744 (Matth.
1088 4666 1204 4741 kxt)
1248 4688 1261 4722 :
1301 4670 1465 4723 Amen
1496 4668 1612 4723 dico
1658 4668 1832 4734 vobis,
1863 4669 1990 4740 quia
2016 4650 2070 4711 Β
2090 4650 2314 4748 justitia;
2342 4676 2563 4750 reperit,
2596 4678 2704 4734 non
2732 4690 2827 4735 eos
2875 4677 2944 4734 ad
2991 4650 3373 4751 ρῷιιίιθηιίδιη
3409 4650 3702 4752 μέχρι-ἱππ

392 4767 658 4842 publicani
705 4777 753 4822 et
803 4767 1098 4821 meretrices
1125 4765 1416 4836 prwcedent
1466 4779 1552 4818 vos
1594 4763 1652 4817 in
1676 4776 1834 4833 regno
1866 4758 1984 4816 Dei.

395 4858 579 4932 (Aug.)
615 4857 1040 4915 Convivantibus
1095 4866 1219 4911 cum
1258 4855 1490 4911 Domino
1515 4854 1817 4926 publicanis
1840 4850 1987 4909 Pha-

393 4953 537 5009 risaei
572 4959 975 5008 murmurantes
1004 4952 1070 5005 de
1089 4946 1297 5019 jejunio
1323 4948 1639 5021 gloriantur.
1683 4947 1786 5005 Ubi
1810 4949 1987 5020 primo

392 5046 525 5117 legis
571 5054 626 5101 et
676 5044 866 5118 gratiae
927 5046 1128 5115 quanta
1170 5040 1257 5105 g'sit
1309 5043 1561 5098 distantia
1617 5041 1925 5098 declaratur
1969 5057 1985 5096 :

393 5143 520 5212 quia
543 5141 633 5212 qui
664 5141 839 5213 legem
868 5145 1199 5211 sequuntur,
1222 5135 1421 5207 jejunio
1447 5136 1646 5192 mentis
1672 5134 1868 5191 famem
1895 5151 1987 5205 pa-

397 5236 603 5289 tiuntur
642 5244 937 5301 mternam;
986 5232 1079 5304 qui
1133 5247 1264 5287 vero
1290 5230 1513 5285 verbum
1543 5230 1596 5283 in
1635 5226 1988 5284 interioribus

395 5324 589 5378 animas
618 5332 962 5395 receperunt,
992 5321 1234 5377 alimenti
1272 5320 1511 5377 cmlestis
1540 5327 1595 5374 et
1630 5318 1797 5374 fontis
1823 5319 1986 5373 uber-

398 5422 506 5470 tate
536 5415 786 5481 recreati,
820 5414 1030 5471 esurire
1059 5423 1115 5470 et
1140 5414 1295 5470 sitire
1318 5428 1423 5468 non
1450 5419 1698 5482 possunt.

468 5504 538 5558 Et
563 5504 716 5560 Jesus
747 5506 964 5560 audiens
996 5507 1069 5559 ait
1096 5519 1113 5558 :
1147 5504 1272 5559 Non
1303 5521 1431 5573 opus
1462 5512 1535 5557 est
1566 5499 1854 5556 valentibus
1877 5512 1985 5554 me-

395 5597 567 5679 dicus,
596 5594 689 5651 sed
720 5596 856 5651 male
882 5596 1212 5652 habentibus.
1243 5593 1516 5670 (Hierom)
1548 5592 1811 5666 Suggillat
1849 5595 1985 5650 scri-

394 5689 489 5746 bas
514 5699 568 5745 et
594 5689 896 5744 Pharisreos
926 5689 1015 5759 qui
1039 5686 1216 5757 justas
1246 5704 1303 5743 se
1331 5696 1603 5759 putantes,
1637 5695 1978 5757 peccaturum

398 5786 668 5839 consortia
700 5785 1060 5840 declinabant.
1114 5781 1363 5851 Seipsum
1396 5783 1665 5838 medicum
1698 5782 1849 5850 dicit,
1888 5786 1979 5853 qui

398 5875 534 5929 miro
566 5877 864 5931 medicamli
893 5891 1087 5941 genere
1116 5873 1413 5928 vulneratus
1436 5883 1509 5927 est
1558 5884 1767 5945 propter
1791 5875 1979 5947 iniqui-

2097 4772 2542 4839 conversationis,
2578 4762 2671 4828 sed
2700 4772 2767 4828 ad
2798 4771 3105 4843 profectum
3144 4773 3322 4845 magis
3354 4774 3487 4829 vita:
3530 4774 3702 4846 perfe—

2097 4863 2283 4919 ctloris
2329 4863 2543 4918 invitat.
2595 4861 2765 4919 Vocat
2804 4872 3140 4935 peccatores,
3185 4871 3245 4918 ut
3285 4879 3386 4935 per
3432 4866 3701 4935 paeniten-

2088 4946 2225 5010 tiam
2254 4954 2632 5026 corrigantur;
2681 4962 2839 5011 vocat
2881 4954 3079 5025 justas,
3110 4963 3171 5011 ut
3208 4954 3386 5029 magis
3418 4958 3701 5030 magisque

2086 5044 2473 5116 justiﬁeentur.
2527 5046 2785 5114 Quamvis
2831 5054 2887 5102 et
2907 5047 2984 5102 ita
3031 5055 3178 5103 recte
3231 5049 3413 5118 possit
3470 5050 3696 5123 intelligi

2090 5140 2236 5210 quod
2281 5139 2357 5194 ait
2406 5159 2419 5193 :
2455 5137 2580 5194 Non
2629 5138 2742 5193 veni
2792 5154 2978 5194 vocare
2999 5140 3201 5210 justas,
3248 5141 3343 5194 sed
3370 5152 3694 5212 peccatores,

2091 5232 2218 5300 quia
2249 5244 2357 5285 non
2385 5228 2504 5285 illos
2537 5230 2818 5284 vocaverit
2840 5230 2933 5299 qui
2959 5243 3114 5285 suam
3141 5230 3418 5300 justitiam
3454 5233 3695 5289 valentes

2090 5323 2441 5387 constituere,
2466 5319 2691 5390 justitia:
2720 5320 2817 5376 Dei
2843 5334 2951 5376 non
2981 5329 3109 5376 sunt
3136 5321 3403 5391 subjecti,
3460 5325 3559 5380 sed
3605 5330 3695 5381 eos

2088 5416 2268 5490 potius
2289 5415 2383 5487 qui
2414 5413 2724 5485 fragilitatis
2774 5429 2887 5471 sum
2932 5417 3156 5482 conscii,
3209 5432 3318 5472 non
3358 5421 3693 5477 erubescunt

2088 5509 2333 5582 proﬁteri
2357 5508 2483 5580 quia
2529 5509 2584 5562 in
2618 5506 2800 5563 multis
2842 5508 3161 5578 offendimus
3202 5526 3409 5567 omnes.
3447 5512 3507 5568 Si
3556 5530 3693 5586 quos

2090 5610 2269 5658 autem
2304 5609 2359 5657 et
2401 5602 2466 5657 de
2496 5599 2601 5656 illis
2629 5600 2719 5671 qui
2772 5599 3038 5656 fallaciter
3078 5610 3203 5657 sunt
3245 5602 3382 5672 justi
3409 5616 3694 5662 cometas

2085 5704 2246 5751 vocat
2269 5695 2334 5749 ad
2360 5693 2593 5758 veniam,
2627 5693 2788 5747 etiam
2835 5692 2888 5747 in
2921 5692 3026 5748 illis
3069 5693 3382 5764 implebitur
3405 5694 3533 5766 ejus
3576 5715 3692 5753 ser-

2084 5802 2194 5852 mo,
2227 5787 2352 5857 quia
2383 5800 2489 5840 non
2513 5785 2724 5839 venerit
2751 5800 2947 5841 vocare
2969 5786 3165 5856 justas,
3213 5788 3308 5843 sed
3338 5800 3691 5858 peccatores,

2086 5878 2139 5934 id
2166 5885 2250 5932 est
2295 5891 2402 5932 non
2437 5875 2628 5941 elatos,
2670 5876 2766 5931 sed
2814 5877 3067 5945 humiles,
3112 5893 3219 5934 non
3250 5880 3314 5935 de
3345 5894 3443 5936 sua
3470 5882 3693 5939 iustitia
