3914 6504
202 540 311 599 8T1

1152 530 1504 591 COMMENT.
1540 529 1609 587 IN
1647 492 2085 587 nar—Turnum.
2124 555 2197 568 -
2231 524 2360 583 LIB.
2401 523 2488 581 1n.

3389 510 3495 591 879

204 650 451 716 inﬂatos,
491 649 587 706 sed
614 647 689 716 ei,
726 648 820 720 qui
838 645 1104 718 justiﬁeat
1126 647 1370 718 impium,
1398 645 1593 703 devota
1622 652 1802 700 mente
1826 626 1883 706 Α
1906 640 2114 712 sponsi,
2140 655 2249 696 non
2276 655 2420 696 nunc
2448 645 2675 706 tantum,
2708 636 2763 697 id
2788 646 2872 697 est
2899 647 3024 714 post
3056 651 3289 700 mortem
3315 660 3499 706 resur-

203 745 535 804 substratos.
573 740 710 797 Nam
735 749 792 797 et
820 742 972 805 tales,
1022 740 1115 796 ubi
1143 747 1554 806 convertuntur,
1594 752 1799 808 nequa:-

204 843 375 908 quam
400 846 461 889 se
476 831 683 903 justas,
719 832 814 887 sed
839 839 1175 903 peccatores,
1205 846 1428 887 necesse
1454 839 1540 887 est
1585 829 1803 886 sincero

202 926 374 982 cattle
400 931 683 980 testentur.
715 921 973 994 Sequitur
1001 937 1017 977 :
1494 996 1497 997 ν

281 1016 420 1091 [ιιι]
457 1015 605 1071 Tum:
638 1025 967 1071 accesserunt
996 1015 1067 1070 ad
1111 1032 1229 1071 eum
1256 1014 1504 1086 discipuli
1530 1014 1756 1071 Joannis
1779 1055 1801 1084 ,

203 1109 482 1164 dicentes:
514 1106 694 1174 Quare
722 1124 816 1163 nos
843 1118 893 1163 et
931 1105 1194 1163 Pharistei
1222 1109 1535 1180 jejunamus
1558 1108 1801 1183 frequen-

203 1209 306 1267 ter,
335 1199 582 1271 discipuli
599 1208 775 1255 autem
797 1200 877 1254 tui
896 1217 1001 1255 non
1021 1200 1310 1272 jejunum?
1338 1201 1494 1269 Quod
1520 1200 1801 1258 Matthzeus

205 1295 379 1350 refert
410 1276 558 1366 ipsus
594 1293 888 1364 discipulos
933 1292 1159 1350 Joannis
1212 1296 1328 1350 haec
1360 1294 1564 1351 dixisse
1614 1291 1801 1350 Salva-

205 1388 340 1455 tori,
380 1387 596 1443 Marcus
643 1395 701 1443 et
751 1386 928 1443 Lucas
984 1388 1061 1443 ita
1089 1387 1196 1442 hoc
1244 1395 1470 1443 narrant
1503 1388 1660 1458 quasi
1708 1388 1800 1443 alii

204 1480 394 1551 aliqui,
423 1495 562 1552 quos
614 1481 775 1554 hujus
804 1482 882 1538 rei
910 1496 1043 1537 cura
1086 1482 1367 1549 movisset,
1400 1483 1543 1539 hanc
1574 1484 1627 1538 ei
1652 1499 1801 1554 quae-

203 1574 444 1630 stionem
465 1574 769 1631 intulerint.
792 1575 918 1631 inde
943 1575 1301 1647 colligendum
1330 1592 1362 1631 a
1384 1575 1632 1646 pluribus
1658 1577 1800 1632 hanc

203 1670 439 1728 Domino
466 1670 736 1741 objectam
784 1686 905 1727 esse
929 1672 1305 1742 quaestionem,
1355 1681 1411 1728 et
1446 1687 1479 1727 a
1508 1671 1800 1731 Pharisaais

202 1761 435 1831 scilicet,
469 1771 525 1820 et
570 1778 602 1818 a
633 1762 915 1835 discipulis
960 1762 1206 1828 Joannis,
1242 1772 1298 1821 et
1336 1779 1368 1818 a
1400 1765 1667 1831 convivis,
1715 1765 1802 1821 vel

201 1854 329 1911 aliis
359 1856 689 1927 quibuslth
713 1872 849 1925 quos
877 1859 982 1912 hoc
1028 1857 1301 1924 movebat,
1339 1873 1511 1928 quare
1553 1859 1802 1931 discipuli

205 1938 436 2003 Joannis
458 1954 515 2003 et
550 1947 810 2005 Pharisaei
827 1947 1159 2019 jejunarent,
1193 1950 1440 2020 discipuli
1466 1959 1646 2005 autem
1678 1949 1800 2006 Sal~

1905 735 2312 805 rectionemque
2360 734 2544 806 sponsi
2571 732 2835 804 ejusdem,
2867 737 2963 792 sed
2989 743 3044 793 et
3081 747 3207 795 ante
3244 740 3499 798 incarna-

1904 827 2108 884 tionem
2155 827 2303 883 illius
2339 842 2439 898 per
2485 836 2656 883 totum
2698 827 2858 899 hujus
2904 829 3085 886 seculi
3132 838 3346 905 tempus
3375 838 3498 893 esse

1904 919 2257 977 celebratum.
2307 912 2491 976 Prima
2540 916 2738 993 quippe
2792 930 3038 995 tempora
3066 923 3325 981 Ecclesiae
3372 937 3521 1003 ante.

1902 1010 2143 1083 Virginis
2180 1021 2396 1085 partum
2442 1010 2660 1070 sanctos
2688 1012 2952 1083 habuere,
2996 1014 3089 1087 qui
3125 1014 3499 1074 desiderarent

1901 1107 2295 1164 incarnationis
2320 1104 2609 1164 adventum
2637 1128 2648 1163 :
2682 1104 2786 1165 ista
2816 1104 2946 1166 vero
2976 1116 3239 1182 tempora,
3278 1127 3347 1168 ex
3389 1098 3521 1183 quo?

1904 1198 2151 1256 ascendit
2196 1201 2250 1255 in
2278 1184 2499 1268 caelum,
2544 1209 2760 1257 sanctos
2807 1195 3031 1269 habent,
3060 1201 3154 1274 qui
3187 1202 3517 1275 desiderent

1902 1289 2022 1362 ejus
2052 1284 2548 1348 manifestationeni
2580 1292 2648 1347 ad
2679 1292 2831 1349 vivos
2868 1298 2924 1348 et
2980 1298 3221 1349 mortuos
3244 1283 3497 1364 judicané

1904 1383 2020 1440 dos.
2058 1383 2247 1456 Neque
2273 1385 2363 1441 hic
2383 1384 2757 1442 desiderabilis
2783 1384 3040 1442 Ecclesiae
3077 1386 3256 1443 luctus
3282 1386 3498 1460 reuuie-

1901 1478 1981 1534 vit
2034 1478 2353 1549 aliquando,
2403 1476 2507 1535 nisi
2539 1481 2776 1551 quamiiu
2827 1479 2917 1536 hic
2962 1490 3084 1535 cum
3134 1480 3412 1552 discipulis
3440 1483 3497 1539 in

1903 1586 2070 1628 carne
2108 1581 2356 1629 versatus
2403 1582 2506 1629 est.
2553 1571 2713 1628 Juxta
2767 1573 2911 1646 leges
2953 1580 3133 1629 autem
3186 1573 3501 1647 tropologiaa

1904 1666 2183 1722 sciendum
2239 1669 2384 1737 quod
2426 1667 2664 1740 quandiu
2700 1664 2932 1740 sponsus
2980 1668 3260 1724 nobiscum
3290 1677 3416 1735 est,
3442 1675 3500 1725 et

1904 1759 1961 1814 in
1997 1759 2182 1815 laetitia
2231 1776 2438 1827 sumus,
2484 1777 2586 1817 nec
2624 1759 2875 1833 jejunare
2925 1758 3238 1833 possumus,
3271 1758 3372 1816 nec
3410 1759 3498 1815 lu-

1903 1868 2051 1924 gere.
2089 1853 2225 1910 Cum
2256 1865 2439 1911 autem
2490 1855 2579 1911 ille
2603 1858 2826 1928 propter
2864 1864 3089 1927 peccata
3125 1871 3156 1910 a
3203 1850 3360 1912 nobis
3406 1856 3495 1912 re-

1904 1945 2135 2001 cesserit
2183 1955 2239 2002 et
2286 1947 2604 2016 avolaverit,
2662 1958 2788 2005 tunc
2818 1944 3163 2006 indicendum
3186 1947 3494 2021 jejunium,

198 2040 411 2096 vatoris
423 2054 530 2096 non
540 2008 1162 2116 jejunarentlﬂieron.)
1195 2042 1296 2099 Ubi
1318 2008 1545 2100 Joannis
1566 2045 1801 2100 maxime
1830 2008 1877 2081 Β
1907 2045 2037 2092 ιυηο
2074 2037 2418 2108 Γθεὶρὶθιιίιιιε
2449 2048 2533 2095 εει
2570 2036 2766 2096 Inclus-

199 2134 637 2203 reprehendendi
661 2134 933 2205 discipuli,
974 2151 1081 2192 non
1124 2137 1300 2192 solum
1326 2138 1393 2193 de
1423 2139 1506 2194 sui
1540 2138 1804 2208 iactantia

191 2225 411 2297 jejunii,
449 2243 637 2285 verum
661 2230 789 2300 quia
819 2230 1294 2287 caiumniabantur
1316 2248 1477 2304 quem
1504 2233 1749 2289 Sciebant
1772 2248 1805 2288 a

196 2320 467 2391 magistro
522 2323 899 2392 praedicatum,
951 2331 1005 2378 et
1045 2322 1421 2394 iungebantur
1473 2324 1790 2393 Phariszeis,

198 2425 338 2482 quos
366 2412 437 2467 ab
463 2428 529 2469 eo
558 2422 824 2470 noverant
849 2417 1259 2472 condemnatos.
1276 2416 1491 2489 (Betim)
1524 2416 1799 2488 Spiritali-

194 2508 286 2558 ter
310 2512 493 2561 autem
516 2504 765 2576 discipuli
790 2505 1017 2563 Joannis
1038 2517 1091 2563 et
1111 2508 1509 2566 Pharisaeorum
1525 2511 1796 2581 jejunant,

193 2590 403 2653 Christi
429 2598 610 2653 autem
640 2600 812 2655 edunt
833 2607 891 2655 et
924 2600 1139 2668 bibunt,
1176 2602 1304 2671 quia
1330 2602 1444 2657 sive
1472 2618 1641 2673 opera
1674 2603 1797 2673 quis

192 2685 336 2763 lcgts
364 2706 458 2748 seu
489 2693 809 2749 traditiones
833 2703 1097 2764 sequatur
1128 2696 1432 2762 hominum,
1462 2696 1578 2751 sive
1619 2697 1799 2767 ipsum

192 2783 362 2841 etiam
390 2785 593 2841 ChriSti
621 2787 957 2856 praeconium
983 2802 1117 2843 aure
1150 2796 1359 2842 tantum
1388 2788 1655 2859 percipiat
1676 2801 1798 2844 cor-

190 2876 362 2947 poris,
417 2877 752 2948 Spiritalibus
781 2877 1062 2933 abstinens
1093 2879 1273 2946 bonis,
1293 2878 1481 2949 jejuno
1507 2880 1675 2935 corde
1706 2889 1792 2935 ta-

193 2966 371 3024 bescit
401 2987 415 3023 :
447 2969 540 3041 qui
585 2984 719 3026 vero
745 2970 950 3026 Christi
989 2970 1252 3026 membris
1295 2971 1441 3028 ﬁdeli
1472 2972 1793 3043 incorpora—

190 3068 285 3117 tur
311 3070 497 3120 amore
542 3079 649 3121 non
699 3074 879 3137 putest
915 3064 1186 3136 jejunare,
1234 3068 1363 3138 quia
1407 3080 1572 3124 carne
1621 3069 1795 3139 ipsius

190 3154 442 3224 Epulatur
464 3159 813 3230 etsanguine.
845 3158 1018 3215 Aliter
1038 3159 1277 3217 Joannes
1302 3161 1480 3216 vinum
1501 3170 1549 3217 et
1572 3162 1795 3218 siceram

191 3260 297 3301 non
327 3248 474 3316 bibit,
503 3250 767 3308 Dominus
794 3268 917 3307 cum
961 3253 1264 3324 publicanis
1316 3261 1374 3310 et
1416 3255 1793 3325 peccatoribus

1979 2128 2148 2183 Nemo
2179 2139 2354 2185 autem
2383 2131 2612 2186 immittit
2643 2133 3039 2188 commissuram
3066 2136 3228 2206 panni
3264 2135 3410 2192 rudis
3441 2137 3497 2193 in

1904 2225 2264 2279 vestimentum
2304 2235 2467 2281 vetus.
2513 2226 2671 2281 Tollit
2719 2230 2857 2282 enim
2888 2229 3265 2300 plenitudinem
3304 2230 3419 2302 ejus
3463 2248 3497 2286 a

1904 2315 2228 2393 vestimento,
2259 2326 2305 2372 et
2353 2318 2502 2389 pejor
2549 2320 2782 2374 scissura
2826 2321 2905 2390 ﬁt.
2945 2320 3079 2377 Cum
3129 2322 3495 2393 interrogatus

1902 2415 2046 2462 esset
2076 2406 2340 2465 Dominus
2370 2428 2468 2466 cur
2499 2412 2749 2482 discipuli
2781 2412 2897 2481 ejus
2917 2430 3024 2469 non
3048 2412 3380 2486 jejunarent,
3412 2430 3495 2471 re-

1900 2499 2121 2569 spondit
2155 2502 2404 2559 carnales
2440 2504 2617 2559 adbuc
2647 2520 2893 2576 quosque
2919 2514 2974 2561 et
2997 2508 3245 2583 necdum
3282 2509 3496 2579 passio-

1898 2591 1987 2646 nis
2020 2595 2550 2673 resurrectionisque
2585 2612 2697 2652 sua:
2726 2595 2832 2653 lide
2874 2599 3154 2665 solidatos,
3186 2617 3292 2656 non
3335 2618 3497 2672 posse

1899 2684 2176 2740 severiora
2203 2683 2410 2755 jejunia
2436 2697 2490 2743 et
2515 2690 2863 2746 continentiae
2907 2690 3174 2747 sustinere
3200 2702 3495 2763 praecepta,

1897 2790 1968 2830 ne
1994 2790 2094 2846 per
2140 2779 2515 2835 austeritatem
2563 2781 2812 2849 nimiam,
2860 2782 3026 2837 etiam
3072 2782 3450 2839 credulitatem
3477 2824 3494 2851 ,

1898 2881 2063 2936 quam
2116 2868 2319 2925 habere
2365 2871 2710 2938 videbantur,
2767 2875 3116 2942 amitterent;
3175 2875 3322 2945 ipsos
3364 2890 3495 2946 ergo

1898 2958 2075 3015 adhuc
2131 2958 2421 3031 discipulos
2462 2971 2720 3035 tanquam
2763 2976 2945 3021 vetera
2985 2969 3307 3023 vestimenta
3361 2966 3496 3024 dicit

1898 3050 2084 3126 (Aug.)
2128 3071 2141 3107 :
2195 3054 2392 3125 quibus
2435 3054 2880 3113 inconvenienter
2923 3072 3099 3114 novus
3148 3059 3403 3127 aSSnitur,
3438 3058 3494 3115 id

1897 3154 1981 3201 est
2025 3146 2208 3218 aliqua
2251 3150 2520 3218 particula
2578 3152 2862 3220 doctrinae,
2887 3170 3008 3225 quae
3047 3154 3115 3209 ad
3172 3170 3325 3211 novae
3369 3155 3494 3212 vita:

1897 3240 2315 3309 temperantiam
2369 3243 2647 3314 pertinet;
2689 3246 2817 3317 quia
2862 3246 2907 3302 si
2938 3247 3041 3303 hoc
3090 3247 3203 3315 liat,
3249 3249 3366 3319 ipsa
3390 3250 3489 3304 do-

189 3342 508 3411 manducat,
554 3352 611 3401 et
658 3346 827 3413 bibit;
858 3348 985 3419 quia
1033 3348 1122 3404 ille
1156 3349 1486 3405 abstinentia
1534 3350 1788 3405 meritum
1820 3398 1847 3419 ,_
1896 3334 2071 3390 ctrina
2116 3335 2517 3405 quodammodo
2544 3339 2853 3395 scinditur:
2884 3338 3038 3410 cuius
3079 3342 3343 3412 particula
3371 3359 3491 3414 qua:

190 3444 376 3506 auget,
391 3435 477 3491 cui
497 3438 740 3507 potentia
762 3417 908 3493 nulla
930 3446 1268 3508 estnaturam
1296 3441 1557 3497 Dominus
1577 3450 1782 3510 autem,

1894 3426 1961 3480 ad
2007 3425 2277 3496 jejunium
2328 3430 2575 3486 ciborum
2626 3431 2770 3486 valet
2818 3432 3180 3503 inopportune
3233 3433 3487 3501 traditur,

189 3526 277 3581 cui
322 3526 646 3585 naturaliter
674 3532 996 3602 snppetebat
1043 3531 1240 3589 delicta
1289 3534 1518 3600 donare,
1550 3549 1646 3589 cur
1693 3548 1788 3590 eos

1894 3533 2017 3574 cum
2049 3518 2141 3575 illa
2191 3521 2387 3577 doceat
2415 3522 2668 3594 generale
2708 3523 2975 3595 jejunium
3018 3539 3126 3578 non
3152 3540 3183 3578 a
3229 3524 3487 3597 concupi-

188 3618 507 3692 declinaret,
527 3638 666 3696 quos
689 3624 1086 3683 abstinentibus
1110 3634 1327 3698 poterat
1357 3627 1582 3682 reddere
1606 3627 1788 3697 purio-

183 3728 297 3771 res.
343 3712 451 3773 Sed
473 3714 740 3787 jejunavit
765 3726 819 3774 et
858 3718 1125 3788 Christus,
1159 3735 1226 3776 ne
1251 3730 1580 3791 praeceptum
1615 3720 1787 3777 decli-

185 3816 383 3872 nares;
434 3808 781 3865 manducavit
832 3824 955 3865 cum
998 3812 1402 3882 peccatoribus,
1440 3820 1501 3867 ut
1551 3812 1786 3883 gratiam

185 3908 462 3967 cerneres,
495 3896 820 3972 agnosceres
847 3909 1191 3973 potestatem.

262 3988 333 4044 Et
374 3992 449 4045 ait
488 3990 597 4047 illis
617 3994 773 4049 Jesus
796 4008 814 4050 :
841 3995 1100 4068 Nunquid
1125 4006 1343 4068 possunt
1367 3996 1468 4067 ﬁlii
1495 3998 1674 4069 sponsi
1704 3997 1787 4051 lu-

186 4098 325 4157 gere,
355 4086 593 4158 quandiu
623 4106 742 4144 cum
785 4089 894 4145 illis
938 4096 1015 4146 est
1054 4093 1318 4161 sponsus?
1353 4090 1574 4147 Venient
1609 4100 1786 4146 autem

183 4176 316 4243 dies,
345 4194 463 4232 cum
504 4180 778 4250 auferetur
807 4180 873 4235 ab
904 4183 981 4236 eis
1025 4199 1275 4253 sponsus,
1308 4192 1358 4238 et
1402 4193 1526 4238 tunc
1561 4183 1781 4254 jejuna-

183 4268 327 4323 bunt.
365 4268 548 4342 (.dug.)
598 4272 753 4340 Quod
801 4281 983 4329 autem
1037 4275 1176 4330 dixit
1235 4275 1523 4331 Matthams
1572 4275 1780 4346 lugere,

181 4358 285 4415 hoc
319 4360 531 4417 Marcus
572 4370 627 4418 et
669 4362 844 4420 Lucas
880 4366 1165 4435 jejunare;
1196 4366 1337 4436 quod
1376 4374 1433 4422 et
1459 4365 1546 4422 ille
1572 4374 1781 4436 postea,

178 4461 305 4508 tunc
362 4455 727 4526 jejunabunt,
799 4458 912 4522 ait,
980 4472 1090 4513 non
1164 4467 1389 4525 autem,
1448 4467 1577 4514 tunc
1634 4460 1785 4531 luge-

178 4544 332 4602 bunt.
384 4546 586 4605 Verum
650 4549 742 4607 illo
787 4551 956 4608 verbo
1011 4552 1335 4623 signiﬁcavit
1390 4554 1458 4609 de
1509 4553 1603 4608 tali
1638 4553 1783 4624 jeju-

179 4637 270 4695 nio
293 4640 581 4695 Dominum
605 4640 863 4710 locutum,
893 4645 1036 4714 quod
1061 4645 1299 4715 pertinet
1325 4646 1393 4701 ad
1418 4645 1782 4701 humilitatem

181 4731 578 4801 tribulationis;
634 4742 694 4789 ut
742 4736 872 4790 illud
919 4735 1175 4802 alterum,
1225 4738 1369 4808 quod
1423 4738 1661 4808 pertinet
1711 4737 1780 4792 ad

176 4820 430 4893 gaudium
463 4824 659 4883 enim
689 4829 743 4883 in
773 4828 1041 4900 spiritalia
1067 4841 1364 4902 suspensae,
1396 4838 1560 4903 atque
1580 4831 1651 4887 ob
1674 4834 1780 4889 hoc

177 4915 427 4971 alienata:
457 4918 856 4989 quodammodo
885 4935 916 4974 a
963 4920 1339 4992 carporalibus
1388 4921 1545 4988 cibis,
1590 4931 1776 4993 poste-

176 5004 414 5063 rioribus
445 5009 889 5067 similitudinibus
920 5010 1182 5068 Dominus
1206 5012 1546 5084 signiﬁcasse
1574 5013 1777 5068 intelli-

176 5107 336 5169 gatur
364 5098 430 5157 de
458 5114 639 5171 panno
662 5118 804 5161 novo
831 5113 887 5161 et
912 5107 1039 5162 vino
1062 5107 1295 5173 novo,id
1312 5108 1604 5165 ostendens
1627 5109 1775 5179 quod

176 5191 502 5249 animalibus
532 5202 694 5267 atque
720 5196 1029 5253 carnalibus
1061 5199 1209 5254 circa
1234 5212 1433 5269 corpus
1456 5200 1736 5271 occupatis
1754 5241 1771 5267 ,

175 5292 230 5338 et
267 5284 337 5340 ob
367 5284 472 5341 hoc
496 5293 737 5341 veterem
769 5289 947 5345 adhuc
976 5302 1199 5345 sensum
1246 5289 1623 5358 trahentibus,
1670 5291 1775 5347 hoc

176 5391 348 5448 genus
403 5378 597 5450 jejunii
646 5389 932 5453 congruat.
983 5380 1280 5455 (.Hieron.)
1337 5381 1584 5455 Sponsus
1644 5398 1776 5456 ergo

175 5469 449 5541 Christus,
481 5488 679 5545 sponsa
709 5475 953 5531 Ecclesia
981 5485 1082 5533 est.
1118 5478 1196 5535 De
1224 5492 1332 5550 quo
1377 5486 1568 5534 sancto
1608 5480 1775 5550 spiri-

177 5562 381 5636 talique
411 5566 684 5623 connubio
715 5569 943 5639 apostoli
970 5578 1097 5626 sunt
1130 5572 1300 5627 creati
1337 5590 1349 5625 :
1378 5573 1473 5643 qui
1516 5586 1622 5628 non
1649 5587 1776 5643 pos-

176 5661 305 5710 sunt
329 5655 515 5727 lugere
540 5666 703 5729 atque
724 5659 974 5731 jejunare
1018 5662 1259 5731 quandiu
1290 5676 1548 5733 sponsum
1577 5662 1631 5717 in
1657 5662 1775 5718 tha-

174 5746 319 5803 lamo
358 5750 562 5818 vident,
594 5758 650 5806 et
684 5753 856 5808 sciunt
907 5766 1161 5824 Sponsum
1208 5770 1330 5811 esse
1373 5770 1497 5811 cum
1552 5771 1769 5826 sponsa.

176 5840 404 5910 Quando
435 5854 565 5901 vero
594 5847 911 5903 transierint
938 5847 1159 5917 nuptiae,
1200 5864 1263 5904 ac
1296 5850 1567 5919 passionis
1596 5864 1659 5903 ac
1686 5864 1772 5904 re-

178 5934 534 5992 surrectionis
556 5944 768 6009 tempus
788 5939 1085 6005 advenerit,
1104 5948 1233 5995 tunc
1252 5941 1436 6011 sponsi
1452 5940 1546 5994 lilii
1562 5938 1770 6009 jejuna-

178 6024 333 6083 lunt.
364 6026 581 6103 (Beda.)
611 6028 921 6088 Notandum
950 6044 1078 6088 vero
1108 6031 1254 6088 hunc
1277 6030 1484 6089 luctum
1511 6030 1769 6090 absentiae

1891 3613 2100 3668 scentia
2123 3614 2371 3670 ciborum
2402 3623 2633 3684 tantum,
2686 3618 2781 3674 sed
2829 3619 2899 3675 ab
2944 3619 3094 3675 omni
3132 3619 3322 3676 iustitia
3352 3628 3488 3676 tein-

1889 3706 2156 3777 poralium
2187 3708 2631 3778 delectationum,
2669 3711 2823 3783 cujus
2851 3712 3008 3784 quasi
3038 3728 3298 3784 pannum,
3324 3713 3378 3771 id
3403 3722 3491 3770 est

1889 3807 2100 3868 partem
2149 3798 2410 3869 aliquam,
2470 3816 2591 3872 qua:
2641 3803 2711 3859 ad
2741 3803 2894 3860 cibos
2916 3804 3170 3875 pertinet,
3201 3805 3331 3861 dicit
3376 3820 3488 3860 non

1886 3898 2141 3960 oportere
2171 3891 2482 3949 hominibus
2520 3895 2699 3952 adhuc
2732 3896 2901 3952 veteri
2927 3897 3305 3954 consuetudini
3334 3896 3487 3954 dedi-

1889 3983 1959 4038 tis
1990 3984 2279 4055 impertiri,
2309 3987 2437 4058 quia
2459 3995 2514 4043 et
2556 3987 2704 4046 illinc
2743 3990 2900 4061 quasi
2944 3993 3241 4049 conscissio
3271 3991 3487 4048 videtur

1887 4074 2026 4143 ﬁeri,
2061 4084 2118 4132 et
2145 4077 2246 4148 ipsi
2274 4082 2534 4136 vetustati
2561 4097 2667 4137 non
2697 4084 2966 4140 convenit.

1960 4167 2145 4240 Neque
2169 4170 2384 4226 mittunt
2408 4172 2585 4228 vinum
2615 4191 2805 4229 novum
2847 4176 2902 4230 in
2927 4185 3070 4231 utres
3106 4184 3326 4244 veteres,
3354 4175 3485 4232 alio-

1886 4265 2013 4337 quin
2039 4278 2357 4338 rumpuntur
2404 4277 2569 4337 utres,
2598 4279 2646 4325 et
2688 4272 2867 4326 vinum
2905 4271 3216 4343 e/funditur,
3251 4280 3301 4326 et
3339 4280 3481 4327 utres

1884 4367 2103 4428 pereunt
2130 4372 2148 4410 :
2178 4359 2269 4413 sed
2293 4360 2470 4415 vinum
2501 4377 2694 4416 novum
2719 4362 2776 4417 in
2808 4373 2950 4418 utres
2976 4379 3134 4418 novos
3157 4364 3406 4431 mittunt,
3430 4370 3482 4420 et

1885 4451 2039 4504 ambo
2080 4462 2478 4507 conservantur.
2510 4453 2745 4509 Eosdem
2783 4469 2999 4524 quoque
3026 4454 3303 4511 veteribus
3330 4469 3481 4510 com-

1885 4552 2042 4615 parat
2087 4545 2317 4610 utribus,
2363 4560 2502 4616 quos
2540 4546 2667 4602 vino
2702 4562 2863 4613 novo,
2910 4545 2967 4601 id
3011 4555 3097 4601 est
3144 4544 3480 4617 spiritalibus

1883 4638 2188 4709 praeceptis,
2215 4637 2430 4695 facilius
2455 4639 2719 4711 disrumpi
2749 4655 2913 4710 quam
2937 4639 2993 4695 id
3013 4655 3173 4712 posse
3196 4641 3480 4698 continere

1887 4729 2035 4784 dicit.
2062 4731 2234 4786 Erant
2261 4741 2446 4787 autem
2475 4731 2591 4803 jam
2629 4742 2780 4789 utres
2813 4734 2960 4802 novi,
2989 4749 3114 4790 cum
3138 4743 3264 4805 post
3285 4750 3478 4792 ascen-

1884 4834 2006 4876 sum
2034 4821 2250 4879 Domini
2295 4825 2568 4881 desiderio
2596 4825 2986 4883 consolationis
3013 4825 3131 4898 ejus
3173 4829 3379 4886 orando
3419 4836 3477 4886 et

1881 4915 2150 4985 sperando
2190 4916 2539 4974 innovantur.
2574 4918 2729 4975 Tunc
2756 4919 2904 4975 enim
2933 4929 3261 4993 acceperunt
3294 4920 3474 4994 Spiri-

1880 5017 1998 5065 tum
2022 5019 2295 5079 sanctum,
2332 5027 2441 5083 quo
2467 5012 2674 5084 impleti
2705 5028 2830 5069 cum
2877 5014 3078 5087 linguis
3102 5014 3355 5071 omnibus
3393 5011 3475 5071 lo-

1878 5113 2194 5173 querentur,
2230 5102 2491 5160 aJudaeis
2525 5104 2895 5163 nescientibus
2919 5146 2936 5174 ,
2983 5106 3082 5163 sed
3122 5114 3306 5161 tamen
3340 5119 3473 5162 vere

1879 5197 2284 5263 attestantibus,
2311 5198 2517 5254 dictum
2541 5206 2633 5255 est
2657 5199 2783 5269 quia
2814 5206 2985 5254 musto
3020 5196 3160 5271 pleni
3192 5206 3315 5254 sunt
3356 5198 3468 5254 isti.

1874 5286 2084 5343 Novum
2106 5290 2251 5345 enim
2278 5291 2463 5345 vinum
2487 5290 2602 5361 jam
2645 5292 2802 5347 novis
2830 5291 3044 5348 utribus.
3079 5299 3325 5360 venerat,
3362 5291 3469 5351 hoc

1873 5390 1976 5446 est,
2010 5378 2245 5452 Spiritus
2270 5390 2492 5438 sanctus
2537 5381 2725 5437 fervor
2748 5382 3072 5452 spiritalium
3098 5382 3266 5439 corda
3292 5383 3469 5456 reple-

1873 5478 2045 5526 verat.
2072 5468 2345 5545 (Hieron.)
2374 5472 2562 5529 Potest
2590 5479 2646 5527 et
2693 5472 2853 5528 aliter
2880 5471 3041 5542 huius
3071 5474 3355 5532 sententiae
3389 5473 3470 5531 al-

1872 5561 2075 5633 legoria
2095 5562 2344 5636 intelligi.
2370 5563 2485 5618 Duo
2513 5573 2695 5620 autem
2715 5566 2966 5636 exempla
2986 5564 3236 5623 Salvator
3252 5566 3464 5638 posuit:

1878 5657 2187 5713 vestimenti
2217 5666 2273 5713 et
2301 5657 2500 5713 utrium
2547 5669 2791 5714 veterum
2818 5667 2875 5714 et
2908 5675 3217 5739 novorum;
3250 5666 3465 5715 veteres

1879 5750 2139 5807 debemus
2170 5752 2471 5824 intelligere
2514 5752 2722 5807 scribas
2745 5760 2801 5807 et
2845 5750 3184 5819 Pbarismos;
3222 5765 3465 5823 pannum

1876 5846 2010 5904 Novi
2040 5848 2390 5912 Testamenti,
2423 5858 2477 5903 et
2500 5848 2687 5904 vinum
2712 5863 2905 5903 novum
2936 5856 3204 5920 praecepta
3227 5860 3463 5918 evange-

1876 5939 1980 5996 lica
2030 5940 2329 6007 sentienda,
2368 5953 2488 6011 quae
2540 5955 2646 5996 non
2690 5950 2917 6010 possunt
2973 5940 3242 5997 sustinere
3267 5934 3462 6005 Judaei,

1874 6049 1944 6091 ne
1991 6030 2167 6105 major
2214 6033 2449 6091 scissura
2482 6034 2592 6090 ﬁat.
2627 6032 2756 6093 Tale
2785 6031 2916 6108 quid
2939 6038 2996 6092 et
3032 6027 3238 6089 Galatae
3281 6027 3463 6092 facere
