3914 6456
441 429 548 488 879

1103 422 1168 476 B.
1210 416 1465 476 RABANI
1501 414 1721 475 MAURI
1758 410 2079 471 ARCHIEP.
2120 406 2430 468 MOGUNT.
2470 402 2757 466 OPERUM
2793 397 2974 458 PARS
3008 398 3053 454 Ι.

3625 390 3733 446 880

439 546 750 620 cupiebant,
777 554 836 600 ut
877 556 998 600 cum
1047 540 1339 612 Evangelia
1363 539 1500 610 legis
1541 544 1812 608 prmcepta
1837 535 2031 590 misce-
2057 537 2111 597 Α
2135 535 2377 600 intraret,
2407 550 2470 588 ac
2500 533 2576 587 sic
2614 528 2782 584 omnis
2812 523 2984 582 Israel
3011 521 3186 579 salvus
3214 520 3382 591 fieret.
3421 516 3567 587 Quis
3598 523 3735 588 ergo

437 650 585 707 rent,
615 649 669 694 et
713 640 764 694 in
796 639 1007 692 utribus
1032 635 1311 692 veteribus
1357 633 1540 688 vinum
1595 646 1794 687 novum
1838 629 2024 684 mitte-

439 742 582 790 rent.
615 731 720 787 Sed
741 729 1032 801 Apostolus
1056 729 1126 784 ad
1149 743 1242 784 eos
1267 726 1508 796 loquitur
1533 721 1676 796 (Gal.
1707 724 1791 795 ill)
1818 741 1830 775 :
1876 722 1920 776 0
1946 721 2029 775 in-

437 827 634 882 sensati
659 824 902 880 Galatw!
929 824 1045 895 quis
1085 839 1170 877 vos
1204 821 1481 892 fascinauit
1519 819 1726 874 veritati
1768 833 1874 872 non
1910 814 2030 870 obe-

437 922 589 976 dire?
611 919 804 975 Sermo
833 919 998 990 igitur
1021 916 1369 989 evangelicus
1392 912 1650 984 apostolis
1668 911 1848 982 potius
1865 923 2031 980 quam

436 1015 634 1070 scribis
662 1020 718 1068 et
751 1011 1043 1068 Pharisaais
1080 1018 1164 1068 est
1204 1007 1595 1074 infundendus,
1623 1005 1719 1076 qui
1762 1001 2033 1071 majorum

437 1107 822 1164 traditionibus
865 1105 1168 1178 depravati,
1227 1102 1598 1159 sinceritatem
1637 1104 2032 1170 praeceptorum

439 1199 642 1256 Christi
676 1216 784 1256 non
810 1207 1068 1270 poterant
1107 1196 1404 1254 custodire.
1435 1194 1556 1250 Alia
1579 1201 1664 1248 est
1702 1190 1848 1246 enim
1887 1187 2036 1260 puri-

443 1303 523 1351 tas
549 1294 830 1367 virginalis
854 1294 1070 1358 animat,
1095 1300 1150 1348 et
1168 1291 1317 1348 nulla
1341 1289 1542 1361 prioris
1564 1287 1682 1341 vitii
1710 1283 2035 1354 contagione

433 1390 674 1461 pollutae,
709 1389 830 1445 alim
855 1389 1046 1446 sordes
1074 1403 1194 1458 quae
1229 1385 1524 1441 multorum
1547 1379 1863 1436 libidinibus
1907 1377 2037 1433 sub-

435 1481 746 1550 iacuerunt.
809 1479 991 1552 (Aug.)
1043 1479 1358 1535 Cavendum
1407 1490 1538 1547 ergo
1559 1473 1770 1529 doctori
1826 1478 1911 1526 est
1965 1484 2036 1525 ne

441 1572 638 1627 animae
669 1571 907 1628 nondum
957 1577 1251 1636 renovatae,
1286 1569 1383 1624 sed
1427 1568 1486 1623 in
1514 1572 1788 1621 vetustate
1814 1560 2037 1617 malitiae

440 1664 758 1734 perduranti
807 1678 1072 1718 novorum
1113 1660 1501 1733 mysteriorum
1544 1663 1758 1712 secreta
1785 1653 2038 1710 commit-

441 1763 541 1810 tat.
579 1755 733 1824 Quod
756 1754 801 1809 si
831 1755 1025 1826 quazrit
1053 1754 1250 1825 aliquis
1277 1752 1408 1826 quid
1437 1752 1582 1808 inter
1610 1752 1796 1805 vinum
1834 1761 2035 1802 novum

438 1847 670 1918 mystice
696 1856 751 1902 et
775 1847 1163 1902 vestimentum
1203 1845 1368 1901 distet
1411 1858 1635 1908 novum,
1685 1839 1845 1896 facile
1889 1845 2039 1909 patet

2134 630 2593 699 archisynagogus
2622 625 2743 688 iste,
2769 619 2861 691 qui
2892 618 2960 674 ad
2980 617 3272 672 Dominum
3297 630 3400 684 pro
3425 611 3542 666 ﬁlia
3575 628 3734 684 roga-

2133 729 2289 776 turus
2319 717 2552 780 advenit,
2587 714 2782 770 melius
2807 725 2970 782 quam
3003 709 3120 780 ipse
3146 706 3323 762 Moses
3358 701 3736 772 intelligitur?

2135 813 2289 871 Unde
2317 811 2457 866 bene
2480 807 2681 872 Jairus,
2713 805 2769 860 id
2798 813 2883 860 est
2900 801 3205 856 illuminans
3228 798 3342 854 sive
3364 794 3735 858 illumiuatu,

2133 913 2380 962 vocatur.
2424 901 2528 970 Qui
2561 899 2768 970 accepit
2793 896 2962 952 verba
2987 895 3112 948 vita:
3139 892 3270 947 dare
3295 888 3465 945 nobis
3483 927 3500 952 ,
3544 893 3607 942 et
3645 901 3737 956 per

2133 998 2252 1055 hate
2281 1004 2508 1052 caeteros
2541 992 2822 1054 illuminat,
2853 996 2910 1045 et
2933 989 3048 1058 ipse
3074 1002 3106 1040 a
3136 983 3343 1055 Spiritu
3376 989 3581 1038 sancto
3608 997 3737 1050 quo-

2135 1090 2297 1147 modo
2325 1088 2512 1144 vitalia
2539 1095 2594 1142 et
2620 1083 2888 1155 Spiritalia
2918 1083 3113 1137 docere
3142 1085 3362 1150 posset,
3389 1074 3737 1131 illuminatus

2136 1191 2256 1249 est;
2293 1181 2386 1252 qui
2420 1180 2610 1236 videns
2651 1176 2872 1240 Jesum,
2923 1172 3220 1230 secundum
3250 1169 3425 1225 alium
3455 1165 3737 1234 evangeli-

2137 1281 2320 1340 stam,
2369 1270 2605 1343 procidit
2632 1269 2699 1324 ad
2728 1268 2894 1340 pedes
2933 1265 3091 1334 ejus:
3145 1262 3272 1332 quia
3319 1258 3646 1332 praevidens
3690 1256 3740 1310 in

2137 1367 2331 1439 spiritu
2361 1375 2652 1421 venturum
2693 1363 2748 1418 in
2791 1374 2956 1417 carne
2985 1361 3191 1422 Deum,
3233 1354 3436 1410 humili
3485 1351 3657 1408 corde
3688 1365 3741 1406 se

2137 1458 2254 1528 ejus
2281 1457 2539 1530 potentiae
2568 1454 2826 1511 subdidit.
2859 1451 3033 1519 Quem
3064 1450 3138 1504 ita
3171 1448 3322 1504 circa
3354 1445 3536 1501 ﬁnem
3569 1441 3742 1498 sat-ali

2139 1550 2416 1606 hominem
2447 1546 2838 1602 incarnandum
2881 1557 3003 1598 esse
3039 1539 3325 1613 cognovit,
3369 1546 3434 1592 ut
3478 1544 3738 1592 aeternum

2138 1651 2266 1698 ante
2305 1656 2468 1698 omne
2502 1638 2759 1696 saeculum
2794 1637 2969 1693 Deum
2999 1635 3233 1692 existere
3282 1647 3398 1687 non
3450 1628 3737 1684 dubitaret.

2139 1737 2199 1794 Si
2235 1737 2378 1792 enim
2412 1742 2577 1806 caput
2603 1732 2806 1788 Christi
2837 1732 3000 1795 Deus,
3029 1727 3197 1799 pedes
3238 1725 3362 1797 ejus
3401 1723 3547 1796 quid
3578 1721 3741 1792 aptius

2140 1846 2303 1902 quam
2335 1835 2613 1897 assumpta
2639 1825 2970 1889 humanitas,
2995 1837 3101 1892 qua
3128 1830 3337 1876 terram
3365 1824 3586 1873 nostra
3612 1829 3741 1868 mar-

439 1908 566 2008 quia
597 1938 724 1993 vino
756 1938 902 1992 intus
928 1937 1208 1992 reficimur
1236 1944 1292 1992 et
1326 1936 1682 1998 inebriamur,
1714 1908 2039 1987 vestimento
2067 1920 2117 1981 B
2143 1923 2369 1978 talitatis
2397 1922 2593 1992 tetigit,
2625 1916 2929 1989 accipiendi
2958 1916 3124 1971 sunt?
3153 1913 3222 1968 Et
3249 1911 3558 1983 procidere
3586 1908 3724 1970 arcti

441 2038 622 2086 autem
649 2029 954 2086 forinsecus
981 2029 1278 2084 induimur.
1321 2025 1458 2082 Cum
1484 2041 1615 2081 vero
1640 2031 1938 2094 utrumque
1967 2020 2037 2075 ad

441 2120 864 2193 signiﬁcantiam
905 2121 1032 2174 vita:
1055 2119 1293 2190 pertinet
1321 2117 1610 2188 spiritalis,
1654 2117 2039 2171 vestimentum

440 2212 686 2283 profecto
742 2226 907 2282 opera
966 2221 1156 2267 nostra
1201 2212 1347 2267 bona
1370 2225 1491 2280 qua:
1537 2207 1672 2263 foris
1703 2207 1935 2278 agimus,
1985 2211 2044 2259 et

439 2304 639 2374 quibus
668 2318 852 2359 coram
869 2302 1180 2359 hominibus
1206 2301 1470 2366 lucemus,
1500 2299 1769 2363 insinuat;
1791 2298 1917 2352 vino
1940 2310 2040 2349 au-

440 2405 548 2450 tem
576 2411 717 2451 novo
747 2395 928 2450 fervor
957 2393 1104 2459 fidei,
1127 2395 1240 2463 spei
1263 2401 1319 2448 et
1344 2391 1647 2455 charitatis,
1677 2405 1784 2460 quo
1828 2389 1881 2442 in
1915 2402 2043 2443 con-

445 2496 634 2557 spectu
682 2486 857 2542 nostri
891 2486 1191 2541 conditoris
1237 2485 1292 2538 in
1341 2483 1585 2538 novitate
1635 2497 1826 2537 sensus
1870 2479 2045 2535 nostri

446 2581 593 2635 intus
636 2581 739 2651 ipsi
785 2579 1170 2645 reformamur,
1224 2579 1569 2650 exprimitur.
1609 2575 1868 2646 Sequitur
1911 2573 2046 2628 Mat-

445 2671 644 2737 thteus,
677 2671 926 2726 ordinem
958 2679 1265 2740 temporum
1297 2684 1540 2734 servans,
1571 2675 1627 2723 et
1659 2666 1826 2722 dicit:

518 2764 656 2838 [lV.]
699 2763 832 2819 Ha’c
858 2763 949 2818 illo
976 2763 1046 2817 ad
1084 2780 1170 2817 eos
1201 2761 1462 2832 loquente,
1494 2777 1608 2814 ecce
1638 2760 1878 2830 princeps
1907 2771 2044 2810 unus

448 2861 692 2925 accessit,
724 2869 772 2913 et
801 2858 1060 2912 adorabat
1089 2873 1229 2920 eum,
1258 2856 1436 2909 dicens
1461 2869 1478 2907 :
1507 2852 1752 2915 Domine,
1783 2849 1899 2918 ﬁlia
1928 2864 2045 2901 mea

445 2953 603 3008 modo
649 2952 900 3022 defuncta
932 2961 1044 3014 est;
1085 2955 1174 3004 sed
1207 2949 1350 3013 veni,
1394 2949 1602 3018 impone
1640 2960 1854 2998 manum
1898 2952 2045 2995 tuam

446 3062 605 3116 super
647 3060 799 3106 eam,
846 3052 891 3096 et
939 3043 1093 3096 vivet.
1152 3040 1338 3111 (.4ug.)
1392 3037 1546 3092 Hune
1577 3051 1705 3106 ergo
1741 3032 2045 3104 principem

445 3135 662 3190 Marcus
691 3133 887 3206 (Marc.
916 3134 972 3204 v)
1019 3141 1071 3187 et
1115 3131 1292 3185 Lucas
1323 3129 1474 3201 (Luc.
1505 3127 1624 3198 vin)
1662 3125 1849 3181 dicunt
1878 3122 2048 3177 fuisse

446 3227 972 3297 arebisynagogum,
1025 3231 1079 3277 et
1123 3221 1342 3276 nomine
1383 3219 1624 3285 Jairum,
1671 3216 2044 3288 procidentem

2143 2029 2477 2088 synagogum
2507 2012 2576 2067 ad
2604 2011 2770 2082 pedes
2795 2008 2944 2076 Jesu,
2972 2016 3058 2065 est
3082 2007 3460 2088 legislatorem
3489 2018 3620 2058 cum
3648 2011 3740 2055 tota

2141 2107 2401 2181 progenie
2427 2113 2644 2176 patrum
2673 2102 3035 2158 mediatorem
3062 2099 3155 2154 Dei
3182 2106 3239 2154 et
3269 2097 3576 2152 hominum
3606 2093 3742 2163 longe

2144 2193 2248 2258 sibi
2277 2197 2557 2270 dignitatis
2586 2197 2759 2269 gloria
2788 2192 3188 2265 praeferendum
3216 2204 3346 2246 esse
3392 2201 3743 2259 cognoscas,

2144 2299 2201 2347 et
2229 2289 2473 2345 confiteri
2499 2303 2624 2343 cum
2653 2285 2913 2356 Apostolo
2938 2282 2990 2355 (Ι
3017 2280 3143 2337 Cor.
3173 2280 3236 2351 ι),
3261 2278 3398 2348 quia
3428 2277 3582 2348 quod
3611 2275 3743 2336 inﬁr-

2143 2400 2288 2439 mum
2327 2392 2402 2437 est
2437 2381 2559 2446 Dei,
2601 2380 2789 2449 fortius
2837 2386 2912 2432 est
2959 2374 3280 2430 hominibus.
3341 2368 3595 2441 (mum)
3628 2366 3744 2434 Quid

2147 2486 2328 2532 autem
2361 2475 2822 2545 archisynagogus
2851 2471 2941 2526 ille
2969 2470 3205 2525 adorans
3231 2465 3569 2527 Dominum,
3598 2461 3747 2531 petie-

2147 2571 2221 2626 rit
2246 2569 2568 2625 audiamus:
2606 2565 2772 2631 Filia,
2807 2563 3005 2634 inquit,
3034 2577 3151 2616 mea
3178 2558 3337 2614 modo
3374 2556 3640 2625 defuncta
3664 2562 3745 2612 est.

2146 2663 2238 2719 sed
2268 2662 2414 2726 veni,
2444 2662 2650 2730 impone
2679 2673 2892 2712 manum
2931 2664 3077 2709 tuam
3115 2669 3274 2724 super
3309 2668 3440 2706 eam
3461 2690 3474 2708 .
3520 2659 3570 2702 et
3611 2649 3745 2700 tiret.

2146 2755 2285 2811 Filia
2325 2770 2456 2825 ergo
2499 2749 2914 2822 archisynagogi
2965 2749 3082 2819 ipsa
3124 2755 3210 2801 est
3257 2744 3601 2816 Synagoga,
3641 2754 3746 2808 qua:

2148 2850 2262 2906 sola
2294 2848 2450 2920 legali
2481 2846 2822 2901 institutione
2846 2842 3168 2912 composita,
3197 2839 3360 2909 quasi
3392 2838 3566 2892 unica
3598 2834 3744 2904 Moysi

2148 2952 2276 2998 nata
2303 2948 2441 2996 erat.
2498 2939 2652 2996 Unde
2685 2937 2820 2993 etin
2854 2932 3144 3005 Evangelia
3181 2931 3345 2986 Lucae
3383 2929 3464 2984 ita
3499 2929 3742 2996 scriptum

2149 3043 2255 3103 est,
2285 3036 2408 3106 quia
2438 3031 2550 3101 ﬁlia
2580 3032 2739 3086 unica
2767 3038 2879 3085 erat
2906 3026 2985 3081 illi
3012 3027 3122 3097 fere
3151 3039 3428 3077 annorum
3459 3019 3742 3081 decedet—il,

2148 3138 2198 3184 et
2244 3127 2357 3182 ha’c
2401 3123 2743 3179 moriebatur.
2798 3120 2972 3187 Quam
3021 3115 3182 3172 modo
3231 3113 3568 3170 defunctam
3616 3121 3746 3181 pater

2150 3219 2267 3291 ipse
2292 3217 2673 3288 conqueritur:
2701 3213 2827 3284 quia
2854 3219 2977 3283 post
3004 3209 3240 3265 nobilem
3268 3207 3660 3262 educationem
3686 3204 3745 3258 le-

448 3319 518 3372 ad
540 3318 703 3388 pedes
725 3315 878 3381 Jesu,
902 3323 957 3369 et
979 3317 1364 3385 deprecantem
1391 3327 1490 3383 pro
1512 3309 1748 3367 sanitate
1768 3307 1892 3363 ﬁliae
1911 3322 2042 3362 suae.
2076 3302 2122 3367 C
2155 3310 2432 3385 gislatoris
2462 3317 2517 3364 et
2548 3306 2964 3363 instructionem
2993 3301 3389 3373 prophetarum
3415 3340 3430 3365 ,
3475 3307 3743 3369 postqum

448 3413 603 3480 Quod
635 3427 765 3467 vero
797 3410 1080 3464 Mattbzeus
1128 3407 1620 3478 archisynagogum
1664 3417 1773 3458 non
1819 3399 2047 3456 moritu-

448 3520 589 3569 ram,
617 3503 701 3556 vel
735 3503 1080 3566 morientem,
1112 3499 1198 3554 vel
1230 3500 1284 3553 in
1319 3506 1565 3552 extremo
1591 3495 1848 3566 positam,
1880 3491 2048 3546 filiam

451 3610 604 3649 suam
636 3603 824 3649 narrat
851 3594 1082 3648 Domino
1115 3593 1426 3657 nuntiasse,
1471 3588 1568 3645 sed
1600 3584 1822 3643 omnino
1854 3585 2046 3642 defun-

451 3697 630 3752 ctam;
665 3684 743 3739 illi
773 3693 953 3740 autem
980 3683 1108 3749 duo,
1132 3684 1293 3738 morti
1317 3683 1430 3754 jam
1456 3681 1785 3752 proximam,
1810 3677 2049 3733 nondum

452 3788 635 3834 tamen
667 3786 941 3832 mortuam
963 3818 978 3843 ,
1007 3775 1462 3832 considerandum
1493 3781 1578 3828 est
1596 3813 1611 3838 ,
1648 3786 1716 3827 ne
1745 3783 2052 3841 repugnare

450 3870 721 3936 videatur,
741 3878 797 3924 et
818 3869 1224 3941 intelligendum
1249 3866 1534 3922 brevitatis
1556 3879 1720 3921 causa
1743 3862 2051 3918 Matthazum

454 3965 559 4021 hoc
585 3965 765 4034 potius
798 3965 978 4018 dicere
1012 3962 1280 4027 voluisse,
1327 3967 1579 4031 rogatum
1615 3973 1738 4014 esse
1762 3955 1946 4012 Jesum
1992 3963 2054 4010 ut

454 4055 661 4110 faceret
687 4055 833 4124 quod
863 4070 987 4108 eum
1016 4053 1212 4108 fecisse
1242 4052 1590 4107 manifestum
1622 4058 1728 4115 est,
1759 4057 1818 4105 ut
1846 4049 2056 4104 scilicet

455 4157 729 4198 mortuam
758 4145 1049 4198 suscitaret
1075 4162 1087 4197 :
1125 4145 1357 4199 attendit
1385 4144 1530 4197 enim
1561 4159 1667 4197 non
1690 4143 1857 4196 verba
1883 4140 2055 4210 patris

457 4236 525 4290 de
557 4235 666 4289 filia
695 4252 816 4300 sua,
851 4236 965 4301 sed,
997 4236 1142 4306 quod
1171 4242 1254 4290 est
1285 4235 1654 4305 potissimum,
1682 4232 2051 4297 voluntatem;

457 4336 513 4382 et
543 4327 679 4400 talia
697 4327 863 4381 verba
894 4328 1096 4397 posuit,
1130 4327 1308 4399 qualis
1336 4326 1587 4381 voluntas
1613 4333 1749 4381 erat.
1797 4325 1874 4378 lla
1910 4325 2056 4378 enim

459 4419 876 4491 desperaverat,
909 4431 969 4474 ut
996 4420 1180 4490 potius
1206 4435 1330 4474 eam
1359 4419 1523 4473 vellet
1549 4417 1874 4475 reviviscere
1895 4458 1908 4484 ,
1949 4432 2057 4471 non

457 4515 686 4569 credens
716 4513 896 4568 vivam
929 4529 1091 4585 posse
1121 4514 1389 4580 inveniri,
1421 4528 1581 4582 quam
1612 4512 1938 4567 morientem
1970 4526 2054 4564 re-

460 4613 717 4682 liquerat.
767 4610 884 4666 Duo
913 4611 1099 4682 itaque
1128 4617 1429 4680 posuerunt
1457 4609 1586 4678 quid
1621 4607 1820 4662 dixerit
1844 4604 2054 4670 Jairus,

461 4704 746 4758 Matthams
777 4711 961 4758 autem
998 4678 1413 4773 quid—voluerit.
1463 4700 1764 4769 Utrumque
1800 4712 1930 4768 ergo
1963 4711 2056 4766 pe-
2082 4678 2136 4740 D

461 4799 618 4852 titum
653 4803 737 4851 est
764 4810 792 4849 a
827 4796 1089 4862 Domino,
1135 4804 1194 4850 ut
1239 4795 1325 4850 vel
1371 4792 1694 4848 morientem
1736 4789 1940 4845 salvam
1978 4787 2061 4842 fa-

458 4902 639 4959 ceret,
669 4891 756 4946 vel
783 4899 1057 4948 mortuam
1086 4891 1416 4947 suscitaret:
1456 4887 1551 4944 sed
1578 4901 1700 4940 cum
1733 4883 2061 4939 instituisset

461 4985 748 5041 Mattheeus
781 4992 954 5039 totum
984 4984 1228 5040 breviter
1253 4982 1454 5048 dicere,
1502 4982 1606 5036 hoc
1637 4977 1937 5034 insinuavit
1964 4991 2060 5046 pa-

461 5088 602 5133 trem
635 5085 922 5149 rogantem
956 5077 1160 5132 dixisse
1202 5076 1346 5144 quod
1394 5084 1450 5130 et
1500 5075 1675 5143 ipsum
1727 5078 1935 5127 certum
1972 5076 2060 5124 est

455 5168 698 5223 voluisse
728 5175 783 5223 et
809 5167 1088 5223 Christum
1120 5166 1336 5221 fecisse.
1381 5165 1607 5236 Mystice
1637 5171 1821 5218 autem
1865 5162 1920 5217 in
1954 5161 2059 5216 hac

460 5257 718 5324 lectione,
769 5259 863 5313 ubi
915 5259 1379 5330 archisynagogus
1429 5257 1640 5312 salvare
1688 5255 1854 5310 filiam
1905 5269 2058 5310 suam

459 5350 634 5421 petit,
691 5353 786 5408 sed
817 5361 1080 5423 pergente
1123 5353 1190 5406 ad
1232 5352 1452 5406 domum
1483 5349 1599 5420 ejus
1631 5350 1878 5413 Domino,
1919 5364 2058 5419 prae-

462 5453 704 5514 occupat
714 5444 1136 5499 haemorrhoissa
1159 5443 1373 5509 mulier,
1397 5451 1453 5499 et
1473 5442 1720 5514 prteripit
1739 5443 2058 5508 sanitatem;

464 5553 529 5591 ac
573 5534 767 5591 deinde
809 5535 922 5591 ﬁlia
973 5537 1391 5608 archisynagogi
1435 5536 1502 5590 ad
1538 5543 1779 5606 optatam
1815 5533 2064 5604 pervenit

464 5626 790 5690 sanitatem,
841 5626 950 5682 imo
996 5627 1064 5682 de
1113 5636 1287 5682 morte
1331 5635 1586 5683 revocata
1632 5633 1718 5680 est
1763 5624 1830 5679 ad
1868 5624 2059 5691 vitam,

464 5721 612 5775 salus
663 5719 970 5775 ostenditur
1017 5722 1233 5793 generis
1262 5720 1488 5775 humani
1525 5737 1536 5774 :
1577 5734 1698 5790 qu:e
1734 5717 1966 5773 Domino
2004 5717 2060 5772 in

466 5829 630 5870 carne
656 5813 912 5869 veniente
940 5813 1014 5867 ita
1045 5813 1359 5885 dispensata
1387 5819 1490 5879 est,
1518 5820 1579 5867 ut
1601 5811 1780 5882 primo
1806 5809 1970 5880 aliqui
1992 5823 2061 5864 ex

466 5908 632 5967 Israel
676 5911 742 5965 ad
777 5909 938 5966 fidem
971 5912 1254 5976 venerint,
1302 5909 1498 5966 deinde
1524 5907 1795 5978 plenitudo
1827 5905 2059 5978 gentium

2157 3403 2224 3459 ad
2253 3399 2618 3472 intelligibiles
2647 3397 2859 3453 animos
2888 3402 3243 3467 pervenerat,
3276 3399 3585 3461 postquam
3612 3387 3744 3458 spiri-

2154 3494 2316 3550 talem
2343 3495 2455 3550 Deo
2485 3489 2726 3547 sobolem
2760 3500 3023 3561 generare
3057 3484 3323 3548 debebat,
3354 3483 3648 3536 variorum
3679 3495 3744 3534 er-

2154 3603 2341 3644 rorum
2395 3585 2656 3655 languore
2709 3585 3057 3636 consternata
3091 3618 3106 3644 ,
3163 3575 3348 3631 subito
3408 3584 3742 3644 peccatorum

2155 3687 2331 3736 morte
2359 3677 2628 3733 exstincta
2655 3683 2774 3740 est;
2806 3673 2902 3729 sed
2928 3671 3150 3727 veniens
3177 3668 3526 3738 Redemptor
3557 3676 3744 3728 noster,

2155 3788 2317 3845 quam
2348 3778 2617 3827 mortuam
2653 3767 2891 3831 invenit,
2938 3765 3161 3820 dextera
3199 3775 3314 3816 suae
3355 3760 3625 3831 potentia:
3656 3758 3745 3811 cili

2156 3865 2226 3921 ad
2249 3864 2418 3919 vitam
2450 3860 2747 3918 revocavit.
2799 3855 2939 3913 Nota
2969 3855 3111 3926 quod
3153 3853 3414 3923 princeps
3445 3852 3554 3906 iste
3586 3850 3743 3905 dixit:

2166 3961 2318 4028 Veni,
2347 3962 2555 4032 impone
2585 3972 2803 4012 manum
2833 3964 2980 4009 tuam
3005 3966 3162 4020 super
3185 3965 3326 4014 eam,
3360 3957 3412 4001 et
3442 3949 3612 4007 viret;
3639 3960 3749 4000 cen-

2158 4055 2299 4110 turio
2328 4060 2509 4108 autem
2539 4050 2617 4106 ait
2644 4067 2658 4104 :
2691 4047 2938 4111 Domine,
2964 4052 3168 4098 tantum
3197 4040 3283 4094 dic
3315 4039 3503 4104 verbo,
3534 4048 3584 4093 et
3612 4052 3751 4090 sanc—

2159 4145 2300 4199 bitur
2327 4161 2456 4216 puer
2479 4159 2648 4198 meus.

2231 4237 2300 4292 Et
2330 4253 2546 4307 surgens
2574 4234 2733 4289 Iesus
2768 4231 3082 4303 sequebatur
3106 4244 3246 4293 eum,
3273 4235 3322 4280 et
3353 4223 3606 4294 discipuli
3631 4222 3748 4290 ejs-s.

2160 4332 2297 4400 Quia
2353 4345 2522 4400 prope
2573 4334 2658 4383 est
2707 4323 3024 4381 timentibus
3073 4320 3244 4375 Deum
3296 4317 3540 4374 salutare
3601 4315 3752 4385 ipsius

2162 4422 2333 4497 (Psal.
2367 4421 2625 4491 Lxxxw),
2675 4433 2778 4475 nec
2823 4415 3164 4472 obliviscitur
3192 4425 3357 4466 voces
3397 4409 3752 4480 (lutet-entiam

2163 4531 2242 4571 se.
2295 4514 2394 4569 Ubi
2440 4513 2585 4568 enim
2631 4510 2897 4565 adventus
2941 4505 3069 4562 Jesu
3115 4519 3238 4560 cum
3283 4500 3614 4557 doctoribus
3655 4498 3754 4553 suis

2167 4607 2530 4678 propinquat,
2581 4601 2765 4658 statim
2796 4599 2870 4656 ibi
2895 4596 3094 4654 mortis
3133 4595 3312 4652 exitus
3352 4600 3409 4648 et
3452 4591 3584 4646 vitae
3624 4597 3755 4660 patet

2164 4699 2438 4756 introitus.

2237 4790 2352 4866 [v.1
2376 4789 2450 4844 Et
2473 4803 2592 4844 ecce
2617 4785 2810 4842 mulier
2835 4800 2954 4856 qua:
2984 4782 3259 4854 sanguinis
3288 4781 3504 4851 ﬂuxum
3535 4779 3756 4852 patieba-

2162 4898 2250 4941 tur
2275 4884 2553 4940 duodecim
2583 4882 2758 4947 annis,
2801 4879 3017 4935 accessit
3051 4887 3188 4932 retro
3218 4884 3268 4930 et
3299 4875 3470 4946 tetigit
3501 4874 3757 4944 ﬁmbria-

2161 4979 2453 5037 uestimenti
2483 4978 2620 5049 ejus.
2678 4973 2893 5047 (Beda.)
2930 4972 3123 5027 Mulier
3153 4969 3419 5041 sanguine
3445 4966 3644 5030 ﬂuens,
3675 4963 3760 5022 sed

2163 5089 2194 5128 a
2223 5072 2455 5128 Domino
2481 5076 2671 5125 curata
2690 5107 2705 5134 ,
2739 5064 2984 5121 Ecclesia
3011 5071 3098 5120 est
3122 5067 3457 5133 congregata
3490 5059 3557 5115 de
3584 5056 3757 5130 genti-

2169 5164 2299 5230 bus;
2339 5176 2461 5232 qute
2500 5159 2742 5231 ingenito
2771 5155 3070 5212 carnalium
3102 5152 3536 5209 delectatiouum
3563 5149 3758 5220 polluta

2168 5255 2315 5309 fluxu
2335 5293 2350 5321 ,
2384 5261 2548 5323 atque
2577 5266 2609 5306 a
2635 5258 2782 5306 etetu
2804 5248 2921 5318 jam
2950 5248 3128 5304 fuerat
3159 5254 3442 5316 segregata
3478 5244 3752 5300 ﬁdelium:

2170 5348 2265 5403 sed
2293 5348 2419 5402 dum
2450 5344 2676 5401 verbum
2704 5343 2798 5398 Dei
2827 5341 3070 5397 Judteam
3107 5339 3320 5395 salvare
3349 5346 3640 5402 cerneret,
3681 5333 3759 5390 iﬂl

2168 5445 2416 5511 paratam
2439 5438 2552 5508 jam
2582 5435 3016 5507 promissamque
3043 5432 3162 5488 aliis
3189 5431 3477 5503 praeripuit
3499 5445 3598 5498 spe
3619 5434 3762 5484 certa

2171 5530 2424 5586 salutem.
2449 5527 2756 5582 Notandum
2779 5525 2925 5595 quod
2948 5532 3004 5580 et
3024 5522 3442 5594 archisynagogi
3466 5520 3764 5577 duodenis

2171 5621 2245 5677 sit
2269 5620 2376 5675 ﬁlia
2395 5660 2409 5686 ,
2444 5625 2499 5674 et
2528 5617 2722 5674 mulier
2751 5618 2870 5673 haec
2898 5617 2966 5671 ab
2995 5616 3154 5672 annis
3184 5615 3472 5671 duodecim
3504 5615 3764 5686 sanguine

2168 5714 2416 5780 ﬂuxerit,
2446 5714 2550 5769 hoc
2575 5720 2680 5778 est,
2711 5712 2922 5779 eodem,
2958 5725 3066 5780 quo
3096 5711 3213 5766 haec
3237 5718 3365 5764 nata
3394 5709 3470 5765 sit
3501 5719 3764 5781 tenuiore,

2169 5805 2260 5861 illa
2307 5804 2535 5874 coeperit
2578 5802 2884 5860 infirmari:
2931 5817 3040 5858 una
3084 5801 3230 5860 enim
3277 5816 3419 5874 pene
3463 5801 3772 5873 eadequ

2171 5900 2353 5959 saeculi
2375 5898 2534 5970 hujus
2559 5907 2720 5956 aetate
2751 5908 2808 5956 et
2839 5897 3124 5970 Synagoga
3149 5896 3206 5954 in
3231 5895 3566 5968 patriarchis
3585 5890 3773 5964 uad,
