  <div class='ocr_page' id='page_1' title='image "/cluster/home/n/w/nwhite01/storage/ocr_20150623/107/hvd.32044015466832/446.png"; bbox 0 0 3914 6460; ppageno 0'>
   <div class='ocr_carea' id='block_1_1' title="bbox 231 325 329 388">
    <p class='ocr_par' dir='ltr' id='par_1_1' title="bbox 231 325 329 388">
     <span class='ocr_line' id='line_1_1' title="bbox 231 325 329 388; baseline -0.02 0"><span class='ocrx_word' id='word_1_1' title='bbox 231 325 329 388; x_wconf 68' lang='grc'><strong>881</strong></span> 
     </span>
    </p>
   </div>
   <div class='ocr_carea' id='block_1_2' title="bbox 1207 318 2541 386">
    <p class='ocr_par' dir='ltr' id='par_1_2' title="bbox 1207 318 2541 386">
     <span class='ocr_line' id='line_1_2' title="bbox 1207 318 2541 386; baseline -0.004 -1"><span class='ocrx_word' id='word_1_2' title='bbox 1207 321 1560 386; x_wconf 79' lang='lat' dir='ltr'><strong>COMMENT.</strong></span> <span class='ocrx_word' id='word_1_3' title='bbox 1600 318 2143 383; x_wconf 60' lang='lat' dir='ltr'><strong>lN-MATTHIEUM.</strong></span> <span class='ocrx_word' id='word_1_4' title='bbox 2180 352 2250 365; x_wconf 91' lang='lat'>—</span> <span class='ocrx_word' id='word_1_5' title='bbox 2284 319 2415 380; x_wconf 84' lang='lat' dir='ltr'><strong>LIB.</strong></span> <span class='ocrx_word' id='word_1_6' title='bbox 2456 318 2541 379; x_wconf 87' lang='lat' dir='ltr'><strong>IlI.</strong></span> 
     </span>
    </p>
   </div>
   <div class='ocr_carea' id='block_1_3' title="bbox 3394 318 3502 379">
    <p class='ocr_par' dir='ltr' id='par_1_3' title="bbox 3394 318 3502 379">
     <span class='ocr_line' id='line_1_3' title="bbox 3394 318 3502 379; baseline 0 0"><span class='ocrx_word' id='word_1_7' title='bbox 3394 318 3502 379; x_wconf 72' lang='lat'><strong>882</strong></span> 
     </span>
    </p>
   </div>
   <div class='ocr_carea' id='block_1_4' title="bbox 230 441 3496 516">
    <p class='ocr_par' dir='ltr' id='par_1_4' title="bbox 230 441 3496 516">
     <span class='ocr_line' id='line_1_4' title="bbox 230 441 3496 516; baseline -0.001 -15"><span class='ocrx_word' id='word_1_8' title='bbox 230 453 284 501; x_wconf 89' lang='lat' dir='ltr'><strong>et</strong></span> <span class='ocrx_word' id='word_1_9' title='bbox 311 443 551 516; x_wconf 83' lang='lat' dir='ltr'><strong>gentium</strong></span> <span class='ocrx_word' id='word_1_10' title='bbox 580 448 890 499; x_wconf 74' lang='lat' dir='ltr'><strong>exterarum</strong></span> <span class='ocrx_word' id='word_1_11' title='bbox 926 441 1075 499; x_wconf 84' lang='lat' dir='ltr'><strong>natio</strong></span> <span class='ocrx_word' id='word_1_12' title='bbox 1103 457 1202 515; x_wconf 89' lang='lat' dir='ltr'><strong>per</strong></span> <span class='ocrx_word' id='word_1_13' title='bbox 1229 445 1417 500; x_wconf 90' lang='lat' dir='ltr'><strong>orbem</strong></span> <span class='ocrx_word' id='word_1_14' title='bbox 1445 445 1613 516; x_wconf 77' lang='lat' dir='ltr'><strong>coepit</strong></span> <span class='ocrx_word' id='word_1_15' title='bbox 1641 443 1810 499; x_wconf 88' lang='lat' dir='ltr'><strong>idolo-</strong></span> <span class='ocrx_word' id='word_1_16' title='bbox 1837 445 1892 508; x_wconf 82' lang='grc' dir='ltr'><strong>Α</strong></span> <span class='ocrx_word' id='word_1_17' title='bbox 1916 444 1985 500; x_wconf 88' lang='lat' dir='ltr'><strong>ab</strong></span> <span class='ocrx_word' id='word_1_18' title='bbox 2011 442 2159 500; x_wconf 92' lang='lat' dir='ltr'><strong>omni</strong></span> <span class='ocrx_word' id='word_1_19' title='bbox 2198 443 2480 513; x_wconf 89' lang='lat' dir='ltr'><strong>iniquitate</strong></span> <span class='ocrx_word' id='word_1_20' title='bbox 2514 449 2860 512; x_wconf 82' lang='lat' dir='ltr'><strong>peccatorum</strong></span> <span class='ocrx_word' id='word_1_21' title='bbox 2898 455 3146 498; x_wconf 91' lang='lat' dir='ltr'><strong>meorum</strong></span> <span class='ocrx_word' id='word_1_22' title='bbox 3175 443 3496 499; x_wconf 87' lang='lat' dir='ltr'><strong>mundabor.</strong></span> 
     </span>
    </p>
   </div>
   <div class='ocr_carea' id='block_1_5' title="bbox 230 533 1810 609">
    <p class='ocr_par' dir='ltr' id='par_1_5' title="bbox 230 533 1810 609">
     <span class='ocr_line' id='line_1_5' title="bbox 230 533 1810 609; baseline 0 -17"><span class='ocrx_word' id='word_1_23' title='bbox 230 538 407 593; x_wconf 65' lang='lat' dir='ltr'><strong>latria:</strong></span> <span class='ocrx_word' id='word_1_24' title='bbox 437 536 589 592; x_wconf 88' lang='lat' dir='ltr'><strong>sanie</strong></span> <span class='ocrx_word' id='word_1_25' title='bbox 617 534 829 593; x_wconf 71' lang='lat' dir='ltr'><strong>fmdari.</strong></span> <span class='ocrx_word' id='word_1_26' title='bbox 884 533 1023 591; x_wconf 87' lang='lat' dir='ltr'><strong>Nam</strong></span> <span class='ocrx_word' id='word_1_27' title='bbox 1061 545 1117 591; x_wconf 89' lang='lat' dir='ltr'><strong>et</strong></span> <span class='ocrx_word' id='word_1_28' title='bbox 1155 535 1330 592; x_wconf 83' lang='lat' dir='ltr'><strong>ﬂuxus</strong></span> <span class='ocrx_word' id='word_1_29' title='bbox 1366 537 1644 609; x_wconf 75' lang='lat' dir='ltr'><strong>sanguinis</strong></span> <span class='ocrx_word' id='word_1_30' title='bbox 1669 536 1810 593; x_wconf 79' lang='lat' dir='ltr'><strong>bifa-</strong></span> 
     </span>
    </p>
   </div>
   <div class='ocr_carea' id='block_1_6' title="bbox 231 627 1813 699">
    <p class='ocr_par' dir='ltr' id='par_1_6' title="bbox 231 627 1813 699">
     <span class='ocr_line' id='line_1_6' title="bbox 231 627 1813 699; baseline 0.001 -16"><span class='ocrx_word' id='word_1_31' title='bbox 231 629 402 692; x_wconf 86' lang='lat' dir='ltr'><strong>riam,</strong></span> <span class='ocrx_word' id='word_1_32' title='bbox 452 627 556 683; x_wconf 92' lang='lat' dir='ltr'><strong>hoc</strong></span> <span class='ocrx_word' id='word_1_33' title='bbox 593 635 702 692; x_wconf 89' lang='lat' dir='ltr'><strong>est,</strong></span> <span class='ocrx_word' id='word_1_34' title='bbox 753 633 812 682; x_wconf 89' lang='lat' dir='ltr'><strong>et</strong></span> <span class='ocrx_word' id='word_1_35' title='bbox 857 640 1021 698; x_wconf 87' lang='lat' dir='ltr'><strong>super</strong></span> <span class='ocrx_word' id='word_1_36' title='bbox 1047 627 1364 684; x_wconf 68' lang='lat' dir='ltr'><strong>idololatriae</strong></span> <span class='ocrx_word' id='word_1_37' title='bbox 1391 627 1708 699; x_wconf 80' lang='lat' dir='ltr'><strong>pollutione,</strong></span> <span class='ocrx_word' id='word_1_38' title='bbox 1757 637 1813 685; x_wconf 89' lang='lat' dir='ltr'><strong>et</strong></span> 
     </span>
    </p>
   </div>
   <div class='ocr_carea' id='block_1_7' title="bbox 231 717 1813 791">
    <p class='ocr_par' dir='ltr' id='par_1_7' title="bbox 231 717 1813 791">
     <span class='ocr_line' id='line_1_7' title="bbox 231 717 1813 791; baseline 0 -16"><span class='ocrx_word' id='word_1_39' title='bbox 231 735 394 791; x_wconf 85' lang='lat' dir='ltr'><strong>super</strong></span> <span class='ocrx_word' id='word_1_40' title='bbox 423 719 509 775; x_wconf 91' lang='lat' dir='ltr'><strong>his</strong></span> <span class='ocrx_word' id='word_1_41' title='bbox 535 735 656 790; x_wconf 82' lang='lat' dir='ltr'><strong>quae</strong></span> <span class='ocrx_word' id='word_1_42' title='bbox 693 717 878 775; x_wconf 90' lang='lat' dir='ltr'><strong>carnis</strong></span> <span class='ocrx_word' id='word_1_43' title='bbox 917 733 982 774; x_wconf 92' lang='lat' dir='ltr'><strong>ac</strong></span> <span class='ocrx_word' id='word_1_44' title='bbox 1017 719 1297 791; x_wconf 79' lang='lat' dir='ltr'><strong>sanguinis</strong></span> <span class='ocrx_word' id='word_1_45' title='bbox 1325 717 1687 776; x_wconf 90' lang='lat' dir='ltr'><strong>delectatione</strong></span> <span class='ocrx_word' id='word_1_46' title='bbox 1715 735 1813 791; x_wconf 86' lang='lat' dir='ltr'><strong>ge-</strong></span> 
     </span>
    </p>
   </div>
   <div class='ocr_carea' id='block_1_8' title="bbox 229 810 1816 885">
    <p class='ocr_par' dir='ltr' id='par_1_8' title="bbox 229 810 1816 885">
     <span class='ocr_line' id='line_1_8' title="bbox 229 810 1816 885; baseline 0 -17"><span class='ocrx_word' id='word_1_47' title='bbox 229 820 444 879; x_wconf 90' lang='lat' dir='ltr'><strong>runtur,</strong></span> <span class='ocrx_word' id='word_1_48' title='bbox 465 819 645 882; x_wconf 79' lang='lat' dir='ltr'><strong>potest</strong></span> <span class='ocrx_word' id='word_1_49' title='bbox 666 820 813 868; x_wconf 90' lang='lat' dir='ltr'><strong>recte</strong></span> <span class='ocrx_word' id='word_1_50' title='bbox 836 810 1080 881; x_wconf 81' lang='lat' dir='ltr'><strong>intelligi.</strong></span> <span class='ocrx_word' id='word_1_51' title='bbox 1105 812 1247 884; x_wconf 88' lang='lat' dir='ltr'><strong>Ergo</strong></span> <span class='ocrx_word' id='word_1_52' title='bbox 1269 812 1507 883; x_wconf 92' lang='lat' dir='ltr'><strong>quandiu</strong></span> <span class='ocrx_word' id='word_1_53' title='bbox 1531 811 1816 885; x_wconf 86' lang='lat' dir='ltr'><strong>Synagoga</strong></span> 
     </span>
    </p>
   </div>
   <div class='ocr_carea' id='block_1_9' title="bbox 232 903 1818 975">
    <p class='ocr_par' dir='ltr' id='par_1_9' title="bbox 232 903 1818 975">
     <span class='ocr_line' id='line_1_9' title="bbox 232 903 1818 975; baseline 0.001 -15"><span class='ocrx_word' id='word_1_54' title='bbox 232 906 402 975; x_wconf 80' lang='lat' dir='ltr'><strong>viguit</strong></span> <span class='ocrx_word' id='word_1_55' title='bbox 420 946 452 972; x_wconf 56' lang='lat'><strong>,,</strong></span> <span class='ocrx_word' id='word_1_56' title='bbox 481 903 751 960; x_wconf 84' lang='lat' dir='ltr'><strong>laboravit</strong></span> <span class='ocrx_word' id='word_1_57' title='bbox 789 903 1031 960; x_wconf 86' lang='lat' dir='ltr'><strong>Ecclesia</strong></span> <span class='ocrx_word' id='word_1_58' title='bbox 1055 923 1069 960; x_wconf 91' lang='lat'><strong>:</strong></span> <span class='ocrx_word' id='word_1_59' title='bbox 1100 903 1344 962; x_wconf 83' lang='lat' dir='ltr'><strong>defectus</strong></span> <span class='ocrx_word' id='word_1_60' title='bbox 1373 905 1516 961; x_wconf 91' lang='lat' dir='ltr'><strong>illius</strong></span> <span class='ocrx_word' id='word_1_61' title='bbox 1544 904 1705 975; x_wconf 89' lang='lat' dir='ltr'><strong>hujus</strong></span> <span class='ocrx_word' id='word_1_62' title='bbox 1731 912 1818 962; x_wconf 85' lang='lat' dir='ltr'><strong>est</strong></span> 
     </span>
    </p>
   </div>
   <div class='ocr_carea' id='block_1_10' title="bbox 232 997 1812 1072">
    <p class='ocr_par' dir='ltr' id='par_1_10' title="bbox 232 997 1812 1072">
     <span class='ocr_line' id='line_1_10' title="bbox 232 997 1812 1072; baseline 0 -18"><span class='ocrx_word' id='word_1_63' title='bbox 232 1000 427 1065; x_wconf 88' lang='lat' dir='ltr'><strong>virtus,</strong></span> <span class='ocrx_word' id='word_1_64' title='bbox 455 998 582 1069; x_wconf 88' lang='lat' dir='ltr'><strong>quia</strong></span> <span class='ocrx_word' id='word_1_65' title='bbox 617 997 830 1053; x_wconf 89' lang='lat' dir='ltr'><strong>illorum</strong></span> <span class='ocrx_word' id='word_1_66' title='bbox 856 997 1052 1054; x_wconf 86' lang='lat' dir='ltr'><strong>delicto</strong></span> <span class='ocrx_word' id='word_1_67' title='bbox 1077 997 1224 1053; x_wconf 87' lang='lat' dir='ltr'><strong>salus</strong></span> <span class='ocrx_word' id='word_1_68' title='bbox 1262 997 1404 1054; x_wconf 78' lang='lat' dir='ltr'><strong>facta</strong></span> <span class='ocrx_word' id='word_1_69' title='bbox 1433 1007 1517 1054; x_wconf 91' lang='lat' dir='ltr'><strong>est</strong></span> <span class='ocrx_word' id='word_1_70' title='bbox 1541 998 1812 1072; x_wconf 83' lang='lat' dir='ltr'><strong>gentibus.</strong></span> 
     </span>
    </p>
   </div>
   <div class='ocr_carea' id='block_1_11' title="bbox 231 1091 1813 1164">
    <p class='ocr_par' dir='ltr' id='par_1_11' title="bbox 231 1091 1813 1164">
     <span class='ocr_line' id='line_1_11' title="bbox 231 1091 1813 1164; baseline -0.001 -18"><span class='ocrx_word' id='word_1_71' title='bbox 231 1092 458 1164; x_wconf 72' lang='lat' dir='ltr'><strong>(MAUR.)</strong></span> <span class='ocrx_word' id='word_1_72' title='bbox 495 1091 605 1147; x_wconf 89' lang='lat' dir='ltr'><strong>Nec</strong></span> <span class='ocrx_word' id='word_1_73' title='bbox 639 1091 757 1147; x_wconf 86' lang='lat' dir='ltr'><strong>sine</strong></span> <span class='ocrx_word' id='word_1_74' title='bbox 784 1091 1045 1163; x_wconf 86' lang='lat' dir='ltr'><strong>mysterio</strong></span> <span class='ocrx_word' id='word_1_75' title='bbox 1073 1092 1217 1162; x_wconf 91' lang='lat' dir='ltr'><strong>quod</strong></span> <span class='ocrx_word' id='word_1_76' title='bbox 1244 1091 1354 1147; x_wconf 93' lang='lat' dir='ltr'><strong>ﬁlia</strong></span> <span class='ocrx_word' id='word_1_77' title='bbox 1391 1091 1540 1163; x_wconf 91' lang='lat' dir='ltr'><strong>prius</strong></span> <span class='ocrx_word' id='word_1_78' title='bbox 1569 1099 1813 1163; x_wconf 85' lang='lat' dir='ltr'><strong>rogatur,</strong></span> 
     </span>
    </p>
   </div>
   <div class='ocr_carea' id='block_1_12' title="bbox 228 1180 1818 1254">
    <p class='ocr_par' dir='ltr' id='par_1_12' title="bbox 228 1180 1818 1254">
     <span class='ocr_line' id='line_1_12' title="bbox 228 1180 1818 1254; baseline -0.003 -16"><span class='ocrx_word' id='word_1_79' title='bbox 228 1190 282 1238; x_wconf 90' lang='lat' dir='ltr'><strong>et</strong></span> <span class='ocrx_word' id='word_1_80' title='bbox 328 1191 508 1238; x_wconf 88' lang='lat' dir='ltr'><strong>tamen</strong></span> <span class='ocrx_word' id='word_1_81' title='bbox 548 1182 968 1238; x_wconf 68' lang='lat' dir='ltr'><strong>haamorrhoissa</strong></span> <span class='ocrx_word' id='word_1_82' title='bbox 1013 1183 1166 1254; x_wconf 91' lang='lat' dir='ltr'><strong>prius</strong></span> <span class='ocrx_word' id='word_1_83' title='bbox 1208 1189 1471 1249; x_wconf 89' lang='lat' dir='ltr'><strong>sanatur;</strong></span> <span class='ocrx_word' id='word_1_84' title='bbox 1520 1180 1646 1251; x_wconf 86' lang='lat' dir='ltr'><strong>quia</strong></span> <span class='ocrx_word' id='word_1_85' title='bbox 1688 1180 1818 1236; x_wconf 87' lang='lat' dir='ltr'><strong>licet</strong></span> 
     </span>
    </p>
   </div>
   <div class='ocr_carea' id='block_1_13' title="bbox 227 1273 1817 1346">
    <p class='ocr_par' dir='ltr' id='par_1_13' title="bbox 227 1273 1817 1346">
     <span class='ocr_line' id='line_1_13' title="bbox 227 1273 1817 1346; baseline -0.003 -16"><span class='ocrx_word' id='word_1_86' title='bbox 227 1275 552 1346; x_wconf 84' lang='lat' dir='ltr'><strong>patriarchae</strong></span> <span class='ocrx_word' id='word_1_87' title='bbox 579 1282 633 1330; x_wconf 90' lang='lat' dir='ltr'><strong>et</strong></span> <span class='ocrx_word' id='word_1_88' title='bbox 652 1276 931 1346; x_wconf 68' lang='lat' dir='ltr'><strong>propheta:</strong></span> <span class='ocrx_word' id='word_1_89' title='bbox 953 1273 1181 1331; x_wconf 89' lang='lat' dir='ltr'><strong>salutem</strong></span> <span class='ocrx_word' id='word_1_90' title='bbox 1206 1273 1556 1330; x_wconf 84' lang='lat' dir='ltr'><strong>Hebraeorum</strong></span> <span class='ocrx_word' id='word_1_91' title='bbox 1578 1279 1702 1327; x_wconf 90' lang='lat' dir='ltr'><strong>ante</strong></span> <span class='ocrx_word' id='word_1_92' title='bbox 1721 1286 1817 1342; x_wconf 89' lang='lat' dir='ltr'><strong>po-</strong></span> 
     </span>
    </p>
   </div>
   <div class='ocr_carea' id='block_1_14' title="bbox 228 1364 1816 1440">
    <p class='ocr_par' dir='ltr' id='par_1_14' title="bbox 228 1364 1816 1440">
     <span class='ocr_line' id='line_1_14' title="bbox 228 1364 1816 1440; baseline -0.002 -16"><span class='ocrx_word' id='word_1_93' title='bbox 228 1367 570 1434; x_wconf 89' lang='lat' dir='ltr'><strong>stulaverint,</strong></span> <span class='ocrx_word' id='word_1_94' title='bbox 594 1383 788 1440; x_wconf 87' lang='lat' dir='ltr'><strong>magna</strong></span> <span class='ocrx_word' id='word_1_95' title='bbox 818 1376 1002 1423; x_wconf 92' lang='lat' dir='ltr'><strong>tamen</strong></span> <span class='ocrx_word' id='word_1_96' title='bbox 1028 1366 1162 1424; x_wconf 88' lang='lat' dir='ltr'><strong>ﬁdes</strong></span> <span class='ocrx_word' id='word_1_97' title='bbox 1189 1367 1429 1440; x_wconf 86' lang='lat' dir='ltr'><strong>gentium</strong></span> <span class='ocrx_word' id='word_1_98' title='bbox 1455 1366 1604 1437; x_wconf 92' lang='lat' dir='ltr'><strong>prius</strong></span> <span class='ocrx_word' id='word_1_99' title='bbox 1625 1364 1816 1421; x_wconf 90' lang='lat' dir='ltr'><strong>salutis</strong></span> 
     </span>
    </p>
   </div>
   <div class='ocr_carea' id='block_1_15' title="bbox 227 1458 1814 1532">
    <p class='ocr_par' dir='ltr' id='par_1_15' title="bbox 227 1458 1814 1532">
     <span class='ocr_line' id='line_1_15' title="bbox 227 1458 1814 1532; baseline -0.002 -17"><span class='ocrx_word' id='word_1_100' title='bbox 227 1460 429 1517; x_wconf 88' lang='lat' dir='ltr'><strong>donum</strong></span> <span class='ocrx_word' id='word_1_101' title='bbox 452 1459 777 1531; x_wconf 86' lang='lat' dir='ltr'><strong>impetravit.</strong></span> <span class='ocrx_word' id='word_1_102' title='bbox 811 1458 1082 1532; x_wconf 86' lang='lat' dir='ltr'><strong>(Hieron.)</strong></span> <span class='ocrx_word' id='word_1_103' title='bbox 1109 1458 1247 1514; x_wconf 89' lang='lat' dir='ltr'><strong>Filia</strong></span> <span class='ocrx_word' id='word_1_104' title='bbox 1272 1466 1453 1515; x_wconf 89' lang='lat' dir='ltr'><strong>autem</strong></span> <span class='ocrx_word' id='word_1_105' title='bbox 1478 1459 1736 1529; x_wconf 89' lang='lat' dir='ltr'><strong>principis</strong></span> <span class='ocrx_word' id='word_1_106' title='bbox 1761 1458 1814 1513; x_wconf 92' lang='lat' dir='ltr'><strong>in</strong></span> 
     </span>
    </p>
   </div>
   <div class='ocr_carea' id='block_1_16' title="bbox 227 1551 1815 1624">
    <p class='ocr_par' dir='ltr' id='par_1_16' title="bbox 227 1551 1815 1624">
     <span class='ocr_line' id='line_1_16' title="bbox 227 1551 1815 1624; baseline -0.002 -14"><span class='ocrx_word' id='word_1_107' title='bbox 227 1555 447 1610; x_wconf 89' lang='lat' dir='ltr'><strong>civitate</strong></span> <span class='ocrx_word' id='word_1_108' title='bbox 482 1553 615 1624; x_wconf 85' lang='lat' dir='ltr'><strong>legis</strong></span> <span class='ocrx_word' id='word_1_109' title='bbox 642 1553 913 1622; x_wconf 88' lang='lat' dir='ltr'><strong>moriens,</strong></span> <span class='ocrx_word' id='word_1_110' title='bbox 943 1561 998 1609; x_wconf 90' lang='lat' dir='ltr'><strong>et</strong></span> <span class='ocrx_word' id='word_1_111' title='bbox 1027 1553 1084 1608; x_wconf 89' lang='lat' dir='ltr'><strong>in</strong></span> <span class='ocrx_word' id='word_1_112' title='bbox 1112 1553 1271 1609; x_wconf 92' lang='lat' dir='ltr'><strong>domo</strong></span> <span class='ocrx_word' id='word_1_113' title='bbox 1299 1553 1358 1609; x_wconf 90' lang='lat' dir='ltr'><strong>in</strong></span> <span class='ocrx_word' id='word_1_114' title='bbox 1388 1568 1494 1622; x_wconf 89' lang='lat' dir='ltr'><strong>qua</strong></span> <span class='ocrx_word' id='word_1_115' title='bbox 1531 1553 1690 1607; x_wconf 88' lang='lat' dir='ltr'><strong>unius</strong></span> <span class='ocrx_word' id='word_1_116' title='bbox 1718 1551 1815 1607; x_wconf 91' lang='lat' dir='ltr'><strong>Dei</strong></span> 
     </span>
    </p>
   </div>
   <div class='ocr_carea' id='block_1_17' title="bbox 225 1646 1818 1705">
    <p class='ocr_par' dir='ltr' id='par_1_17' title="bbox 225 1646 1818 1705">
     <span class='ocr_line' id='line_1_17' title="bbox 225 1646 1818 1705; baseline 0 -1"><span class='ocrx_word' id='word_1_117' title='bbox 225 1647 404 1704; x_wconf 91' lang='lat' dir='ltr'><strong>cultus</strong></span> <span class='ocrx_word' id='word_1_118' title='bbox 432 1664 497 1703; x_wconf 89' lang='lat' dir='ltr'><strong>ac</strong></span> <span class='ocrx_word' id='word_1_119' title='bbox 523 1646 792 1705; x_wconf 85' lang='lat' dir='ltr'><strong>confessio</strong></span> <span class='ocrx_word' id='word_1_120' title='bbox 818 1646 921 1703; x_wconf 76' lang='lat' dir='ltr'><strong>fuit</strong></span> <span class='ocrx_word' id='word_1_121' title='bbox 947 1649 1016 1704; x_wconf 91' lang='lat' dir='ltr'><strong>ab</strong></span> <span class='ocrx_word' id='word_1_122' title='bbox 1045 1648 1235 1704; x_wconf 90' lang='lat' dir='ltr'><strong>eodem</strong></span> <span class='ocrx_word' id='word_1_123' title='bbox 1264 1647 1494 1704; x_wconf 90' lang='lat' dir='ltr'><strong>Domino</strong></span> <span class='ocrx_word' id='word_1_124' title='bbox 1524 1648 1818 1705; x_wconf 87' lang='lat' dir='ltr'><strong>resuscita-</strong></span> 
     </span>
    </p>
   </div>
   <div class='ocr_carea' id='block_1_18' title="bbox 227 1739 1812 1811">
    <p class='ocr_par' dir='ltr' id='par_1_18' title="bbox 227 1739 1812 1811">
     <span class='ocr_line' id='line_1_18' title="bbox 227 1739 1812 1811; baseline 0.002 -16"><span class='ocrx_word' id='word_1_125' title='bbox 227 1748 333 1795; x_wconf 89' lang='lat' dir='ltr'><strong>tur.</strong></span> <span class='ocrx_word' id='word_1_126' title='bbox 364 1739 490 1796; x_wconf 62' lang='lat' dir='ltr'><strong>Haec</strong></span> <span class='ocrx_word' id='word_1_127' title='bbox 509 1749 690 1796; x_wconf 89' lang='lat' dir='ltr'><strong>autem</strong></span> <span class='ocrx_word' id='word_1_128' title='bbox 711 1741 907 1796; x_wconf 87' lang='lat' dir='ltr'><strong>mulier</strong></span> <span class='ocrx_word' id='word_1_129' title='bbox 927 1741 1194 1811; x_wconf 82' lang='lat' dir='ltr'><strong>sanguine</strong></span> <span class='ocrx_word' id='word_1_130' title='bbox 1213 1740 1406 1807; x_wconf 88' lang='lat' dir='ltr'><strong>ﬂuens,</strong></span> <span class='ocrx_word' id='word_1_131' title='bbox 1425 1756 1531 1796; x_wconf 92' lang='lat' dir='ltr'><strong>non</strong></span> <span class='ocrx_word' id='word_1_132' title='bbox 1554 1743 1606 1796; x_wconf 91' lang='lat' dir='ltr'><strong>in</strong></span> <span class='ocrx_word' id='word_1_133' title='bbox 1630 1742 1812 1809; x_wconf 87' lang='lat' dir='ltr'><strong>domo,</strong></span> 
     </span>
    </p>
   </div>
   <div class='ocr_carea' id='block_1_19' title="bbox 224 1822 1889 1906">
    <p class='ocr_par' dir='ltr' id='par_1_19' title="bbox 224 1822 1889 1906">
     <span class='ocr_line' id='line_1_19' title="bbox 224 1822 1889 1906; baseline 0.001 -21"><span class='ocrx_word' id='word_1_134' title='bbox 224 1846 333 1887; x_wconf 93' lang='lat' dir='ltr'><strong>non</strong></span> <span class='ocrx_word' id='word_1_135' title='bbox 361 1830 418 1886; x_wconf 88' lang='lat' dir='ltr'><strong>in</strong></span> <span class='ocrx_word' id='word_1_136' title='bbox 443 1832 577 1888; x_wconf 85' lang='lat' dir='ltr'><strong>urbe</strong></span> <span class='ocrx_word' id='word_1_137' title='bbox 606 1831 814 1888; x_wconf 89' lang='lat' dir='ltr'><strong>accedit</strong></span> <span class='ocrx_word' id='word_1_138' title='bbox 840 1832 910 1888; x_wconf 90' lang='lat' dir='ltr'><strong>ad</strong></span> <span class='ocrx_word' id='word_1_139' title='bbox 937 1832 1224 1888; x_wconf 91' lang='lat' dir='ltr'><strong>Dominum</strong></span> <span class='ocrx_word' id='word_1_140' title='bbox 1243 1874 1257 1898; x_wconf 92' lang='lat'><strong>,</strong></span> <span class='ocrx_word' id='word_1_141' title='bbox 1297 1834 1426 1904; x_wconf 91' lang='lat' dir='ltr'><strong>quia</strong></span> <span class='ocrx_word' id='word_1_142' title='bbox 1455 1834 1610 1905; x_wconf 84' lang='lat' dir='ltr'><strong>juxta</strong></span> <span class='ocrx_word' id='word_1_143' title='bbox 1637 1834 1813 1906; x_wconf 85' lang='lat' dir='ltr'><strong>legem</strong></span> <span class='ocrx_word' id='word_1_144' title='bbox 1840 1822 1889 1886; x_wconf 90' lang='lat' dir='ltr'><strong>B</strong></span> 
     </span>
    </p>
   </div>
   <div class='ocr_carea' id='block_1_20' title="bbox 222 1927 1810 1998">
    <p class='ocr_par' dir='ltr' id='par_1_20' title="bbox 222 1927 1810 1998">
     <span class='ocr_line' id='line_1_20' title="bbox 222 1927 1810 1998; baseline 0.003 -15"><span class='ocrx_word' id='word_1_145' title='bbox 222 1927 450 1984; x_wconf 89' lang='lat' dir='ltr'><strong>urbibus</strong></span> <span class='ocrx_word' id='word_1_146' title='bbox 469 1928 878 1994; x_wconf 83' lang='lat' dir='ltr'><strong>excludebatur,</strong></span> <span class='ocrx_word' id='word_1_147' title='bbox 911 1928 1006 1985; x_wconf 90' lang='lat' dir='ltr'><strong>sed</strong></span> <span class='ocrx_word' id='word_1_148' title='bbox 1026 1931 1083 1984; x_wconf 88' lang='lat' dir='ltr'><strong>in</strong></span> <span class='ocrx_word' id='word_1_149' title='bbox 1106 1929 1322 1994; x_wconf 88' lang='lat' dir='ltr'><strong>itinere,</strong></span> <span class='ocrx_word' id='word_1_150' title='bbox 1344 1930 1655 1987; x_wconf 89' lang='lat' dir='ltr'><strong>ambulante</strong></span> <span class='ocrx_word' id='word_1_151' title='bbox 1679 1931 1810 1998; x_wconf 89' lang='lat' dir='ltr'><strong>Deo,</strong></span> 
     </span>
    </p>
   </div>
   <div class='ocr_carea' id='block_1_21' title="bbox 223 2019 1816 2091">
    <p class='ocr_par' dir='ltr' id='par_1_21' title="bbox 223 2019 1816 2091">
     <span class='ocr_line' id='line_1_21' title="bbox 223 2019 1816 2091; baseline 0.004 -17"><span class='ocrx_word' id='word_1_152' title='bbox 223 2028 285 2074; x_wconf 92' lang='lat' dir='ltr'><strong>ut</strong></span> <span class='ocrx_word' id='word_1_153' title='bbox 313 2019 442 2074; x_wconf 92' lang='lat' dir='ltr'><strong>dum</strong></span> <span class='ocrx_word' id='word_1_154' title='bbox 471 2021 647 2091; x_wconf 86' lang='lat' dir='ltr'><strong>pergit</strong></span> <span class='ocrx_word' id='word_1_155' title='bbox 674 2021 743 2076; x_wconf 88' lang='lat' dir='ltr'><strong>ad</strong></span> <span class='ocrx_word' id='word_1_156' title='bbox 772 2019 936 2076; x_wconf 89' lang='lat' dir='ltr'><strong>aliam</strong></span> <span class='ocrx_word' id='word_1_157' title='bbox 965 2021 1073 2076; x_wconf 91' lang='lat' dir='ltr'><strong>alia</strong></span> <span class='ocrx_word' id='word_1_158' title='bbox 1100 2030 1405 2077; x_wconf 88' lang='lat' dir='ltr'><strong>curaretur.</strong></span> <span class='ocrx_word' id='word_1_159' title='bbox 1445 2021 1600 2080; x_wconf 90' lang='lat' dir='ltr'><strong>Unde</strong></span> <span class='ocrx_word' id='word_1_160' title='bbox 1626 2025 1816 2081; x_wconf 91' lang='lat' dir='ltr'><strong>dicunt</strong></span> 
     </span>
    </p>
   </div>
   <div class='ocr_carea' id='block_1_22' title="bbox 223 2112 1814 2187">
    <p class='ocr_par' dir='ltr' id='par_1_22' title="bbox 223 2112 1814 2187">
     <span class='ocr_line' id='line_1_22' title="bbox 223 2112 1814 2187; baseline 0.002 -17"><span class='ocrx_word' id='word_1_161' title='bbox 223 2121 280 2170; x_wconf 89' lang='lat' dir='ltr'><strong>et</strong></span> <span class='ocrx_word' id='word_1_162' title='bbox 302 2113 529 2184; x_wconf 83' lang='lat' dir='ltr'><strong>apostoli</strong></span> <span class='ocrx_word' id='word_1_163' title='bbox 555 2132 569 2168; x_wconf 87' lang='lat'><strong>:</strong></span> <span class='ocrx_word' id='word_1_164' title='bbox 601 2113 757 2170; x_wconf 86' lang='lat' dir='ltr'><strong>Vobis</strong></span> <span class='ocrx_word' id='word_1_165' title='bbox 780 2115 991 2187; x_wconf 81' lang='lat' dir='ltr'><strong>quidem</strong></span> <span class='ocrx_word' id='word_1_166' title='bbox 1014 2112 1281 2186; x_wconf 70' lang='lat' dir='ltr'><strong>Oportebat</strong></span> <span class='ocrx_word' id='word_1_167' title='bbox 1305 2116 1584 2186; x_wconf 78' lang='lat' dir='ltr'><strong>prwdicari</strong></span> <span class='ocrx_word' id='word_1_168' title='bbox 1605 2118 1814 2173; x_wconf 88' lang='lat' dir='ltr'><strong>verbum</strong></span> 
     </span>
    </p>
   </div>
   <div class='ocr_carea' id='block_1_23' title="bbox 225 2204 1811 2280">
    <p class='ocr_par' dir='ltr' id='par_1_23' title="bbox 225 2204 1811 2280">
     <span class='ocr_line' id='line_1_23' title="bbox 225 2204 1811 2280; baseline 0.004 -21"><span class='ocrx_word' id='word_1_169' title='bbox 225 2204 366 2270; x_wconf 88' lang='lat' dir='ltr'><strong>Dei;</strong></span> <span class='ocrx_word' id='word_1_170' title='bbox 419 2205 510 2261; x_wconf 89' lang='lat' dir='ltr'><strong>sed</strong></span> <span class='ocrx_word' id='word_1_171' title='bbox 557 2207 806 2277; x_wconf 84' lang='lat' dir='ltr'><strong>quoniam</strong></span> <span class='ocrx_word' id='word_1_172' title='bbox 852 2207 1095 2279; x_wconf 85' lang='lat' dir='ltr'><strong>indignos</strong></span> <span class='ocrx_word' id='word_1_173' title='bbox 1142 2225 1230 2264; x_wconf 82' lang='lat' dir='ltr'><strong>vos</strong></span> <span class='ocrx_word' id='word_1_174' title='bbox 1272 2208 1558 2280; x_wconf 86' lang='lat' dir='ltr'><strong>judicastis</strong></span> <span class='ocrx_word' id='word_1_175' title='bbox 1607 2209 1811 2278; x_wconf 84' lang='lat' dir='ltr'><strong>salute,</strong></span> 
     </span>
    </p>
   </div>
   <div class='ocr_carea' id='block_1_24' title="bbox 223 2298 1815 2372">
    <p class='ocr_par' dir='ltr' id='par_1_24' title="bbox 223 2298 1815 2372">
     <span class='ocr_line' id='line_1_24' title="bbox 223 2298 1815 2372; baseline 0.003 -20"><span class='ocrx_word' id='word_1_176' title='bbox 223 2298 641 2369; x_wconf 87' lang='lat' dir='ltr'><strong>transgredimur</strong></span> <span class='ocrx_word' id='word_1_177' title='bbox 665 2299 735 2353; x_wconf 90' lang='lat' dir='ltr'><strong>ad</strong></span> <span class='ocrx_word' id='word_1_178' title='bbox 761 2309 936 2370; x_wconf 79' lang='lat' dir='ltr'><strong>gentes</strong></span> <span class='ocrx_word' id='word_1_179' title='bbox 966 2299 1104 2372; x_wconf 83' lang='lat' dir='ltr'><strong>(Act.</strong></span> <span class='ocrx_word' id='word_1_180' title='bbox 1132 2299 1278 2372; x_wconf 87' lang='lat' dir='ltr'><strong>xm).</strong></span> <span class='ocrx_word' id='word_1_181' title='bbox 1335 2300 1447 2357; x_wconf 84' lang='lat' dir='ltr'><strong>Nec</strong></span> <span class='ocrx_word' id='word_1_182' title='bbox 1481 2311 1815 2372; x_wconf 67' lang='lat' dir='ltr'><strong>praetereun-</strong></span> 
     </span>
    </p>
   </div>
   <div class='ocr_carea' id='block_1_25' title="bbox 226 2388 1814 2463">
    <p class='ocr_par' dir='ltr' id='par_1_25' title="bbox 226 2388 1814 2463">
     <span class='ocr_line' id='line_1_25' title="bbox 226 2388 1814 2463; baseline 0.004 -19"><span class='ocrx_word' id='word_1_183' title='bbox 226 2389 355 2444; x_wconf 88' lang='lat' dir='ltr'><strong>dum</strong></span> <span class='ocrx_word' id='word_1_184' title='bbox 385 2390 530 2461; x_wconf 91' lang='lat' dir='ltr'><strong>quod</strong></span> <span class='ocrx_word' id='word_1_185' title='bbox 565 2388 780 2446; x_wconf 85' lang='lat' dir='ltr'><strong>Marcus</strong></span> <span class='ocrx_word' id='word_1_186' title='bbox 822 2390 1109 2463; x_wconf 89' lang='lat' dir='ltr'><strong>Lueasque</strong></span> <span class='ocrx_word' id='word_1_187' title='bbox 1155 2392 1343 2448; x_wconf 89' lang='lat' dir='ltr'><strong>dicunt</strong></span> <span class='ocrx_word' id='word_1_188' title='bbox 1383 2394 1525 2450; x_wconf 87' lang='lat' dir='ltr'><strong>hanc</strong></span> <span class='ocrx_word' id='word_1_189' title='bbox 1566 2395 1814 2450; x_wconf 87' lang='lat' dir='ltr'><strong>eamdem</strong></span> 
     </span>
    </p>
   </div>
   <div class='ocr_carea' id='block_1_26' title="bbox 225 2481 1811 2558">
    <p class='ocr_par' dir='ltr' id='par_1_26' title="bbox 225 2481 1811 2558">
     <span class='ocr_line' id='line_1_26' title="bbox 225 2481 1811 2558; baseline 0.003 -20"><span class='ocrx_word' id='word_1_190' title='bbox 225 2483 515 2538; x_wconf 90' lang='lat' dir='ltr'><strong>mulierem</strong></span> <span class='ocrx_word' id='word_1_191' title='bbox 563 2484 619 2539; x_wconf 91' lang='lat' dir='ltr'><strong>in</strong></span> <span class='ocrx_word' id='word_1_192' title='bbox 662 2481 907 2541; x_wconf 90' lang='lat' dir='ltr'><strong>medicos</strong></span> <span class='ocrx_word' id='word_1_193' title='bbox 937 2499 1167 2558; x_wconf 88' lang='lat' dir='ltr'><strong>erogare</strong></span> <span class='ocrx_word' id='word_1_194' title='bbox 1206 2486 1568 2542; x_wconf 88' lang='lat' dir='ltr'><strong>substantiam</strong></span> <span class='ocrx_word' id='word_1_195' title='bbox 1615 2503 1770 2544; x_wconf 89' lang='lat' dir='ltr'><strong>suam</strong></span> <span class='ocrx_word' id='word_1_196' title='bbox 1795 2529 1811 2556; x_wconf 95' lang='lat'><strong>,</strong></span> 
     </span>
    </p>
   </div>
   <div class='ocr_carea' id='block_1_27' title="bbox 226 2577 1814 2649">
    <p class='ocr_par' dir='ltr' id='par_1_27' title="bbox 226 2577 1814 2649">
     <span class='ocr_line' id='line_1_27' title="bbox 226 2577 1814 2649; baseline 0.004 -18"><span class='ocrx_word' id='word_1_197' title='bbox 226 2591 331 2632; x_wconf 90' lang='lat' dir='ltr'><strong>nec</strong></span> <span class='ocrx_word' id='word_1_198' title='bbox 364 2578 433 2634; x_wconf 92' lang='lat' dir='ltr'><strong>ab</strong></span> <span class='ocrx_word' id='word_1_199' title='bbox 463 2577 570 2633; x_wconf 91' lang='lat' dir='ltr'><strong>ullo</strong></span> <span class='ocrx_word' id='word_1_200' title='bbox 596 2593 758 2649; x_wconf 91' lang='lat' dir='ltr'><strong>posse</strong></span> <span class='ocrx_word' id='word_1_201' title='bbox 788 2579 990 2634; x_wconf 90' lang='lat' dir='ltr'><strong>curari.</strong></span> <span class='ocrx_word' id='word_1_202' title='bbox 1048 2579 1286 2636; x_wconf 84' lang='lat' dir='ltr'><strong>Medicos</strong></span> <span class='ocrx_word' id='word_1_203' title='bbox 1313 2581 1429 2636; x_wconf 87' lang='lat' dir='ltr'><strong>sive</strong></span> <span class='ocrx_word' id='word_1_204' title='bbox 1458 2581 1625 2638; x_wconf 80' lang='lat' dir='ltr'><strong>falsos</strong></span> <span class='ocrx_word' id='word_1_205' title='bbox 1653 2582 1814 2637; x_wconf 89' lang='lat' dir='ltr'><strong>intel-</strong></span> 
     </span>
    </p>
   </div>
   <div class='ocr_carea' id='block_1_28' title="bbox 225 2671 1814 2746">
    <p class='ocr_par' dir='ltr' id='par_1_28' title="bbox 225 2671 1814 2746">
     <span class='ocr_line' id='line_1_28' title="bbox 225 2671 1814 2746; baseline 0.003 -20"><span class='ocrx_word' id='word_1_206' title='bbox 225 2671 441 2743; x_wconf 89' lang='lat' dir='ltr'><strong>ligimus</strong></span> <span class='ocrx_word' id='word_1_207' title='bbox 486 2672 802 2744; x_wconf 89' lang='lat' dir='ltr'><strong>theologos,</strong></span> <span class='ocrx_word' id='word_1_208' title='bbox 852 2673 968 2728; x_wconf 88' lang='lat' dir='ltr'><strong>sive</strong></span> <span class='ocrx_word' id='word_1_209' title='bbox 1003 2673 1354 2743; x_wconf 90' lang='lat' dir='ltr'><strong>philosophos</strong></span> <span class='ocrx_word' id='word_1_210' title='bbox 1391 2673 1682 2746; x_wconf 88' lang='lat' dir='ltr'><strong>legumque</strong></span> <span class='ocrx_word' id='word_1_211' title='bbox 1715 2675 1814 2730; x_wconf 84' lang='lat' dir='ltr'><strong>do-</strong></span> 
     </span>
    </p>
   </div>
   <div class='ocr_carea' id='block_1_29' title="bbox 225 2763 1815 2834">
    <p class='ocr_par' dir='ltr' id='par_1_29' title="bbox 225 2763 1815 2834">
     <span class='ocr_line' id='line_1_29' title="bbox 225 2763 1815 2834; baseline 0.001 -14"><span class='ocrx_word' id='word_1_212' title='bbox 225 2771 406 2820; x_wconf 91' lang='lat' dir='ltr'><strong>ctores</strong></span> <span class='ocrx_word' id='word_1_213' title='bbox 433 2763 798 2830; x_wconf 69' lang='lat' dir='ltr'><strong>saecularium,</strong></span> <span class='ocrx_word' id='word_1_214' title='bbox 828 2765 923 2834; x_wconf 92' lang='lat' dir='ltr'><strong>qui</strong></span> <span class='ocrx_word' id='word_1_215' title='bbox 949 2764 1119 2819; x_wconf 91' lang='lat' dir='ltr'><strong>multa</strong></span> <span class='ocrx_word' id='word_1_216' title='bbox 1150 2763 1218 2818; x_wconf 94' lang='lat' dir='ltr'><strong>de</strong></span> <span class='ocrx_word' id='word_1_217' title='bbox 1243 2763 1534 2820; x_wconf 90' lang='lat' dir='ltr'><strong>virtutibus</strong></span> <span class='ocrx_word' id='word_1_218' title='bbox 1559 2765 1815 2834; x_wconf 86' lang='lat' dir='ltr'><strong>vitiisque</strong></span> 
     </span>
    </p>
   </div>
   <div class='ocr_carea' id='block_1_30' title="bbox 225 2856 1816 2930">
    <p class='ocr_par' dir='ltr' id='par_1_30' title="bbox 225 2856 1816 2930">
     <span class='ocr_line' id='line_1_30' title="bbox 225 2856 1816 2930; baseline -0.001 -16"><span class='ocrx_word' id='word_1_219' title='bbox 225 2856 579 2914; x_wconf 87' lang='lat' dir='ltr'><strong>subtilissime</strong></span> <span class='ocrx_word' id='word_1_220' title='bbox 605 2858 970 2929; x_wconf 91' lang='lat' dir='ltr'><strong>disputantes,</strong></span> <span class='ocrx_word' id='word_1_221' title='bbox 1006 2857 1162 2913; x_wconf 91' lang='lat' dir='ltr'><strong>utilia</strong></span> <span class='ocrx_word' id='word_1_222' title='bbox 1191 2857 1412 2912; x_wconf 89' lang='lat' dir='ltr'><strong>vivendi</strong></span> <span class='ocrx_word' id='word_1_223' title='bbox 1442 2859 1816 2930; x_wconf 90' lang='lat' dir='ltr'><strong>eredendique</strong></span> 
     </span>
    </p>
   </div>
   <div class='ocr_carea' id='block_1_31' title="bbox 226 2950 1816 3022">
    <p class='ocr_par' dir='ltr' id='par_1_31' title="bbox 226 2950 1816 3022">
     <span class='ocr_line' id='line_1_31' title="bbox 226 2950 1816 3022; baseline -0.001 -16"><span class='ocrx_word' id='word_1_224' title='bbox 226 2951 476 3008; x_wconf 88' lang='lat' dir='ltr'><strong>instituta</strong></span> <span class='ocrx_word' id='word_1_225' title='bbox 502 2966 562 3008; x_wconf 92' lang='lat' dir='ltr'><strong>se</strong></span> <span class='ocrx_word' id='word_1_226' title='bbox 586 2950 908 3007; x_wconf 84' lang='lat' dir='ltr'><strong>mortalibus</strong></span> <span class='ocrx_word' id='word_1_227' title='bbox 930 2951 1061 3006; x_wconf 91' lang='lat' dir='ltr'><strong>dare</strong></span> <span class='ocrx_word' id='word_1_228' title='bbox 1084 2951 1509 3022; x_wconf 87' lang='lat' dir='ltr'><strong>promittebant:</strong></span> <span class='ocrx_word' id='word_1_229' title='bbox 1543 2966 1639 3006; x_wconf 92' lang='lat' dir='ltr'><strong>seu</strong></span> <span class='ocrx_word' id='word_1_230' title='bbox 1666 2959 1816 3006; x_wconf 88' lang='lat' dir='ltr'><strong>certe</strong></span> 
     </span>
    </p>
   </div>
   <div class='ocr_carea' id='block_1_32' title="bbox 227 3043 1816 3115">
    <p class='ocr_par' dir='ltr' id='par_1_32' title="bbox 227 3043 1816 3115">
     <span class='ocr_line' id='line_1_32' title="bbox 227 3043 1816 3115; baseline 0.003 -17"><span class='ocrx_word' id='word_1_231' title='bbox 227 3043 373 3114; x_wconf 90' lang='lat' dir='ltr'><strong>ipsos</strong></span> <span class='ocrx_word' id='word_1_232' title='bbox 410 3044 632 3114; x_wconf 90' lang='lat' dir='ltr'><strong>spiritus</strong></span> <span class='ocrx_word' id='word_1_233' title='bbox 669 3043 998 3110; x_wconf 89' lang='lat' dir='ltr'><strong>immundos,</strong></span> <span class='ocrx_word' id='word_1_234' title='bbox 1040 3045 1134 3115; x_wconf 90' lang='lat' dir='ltr'><strong>qui</strong></span> <span class='ocrx_word' id='word_1_235' title='bbox 1159 3044 1308 3100; x_wconf 91' lang='lat' dir='ltr'><strong>velut</strong></span> <span class='ocrx_word' id='word_1_236' title='bbox 1341 3045 1651 3102; x_wconf 89' lang='lat' dir='ltr'><strong>hominibus</strong></span> <span class='ocrx_word' id='word_1_237' title='bbox 1680 3062 1816 3102; x_wconf 90' lang='lat' dir='ltr'><strong>con-</strong></span> 
     </span>
    </p>
   </div>
   <div class='ocr_carea' id='block_1_33' title="bbox 225 3137 1818 3210">
    <p class='ocr_par' dir='ltr' id='par_1_33' title="bbox 225 3137 1818 3210">
     <span class='ocr_line' id='line_1_33' title="bbox 225 3137 1818 3210; baseline 0 -15"><span class='ocrx_word' id='word_1_238' title='bbox 225 3138 454 3195; x_wconf 92' lang='lat' dir='ltr'><strong>sulendo</strong></span> <span class='ocrx_word' id='word_1_239' title='bbox 483 3153 606 3195; x_wconf 90' lang='lat' dir='ltr'><strong>sese</strong></span> <span class='ocrx_word' id='word_1_240' title='bbox 633 3153 734 3208; x_wconf 88' lang='lat' dir='ltr'><strong>pro</strong></span> <span class='ocrx_word' id='word_1_241' title='bbox 769 3139 882 3196; x_wconf 93' lang='lat' dir='ltr'><strong>Deo</strong></span> <span class='ocrx_word' id='word_1_242' title='bbox 912 3137 1173 3195; x_wconf 89' lang='lat' dir='ltr'><strong>colendos</strong></span> <span class='ocrx_word' id='word_1_243' title='bbox 1202 3138 1562 3210; x_wconf 88' lang='lat' dir='ltr'><strong>ingerebant;</strong></span> <span class='ocrx_word' id='word_1_244' title='bbox 1620 3139 1818 3209; x_wconf 89' lang='lat' dir='ltr'><strong>quibus</strong></span> 
     </span>
    </p>
   </div>
   <div class='ocr_carea' id='block_1_34' title="bbox 227 3229 1818 3302">
    <p class='ocr_par' dir='ltr' id='par_1_34' title="bbox 227 3229 1818 3302">
     <span class='ocr_line' id='line_1_34' title="bbox 227 3229 1818 3302; baseline 0.001 -17"><span class='ocrx_word' id='word_1_245' title='bbox 227 3229 478 3285; x_wconf 86' lang='lat' dir='ltr'><strong>certatim</strong></span> <span class='ocrx_word' id='word_1_246' title='bbox 509 3229 792 3285; x_wconf 91' lang='lat' dir='ltr'><strong>audiendis</strong></span> <span class='ocrx_word' id='word_1_247' title='bbox 818 3229 1097 3302; x_wconf 91' lang='lat' dir='ltr'><strong>gentilitas</strong></span> <span class='ocrx_word' id='word_1_248' title='bbox 1121 3237 1324 3300; x_wconf 88' lang='lat' dir='ltr'><strong>quanto</strong></span> <span class='ocrx_word' id='word_1_249' title='bbox 1351 3231 1524 3301; x_wconf 91' lang='lat' dir='ltr'><strong>magis</strong></span> <span class='ocrx_word' id='word_1_250' title='bbox 1551 3229 1818 3286; x_wconf 88' lang='lat' dir='ltr'><strong>naturalis</strong></span> 
     </span>
    </p>
   </div>
   <div class='ocr_carea' id='block_1_35' title="bbox 228 3319 1819 3392">
    <p class='ocr_par' dir='ltr' id='par_1_35' title="bbox 228 3319 1819 3392">
     <span class='ocr_line' id='line_1_35' title="bbox 228 3319 1819 3392; baseline 0.001 -16"><span class='ocrx_word' id='word_1_251' title='bbox 228 3320 679 3377; x_wconf 76' lang='lat' dir='ltr'><strong>industrizevires</strong></span> <span class='ocrx_word' id='word_1_252' title='bbox 707 3321 1064 3387; x_wconf 80' lang='lat' dir='ltr'><strong>extenderat,</strong></span> <span class='ocrx_word' id='word_1_253' title='bbox 1112 3330 1266 3377; x_wconf 88' lang='lat' dir='ltr'><strong>tanto</strong></span> <span class='ocrx_word' id='word_1_254' title='bbox 1312 3322 1492 3378; x_wconf 90' lang='lat' dir='ltr'><strong>minus</strong></span> <span class='ocrx_word' id='word_1_255' title='bbox 1534 3322 1709 3392; x_wconf 88' lang='lat' dir='ltr'><strong>potuit</strong></span> <span class='ocrx_word' id='word_1_256' title='bbox 1751 3319 1819 3378; x_wconf 90' lang='lat' dir='ltr'><strong>ab</strong></span> 
     </span>
    </p>
   </div>
   <div class='ocr_carea' id='block_1_36' title="bbox 228 3413 1820 3486">
    <p class='ocr_par' dir='ltr' id='par_1_36' title="bbox 228 3413 1820 3486">
     <span class='ocr_line' id='line_1_36' title="bbox 228 3413 1820 3486; baseline 0.001 -18"><span class='ocrx_word' id='word_1_257' title='bbox 228 3413 529 3484; x_wconf 89' lang='lat' dir='ltr'><strong>iniquitatis</strong></span> <span class='ocrx_word' id='word_1_258' title='bbox 557 3429 670 3471; x_wconf 75' lang='lat' dir='ltr'><strong>sua:</strong></span> <span class='ocrx_word' id='word_1_259' title='bbox 697 3414 860 3470; x_wconf 90' lang='lat' dir='ltr'><strong>sorde</strong></span> <span class='ocrx_word' id='word_1_260' title='bbox 889 3413 1130 3486; x_wconf 89' lang='lat' dir='ltr'><strong>purgari.</strong></span> <span class='ocrx_word' id='word_1_261' title='bbox 1170 3413 1280 3469; x_wconf 90' lang='lat' dir='ltr'><strong>Sed</strong></span> <span class='ocrx_word' id='word_1_262' title='bbox 1303 3415 1422 3470; x_wconf 61' lang='lat' dir='ltr'><strong>haec</strong></span> <span class='ocrx_word' id='word_1_263' title='bbox 1446 3415 1538 3471; x_wconf 91' lang='lat' dir='ltr'><strong>ubi</strong></span> <span class='ocrx_word' id='word_1_264' title='bbox 1563 3414 1820 3485; x_wconf 85' lang='lat' dir='ltr'><strong>populum</strong></span> 
     </span>
    </p>
   </div>
   <div class='ocr_carea' id='block_1_37' title="bbox 228 3505 1821 3578">
    <p class='ocr_par' dir='ltr' id='par_1_37' title="bbox 228 3505 1821 3578">
     <span class='ocr_line' id='line_1_37' title="bbox 228 3505 1821 3578; baseline 0 -16"><span class='ocrx_word' id='word_1_265' title='bbox 228 3505 536 3563; x_wconf 62' lang='lat' dir='ltr'><strong>Judteorum</strong></span> <span class='ocrx_word' id='word_1_266' title='bbox 581 3516 907 3577; x_wconf 72' lang='lat' dir='ltr'><strong>:egrotasse,</strong></span> <span class='ocrx_word' id='word_1_267' title='bbox 957 3522 1260 3578; x_wconf 91' lang='lat' dir='ltr'><strong>verumque</strong></span> <span class='ocrx_word' id='word_1_268' title='bbox 1292 3507 1360 3562; x_wconf 94' lang='lat' dir='ltr'><strong>de</strong></span> <span class='ocrx_word' id='word_1_269' title='bbox 1389 3507 1528 3563; x_wconf 88' lang='lat' dir='ltr'><strong>coelo</strong></span> <span class='ocrx_word' id='word_1_270' title='bbox 1567 3507 1821 3577; x_wconf 79' lang='lat' dir='ltr'><strong>cognovit</strong></span> 
     </span>
    </p>
   </div>
   <div class='ocr_carea' id='block_1_38' title="bbox 231 3599 1818 3671">
    <p class='ocr_par' dir='ltr' id='par_1_38' title="bbox 231 3599 1818 3671">
     <span class='ocr_line' id='line_1_38' title="bbox 231 3599 1818 3671; baseline -0.001 -15"><span class='ocrx_word' id='word_1_271' title='bbox 231 3601 423 3656; x_wconf 92' lang='lat' dir='ltr'><strong>adesse</strong></span> <span class='ocrx_word' id='word_1_272' title='bbox 445 3600 737 3664; x_wconf 88' lang='lat' dir='ltr'><strong>medicum,</strong></span> <span class='ocrx_word' id='word_1_273' title='bbox 762 3600 930 3671; x_wconf 63' lang='lat' dir='ltr'><strong>coepit</strong></span> <span class='ocrx_word' id='word_1_274' title='bbox 951 3608 1009 3654; x_wconf 93' lang='lat' dir='ltr'><strong>et</strong></span> <span class='ocrx_word' id='word_1_275' title='bbox 1030 3600 1144 3670; x_wconf 92' lang='lat' dir='ltr'><strong>ipsa</strong></span> <span class='ocrx_word' id='word_1_276' title='bbox 1170 3599 1447 3670; x_wconf 89' lang='lat' dir='ltr'><strong>languoris</strong></span> <span class='ocrx_word' id='word_1_277' title='bbox 1469 3599 1551 3654; x_wconf 90' lang='lat' dir='ltr'><strong>sui</strong></span> <span class='ocrx_word' id='word_1_278' title='bbox 1574 3614 1818 3670; x_wconf 91' lang='lat' dir='ltr'><strong>sperare,</strong></span> 
     </span>
    </p>
   </div>
   <div class='ocr_carea' id='block_1_39' title="bbox 229 3691 1822 3766">
    <p class='ocr_par' dir='ltr' id='par_1_39' title="bbox 229 3691 1822 3766">
     <span class='ocr_line' id='line_1_39' title="bbox 229 3691 1822 3766; baseline -0.001 -18"><span class='ocrx_word' id='word_1_279' title='bbox 229 3694 435 3766; x_wconf 88' lang='lat' dir='ltr'><strong>pariter</strong></span> <span class='ocrx_word' id='word_1_280' title='bbox 454 3700 511 3747; x_wconf 93' lang='lat' dir='ltr'><strong>et</strong></span> <span class='ocrx_word' id='word_1_281' title='bbox 532 3692 807 3763; x_wconf 88' lang='lat' dir='ltr'><strong>inquirere</strong></span> <span class='ocrx_word' id='word_1_282' title='bbox 831 3691 1152 3748; x_wconf 91' lang='lat' dir='ltr'><strong>remedium.</strong></span> <span class='ocrx_word' id='word_1_283' title='bbox 1181 3691 1426 3757; x_wconf 89' lang='lat' dir='ltr'><strong>Accedit,</strong></span> <span class='ocrx_word' id='word_1_284' title='bbox 1451 3699 1508 3766; x_wconf 57' lang='lat' dir='ltr'><strong>et</strong></span> <span class='ocrx_word' id='word_1_285' title='bbox 1531 3691 1822 3747; x_wconf 93' lang='lat' dir='ltr'><strong>Dominum</strong></span> 
     </span>
    </p>
   </div>
   <div class='ocr_carea' id='block_1_40' title="bbox 231 3750 1819 3859">
    <p class='ocr_par' dir='ltr' id='par_1_40' title="bbox 231 3750 1819 3859">
     <span class='ocr_line' id='line_1_40' title="bbox 231 3750 1819 3859; baseline -0.001 -18"><span class='ocrx_word' id='word_1_286' title='bbox 231 3750 408 3859; x_wconf 63' lang='lat' dir='ltr'><strong>iangit</strong></span> <span class='ocrx_word' id='word_1_287' title='bbox 435 3750 678 3842; x_wconf 74' lang='lat' dir='ltr'><strong>Ecclesia</strong></span> <span class='ocrx_word' id='word_1_288' title='bbox 702 3787 771 3843; x_wconf 92' lang='lat' dir='ltr'><strong>de</strong></span> <span class='ocrx_word' id='word_1_289' title='bbox 798 3785 1068 3858; x_wconf 90' lang='lat' dir='ltr'><strong>gentibus,</strong></span> <span class='ocrx_word' id='word_1_290' title='bbox 1114 3801 1235 3857; x_wconf 73' lang='lat' dir='ltr'><strong>qua:</strong></span> <span class='ocrx_word' id='word_1_291' title='bbox 1262 3785 1311 3840; x_wconf 92' lang='lat' dir='ltr'><strong>ei</strong></span> <span class='ocrx_word' id='word_1_292' title='bbox 1339 3750 1588 3856; x_wconf 57' lang='lat' dir='ltr'><strong>peridei</strong></span> <span class='ocrx_word' id='word_1_293' title='bbox 1616 3785 1819 3840; x_wconf 90' lang='lat' dir='ltr'><strong>verita-</strong></span> 
     </span>
    </p>
   </div>
   <div class='ocr_carea' id='block_1_41' title="bbox 232 3877 1821 3952">
    <p class='ocr_par' dir='ltr' id='par_1_41' title="bbox 232 3877 1821 3952">
     <span class='ocr_line' id='line_1_41' title="bbox 232 3877 1821 3952; baseline -0.002 -16"><span class='ocrx_word' id='word_1_294' title='bbox 232 3889 344 3936; x_wconf 91' lang='lat' dir='ltr'><strong>tem</strong></span> <span class='ocrx_word' id='word_1_295' title='bbox 372 3880 784 3952; x_wconf 89' lang='lat' dir='ltr'><strong>appropinquat.</strong></span> <span class='ocrx_word' id='word_1_296' title='bbox 833 3878 1058 3935; x_wconf 84' lang='lat' dir='ltr'><strong>Accedit</strong></span> <span class='ocrx_word' id='word_1_297' title='bbox 1101 3886 1280 3934; x_wconf 88' lang='lat' dir='ltr'><strong>autem</strong></span> <span class='ocrx_word' id='word_1_298' title='bbox 1321 3886 1491 3944; x_wconf 85' lang='lat' dir='ltr'><strong>retro,</strong></span> <span class='ocrx_word' id='word_1_299' title='bbox 1523 3877 1637 3933; x_wconf 89' lang='lat' dir='ltr'><strong>sive</strong></span> <span class='ocrx_word' id='word_1_300' title='bbox 1664 3877 1821 3948; x_wconf 84' lang='lat' dir='ltr'><strong>juxta</strong></span> 
     </span>
    </p>
   </div>
   <div class='ocr_carea' id='block_1_42' title="bbox 231 3971 1824 4044">
    <p class='ocr_par' dir='ltr' id='par_1_42' title="bbox 231 3971 1824 4044">
     <span class='ocr_line' id='line_1_42' title="bbox 231 3971 1824 4044; baseline -0.003 -17"><span class='ocrx_word' id='word_1_301' title='bbox 231 3971 286 4028; x_wconf 90' lang='lat' dir='ltr'><strong>id</strong></span> <span class='ocrx_word' id='word_1_302' title='bbox 314 3971 459 4044; x_wconf 93' lang='lat' dir='ltr'><strong>quod</strong></span> <span class='ocrx_word' id='word_1_303' title='bbox 489 3973 604 4042; x_wconf 91' lang='lat' dir='ltr'><strong>ipse</strong></span> <span class='ocrx_word' id='word_1_304' title='bbox 631 3973 741 4026; x_wconf 89' lang='lat' dir='ltr'><strong>ait:</strong></span> <span class='ocrx_word' id='word_1_305' title='bbox 777 3971 838 4028; x_wconf 90' lang='lat' dir='ltr'><strong>Si</strong></span> <span class='ocrx_word' id='word_1_306' title='bbox 861 3973 978 4044; x_wconf 87' lang='lat' dir='ltr'><strong>quis</strong></span> <span class='ocrx_word' id='word_1_307' title='bbox 1006 3972 1132 4026; x_wconf 83' lang='lat' dir='ltr'><strong>mihi</strong></span> <span class='ocrx_word' id='word_1_308' title='bbox 1161 3971 1446 4036; x_wconf 75' lang='lat' dir='ltr'><strong>ministrat,</strong></span> <span class='ocrx_word' id='word_1_309' title='bbox 1471 3987 1552 4025; x_wconf 88' lang='lat' dir='ltr'><strong>me</strong></span> <span class='ocrx_word' id='word_1_310' title='bbox 1572 3979 1824 4041; x_wconf 86' lang='lat' dir='ltr'><strong>sequatur</strong></span> 
     </span>
    </p>
   </div>
   <div class='ocr_carea' id='block_1_43' title="bbox 233 4062 1822 4137">
    <p class='ocr_par' dir='ltr' id='par_1_43' title="bbox 233 4062 1822 4137">
     <span class='ocr_line' id='line_1_43' title="bbox 233 4062 1822 4137; baseline -0.001 -17"><span class='ocrx_word' id='word_1_311' title='bbox 233 4065 416 4137; x_wconf 82' lang='lat' dir='ltr'><strong>(Joan.</strong></span> <span class='ocrx_word' id='word_1_312' title='bbox 432 4065 554 4137; x_wconf 81' lang='lat' dir='ltr'><strong>xu).</strong></span> <span class='ocrx_word' id='word_1_313' title='bbox 584 4065 651 4121; x_wconf 88' lang='lat' dir='ltr'><strong>Et</strong></span> <span class='ocrx_word' id='word_1_314' title='bbox 676 4065 803 4122; x_wconf 89' lang='lat' dir='ltr'><strong>alibi</strong></span> <span class='ocrx_word' id='word_1_315' title='bbox 826 4066 1168 4137; x_wconf 69' lang='lat' dir='ltr'><strong>prmcipitur:</strong></span> <span class='ocrx_word' id='word_1_316' title='bbox 1196 4062 1324 4120; x_wconf 88' lang='lat' dir='ltr'><strong>Post</strong></span> <span class='ocrx_word' id='word_1_317' title='bbox 1346 4064 1628 4119; x_wconf 89' lang='lat' dir='ltr'><strong>Dominum</strong></span> <span class='ocrx_word' id='word_1_318' title='bbox 1650 4063 1822 4119; x_wconf 87' lang='lat' dir='ltr'><strong>Deum</strong></span> 
     </span>
    </p>
   </div>
   <div class='ocr_carea' id='block_1_44' title="bbox 233 4141 1822 4226">
    <p class='ocr_par' dir='ltr' id='par_1_44' title="bbox 233 4141 1822 4226">
     <span class='ocr_line' id='line_1_44' title="bbox 233 4141 1822 4226; baseline -0.001 -15"><span class='ocrx_word' id='word_1_319' title='bbox 233 4165 382 4211; x_wconf 89' lang='lat' dir='ltr'><strong>tuum</strong></span> <span class='ocrx_word' id='word_1_320' title='bbox 406 4141 733 4222; x_wconf 76' lang='lat' dir='ltr'><strong>ambulabis;</strong></span> <span class='ocrx_word' id='word_1_321' title='bbox 764 4156 878 4212; x_wconf 89' lang='lat' dir='ltr'><strong>sive</strong></span> <span class='ocrx_word' id='word_1_322' title='bbox 898 4155 1024 4226; x_wconf 74' lang='lat' dir='ltr'><strong>Quia</strong></span> <span class='ocrx_word' id='word_1_323' title='bbox 1045 4162 1366 4225; x_wconf 59' lang='lat' dir='ltr'><strong>praesentem</strong></span> <span class='ocrx_word' id='word_1_324' title='bbox 1389 4154 1442 4208; x_wconf 91' lang='lat' dir='ltr'><strong>in</strong></span> <span class='ocrx_word' id='word_1_325' title='bbox 1463 4169 1630 4210; x_wconf 90' lang='lat' dir='ltr'><strong>carne</strong></span> <span class='ocrx_word' id='word_1_326' title='bbox 1650 4155 1822 4210; x_wconf 83' lang='lat' dir='ltr'><strong>Deum</strong></span> 
     </span>
    </p>
   </div>
   <div class='ocr_carea' id='block_1_45' title="bbox 235 4246 1824 4318">
    <p class='ocr_par' dir='ltr' id='par_1_45' title="bbox 235 4246 1824 4318">
     <span class='ocr_line' id='line_1_45' title="bbox 235 4246 1824 4318; baseline 0.001 -18"><span class='ocrx_word' id='word_1_327' title='bbox 235 4263 342 4302; x_wconf 90' lang='lat' dir='ltr'><strong>non</strong></span> <span class='ocrx_word' id='word_1_328' title='bbox 366 4247 590 4314; x_wconf 88' lang='lat' dir='ltr'><strong>videns,</strong></span> <span class='ocrx_word' id='word_1_329' title='bbox 639 4249 875 4318; x_wconf 89' lang='lat' dir='ltr'><strong>peractis</strong></span> <span class='ocrx_word' id='word_1_330' title='bbox 915 4247 1258 4317; x_wconf 68' lang='lat' dir='ltr'><strong>temporaria:</strong></span> <span class='ocrx_word' id='word_1_331' title='bbox 1286 4246 1706 4316; x_wconf 89' lang='lat' dir='ltr'><strong>dispensationis</strong></span> <span class='ocrx_word' id='word_1_332' title='bbox 1735 4262 1824 4302; x_wconf 90' lang='lat' dir='ltr'><strong>sa-</strong></span> 
     </span>
    </p>
   </div>
   <div class='ocr_carea' id='block_1_46' title="bbox 233 4335 1824 4409">
    <p class='ocr_par' dir='ltr' id='par_1_46' title="bbox 233 4335 1824 4409">
     <span class='ocr_line' id='line_1_46' title="bbox 233 4335 1824 4409; baseline -0.001 -16"><span class='ocrx_word' id='word_1_333' title='bbox 233 4339 558 4404; x_wconf 90' lang='lat' dir='ltr'><strong>cramentis,</strong></span> <span class='ocrx_word' id='word_1_334' title='bbox 597 4337 710 4407; x_wconf 90' lang='lat' dir='ltr'><strong>jam</strong></span> <span class='ocrx_word' id='word_1_335' title='bbox 745 4353 841 4409; x_wconf 91' lang='lat' dir='ltr'><strong>per</strong></span> <span class='ocrx_word' id='word_1_336' title='bbox 871 4337 1035 4394; x_wconf 90' lang='lat' dir='ltr'><strong>ﬁdem</strong></span> <span class='ocrx_word' id='word_1_337' title='bbox 1063 4338 1228 4408; x_wconf 68' lang='lat' dir='ltr'><strong>coepit</strong></span> <span class='ocrx_word' id='word_1_338' title='bbox 1275 4335 1393 4407; x_wconf 91' lang='lat' dir='ltr'><strong>ejus</strong></span> <span class='ocrx_word' id='word_1_339' title='bbox 1424 4336 1653 4408; x_wconf 87' lang='lat' dir='ltr'><strong>vestigia</strong></span> <span class='ocrx_word' id='word_1_340' title='bbox 1697 4337 1824 4392; x_wconf 90' lang='lat' dir='ltr'><strong>sub-</strong></span> 
     </span>
    </p>
   </div>
   <div class='ocr_carea' id='block_1_47' title="bbox 234 4429 1823 4504">
    <p class='ocr_par' dir='ltr' id='par_1_47' title="bbox 234 4429 1823 4504">
     <span class='ocr_line' id='line_1_47' title="bbox 234 4429 1823 4504; baseline -0.003 -16"><span class='ocrx_word' id='word_1_341' title='bbox 234 4431 408 4502; x_wconf 87' lang='lat' dir='ltr'><strong>sequi.</strong></span> <span class='ocrx_word' id='word_1_342' title='bbox 447 4430 643 4504; x_wconf 89' lang='lat' dir='ltr'><strong>Tangit</strong></span> <span class='ocrx_word' id='word_1_343' title='bbox 668 4439 848 4486; x_wconf 91' lang='lat' dir='ltr'><strong>autem</strong></span> <span class='ocrx_word' id='word_1_344' title='bbox 879 4430 1150 4486; x_wconf 84' lang='lat' dir='ltr'><strong>ﬁmbriam</strong></span> <span class='ocrx_word' id='word_1_345' title='bbox 1175 4430 1508 4496; x_wconf 88' lang='lat' dir='ltr'><strong>vestimenti,</strong></span> <span class='ocrx_word' id='word_1_346' title='bbox 1538 4439 1593 4486; x_wconf 91' lang='lat' dir='ltr'><strong>et</strong></span> <span class='ocrx_word' id='word_1_347' title='bbox 1622 4429 1823 4484; x_wconf 88' lang='lat' dir='ltr'><strong>undam</strong></span> 
     </span>
    </p>
   </div>
   <div class='ocr_carea' id='block_1_48' title="bbox 234 4523 1820 4596">
    <p class='ocr_par' dir='ltr' id='par_1_48' title="bbox 234 4523 1820 4596">
     <span class='ocr_line' id='line_1_48' title="bbox 234 4523 1820 4596; baseline -0.001 -16"><span class='ocrx_word' id='word_1_348' title='bbox 234 4524 514 4596; x_wconf 87' lang='lat' dir='ltr'><strong>restringit</strong></span> <span class='ocrx_word' id='word_1_349' title='bbox 542 4523 836 4596; x_wconf 89' lang='lat' dir='ltr'><strong>sanguinis,</strong></span> <span class='ocrx_word' id='word_1_350' title='bbox 864 4524 992 4596; x_wconf 89' lang='lat' dir='ltr'><strong>quia</strong></span> <span class='ocrx_word' id='word_1_351' title='bbox 1015 4524 1208 4581; x_wconf 87' lang='lat' dir='ltr'><strong>beatus</strong></span> <span class='ocrx_word' id='word_1_352' title='bbox 1234 4533 1288 4579; x_wconf 89' lang='lat' dir='ltr'><strong>et</strong></span> <span class='ocrx_word' id='word_1_353' title='bbox 1308 4539 1434 4578; x_wconf 89' lang='lat' dir='ltr'><strong>vere</strong></span> <span class='ocrx_word' id='word_1_354' title='bbox 1459 4523 1820 4590; x_wconf 87' lang='lat' dir='ltr'><strong>mandandus,</strong></span> 
     </span>
    </p>
   </div>
   <div class='ocr_carea' id='block_1_49' title="bbox 233 4614 1817 4689">
    <p class='ocr_par' dir='ltr' id='par_1_49' title="bbox 233 4614 1817 4689">
     <span class='ocr_line' id='line_1_49' title="bbox 233 4614 1817 4689; baseline -0.004 -15"><span class='ocrx_word' id='word_1_355' title='bbox 233 4619 328 4689; x_wconf 87' lang='lat' dir='ltr'><strong>qui</strong></span> <span class='ocrx_word' id='word_1_356' title='bbox 356 4617 442 4672; x_wconf 87' lang='lat' dir='ltr'><strong>vel</strong></span> <span class='ocrx_word' id='word_1_357' title='bbox 481 4625 785 4673; x_wconf 84' lang='lat' dir='ltr'><strong>extremam</strong></span> <span class='ocrx_word' id='word_1_358' title='bbox 813 4617 966 4673; x_wconf 87' lang='lat' dir='ltr'><strong>verbi</strong></span> <span class='ocrx_word' id='word_1_359' title='bbox 1007 4624 1220 4688; x_wconf 91' lang='lat' dir='ltr'><strong>partem</strong></span> <span class='ocrx_word' id='word_1_360' title='bbox 1247 4615 1375 4670; x_wconf 86' lang='lat' dir='ltr'><strong>ﬁdei</strong></span> <span class='ocrx_word' id='word_1_361' title='bbox 1407 4630 1571 4670; x_wconf 90' lang='lat' dir='ltr'><strong>manu</strong></span> <span class='ocrx_word' id='word_1_362' title='bbox 1597 4614 1775 4685; x_wconf 89' lang='lat' dir='ltr'><strong>tetigit</strong></span> <span class='ocrx_word' id='word_1_363' title='bbox 1802 4632 1817 4669; x_wconf 92' lang='lat'><strong>:</strong></span> 
     </span>
    </p>
   </div>
   <div class='ocr_carea' id='block_1_50' title="bbox 235 4704 1822 4778">
    <p class='ocr_par' dir='ltr' id='par_1_50' title="bbox 235 4704 1822 4778">
     <span class='ocr_line' id='line_1_50' title="bbox 235 4704 1822 4778; baseline -0.004 -12"><span class='ocrx_word' id='word_1_364' title='bbox 235 4725 362 4766; x_wconf 86' lang='lat' dir='ltr'><strong>nam</strong></span> <span class='ocrx_word' id='word_1_365' title='bbox 393 4723 550 4764; x_wconf 88' lang='lat' dir='ltr'><strong>rarus</strong></span> <span class='ocrx_word' id='word_1_366' title='bbox 577 4708 754 4774; x_wconf 87' lang='lat' dir='ltr'><strong>valde,</strong></span> <span class='ocrx_word' id='word_1_367' title='bbox 776 4706 869 4778; x_wconf 93' lang='lat' dir='ltr'><strong>qui</strong></span> <span class='ocrx_word' id='word_1_368' title='bbox 895 4705 1013 4776; x_wconf 88' lang='lat' dir='ltr'><strong>ejus</strong></span> <span class='ocrx_word' id='word_1_369' title='bbox 1039 4705 1125 4761; x_wconf 86' lang='lat' dir='ltr'><strong>vel</strong></span> <span class='ocrx_word' id='word_1_370' title='bbox 1152 4705 1208 4760; x_wconf 90' lang='lat' dir='ltr'><strong>in</strong></span> <span class='ocrx_word' id='word_1_371' title='bbox 1236 4711 1453 4775; x_wconf 89' lang='lat' dir='ltr'><strong>pectore</strong></span> <span class='ocrx_word' id='word_1_372' title='bbox 1481 4704 1822 4770; x_wconf 89' lang='lat' dir='ltr'><strong>recumbere,</strong></span> 
     </span>
    </p>
   </div>
   <div class='ocr_carea' id='block_1_51' title="bbox 233 4799 1826 4873">
    <p class='ocr_par' dir='ltr' id='par_1_51' title="bbox 233 4799 1826 4873">
     <span class='ocr_line' id='line_1_51' title="bbox 233 4799 1826 4873; baseline -0.004 -15"><span class='ocrx_word' id='word_1_373' title='bbox 233 4803 322 4859; x_wconf 86' lang='lat' dir='ltr'><strong>vel</strong></span> <span class='ocrx_word' id='word_1_374' title='bbox 349 4809 512 4873; x_wconf 90' lang='lat' dir='ltr'><strong>caput</strong></span> <span class='ocrx_word' id='word_1_375' title='bbox 537 4811 812 4859; x_wconf 88' lang='lat' dir='ltr'><strong>mereatur</strong></span> <span class='ocrx_word' id='word_1_376' title='bbox 833 4800 1029 4871; x_wconf 91' lang='lat' dir='ltr'><strong>pistica</strong></span> <span class='ocrx_word' id='word_1_377' title='bbox 1057 4799 1230 4855; x_wconf 88' lang='lat' dir='ltr'><strong>nardo</strong></span> <span class='ocrx_word' id='word_1_378' title='bbox 1257 4812 1588 4870; x_wconf 89' lang='lat' dir='ltr'><strong>perungere;</strong></span> <span class='ocrx_word' id='word_1_379' title='bbox 1620 4812 1743 4852; x_wconf 89' lang='lat' dir='ltr'><strong>cum</strong></span> <span class='ocrx_word' id='word_1_380' title='bbox 1769 4804 1826 4852; x_wconf 92' lang='lat' dir='ltr'><strong>et</strong></span> 
     </span>
    </p>
   </div>
   <div class='ocr_carea' id='block_1_52' title="bbox 235 4889 1826 4966">
    <p class='ocr_par' dir='ltr' id='par_1_52' title="bbox 235 4889 1826 4966">
     <span class='ocr_line' id='line_1_52' title="bbox 235 4889 1826 4966; baseline -0.004 -14"><span class='ocrx_word' id='word_1_381' title='bbox 235 4895 328 4952; x_wconf 91' lang='lat' dir='ltr'><strong>ille</strong></span> <span class='ocrx_word' id='word_1_382' title='bbox 354 4910 584 4966; x_wconf 89' lang='lat' dir='ltr'><strong>magnus</strong></span> <span class='ocrx_word' id='word_1_383' title='bbox 612 4894 776 4952; x_wconf 85' lang='lat' dir='ltr'><strong>fuerit</strong></span> <span class='ocrx_word' id='word_1_384' title='bbox 803 4895 897 4966; x_wconf 92' lang='lat' dir='ltr'><strong>qui</strong></span> <span class='ocrx_word' id='word_1_385' title='bbox 925 4907 985 4950; x_wconf 90' lang='lat' dir='ltr'><strong>se</strong></span> <span class='ocrx_word' id='word_1_386' title='bbox 1013 4893 1292 4965; x_wconf 89' lang='lat' dir='ltr'><strong>indignum</strong></span> <span class='ocrx_word' id='word_1_387' title='bbox 1321 4891 1537 4948; x_wconf 89' lang='lat' dir='ltr'><strong>dicebat</strong></span> <span class='ocrx_word' id='word_1_388' title='bbox 1566 4889 1684 4961; x_wconf 86' lang='lat' dir='ltr'><strong>ejus</strong></span> <span class='ocrx_word' id='word_1_389' title='bbox 1713 4890 1826 4947; x_wconf 93' lang='lat' dir='ltr'><strong>cal-</strong></span> 
     </span>
    </p>
   </div>
   <div class='ocr_carea' id='block_1_53' title="bbox 234 4985 1826 5060">
    <p class='ocr_par' dir='ltr' id='par_1_53' title="bbox 234 4985 1826 5060">
     <span class='ocr_line' id='line_1_53' title="bbox 234 4985 1826 5060; baseline -0.002 -14"><span class='ocrx_word' id='word_1_390' title='bbox 234 4996 519 5046; x_wconf 88' lang='lat' dir='ltr'><strong>ceamenta</strong></span> <span class='ocrx_word' id='word_1_391' title='bbox 558 4996 816 5060; x_wconf 89' lang='lat' dir='ltr'><strong>portare:</strong></span> <span class='ocrx_word' id='word_1_392' title='bbox 851 5002 1049 5059; x_wconf 86' lang='lat' dir='ltr'><strong>magna</strong></span> <span class='ocrx_word' id='word_1_393' title='bbox 1077 4995 1134 5042; x_wconf 89' lang='lat' dir='ltr'><strong>et</strong></span> <span class='ocrx_word' id='word_1_394' title='bbox 1162 4986 1251 5042; x_wconf 90' lang='lat' dir='ltr'><strong>illa</strong></span> <span class='ocrx_word' id='word_1_395' title='bbox 1281 5001 1401 5056; x_wconf 83' lang='lat' dir='ltr'><strong>quae</strong></span> <span class='ocrx_word' id='word_1_396' title='bbox 1429 5001 1632 5058; x_wconf 89' lang='lat' dir='ltr'><strong>ungere</strong></span> <span class='ocrx_word' id='word_1_397' title='bbox 1659 4985 1826 5058; x_wconf 87' lang='lat' dir='ltr'><strong>pedes</strong></span> 
     </span>
    </p>
   </div>
   <div class='ocr_carea' id='block_1_54' title="bbox 235 5082 1404 5155">
    <p class='ocr_par' dir='ltr' id='par_1_54' title="bbox 235 5082 1404 5155">
     <span class='ocr_line' id='line_1_54' title="bbox 235 5082 1404 5155; baseline -0.003 -14"><span class='ocrx_word' id='word_1_398' title='bbox 235 5082 357 5154; x_wconf 90' lang='lat' dir='ltr'><strong>ejus</strong></span> <span class='ocrx_word' id='word_1_399' title='bbox 385 5091 442 5139; x_wconf 87' lang='lat' dir='ltr'><strong>et</strong></span> <span class='ocrx_word' id='word_1_400' title='bbox 469 5083 678 5155; x_wconf 91' lang='lat' dir='ltr'><strong>capillis</strong></span> <span class='ocrx_word' id='word_1_401' title='bbox 705 5083 820 5140; x_wconf 90' lang='lat' dir='ltr'><strong>suis</strong></span> <span class='ocrx_word' id='word_1_402' title='bbox 845 5091 1054 5154; x_wconf 88' lang='lat' dir='ltr'><strong>tergere</strong></span> <span class='ocrx_word' id='word_1_403' title='bbox 1083 5083 1404 5153; x_wconf 87' lang='lat' dir='ltr'><strong>promeruit.</strong></span> 
     </span>
    </p>
   </div>
   <div class='ocr_carea' id='block_1_55' title="bbox 311 5171 1827 5244">
    <p class='ocr_par' dir='ltr' id='par_1_55' title="bbox 311 5171 1827 5244">
     <span class='ocr_line' id='line_1_55' title="bbox 311 5171 1827 5244; baseline 0 -16"><span class='ocrx_word' id='word_1_404' title='bbox 311 5174 530 5230; x_wconf 87' lang='lat' dir='ltr'><strong>Dicebat</strong></span> <span class='ocrx_word' id='word_1_405' title='bbox 571 5175 709 5230; x_wconf 86' lang='lat' dir='ltr'><strong>enim</strong></span> <span class='ocrx_word' id='word_1_406' title='bbox 755 5174 895 5229; x_wconf 87' lang='lat' dir='ltr'><strong>intra</strong></span> <span class='ocrx_word' id='word_1_407' title='bbox 933 5190 988 5229; x_wconf 88' lang='lat' dir='ltr'><strong>se</strong></span> <span class='ocrx_word' id='word_1_408' title='bbox 1011 5189 1030 5228; x_wconf 90' lang='lat'><strong>:</strong></span> <span class='ocrx_word' id='word_1_409' title='bbox 1067 5171 1126 5229; x_wconf 88' lang='lat' dir='ltr'><strong>Si</strong></span> <span class='ocrx_word' id='word_1_410' title='bbox 1166 5175 1379 5244; x_wconf 84' lang='lat' dir='ltr'><strong>tetigero</strong></span> <span class='ocrx_word' id='word_1_411' title='bbox 1421 5181 1627 5229; x_wconf 85' lang='lat' dir='ltr'><strong>tantum</strong></span> <span class='ocrx_word' id='word_1_412' title='bbox 1666 5173 1827 5228; x_wconf 84' lang='lat' dir='ltr'><strong>vesti-</strong></span> 
     </span>
    </p>
   </div>
   <div class='ocr_carea' id='block_1_56' title="bbox 239 5265 1830 5341">
    <p class='ocr_par' dir='ltr' id='par_1_56' title="bbox 239 5265 1830 5341">
     <span class='ocr_line' id='line_1_56' title="bbox 239 5265 1830 5341; baseline -0.001 -16"><span class='ocrx_word' id='word_1_413' title='bbox 239 5278 475 5325; x_wconf 77' lang='lat' dir='ltr'><strong>mentum</strong></span> <span class='ocrx_word' id='word_1_414' title='bbox 501 5270 642 5341; x_wconf 88' lang='lat' dir='ltr'><strong>ejus,</strong></span> <span class='ocrx_word' id='word_1_415' title='bbox 670 5268 816 5324; x_wconf 83' lang='lat' dir='ltr'><strong>salva</strong></span> <span class='ocrx_word' id='word_1_416' title='bbox 843 5285 951 5324; x_wconf 91' lang='lat' dir='ltr'><strong>ero.</strong></span> <span class='ocrx_word' id='word_1_417' title='bbox 983 5266 1212 5341; x_wconf 74' lang='grc' dir='ltr'><strong>(ΜΑυιι.)</strong></span> <span class='ocrx_word' id='word_1_418' title='bbox 1244 5265 1372 5323; x_wconf 58' lang='lat' dir='ltr'><strong>Haec</strong></span> <span class='ocrx_word' id='word_1_419' title='bbox 1401 5266 1602 5324; x_wconf 84' lang='lat' dir='ltr'><strong>locutio</strong></span> <span class='ocrx_word' id='word_1_420' title='bbox 1631 5266 1830 5324; x_wconf 89' lang='lat' dir='ltr'><strong>mentis</strong></span> 
     </span>
    </p>
   </div>
   <div class='ocr_carea' id='block_1_57' title="bbox 243 5356 1828 5428">
    <p class='ocr_par' dir='ltr' id='par_1_57' title="bbox 243 5356 1828 5428">
     <span class='ocr_line' id='line_1_57' title="bbox 243 5356 1828 5428; baseline -0.001 -14"><span class='ocrx_word' id='word_1_421' title='bbox 243 5358 460 5414; x_wconf 86' lang='lat' dir='ltr'><strong>interna</strong></span> <span class='ocrx_word' id='word_1_422' title='bbox 497 5357 628 5424; x_wconf 83' lang='lat' dir='ltr'><strong>fuit,</strong></span> <span class='ocrx_word' id='word_1_423' title='bbox 663 5365 718 5414; x_wconf 91' lang='lat' dir='ltr'><strong>et</strong></span> <span class='ocrx_word' id='word_1_424' title='bbox 746 5372 811 5412; x_wconf 91' lang='lat' dir='ltr'><strong>ex</strong></span> <span class='ocrx_word' id='word_1_425' title='bbox 843 5357 1026 5413; x_wconf 88' lang='lat' dir='ltr'><strong>radice</strong></span> <span class='ocrx_word' id='word_1_426' title='bbox 1072 5357 1197 5413; x_wconf 91' lang='lat' dir='ltr'><strong>ﬁdei</strong></span> <span class='ocrx_word' id='word_1_427' title='bbox 1246 5356 1549 5428; x_wconf 91' lang='lat' dir='ltr'><strong>processit,</strong></span> <span class='ocrx_word' id='word_1_428' title='bbox 1603 5365 1659 5414; x_wconf 91' lang='lat' dir='ltr'><strong>et</strong></span> <span class='ocrx_word' id='word_1_429' title='bbox 1707 5357 1828 5413; x_wconf 92' lang='lat' dir='ltr'><strong>ideo</strong></span> 
     </span>
    </p>
   </div>
   <div class='ocr_carea' id='block_1_58' title="bbox 242 5449 1829 5520">
    <p class='ocr_par' dir='ltr' id='par_1_58' title="bbox 242 5449 1829 5520">
     <span class='ocr_line' id='line_1_58' title="bbox 242 5449 1829 5520; baseline -0.003 -11"><span class='ocrx_word' id='word_1_430' title='bbox 242 5459 395 5509; x_wconf 75' lang='lat' dir='ltr'><strong>recte</strong></span> <span class='ocrx_word' id='word_1_431' title='bbox 439 5449 670 5508; x_wconf 86' lang='lat' dir='ltr'><strong>salutem</strong></span> <span class='ocrx_word' id='word_1_432' title='bbox 719 5450 1053 5520; x_wconf 90' lang='lat' dir='ltr'><strong>promeruit,</strong></span> <span class='ocrx_word' id='word_1_433' title='bbox 1105 5450 1231 5519; x_wconf 90' lang='lat' dir='ltr'><strong>quia</strong></span> <span class='ocrx_word' id='word_1_434' title='bbox 1279 5449 1434 5504; x_wconf 89' lang='lat' dir='ltr'><strong>corde</strong></span> <span class='ocrx_word' id='word_1_435' title='bbox 1484 5449 1715 5504; x_wconf 86' lang='lat' dir='ltr'><strong>creditur</strong></span> <span class='ocrx_word' id='word_1_436' title='bbox 1759 5449 1829 5504; x_wconf 88' lang='lat' dir='ltr'><strong>ad</strong></span> 
     </span>
    </p>
   </div>
   <div class='ocr_carea' id='block_1_59' title="bbox 240 5540 1826 5617">
    <p class='ocr_par' dir='ltr' id='par_1_59' title="bbox 240 5540 1826 5617">
     <span class='ocr_line' id='line_1_59' title="bbox 240 5540 1826 5617; baseline -0.002 -19"><span class='ocrx_word' id='word_1_437' title='bbox 240 5542 545 5617; x_wconf 68' lang='lat' dir='ltr'><strong>justitiam,</strong></span> <span class='ocrx_word' id='word_1_438' title='bbox 598 5559 687 5597; x_wconf 90' lang='lat' dir='ltr'><strong>ore</strong></span> <span class='ocrx_word' id='word_1_439' title='bbox 738 5550 910 5596; x_wconf 90' lang='lat' dir='ltr'><strong>autem</strong></span> <span class='ocrx_word' id='word_1_440' title='bbox 961 5542 1217 5611; x_wconf 80' lang='lat' dir='ltr'><strong>confessio</strong></span> <span class='ocrx_word' id='word_1_441' title='bbox 1269 5541 1328 5610; x_wconf 75' lang='lat' dir='ltr'><strong>ﬁt</strong></span> <span class='ocrx_word' id='word_1_442' title='bbox 1366 5540 1545 5613; x_wconf 87' lang='lat' dir='ltr'><strong>(Rom.</strong></span> <span class='ocrx_word' id='word_1_443' title='bbox 1578 5540 1670 5612; x_wconf 85' lang='lat' dir='ltr'><strong>x);</strong></span> <span class='ocrx_word' id='word_1_444' title='bbox 1727 5548 1826 5595; x_wconf 90' lang='lat' dir='ltr'><strong>et:</strong></span> 
     </span>
    </p>
   </div>
   <div class='ocr_carea' id='block_1_60' title="bbox 143 5633 1833 5708">
    <p class='ocr_par' dir='ltr' id='par_1_60' title="bbox 143 5633 1833 5708">
     <span class='ocr_line' id='line_1_60' title="bbox 143 5633 1833 5708; baseline -0.003 -17"><span class='ocrx_word' id='word_1_445' title='bbox 143 5670 145 5673; x_wconf 62' lang='grc' dir='ltr'><strong><em>τ</em></strong></span> <span class='ocrx_word' id='word_1_446' title='bbox 249 5633 436 5692; x_wconf 87' lang='lat' dir='ltr'><strong>Omnis</strong></span> <span class='ocrx_word' id='word_1_447' title='bbox 483 5638 572 5708; x_wconf 88' lang='lat' dir='ltr'><strong>qui</strong></span> <span class='ocrx_word' id='word_1_448' title='bbox 619 5635 935 5690; x_wconf 83' lang='lat' dir='ltr'><strong>invocaverit</strong></span> <span class='ocrx_word' id='word_1_449' title='bbox 978 5651 1164 5689; x_wconf 86' lang='lat' dir='ltr'><strong>nomen</strong></span> <span class='ocrx_word' id='word_1_450' title='bbox 1202 5634 1450 5700; x_wconf 87' lang='lat' dir='ltr'><strong>Domini,</strong></span> <span class='ocrx_word' id='word_1_451' title='bbox 1502 5633 1678 5688; x_wconf 88' lang='lat' dir='ltr'><strong>salvus</strong></span> <span class='ocrx_word' id='word_1_452' title='bbox 1734 5633 1833 5688; x_wconf 86' lang='lat' dir='ltr'><strong>erit</strong></span> 
     </span>
    </p>
   </div>
   <div class='ocr_carea' id='block_1_61' title="bbox 248 5723 1833 5804">
    <p class='ocr_par' dir='ltr' id='par_1_61' title="bbox 248 5723 1833 5804">
     <span class='ocr_line' id='line_1_61' title="bbox 248 5723 1833 5804; baseline -0.003 -21"><span class='ocrx_word' id='word_1_453' title='bbox 248 5725 465 5804; x_wconf 85' lang='lat' dir='ltr'><strong>(Ibid.).</strong></span> <span class='ocrx_word' id='word_1_454' title='bbox 514 5728 660 5783; x_wconf 87' lang='lat' dir='ltr'><strong>Dixit</strong></span> <span class='ocrx_word' id='word_1_455' title='bbox 683 5728 825 5784; x_wconf 88' lang='lat' dir='ltr'><strong>enim</strong></span> <span class='ocrx_word' id='word_1_456' title='bbox 852 5741 868 5780; x_wconf 89' lang='lat'><strong>:</strong></span> <span class='ocrx_word' id='word_1_457' title='bbox 913 5725 974 5781; x_wconf 88' lang='lat' dir='ltr'><strong>Si</strong></span> <span class='ocrx_word' id='word_1_458' title='bbox 1001 5726 1215 5796; x_wconf 88' lang='lat' dir='ltr'><strong>tetigero</strong></span> <span class='ocrx_word' id='word_1_459' title='bbox 1243 5734 1448 5779; x_wconf 87' lang='lat' dir='ltr'><strong>tantum</strong></span> <span class='ocrx_word' id='word_1_460' title='bbox 1473 5723 1833 5780; x_wconf 79' lang='lat' dir='ltr'><strong>vestimentum</strong></span> 
     </span>
    </p>
   </div>
   <div class='ocr_carea' id='block_1_62' title="bbox 247 5816 1836 5892">
    <p class='ocr_par' dir='ltr' id='par_1_62' title="bbox 247 5816 1836 5892">
     <span class='ocr_line' id='line_1_62' title="bbox 247 5816 1836 5892; baseline -0.001 -14"><span class='ocrx_word' id='word_1_461' title='bbox 247 5819 394 5892; x_wconf 73' lang='lat' dir='ltr'><strong>eius,</strong></span> <span class='ocrx_word' id='word_1_462' title='bbox 419 5819 561 5878; x_wconf 83' lang='lat' dir='ltr'><strong>salva</strong></span> <span class='ocrx_word' id='word_1_463' title='bbox 583 5838 691 5892; x_wconf 87' lang='lat' dir='ltr'><strong>ero,</strong></span> <span class='ocrx_word' id='word_1_464' title='bbox 715 5821 762 5882; x_wconf 92' lang='lat' dir='ltr'><strong>si</strong></span> <span class='ocrx_word' id='word_1_465' title='bbox 787 5819 948 5880; x_wconf 87' lang='lat' dir='ltr'><strong>ﬁdem</strong></span> <span class='ocrx_word' id='word_1_466' title='bbox 968 5831 1264 5889; x_wconf 81' lang='lat' dir='ltr'><strong>percepero</strong></span> <span class='ocrx_word' id='word_1_467' title='bbox 1285 5818 1671 5878; x_wconf 87' lang='lat' dir='ltr'><strong>incarnationis</strong></span> <span class='ocrx_word' id='word_1_468' title='bbox 1694 5816 1741 5883; x_wconf 92' lang='lat' dir='ltr'><strong>ei</strong></span> <span class='ocrx_word' id='word_1_469' title='bbox 1749 5833 1836 5882; x_wconf 81' lang='lat' dir='ltr'><strong>us.</strong></span> 
     </span>
    </p>
   </div>
   <div class='ocr_carea' id='block_1_63' title="bbox 1915 534 3502 608">
    <p class='ocr_par' dir='ltr' id='par_1_63' title="bbox 1915 534 3502 608">
     <span class='ocr_line' id='line_1_63' title="bbox 1915 534 3502 608; baseline -0.001 -15"><span class='ocrx_word' id='word_1_470' title='bbox 1915 536 2178 604; x_wconf 89' lang='lat' dir='ltr'><strong>Credidit,</strong></span> <span class='ocrx_word' id='word_1_471' title='bbox 2209 536 2370 602; x_wconf 83' lang='lat' dir='ltr'><strong>dixit,</strong></span> <span class='ocrx_word' id='word_1_472' title='bbox 2403 536 2596 606; x_wconf 91' lang='lat' dir='ltr'><strong>tetigit.</strong></span> <span class='ocrx_word' id='word_1_473' title='bbox 2641 534 2912 608; x_wconf 85' lang='lat' dir='ltr'><strong>(Hieron.)</strong></span> <span class='ocrx_word' id='word_1_474' title='bbox 2947 535 3005 590; x_wconf 84' lang='grc' dir='ltr'><strong>ιιι</strong></span> <span class='ocrx_word' id='word_1_475' title='bbox 3034 535 3120 591; x_wconf 89' lang='lat' dir='ltr'><strong>his</strong></span> <span class='ocrx_word' id='word_1_476' title='bbox 3150 534 3296 590; x_wconf 89' lang='lat' dir='ltr'><strong>enim</strong></span> <span class='ocrx_word' id='word_1_477' title='bbox 3328 534 3502 592; x_wconf 88' lang='lat' dir='ltr'><strong>tribus</strong></span> 
     </span>
    </p>
   </div>
   <div class='ocr_carea' id='block_1_64' title="bbox 1915 626 3502 700">
    <p class='ocr_par' dir='ltr' id='par_1_64' title="bbox 1915 626 3502 700">
     <span class='ocr_line' id='line_1_64' title="bbox 1915 626 3502 700; baseline -0.003 -13"><span class='ocrx_word' id='word_1_478' title='bbox 1915 631 2196 700; x_wconf 89' lang='lat' dir='ltr'><strong>speciebus</strong></span> <span class='ocrx_word' id='word_1_479' title='bbox 2230 629 2433 686; x_wconf 89' lang='lat' dir='ltr'><strong>sanitas</strong></span> <span class='ocrx_word' id='word_1_480' title='bbox 2467 629 2644 686; x_wconf 92' lang='lat' dir='ltr'><strong>omnis</strong></span> <span class='ocrx_word' id='word_1_481' title='bbox 2675 636 3040 700; x_wconf 87' lang='lat' dir='ltr'><strong>promeretur,</strong></span> <span class='ocrx_word' id='word_1_482' title='bbox 3081 626 3137 682; x_wconf 90' lang='lat' dir='ltr'><strong>id</strong></span> <span class='ocrx_word' id='word_1_483' title='bbox 3165 634 3250 683; x_wconf 87' lang='lat' dir='ltr'><strong>est</strong></span> <span class='ocrx_word' id='word_1_484' title='bbox 3278 627 3336 682; x_wconf 91' lang='lat' dir='ltr'><strong>in</strong></span> <span class='ocrx_word' id='word_1_485' title='bbox 3373 626 3502 694; x_wconf 89' lang='lat' dir='ltr'><strong>tlde,</strong></span> 
     </span>
    </p>
   </div>
   <div class='ocr_carea' id='block_1_65' title="bbox 1913 716 3490 794">
    <p class='ocr_par' dir='ltr' id='par_1_65' title="bbox 1913 716 3490 794">
     <span class='ocr_line' id='line_1_65' title="bbox 1913 716 3490 794; baseline -0.004 -16"><span class='ocrx_word' id='word_1_486' title='bbox 1913 725 2080 780; x_wconf 91' lang='lat' dir='ltr'><strong>verbo</strong></span> <span class='ocrx_word' id='word_1_487' title='bbox 2121 732 2178 779; x_wconf 91' lang='lat' dir='ltr'><strong>et</strong></span> <span class='ocrx_word' id='word_1_488' title='bbox 2212 737 2396 794; x_wconf 83' lang='lat' dir='ltr'><strong>opere.</strong></span> <span class='ocrx_word' id='word_1_489' title='bbox 2448 721 2609 778; x_wconf 87' lang='lat' dir='ltr'><strong>Juxta</strong></span> <span class='ocrx_word' id='word_1_490' title='bbox 2638 721 2812 792; x_wconf 84' lang='lat' dir='ltr'><strong>legem</strong></span> <span class='ocrx_word' id='word_1_491' title='bbox 2844 719 3029 794; x_wconf 78' lang='lat' dir='ltr'><strong>(Leuit.</strong></span> <span class='ocrx_word' id='word_1_492' title='bbox 3058 719 3152 790; x_wconf 83' lang='lat' dir='ltr'><strong>xv)</strong></span> <span class='ocrx_word' id='word_1_493' title='bbox 3182 719 3275 790; x_wconf 92' lang='lat' dir='ltr'><strong>qui</strong></span> <span class='ocrx_word' id='word_1_494' title='bbox 3305 716 3490 774; x_wconf 91' lang='lat' dir='ltr'><strong>mulie-</strong></span> 
     </span>
    </p>
   </div>
   <div class='ocr_carea' id='block_1_66' title="bbox 1913 811 3505 886">
    <p class='ocr_par' dir='ltr' id='par_1_66' title="bbox 1913 811 3505 886">
     <span class='ocr_line' id='line_1_66' title="bbox 1913 811 3505 886; baseline -0.006 -9"><span class='ocrx_word' id='word_1_495' title='bbox 1913 835 2034 877; x_wconf 85' lang='lat' dir='ltr'><strong>rem</strong></span> <span class='ocrx_word' id='word_1_496' title='bbox 2061 825 2455 875; x_wconf 88' lang='lat' dir='ltr'><strong>menstruatam</strong></span> <span class='ocrx_word' id='word_1_497' title='bbox 2498 825 2593 871; x_wconf 91' lang='lat' dir='ltr'><strong>aut</strong></span> <span class='ocrx_word' id='word_1_498' title='bbox 2636 815 2892 871; x_wconf 83' lang='lat' dir='ltr'><strong>ﬂuentem</strong></span> <span class='ocrx_word' id='word_1_499' title='bbox 2920 813 3182 886; x_wconf 84' lang='lat' dir='ltr'><strong>sanguine</strong></span> <span class='ocrx_word' id='word_1_500' title='bbox 3223 811 3505 883; x_wconf 86' lang='lat' dir='ltr'><strong>tetigerit,</strong></span> 
     </span>
    </p>
   </div>
   <div class='ocr_carea' id='block_1_67' title="bbox 1914 910 3498 986">
    <p class='ocr_par' dir='ltr' id='par_1_67' title="bbox 1914 910 3498 986">
     <span class='ocr_line' id='line_1_67' title="bbox 1914 910 3498 986; baseline -0.003 -13"><span class='ocrx_word' id='word_1_501' title='bbox 1914 916 2226 973; x_wconf 90' lang='lat' dir='ltr'><strong>immundus</strong></span> <span class='ocrx_word' id='word_1_502' title='bbox 2253 923 2367 981; x_wconf 90' lang='lat' dir='ltr'><strong>est;</strong></span> <span class='ocrx_word' id='word_1_503' title='bbox 2402 915 2505 971; x_wconf 89' lang='lat' dir='ltr'><strong>ista</strong></span> <span class='ocrx_word' id='word_1_504' title='bbox 2535 913 2655 970; x_wconf 92' lang='lat' dir='ltr'><strong>ideo</strong></span> <span class='ocrx_word' id='word_1_505' title='bbox 2685 913 2858 986; x_wconf 87' lang='lat' dir='ltr'><strong>tangit</strong></span> <span class='ocrx_word' id='word_1_506' title='bbox 2884 913 3174 971; x_wconf 86' lang='lat' dir='ltr'><strong>Dominum</strong></span> <span class='ocrx_word' id='word_1_507' title='bbox 3199 919 3262 970; x_wconf 91' lang='lat' dir='ltr'><strong>ut</strong></span> <span class='ocrx_word' id='word_1_508' title='bbox 3286 910 3498 984; x_wconf 84' lang='lat' dir='ltr'><strong>sangui-</strong></span> 
     </span>
    </p>
   </div>
   <div class='ocr_carea' id='block_1_68' title="bbox 1915 1007 2772 1076">
    <p class='ocr_par' dir='ltr' id='par_1_68' title="bbox 1915 1007 2772 1076">
     <span class='ocr_line' id='line_1_68' title="bbox 1915 1007 2772 1076; baseline 0.001 -13"><span class='ocrx_word' id='word_1_509' title='bbox 1915 1008 2004 1064; x_wconf 90' lang='lat' dir='ltr'><strong>nis</strong></span> <span class='ocrx_word' id='word_1_510' title='bbox 2027 1007 2160 1065; x_wconf 88' lang='lat' dir='ltr'><strong>vitio</strong></span> <span class='ocrx_word' id='word_1_511' title='bbox 2189 1007 2353 1063; x_wconf 90' lang='lat' dir='ltr'><strong>etiam</strong></span> <span class='ocrx_word' id='word_1_512' title='bbox 2384 1009 2502 1076; x_wconf 90' lang='lat' dir='ltr'><strong>ipsa</strong></span> <span class='ocrx_word' id='word_1_513' title='bbox 2527 1014 2772 1064; x_wconf 80' lang='lat' dir='ltr'><strong>curetur.</strong></span> 
     </span>
    </p>
   </div>
   <div class='ocr_carea' id='block_1_69' title="bbox 1987 1116 3502 1188">
    <p class='ocr_par' dir='ltr' id='par_1_69' title="bbox 1987 1116 3502 1188">
     <span class='ocr_line' id='line_1_69' title="bbox 1987 1116 3502 1188; baseline 0.002 -17"><span class='ocrx_word' id='word_1_514' title='bbox 1987 1116 2057 1171; x_wconf 88' lang='lat' dir='ltr'><strong>Et</strong></span> <span class='ocrx_word' id='word_1_515' title='bbox 2082 1116 2238 1172; x_wconf 75' lang='lat' dir='ltr'><strong>Iesus</strong></span> <span class='ocrx_word' id='word_1_516' title='bbox 2268 1134 2566 1184; x_wconf 84' lang='lat' dir='ltr'><strong>conversus,</strong></span> <span class='ocrx_word' id='word_1_517' title='bbox 2605 1127 2656 1172; x_wconf 90' lang='lat' dir='ltr'><strong>et</strong></span> <span class='ocrx_word' id='word_1_518' title='bbox 2695 1118 2873 1174; x_wconf 77' lang='lat' dir='ltr'><strong>videns</strong></span> <span class='ocrx_word' id='word_1_519' title='bbox 2911 1135 3029 1174; x_wconf 89' lang='lat' dir='ltr'><strong>eam</strong></span> <span class='ocrx_word' id='word_1_520' title='bbox 3056 1119 3229 1175; x_wconf 76' lang='lat' dir='ltr'><strong>dixit:</strong></span> <span class='ocrx_word' id='word_1_521' title='bbox 3259 1116 3502 1188; x_wconf 79' lang='lat' dir='ltr'><strong>Con/ide,</strong></span> 
     </span>
    </p>
   </div>
   <div class='ocr_carea' id='block_1_70' title="bbox 1915 1209 3502 1284">
    <p class='ocr_par' dir='ltr' id='par_1_70' title="bbox 1915 1209 3502 1284">
     <span class='ocr_line' id='line_1_70' title="bbox 1915 1209 3502 1284; baseline 0.001 -20"><span class='ocrx_word' id='word_1_522' title='bbox 1915 1209 2050 1280; x_wconf 79' lang='lat' dir='ltr'><strong>ﬁlia,</strong></span> <span class='ocrx_word' id='word_1_523' title='bbox 2080 1210 2212 1279; x_wconf 77' lang='lat' dir='ltr'><strong>ﬁdes</strong></span> <span class='ocrx_word' id='word_1_524' title='bbox 2241 1220 2332 1264; x_wconf 90' lang='lat' dir='ltr'><strong>tua</strong></span> <span class='ocrx_word' id='word_1_525' title='bbox 2361 1219 2408 1266; x_wconf 92' lang='lat' dir='ltr'><strong>te</strong></span> <span class='ocrx_word' id='word_1_526' title='bbox 2438 1211 2640 1266; x_wconf 84' lang='lat' dir='ltr'><strong>salvam</strong></span> <span class='ocrx_word' id='word_1_527' title='bbox 2670 1211 2812 1281; x_wconf 79' lang='lat' dir='ltr'><strong>fecit.</strong></span> <span class='ocrx_word' id='word_1_528' title='bbox 2863 1210 3090 1284; x_wconf 61' lang='lat' dir='ltr'><strong>(Mante)</strong></span> <span class='ocrx_word' id='word_1_529' title='bbox 3125 1210 3434 1268; x_wconf 89' lang='lat' dir='ltr'><strong>Conversus</strong></span> <span class='ocrx_word' id='word_1_530' title='bbox 3469 1226 3502 1266; x_wconf 85' lang='lat' dir='ltr'><strong>a</strong></span> 
     </span>
    </p>
   </div>
   <div class='ocr_carea' id='block_1_71' title="bbox 1917 1302 3504 1375">
    <p class='ocr_par' dir='ltr' id='par_1_71' title="bbox 1917 1302 3504 1375">
     <span class='ocr_line' id='line_1_71' title="bbox 1917 1302 3504 1375; baseline 0 -17"><span class='ocrx_word' id='word_1_531' title='bbox 1917 1305 2206 1358; x_wconf 88' lang='lat' dir='ltr'><strong>severitate</strong></span> <span class='ocrx_word' id='word_1_532' title='bbox 2231 1302 2364 1372; x_wconf 91' lang='lat' dir='ltr'><strong>justi</strong></span> <span class='ocrx_word' id='word_1_533' title='bbox 2391 1302 2580 1372; x_wconf 89' lang='lat' dir='ltr'><strong>judicii</strong></span> <span class='ocrx_word' id='word_1_534' title='bbox 2621 1303 2688 1358; x_wconf 88' lang='lat' dir='ltr'><strong>ad</strong></span> <span class='ocrx_word' id='word_1_535' title='bbox 2728 1304 3116 1360; x_wconf 71' lang='lat' dir='ltr'><strong>misericordiae</strong></span> <span class='ocrx_word' id='word_1_536' title='bbox 3144 1319 3256 1360; x_wconf 69' lang='lat' dir='ltr'><strong>sua:</strong></span> <span class='ocrx_word' id='word_1_537' title='bbox 3282 1304 3504 1375; x_wconf 88' lang='lat' dir='ltr'><strong>largita-</strong></span> 
     </span>
    </p>
   </div>
   <div class='ocr_carea' id='block_1_72' title="bbox 1918 1398 3506 1467">
    <p class='ocr_par' dir='ltr' id='par_1_72' title="bbox 1918 1398 3506 1467">
     <span class='ocr_line' id='line_1_72' title="bbox 1918 1398 3506 1467; baseline 0.002 -15"><span class='ocrx_word' id='word_1_538' title='bbox 1918 1406 2024 1453; x_wconf 90' lang='lat' dir='ltr'><strong>tem</strong></span> <span class='ocrx_word' id='word_1_539' title='bbox 2043 1439 2058 1464; x_wconf 93' lang='lat'><strong>,</strong></span> <span class='ocrx_word' id='word_1_540' title='bbox 2107 1405 2168 1452; x_wconf 93' lang='lat' dir='ltr'><strong>ut</strong></span> <span class='ocrx_word' id='word_1_541' title='bbox 2196 1413 2264 1452; x_wconf 80' lang='lat' dir='ltr'><strong>ex</strong></span> <span class='ocrx_word' id='word_1_542' title='bbox 2293 1398 2438 1454; x_wconf 90' lang='lat' dir='ltr'><strong>vasis</strong></span> <span class='ocrx_word' id='word_1_543' title='bbox 2470 1399 2564 1453; x_wconf 83' lang='lat' dir='ltr'><strong>irae</strong></span> <span class='ocrx_word' id='word_1_544' title='bbox 2589 1398 2795 1455; x_wconf 80' lang='lat' dir='ltr'><strong>faceret</strong></span> <span class='ocrx_word' id='word_1_545' title='bbox 2821 1415 2951 1456; x_wconf 91' lang='lat' dir='ltr'><strong>vasa</strong></span> <span class='ocrx_word' id='word_1_546' title='bbox 2980 1399 3398 1467; x_wconf 60' lang='lat' dir='ltr'><strong>misericordiae,</strong></span> <span class='ocrx_word' id='word_1_547' title='bbox 3449 1407 3506 1456; x_wconf 92' lang='lat' dir='ltr'><strong>et</strong></span> 
     </span>
    </p>
   </div>
   <div class='ocr_carea' id='block_1_73' title="bbox 1919 1490 3498 1562">
    <p class='ocr_par' dir='ltr' id='par_1_73' title="bbox 1919 1490 3498 1562">
     <span class='ocr_line' id='line_1_73' title="bbox 1919 1490 3498 1562; baseline 0.002 -18"><span class='ocrx_word' id='word_1_548' title='bbox 1919 1490 2074 1545; x_wconf 89' lang='lat' dir='ltr'><strong>ﬁeret</strong></span> <span class='ocrx_word' id='word_1_549' title='bbox 2109 1491 2251 1560; x_wconf 90' lang='lat' dir='ltr'><strong>quod</strong></span> <span class='ocrx_word' id='word_1_550' title='bbox 2295 1491 2410 1561; x_wconf 89' lang='lat' dir='ltr'><strong>ipse</strong></span> <span class='ocrx_word' id='word_1_551' title='bbox 2450 1491 2702 1561; x_wconf 88' lang='lat' dir='ltr'><strong>promisit</strong></span> <span class='ocrx_word' id='word_1_552' title='bbox 2737 1507 2839 1562; x_wconf 85' lang='lat' dir='ltr'><strong>per</strong></span> <span class='ocrx_word' id='word_1_553' title='bbox 2873 1492 3226 1562; x_wconf 88' lang='lat' dir='ltr'><strong>prophetam,</strong></span> <span class='ocrx_word' id='word_1_554' title='bbox 3271 1491 3498 1549; x_wconf 90' lang='lat' dir='ltr'><strong>dicens:</strong></span> 
     </span>
    </p>
   </div>
   <div class='ocr_carea' id='block_1_74' title="bbox 1918 1580 3504 1655">
    <p class='ocr_par' dir='ltr' id='par_1_74' title="bbox 1918 1580 3504 1655">
     <span class='ocr_line' id='line_1_74' title="bbox 1918 1580 3504 1655; baseline 0.003 -19"><span class='ocrx_word' id='word_1_555' title='bbox 1918 1580 2291 1636; x_wconf 83' lang='lat' dir='ltr'><strong>Convertimini</strong></span> <span class='ocrx_word' id='word_1_556' title='bbox 2328 1583 2397 1637; x_wconf 84' lang='lat' dir='ltr'><strong>ad</strong></span> <span class='ocrx_word' id='word_1_557' title='bbox 2432 1600 2551 1649; x_wconf 91' lang='lat' dir='ltr'><strong>me,</strong></span> <span class='ocrx_word' id='word_1_558' title='bbox 2599 1593 2647 1639; x_wconf 88' lang='lat' dir='ltr'><strong>et</strong></span> <span class='ocrx_word' id='word_1_559' title='bbox 2693 1601 2784 1655; x_wconf 89' lang='lat' dir='ltr'><strong>ego</strong></span> <span class='ocrx_word' id='word_1_560' title='bbox 2830 1593 3116 1641; x_wconf 89' lang='lat' dir='ltr'><strong>convertar</strong></span> <span class='ocrx_word' id='word_1_561' title='bbox 3157 1584 3226 1640; x_wconf 84' lang='lat' dir='ltr'><strong>ad</strong></span> <span class='ocrx_word' id='word_1_562' title='bbox 3274 1602 3384 1651; x_wconf 79' lang='lat' dir='ltr'><strong>vos,</strong></span> <span class='ocrx_word' id='word_1_563' title='bbox 3427 1584 3504 1640; x_wconf 86' lang='lat' dir='ltr'><strong>ait</strong></span> 
     </span>
    </p>
   </div>
   <div class='ocr_carea' id='block_1_75' title="bbox 1916 1676 3505 1751">
    <p class='ocr_par' dir='ltr' id='par_1_75' title="bbox 1916 1676 3505 1751">
     <span class='ocr_line' id='line_1_75' title="bbox 1916 1676 3505 1751; baseline 0 -19"><span class='ocrx_word' id='word_1_564' title='bbox 1916 1676 2180 1732; x_wconf 80' lang='lat' dir='ltr'><strong>Dominus</strong></span> <span class='ocrx_word' id='word_1_565' title='bbox 2230 1676 2416 1750; x_wconf 87' lang='lat' dir='ltr'><strong>(Zach.</strong></span> <span class='ocrx_word' id='word_1_566' title='bbox 2456 1678 2560 1750; x_wconf 87' lang='grc' dir='ltr'>ιιι).</span> <span class='ocrx_word' id='word_1_567' title='bbox 2612 1678 2812 1734; x_wconf 79' lang='lat' dir='ltr'><strong>Videas</strong></span> <span class='ocrx_word' id='word_1_568' title='bbox 2851 1694 2969 1734; x_wconf 90' lang='lat' dir='ltr'><strong>eam</strong></span> <span class='ocrx_word' id='word_1_569' title='bbox 3014 1679 3153 1734; x_wconf 84' lang='lat' dir='ltr'><strong>dixit</strong></span> <span class='ocrx_word' id='word_1_570' title='bbox 3193 1678 3337 1751; x_wconf 88' lang='lat' dir='ltr'><strong>(quia</strong></span> <span class='ocrx_word' id='word_1_571' title='bbox 3373 1693 3505 1750; x_wconf 84' lang='lat' dir='ltr'><strong>quos</strong></span> 
     </span>
    </p>
   </div>
   <div class='ocr_carea' id='block_1_76' title="bbox 1916 1768 3502 1842">
    <p class='ocr_par' dir='ltr' id='par_1_76' title="bbox 1916 1768 3502 1842">
     <span class='ocr_line' id='line_1_76' title="bbox 1916 1768 3502 1842; baseline 0 -18"><span class='ocrx_word' id='word_1_572' title='bbox 1916 1769 2176 1840; x_wconf 81' lang='lat' dir='ltr'><strong>prtescivit</strong></span> <span class='ocrx_word' id='word_1_573' title='bbox 2203 1779 2250 1823; x_wconf 91' lang='lat' dir='ltr'><strong>et</strong></span> <span class='ocrx_word' id='word_1_574' title='bbox 2275 1769 2685 1841; x_wconf 74' lang='lat' dir='ltr'><strong>prwdestinavit,</strong></span> <span class='ocrx_word' id='word_1_575' title='bbox 2709 1771 2802 1824; x_wconf 83' lang='lat' dir='ltr'><strong>hos</strong></span> <span class='ocrx_word' id='word_1_576' title='bbox 2827 1777 2874 1825; x_wconf 88' lang='lat' dir='ltr'><strong>et</strong></span> <span class='ocrx_word' id='word_1_577' title='bbox 2899 1771 3096 1824; x_wconf 77' lang='lat' dir='ltr'><strong>vocavit</strong></span> <span class='ocrx_word' id='word_1_578' title='bbox 3122 1768 3296 1842; x_wconf 54' lang='lat' dir='ltr'><strong>[Rana</strong></span> <span class='ocrx_word' id='word_1_579' title='bbox 3322 1768 3502 1841; x_wconf 87' lang='lat' dir='ltr'><strong>vm]):</strong></span> 
     </span>
    </p>
   </div>
   <div class='ocr_carea' id='block_1_77' title="bbox 1918 1859 3507 1932">
    <p class='ocr_par' dir='ltr' id='par_1_77' title="bbox 1918 1859 3507 1932">
     <span class='ocr_line' id='line_1_77' title="bbox 1918 1859 3507 1932; baseline -0.001 -15"><span class='ocrx_word' id='word_1_580' title='bbox 1918 1859 2158 1931; x_wconf 82' lang='lat' dir='ltr'><strong>Con/ide,</strong></span> <span class='ocrx_word' id='word_1_581' title='bbox 2185 1861 2321 1932; x_wconf 82' lang='lat' dir='ltr'><strong>ﬁlia.</strong></span> <span class='ocrx_word' id='word_1_582' title='bbox 2351 1861 2489 1929; x_wconf 87' lang='lat' dir='ltr'><strong>Quid</strong></span> <span class='ocrx_word' id='word_1_583' title='bbox 2531 1872 2615 1918; x_wconf 89' lang='lat' dir='ltr'><strong>est</strong></span> <span class='ocrx_word' id='word_1_584' title='bbox 2647 1863 2792 1932; x_wconf 90' lang='lat' dir='ltr'><strong>quod</strong></span> <span class='ocrx_word' id='word_1_585' title='bbox 2836 1877 2956 1917; x_wconf 91' lang='lat' dir='ltr'><strong>eam</strong></span> <span class='ocrx_word' id='word_1_586' title='bbox 2988 1861 3259 1916; x_wconf 90' lang='lat' dir='ltr'><strong>conﬁdere</strong></span> <span class='ocrx_word' id='word_1_587' title='bbox 3297 1859 3507 1930; x_wconf 79' lang='lat' dir='ltr'><strong>jussit?</strong></span> 
     </span>
    </p>
   </div>
   <div class='ocr_carea' id='block_1_78' title="bbox 1916 1953 3508 2026">
    <p class='ocr_par' dir='ltr' id='par_1_78' title="bbox 1916 1953 3508 2026">
     <span class='ocr_line' id='line_1_78' title="bbox 1916 1953 3508 2026; baseline -0.003 -16"><span class='ocrx_word' id='word_1_588' title='bbox 1916 1955 2046 2026; x_wconf 91' lang='lat' dir='ltr'><strong>quia</strong></span> <span class='ocrx_word' id='word_1_589' title='bbox 2072 1955 2118 2011; x_wconf 90' lang='lat' dir='ltr'><strong>si</strong></span> <span class='ocrx_word' id='word_1_590' title='bbox 2146 1954 2306 2010; x_wconf 86' lang='lat' dir='ltr'><strong>ﬁdem</strong></span> <span class='ocrx_word' id='word_1_591' title='bbox 2338 1970 2444 2010; x_wconf 90' lang='lat' dir='ltr'><strong>non</strong></span> <span class='ocrx_word' id='word_1_592' title='bbox 2475 1953 2733 2020; x_wconf 88' lang='lat' dir='ltr'><strong>haberet,</strong></span> <span class='ocrx_word' id='word_1_593' title='bbox 2765 1954 2990 2009; x_wconf 87' lang='lat' dir='ltr'><strong>salutem</strong></span> <span class='ocrx_word' id='word_1_594' title='bbox 3021 1953 3089 2008; x_wconf 87' lang='lat' dir='ltr'><strong>ab</strong></span> <span class='ocrx_word' id='word_1_595' title='bbox 3120 1969 3185 2008; x_wconf 90' lang='lat' dir='ltr'><strong>eo</strong></span> <span class='ocrx_word' id='word_1_596' title='bbox 3213 1968 3321 2008; x_wconf 90' lang='lat' dir='ltr'><strong>non</strong></span> <span class='ocrx_word' id='word_1_597' title='bbox 3353 1965 3476 2022; x_wconf 70' lang='lat' dir='ltr'><strong>qua:</strong></span> <span class='ocrx_word' id='word_1_598' title='bbox 3501 1979 3508 1992; x_wconf 88' lang='lat'><strong>-</strong></span> 
     </span>
    </p>
   </div>
   <div class='ocr_carea' id='block_1_79' title="bbox 1916 2044 3506 2116">
    <p class='ocr_par' dir='ltr' id='par_1_79' title="bbox 1916 2044 3506 2116">
     <span class='ocr_line' id='line_1_79' title="bbox 1916 2044 3506 2116; baseline -0.004 -13"><span class='ocrx_word' id='word_1_599' title='bbox 1916 2055 2101 2114; x_wconf 89' lang='lat' dir='ltr'><strong>reret;</strong></span> <span class='ocrx_word' id='word_1_600' title='bbox 2161 2047 2256 2102; x_wconf 92' lang='lat' dir='ltr'><strong>sed</strong></span> <span class='ocrx_word' id='word_1_601' title='bbox 2311 2047 2475 2103; x_wconf 88' lang='lat' dir='ltr'><strong>robur</strong></span> <span class='ocrx_word' id='word_1_602' title='bbox 2525 2054 2580 2102; x_wconf 94' lang='lat' dir='ltr'><strong>et</strong></span> <span class='ocrx_word' id='word_1_603' title='bbox 2631 2046 3094 2116; x_wconf 87' lang='lat' dir='ltr'><strong>persevcrantiam</strong></span> <span class='ocrx_word' id='word_1_604' title='bbox 3146 2044 3271 2100; x_wconf 89' lang='lat' dir='ltr'><strong>ﬁdei</strong></span> <span class='ocrx_word' id='word_1_605' title='bbox 3323 2044 3392 2098; x_wconf 90' lang='lat' dir='ltr'><strong>ab</strong></span> <span class='ocrx_word' id='word_1_606' title='bbox 3441 2057 3506 2098; x_wconf 89' lang='lat' dir='ltr'><strong>ea</strong></span> 
     </span>
    </p>
   </div>
   <div class='ocr_carea' id='block_1_80' title="bbox 1914 2137 3505 2213">
    <p class='ocr_par' dir='ltr' id='par_1_80' title="bbox 1914 2137 3505 2213">
     <span class='ocr_line' id='line_1_80' title="bbox 1914 2137 3505 2213; baseline -0.002 -17"><span class='ocrx_word' id='word_1_607' title='bbox 1914 2140 2230 2213; x_wconf 89' lang='lat' dir='ltr'><strong>postulavit,</strong></span> <span class='ocrx_word' id='word_1_608' title='bbox 2252 2149 2314 2194; x_wconf 93' lang='lat' dir='ltr'><strong>ut</strong></span> <span class='ocrx_word' id='word_1_609' title='bbox 2335 2140 2402 2195; x_wconf 90' lang='lat' dir='ltr'><strong>ad</strong></span> <span class='ocrx_word' id='word_1_610' title='bbox 2421 2148 2632 2196; x_wconf 88' lang='lat' dir='ltr'><strong>certam</strong></span> <span class='ocrx_word' id='word_1_611' title='bbox 2654 2148 2712 2196; x_wconf 91' lang='lat' dir='ltr'><strong>et</strong></span> <span class='ocrx_word' id='word_1_612' title='bbox 2730 2156 2914 2195; x_wconf 90' lang='lat' dir='ltr'><strong>veram</strong></span> <span class='ocrx_word' id='word_1_613' title='bbox 2937 2138 3213 2210; x_wconf 88' lang='lat' dir='ltr'><strong>perveniat</strong></span> <span class='ocrx_word' id='word_1_614' title='bbox 3240 2137 3505 2197; x_wconf 89' lang='lat' dir='ltr'><strong>salutem:</strong></span> 
     </span>
    </p>
   </div>
   <div class='ocr_carea' id='block_1_81' title="bbox 1917 2231 3506 2306">
    <p class='ocr_par' dir='ltr' id='par_1_81' title="bbox 1917 2231 3506 2306">
     <span class='ocr_line' id='line_1_81' title="bbox 1917 2231 3506 2306; baseline -0.004 -16"><span class='ocrx_word' id='word_1_615' title='bbox 1917 2235 2045 2305; x_wconf 86' lang='lat' dir='ltr'><strong>quia</strong></span> <span class='ocrx_word' id='word_1_616' title='bbox 2092 2235 2182 2306; x_wconf 87' lang='lat' dir='ltr'><strong>qui</strong></span> <span class='ocrx_word' id='word_1_617' title='bbox 2229 2235 2626 2306; x_wconf 82' lang='lat' dir='ltr'><strong>perseveraverit</strong></span> <span class='ocrx_word' id='word_1_618' title='bbox 2673 2236 2729 2288; x_wconf 90' lang='lat' dir='ltr'><strong>in</strong></span> <span class='ocrx_word' id='word_1_619' title='bbox 2776 2234 2972 2304; x_wconf 83' lang='lat' dir='ltr'><strong>ﬁnem,</strong></span> <span class='ocrx_word' id='word_1_620' title='bbox 3027 2235 3110 2287; x_wconf 83' lang='lat' dir='ltr'><strong>hic</strong></span> <span class='ocrx_word' id='word_1_621' title='bbox 3161 2231 3336 2287; x_wconf 87' lang='lat' dir='ltr'><strong>salvus</strong></span> <span class='ocrx_word' id='word_1_622' title='bbox 3385 2231 3506 2286; x_wconf 86' lang='lat' dir='ltr'><strong>erit.</strong></span> 
     </span>
    </p>
   </div>
   <div class='ocr_carea' id='block_1_82' title="bbox 1919 2321 3507 2401">
    <p class='ocr_par' dir='ltr' id='par_1_82' title="bbox 1919 2321 3507 2401">
     <span class='ocr_line' id='line_1_82' title="bbox 1919 2321 3507 2401; baseline -0.003 -20"><span class='ocrx_word' id='word_1_623' title='bbox 1919 2327 2192 2401; x_wconf 87' lang='lat' dir='ltr'><strong>(Hieron.)</strong></span> <span class='ocrx_word' id='word_1_624' title='bbox 2223 2326 2462 2396; x_wconf 79' lang='lat' dir='ltr'><strong>Con/ide,</strong></span> <span class='ocrx_word' id='word_1_625' title='bbox 2493 2327 2591 2393; x_wconf 86' lang='lat' dir='ltr'><strong>ait,</strong></span> <span class='ocrx_word' id='word_1_626' title='bbox 2623 2325 2758 2395; x_wconf 81' lang='lat' dir='ltr'><strong>ﬁlia,</strong></span> <span class='ocrx_word' id='word_1_627' title='bbox 2790 2327 2914 2395; x_wconf 83' lang='lat' dir='ltr'><strong>quia</strong></span> <span class='ocrx_word' id='word_1_628' title='bbox 2943 2325 3073 2394; x_wconf 83' lang='lat' dir='ltr'><strong>ﬁdes</strong></span> <span class='ocrx_word' id='word_1_629' title='bbox 3103 2335 3194 2378; x_wconf 87' lang='lat' dir='ltr'><strong>tua</strong></span> <span class='ocrx_word' id='word_1_630' title='bbox 3229 2333 3278 2377; x_wconf 89' lang='lat' dir='ltr'><strong>te</strong></span> <span class='ocrx_word' id='word_1_631' title='bbox 3305 2321 3507 2377; x_wconf 86' lang='lat' dir='ltr'><strong>salvam</strong></span> 
     </span>
    </p>
   </div>
   <div class='ocr_carea' id='block_1_83' title="bbox 1917 2411 3509 2491">
    <p class='ocr_par' dir='ltr' id='par_1_83' title="bbox 1917 2411 3509 2491">
     <span class='ocr_line' id='line_1_83' title="bbox 1917 2411 3509 2491; baseline -0.003 -18"><span class='ocrx_word' id='word_1_632' title='bbox 1917 2419 2060 2491; x_wconf 79' lang='lat' dir='ltr'><strong>fecit.</strong></span> <span class='ocrx_word' id='word_1_633' title='bbox 2113 2419 2237 2474; x_wconf 87' lang='lat' dir='ltr'><strong>ldeo</strong></span> <span class='ocrx_word' id='word_1_634' title='bbox 2264 2417 2406 2487; x_wconf 81' lang='lat' dir='ltr'><strong>ﬁlia,</strong></span> <span class='ocrx_word' id='word_1_635' title='bbox 2447 2418 2570 2490; x_wconf 88' lang='lat' dir='ltr'><strong>quia</strong></span> <span class='ocrx_word' id='word_1_636' title='bbox 2597 2417 2729 2486; x_wconf 81' lang='lat' dir='ltr'><strong>ﬁdes</strong></span> <span class='ocrx_word' id='word_1_637' title='bbox 2755 2426 2847 2470; x_wconf 90' lang='lat' dir='ltr'><strong>tua</strong></span> <span class='ocrx_word' id='word_1_638' title='bbox 2878 2415 3079 2470; x_wconf 86' lang='lat' dir='ltr'><strong>salvam</strong></span> <span class='ocrx_word' id='word_1_639' title='bbox 3115 2426 3164 2469; x_wconf 93' lang='lat' dir='ltr'><strong>te</strong></span> <span class='ocrx_word' id='word_1_640' title='bbox 3201 2414 3341 2484; x_wconf 81' lang='lat' dir='ltr'><strong>fecit.</strong></span> <span class='ocrx_word' id='word_1_641' title='bbox 3396 2411 3509 2468; x_wconf 84' lang='lat' dir='ltr'><strong>Nec</strong></span> 
     </span>
    </p>
   </div>
   <div class='ocr_carea' id='block_1_84' title="bbox 1917 2504 3510 2580">
    <p class='ocr_par' dir='ltr' id='par_1_84' title="bbox 1917 2504 3510 2580">
     <span class='ocr_line' id='line_1_84' title="bbox 1917 2504 3510 2580; baseline -0.006 -11"><span class='ocrx_word' id='word_1_642' title='bbox 1917 2513 2093 2570; x_wconf 85' lang='lat' dir='ltr'><strong>dixit:</strong></span> <span class='ocrx_word' id='word_1_643' title='bbox 2146 2511 2282 2580; x_wconf 87' lang='lat' dir='ltr'><strong>Quia</strong></span> <span class='ocrx_word' id='word_1_644' title='bbox 2333 2510 2465 2566; x_wconf 88' lang='lat' dir='ltr'><strong>ﬁdes</strong></span> <span class='ocrx_word' id='word_1_645' title='bbox 2512 2518 2605 2565; x_wconf 91' lang='lat' dir='ltr'><strong>tua</strong></span> <span class='ocrx_word' id='word_1_646' title='bbox 2655 2509 2858 2565; x_wconf 82' lang='lat' dir='ltr'><strong>Salvam</strong></span> <span class='ocrx_word' id='word_1_647' title='bbox 2909 2515 2962 2562; x_wconf 91' lang='lat' dir='ltr'><strong>te</strong></span> <span class='ocrx_word' id='word_1_648' title='bbox 3009 2507 3215 2562; x_wconf 83' lang='lat' dir='ltr'><strong>factura</strong></span> <span class='ocrx_word' id='word_1_649' title='bbox 3246 2513 3361 2571; x_wconf 87' lang='lat' dir='ltr'><strong>est,</strong></span> <span class='ocrx_word' id='word_1_650' title='bbox 3414 2504 3510 2560; x_wconf 89' lang='lat' dir='ltr'><strong>sed</strong></span> 
     </span>
    </p>
   </div>
   <div class='ocr_carea' id='block_1_85' title="bbox 1917 2593 3510 2673">
    <p class='ocr_par' dir='ltr' id='par_1_85' title="bbox 1917 2593 3510 2673">
     <span class='ocr_line' id='line_1_85' title="bbox 1917 2593 3510 2673; baseline -0.007 -14"><span class='ocrx_word' id='word_1_651' title='bbox 1917 2602 2118 2659; x_wconf 87' lang='lat' dir='ltr'><strong>salvam</strong></span> <span class='ocrx_word' id='word_1_652' title='bbox 2146 2602 2288 2673; x_wconf 79' lang='lat' dir='ltr'><strong>fecit.</strong></span> <span class='ocrx_word' id='word_1_653' title='bbox 2330 2601 2391 2656; x_wconf 89' lang='lat' dir='ltr'><strong>In</strong></span> <span class='ocrx_word' id='word_1_654' title='bbox 2416 2615 2482 2658; x_wconf 92' lang='lat' dir='ltr'><strong>eo</strong></span> <span class='ocrx_word' id='word_1_655' title='bbox 2507 2599 2676 2667; x_wconf 90' lang='lat' dir='ltr'><strong>enim,</strong></span> <span class='ocrx_word' id='word_1_656' title='bbox 2701 2599 2842 2670; x_wconf 90' lang='lat' dir='ltr'><strong>quod</strong></span> <span class='ocrx_word' id='word_1_657' title='bbox 2877 2597 3186 2663; x_wconf 88' lang='lat' dir='ltr'><strong>credidisti,</strong></span> <span class='ocrx_word' id='word_1_658' title='bbox 3217 2597 3332 2668; x_wconf 89' lang='lat' dir='ltr'><strong>jam</strong></span> <span class='ocrx_word' id='word_1_659' title='bbox 3360 2593 3510 2652; x_wconf 84' lang='lat' dir='ltr'><strong>salva</strong></span> 
     </span>
    </p>
   </div>
   <div class='ocr_carea' id='block_1_86' title="bbox 1917 2695 2170 2752">
    <p class='ocr_par' dir='ltr' id='par_1_86' title="bbox 1917 2695 2170 2752">
     <span class='ocr_line' id='line_1_86' title="bbox 1917 2695 2170 2752; baseline -0.008 -2"><span class='ocrx_word' id='word_1_660' title='bbox 1917 2695 2061 2752; x_wconf 85' lang='lat' dir='ltr'><strong>facta</strong></span> <span class='ocrx_word' id='word_1_661' title='bbox 2091 2710 2170 2751; x_wconf 90' lang='lat' dir='ltr'><strong>es.</strong></span> 
     </span>
    </p>
   </div>
   <div class='ocr_carea' id='block_1_87' title="bbox 1991 2798 3511 2878">
    <p class='ocr_par' dir='ltr' id='par_1_87' title="bbox 1991 2798 3511 2878">
     <span class='ocr_line' id='line_1_87' title="bbox 1991 2798 3511 2878; baseline -0.007 -14"><span class='ocrx_word' id='word_1_662' title='bbox 1991 2809 2060 2864; x_wconf 89' lang='lat' dir='ltr'><strong>Et</strong></span> <span class='ocrx_word' id='word_1_663' title='bbox 2089 2808 2234 2864; x_wconf 85' lang='lat' dir='ltr'><strong>salva</strong></span> <span class='ocrx_word' id='word_1_664' title='bbox 2264 2809 2405 2878; x_wconf 79' lang='lat' dir='ltr'><strong>facta</strong></span> <span class='ocrx_word' id='word_1_665' title='bbox 2436 2816 2511 2862; x_wconf 90' lang='lat' dir='ltr'><strong>est</strong></span> <span class='ocrx_word' id='word_1_666' title='bbox 2541 2805 2731 2860; x_wconf 85' lang='lat' dir='ltr'><strong>mulier</strong></span> <span class='ocrx_word' id='word_1_667' title='bbox 2757 2822 2821 2860; x_wconf 68' lang='lat' dir='ltr'><strong>ea:</strong></span> <span class='ocrx_word' id='word_1_668' title='bbox 2849 2803 2943 2858; x_wconf 86' lang='lat' dir='ltr'><strong>illa</strong></span> <span class='ocrx_word' id='word_1_669' title='bbox 2972 2804 3124 2857; x_wconf 85' lang='lat' dir='ltr'><strong>hora.</strong></span> <span class='ocrx_word' id='word_1_670' title='bbox 3167 2799 3397 2872; x_wconf 73' lang='grc' dir='ltr'><strong>(Μωιι.)</strong></span> <span class='ocrx_word' id='word_1_671' title='bbox 3429 2798 3511 2855; x_wconf 75' lang='lat' dir='ltr'><strong>Ex</strong></span> 
     </span>
    </p>
   </div>
   <div class='ocr_carea' id='block_1_88' title="bbox 1920 2891 3509 2972">
    <p class='ocr_par' dir='ltr' id='par_1_88' title="bbox 1920 2891 3509 2972">
     <span class='ocr_line' id='line_1_88' title="bbox 1920 2891 3509 2972; baseline -0.01 -13"><span class='ocrx_word' id='word_1_672' title='bbox 1920 2904 2054 2960; x_wconf 78' lang='lat' dir='ltr'><strong>liora</strong></span> <span class='ocrx_word' id='word_1_673' title='bbox 2089 2917 2219 2972; x_wconf 87' lang='lat' dir='ltr'><strong>ergo</strong></span> <span class='ocrx_word' id='word_1_674' title='bbox 2254 2899 2520 2955; x_wconf 91' lang='lat' dir='ltr'><strong>Dominici</strong></span> <span class='ocrx_word' id='word_1_675' title='bbox 2557 2899 2818 2953; x_wconf 81' lang='lat' dir='ltr'><strong>adventus</strong></span> <span class='ocrx_word' id='word_1_676' title='bbox 2847 2897 2963 2951; x_wconf 79' lang='lat' dir='ltr'><strong>haec</strong></span> <span class='ocrx_word' id='word_1_677' title='bbox 2995 2893 3189 2950; x_wconf 89' lang='lat' dir='ltr'><strong>mulier</strong></span> <span class='ocrx_word' id='word_1_678' title='bbox 3219 2891 3509 2950; x_wconf 80' lang='lat' dir='ltr'><strong>sanitatem</strong></span> 
     </span>
    </p>
   </div>
   <div class='ocr_carea' id='block_1_89' title="bbox 1920 2982 3510 3068">
    <p class='ocr_par' dir='ltr' id='par_1_89' title="bbox 1920 2982 3510 3068">
     <span class='ocr_line' id='line_1_89' title="bbox 1920 2982 3510 3068; baseline -0.011 -13"><span class='ocrx_word' id='word_1_679' title='bbox 1920 2998 2088 3068; x_wconf 74' lang='lat' dir='ltr'><strong>cmpit</strong></span> <span class='ocrx_word' id='word_1_680' title='bbox 2122 2997 2357 3060; x_wconf 89' lang='lat' dir='ltr'><strong>habere,</strong></span> <span class='ocrx_word' id='word_1_681' title='bbox 2397 3002 2453 3049; x_wconf 91' lang='lat' dir='ltr'><strong>et</strong></span> <span class='ocrx_word' id='word_1_682' title='bbox 2481 2993 2722 3063; x_wconf 84' lang='lat' dir='ltr'><strong>quotidie</strong></span> <span class='ocrx_word' id='word_1_683' title='bbox 2756 2993 2825 3068; x_wconf 6' lang='lat' dir='ltr'><strong>in,</strong></span> <span class='ocrx_word' id='word_1_684' title='bbox 2847 2982 2930 3046; x_wconf 82' lang='lat' dir='ltr'><strong>his</strong></span> <span class='ocrx_word' id='word_1_685' title='bbox 2959 2989 3051 3060; x_wconf 94' lang='lat' dir='ltr'><strong>qui</strong></span> <span class='ocrx_word' id='word_1_686' title='bbox 3089 2989 3156 3043; x_wconf 90' lang='lat' dir='ltr'><strong>de</strong></span> <span class='ocrx_word' id='word_1_687' title='bbox 3193 2985 3510 3043; x_wconf 85' lang='lat' dir='ltr'><strong>inﬁdelitate</strong></span> 
     </span>
    </p>
   </div>
   <div class='ocr_carea' id='block_1_90' title="bbox 1920 3066 3511 3154">
    <p class='ocr_par' dir='ltr' id='par_1_90' title="bbox 1920 3066 3511 3154">
     <span class='ocr_line' id='line_1_90' title="bbox 1920 3066 3511 3154; baseline -0.008 -8"><span class='ocrx_word' id='word_1_688' title='bbox 1920 3091 1989 3146; x_wconf 90' lang='lat' dir='ltr'><strong>ad</strong></span> <span class='ocrx_word' id='word_1_689' title='bbox 2010 3066 2190 3146; x_wconf 78' lang='lat' dir='ltr'><strong>ﬁdem</strong></span> <span class='ocrx_word' id='word_1_690' title='bbox 2231 3096 2638 3150; x_wconf 88' lang='lat' dir='ltr'><strong>convertuntur,</strong></span> <span class='ocrx_word' id='word_1_691' title='bbox 2673 3066 2972 3149; x_wconf 73' lang='lat' dir='ltr'><strong>salvantur,</strong></span> <span class='ocrx_word' id='word_1_692' title='bbox 3010 3081 3248 3154; x_wconf 89' lang='lat' dir='ltr'><strong>quotidie</strong></span> <span class='ocrx_word' id='word_1_693' title='bbox 3278 3079 3511 3138; x_wconf 88' lang='lat' dir='ltr'><strong>Domino</strong></span> 
     </span>
    </p>
   </div>
   <div class='ocr_carea' id='block_1_91' title="bbox 1845 3179 3009 3255">
    <p class='ocr_par' dir='ltr' id='par_1_91' title="bbox 1845 3179 3009 3255">
     <span class='ocr_line' id='line_1_91' title="bbox 1845 3179 3009 3255; baseline -0.007 -15"><span class='ocrx_word' id='word_1_694' title='bbox 1845 3190 1890 3255; x_wconf 83' lang='lat' dir='ltr'>C</span> <span class='ocrx_word' id='word_1_695' title='bbox 1923 3190 2176 3255; x_wconf 87' lang='lat' dir='ltr'><strong>augente,</strong></span> <span class='ocrx_word' id='word_1_696' title='bbox 2204 3182 2297 3253; x_wconf 82' lang='lat' dir='ltr'><strong>qui</strong></span> <span class='ocrx_word' id='word_1_697' title='bbox 2328 3181 2462 3238; x_wconf 90' lang='lat' dir='ltr'><strong>salvi</strong></span> <span class='ocrx_word' id='word_1_698' title='bbox 2489 3181 2623 3236; x_wconf 91' lang='lat' dir='ltr'><strong>ﬁant</strong></span> <span class='ocrx_word' id='word_1_699' title='bbox 2648 3180 2704 3235; x_wconf 92' lang='lat' dir='ltr'><strong>in</strong></span> <span class='ocrx_word' id='word_1_700' title='bbox 2733 3179 2785 3234; x_wconf 91' lang='lat' dir='ltr'><strong>id</strong></span> <span class='ocrx_word' id='word_1_701' title='bbox 2813 3180 3009 3250; x_wconf 92' lang='lat' dir='ltr'><strong>ipsum.</strong></span> 
     </span>
    </p>
   </div>
   <div class='ocr_carea' id='block_1_92' title="bbox 1991 3277 3512 3363">
    <p class='ocr_par' dir='ltr' id='par_1_92' title="bbox 1991 3277 3512 3363">
     <span class='ocr_line' id='line_1_92' title="bbox 1991 3277 3512 3363; baseline -0.004 -11"><span class='ocrx_word' id='word_1_702' title='bbox 1991 3297 2061 3352; x_wconf 88' lang='lat' dir='ltr'><strong>Et</strong></span> <span class='ocrx_word' id='word_1_703' title='bbox 2099 3313 2219 3351; x_wconf 89' lang='lat' dir='ltr'><strong>cum</strong></span> <span class='ocrx_word' id='word_1_704' title='bbox 2255 3296 2474 3351; x_wconf 83' lang='lat' dir='ltr'><strong>venisset</strong></span> <span class='ocrx_word' id='word_1_705' title='bbox 2511 3293 2666 3349; x_wconf 80' lang='lat' dir='ltr'><strong>Iesus</strong></span> <span class='ocrx_word' id='word_1_706' title='bbox 2713 3295 2768 3348; x_wconf 88' lang='lat' dir='ltr'><strong>in</strong></span> <span class='ocrx_word' id='word_1_707' title='bbox 2810 3293 3023 3348; x_wconf 87' lang='lat' dir='ltr'><strong>domum</strong></span> <span class='ocrx_word' id='word_1_708' title='bbox 3062 3277 3335 3363; x_wconf 83' lang='lat' dir='ltr'><strong>principis,</strong></span> <span class='ocrx_word' id='word_1_709' title='bbox 3359 3299 3408 3347; x_wconf 87' lang='lat' dir='ltr'><strong>et</strong></span> <span class='ocrx_word' id='word_1_710' title='bbox 3434 3291 3512 3346; x_wconf 80' lang='lat' dir='ltr'><strong>vi-</strong></span> 
     </span>
    </p>
   </div>
   <div class='ocr_carea' id='block_1_93' title="bbox 1919 3381 3513 3453">
    <p class='ocr_par' dir='ltr' id='par_1_93' title="bbox 1919 3381 3513 3453">
     <span class='ocr_line' id='line_1_93' title="bbox 1919 3381 3513 3453; baseline -0.003 -9"><span class='ocrx_word' id='word_1_711' title='bbox 1919 3390 2080 3446; x_wconf 88' lang='lat' dir='ltr'><strong>disset</strong></span> <span class='ocrx_word' id='word_1_712' title='bbox 2126 3388 2382 3453; x_wconf 86' lang='lat' dir='ltr'><strong>tibicines,</strong></span> <span class='ocrx_word' id='word_1_713' title='bbox 2429 3396 2476 3441; x_wconf 90' lang='lat' dir='ltr'><strong>et</strong></span> <span class='ocrx_word' id='word_1_714' title='bbox 2523 3386 2733 3440; x_wconf 89' lang='lat' dir='ltr'><strong>turbam</strong></span> <span class='ocrx_word' id='word_1_715' title='bbox 2775 3384 3215 3447; x_wconf 85' lang='lat' dir='ltr'><strong>tumultuantem,</strong></span> <span class='ocrx_word' id='word_1_716' title='bbox 3261 3381 3513 3440; x_wconf 78' lang='lat' dir='ltr'><strong>dicebat:</strong></span> 
     </span>
    </p>
   </div>
   <div class='ocr_carea' id='block_1_94' title="bbox 1922 3472 3514 3552">
    <p class='ocr_par' dir='ltr' id='par_1_94' title="bbox 1922 3472 3514 3552">
     <span class='ocr_line' id='line_1_94' title="bbox 1922 3472 3514 3552; baseline -0.005 -16"><span class='ocrx_word' id='word_1_717' title='bbox 1922 3481 2186 3536; x_wconf 84' lang='lat' dir='ltr'><strong>Recedite.</strong></span> <span class='ocrx_word' id='word_1_718' title='bbox 2218 3477 2488 3552; x_wconf 75' lang='grc' dir='ltr'><strong>(Ηίενοη.)</strong></span> <span class='ocrx_word' id='word_1_719' title='bbox 2515 3476 2696 3546; x_wconf 90' lang='lat' dir='ltr'><strong>Usque</strong></span> <span class='ocrx_word' id='word_1_720' title='bbox 2719 3475 2880 3531; x_wconf 86' lang='lat' dir='ltr'><strong>hodie</strong></span> <span class='ocrx_word' id='word_1_721' title='bbox 2904 3474 3075 3546; x_wconf 88' lang='lat' dir='ltr'><strong>puclla</strong></span> <span class='ocrx_word' id='word_1_722' title='bbox 3097 3472 3244 3543; x_wconf 85' lang='lat' dir='ltr'><strong>jacet</strong></span> <span class='ocrx_word' id='word_1_723' title='bbox 3271 3473 3322 3526; x_wconf 90' lang='lat' dir='ltr'><strong>in</strong></span> <span class='ocrx_word' id='word_1_724' title='bbox 3347 3472 3514 3528; x_wconf 79' lang='lat' dir='ltr'><strong>domo</strong></span> 
     </span>
    </p>
   </div>
   <div class='ocr_carea' id='block_1_95' title="bbox 1919 3564 3512 3644">
    <p class='ocr_par' dir='ltr' id='par_1_95' title="bbox 1919 3564 3512 3644">
     <span class='ocr_line' id='line_1_95' title="bbox 1919 3564 3512 3644; baseline -0.004 -17"><span class='ocrx_word' id='word_1_725' title='bbox 1919 3571 2180 3644; x_wconf 91' lang='lat' dir='ltr'><strong>principis</strong></span> <span class='ocrx_word' id='word_1_726' title='bbox 2209 3578 2447 3636; x_wconf 90' lang='lat' dir='ltr'><strong>mortua,</strong></span> <span class='ocrx_word' id='word_1_727' title='bbox 2478 3577 2533 3622; x_wconf 91' lang='lat' dir='ltr'><strong>et</strong></span> <span class='ocrx_word' id='word_1_728' title='bbox 2560 3568 2654 3640; x_wconf 91' lang='lat' dir='ltr'><strong>qui</strong></span> <span class='ocrx_word' id='word_1_729' title='bbox 2679 3567 2933 3623; x_wconf 89' lang='lat' dir='ltr'><strong>videntur</strong></span> <span class='ocrx_word' id='word_1_730' title='bbox 2958 3565 3224 3637; x_wconf 85' lang='lat' dir='ltr'><strong>magistri,</strong></span> <span class='ocrx_word' id='word_1_731' title='bbox 3257 3564 3512 3620; x_wconf 87' lang='lat' dir='ltr'><strong>tibicines</strong></span> 
     </span>
    </p>
   </div>
   <div class='ocr_carea' id='block_1_96' title="bbox 1923 3656 3507 3735">
    <p class='ocr_par' dir='ltr' id='par_1_96' title="bbox 1923 3656 3507 3735">
     <span class='ocr_line' id='line_1_96' title="bbox 1923 3656 3507 3735; baseline -0.006 -14"><span class='ocrx_word' id='word_1_732' title='bbox 1923 3675 2080 3732; x_wconf 88' lang='lat' dir='ltr'><strong>sunt,</strong></span> <span class='ocrx_word' id='word_1_733' title='bbox 2123 3679 2343 3721; x_wconf 91' lang='lat' dir='ltr'><strong>carmen</strong></span> <span class='ocrx_word' id='word_1_734' title='bbox 2374 3663 2603 3735; x_wconf 87' lang='lat' dir='ltr'><strong>lugubre</strong></span> <span class='ocrx_word' id='word_1_735' title='bbox 2634 3668 2912 3718; x_wconf 89' lang='lat' dir='ltr'><strong>canentes.</strong></span> <span class='ocrx_word' id='word_1_736' title='bbox 2948 3659 3126 3714; x_wconf 92' lang='lat' dir='ltr'><strong>Turba</strong></span> <span class='ocrx_word' id='word_1_737' title='bbox 3158 3673 3378 3729; x_wconf 91' lang='lat' dir='ltr'><strong>quoque</strong></span> <span class='ocrx_word' id='word_1_738' title='bbox 3407 3656 3507 3713; x_wconf 81' lang='lat' dir='ltr'><strong>Ju-</strong></span> 
     </span>
    </p>
   </div>
   <div class='ocr_carea' id='block_1_97' title="bbox 1923 3748 3512 3816">
    <p class='ocr_par' dir='ltr' id='par_1_97' title="bbox 1923 3748 3512 3816">
     <span class='ocr_line' id='line_1_97' title="bbox 1923 3748 3512 3816; baseline -0.008 -2"><span class='ocrx_word' id='word_1_739' title='bbox 1923 3760 2162 3815; x_wconf 72' lang='lat' dir='ltr'><strong>dzeorum</strong></span> <span class='ocrx_word' id='word_1_740' title='bbox 2198 3772 2308 3812; x_wconf 88' lang='lat' dir='ltr'><strong>non</strong></span> <span class='ocrx_word' id='word_1_741' title='bbox 2345 3763 2429 3811; x_wconf 87' lang='lat' dir='ltr'><strong>est</strong></span> <span class='ocrx_word' id='word_1_742' title='bbox 2464 3754 2625 3808; x_wconf 90' lang='lat' dir='ltr'><strong>turba</strong></span> <span class='ocrx_word' id='word_1_743' title='bbox 2663 3750 3037 3816; x_wconf 88' lang='lat' dir='ltr'><strong>credentium,</strong></span> <span class='ocrx_word' id='word_1_744' title='bbox 3087 3749 3181 3804; x_wconf 86' lang='lat' dir='ltr'><strong>sed</strong></span> <span class='ocrx_word' id='word_1_745' title='bbox 3217 3748 3373 3803; x_wconf 88' lang='lat' dir='ltr'><strong>turba</strong></span> <span class='ocrx_word' id='word_1_746' title='bbox 3421 3757 3512 3802; x_wconf 87' lang='lat' dir='ltr'><strong>tu-</strong></span> 
     </span>
    </p>
   </div>
   <div class='ocr_carea' id='block_1_98' title="bbox 1921 3843 3513 3917">
    <p class='ocr_par' dir='ltr' id='par_1_98' title="bbox 1921 3843 3513 3917">
     <span class='ocr_line' id='line_1_98' title="bbox 1921 3843 3513 3917; baseline -0.006 -10"><span class='ocrx_word' id='word_1_747' title='bbox 1921 3851 2325 3908; x_wconf 90' lang='lat' dir='ltr'><strong>multuantium.</strong></span> <span class='ocrx_word' id='word_1_748' title='bbox 2384 3849 2522 3917; x_wconf 84' lang='lat' dir='ltr'><strong>Quia</strong></span> <span class='ocrx_word' id='word_1_749' title='bbox 2558 3862 2692 3902; x_wconf 89' lang='lat' dir='ltr'><strong>vero</strong></span> <span class='ocrx_word' id='word_1_750' title='bbox 2742 3845 3028 3917; x_wconf 87' lang='lat' dir='ltr'><strong>Synagoga</strong></span> <span class='ocrx_word' id='word_1_751' title='bbox 3078 3844 3320 3899; x_wconf 58' lang='lat' dir='ltr'><strong>laetitiam</strong></span> <span class='ocrx_word' id='word_1_752' title='bbox 3369 3843 3513 3898; x_wconf 89' lang='lat' dir='ltr'><strong>hanc</strong></span> 
     </span>
    </p>
   </div>
   <div class='ocr_carea' id='block_1_99' title="bbox 1921 3935 3512 4003">
    <p class='ocr_par' dir='ltr' id='par_1_99' title="bbox 1921 3935 3512 4003">
     <span class='ocr_line' id='line_1_99' title="bbox 1921 3935 3512 4003; baseline -0.008 0"><span class='ocrx_word' id='word_1_753' title='bbox 1921 3945 2216 4003; x_wconf 73' lang='lat' dir='ltr'><strong>Dominicte</strong></span> <span class='ocrx_word' id='word_1_754' title='bbox 2251 3943 2662 4000; x_wconf 88' lang='lat' dir='ltr'><strong>inbabitationis</strong></span> <span class='ocrx_word' id='word_1_755' title='bbox 2699 3941 2894 3996; x_wconf 90' lang='lat' dir='ltr'><strong>merito</strong></span> <span class='ocrx_word' id='word_1_756' title='bbox 2926 3937 3261 3993; x_wconf 89' lang='lat' dir='ltr'><strong>inﬁdelitatis</strong></span> <span class='ocrx_word' id='word_1_757' title='bbox 3292 3935 3512 4001; x_wconf 89' lang='lat' dir='ltr'><strong>amisit,</strong></span> 
     </span>
    </p>
   </div>
   <div class='ocr_carea' id='block_1_100' title="bbox 1923 4027 3512 4109">
    <p class='ocr_par' dir='ltr' id='par_1_100' title="bbox 1923 4027 3512 4109">
     <span class='ocr_line' id='line_1_100' title="bbox 1923 4027 3512 4109; baseline -0.007 -16"><span class='ocrx_word' id='word_1_758' title='bbox 1923 4038 2078 4109; x_wconf 87' lang='lat' dir='ltr'><strong>quasi</strong></span> <span class='ocrx_word' id='word_1_759' title='bbox 2125 4037 2266 4091; x_wconf 87' lang='lat' dir='ltr'><strong>inter</strong></span> <span class='ocrx_word' id='word_1_760' title='bbox 2293 4034 2482 4091; x_wconf 85' lang='lat' dir='ltr'><strong>ﬂentes</strong></span> <span class='ocrx_word' id='word_1_761' title='bbox 2529 4042 2584 4089; x_wconf 92' lang='lat' dir='ltr'><strong>et</strong></span> <span class='ocrx_word' id='word_1_762' title='bbox 2628 4031 2890 4102; x_wconf 89' lang='lat' dir='ltr'><strong>ejulantes</strong></span> <span class='ocrx_word' id='word_1_763' title='bbox 2929 4038 3142 4086; x_wconf 84' lang='lat' dir='ltr'><strong>mortua</strong></span> <span class='ocrx_word' id='word_1_764' title='bbox 3177 4028 3344 4098; x_wconf 88' lang='lat' dir='ltr'><strong>jacet.</strong></span> <span class='ocrx_word' id='word_1_765' title='bbox 3400 4027 3512 4083; x_wconf 90' lang='lat' dir='ltr'><strong>Nec</strong></span> 
     </span>
    </p>
   </div>
   <div class='ocr_carea' id='block_1_101' title="bbox 1923 4123 3510 4200">
    <p class='ocr_par' dir='ltr' id='par_1_101' title="bbox 1923 4123 3510 4200">
     <span class='ocr_line' id='line_1_101' title="bbox 1923 4123 3510 4200; baseline -0.006 -14"><span class='ocrx_word' id='word_1_766' title='bbox 1923 4140 2106 4186; x_wconf 90' lang='lat' dir='ltr'><strong>tamen</strong></span> <span class='ocrx_word' id='word_1_767' title='bbox 2137 4144 2369 4200; x_wconf 89' lang='lat' dir='ltr'><strong>superna</strong></span> <span class='ocrx_word' id='word_1_768' title='bbox 2397 4128 2570 4199; x_wconf 88' lang='lat' dir='ltr'><strong>pietas</strong></span> <span class='ocrx_word' id='word_1_769' title='bbox 2601 4125 2844 4181; x_wconf 82' lang='lat' dir='ltr'><strong>funditus</strong></span> <span class='ocrx_word' id='word_1_770' title='bbox 2874 4140 2995 4180; x_wconf 89' lang='lat' dir='ltr'><strong>eam</strong></span> <span class='ocrx_word' id='word_1_771' title='bbox 3022 4123 3247 4179; x_wconf 87' lang='lat' dir='ltr'><strong>interire</strong></span> <span class='ocrx_word' id='word_1_772' title='bbox 3270 4123 3510 4194; x_wconf 90' lang='lat' dir='ltr'><strong>patitur:</strong></span> 
     </span>
    </p>
   </div>
   <div class='ocr_carea' id='block_1_102' title="bbox 1923 4213 3512 4294">
    <p class='ocr_par' dir='ltr' id='par_1_102' title="bbox 1923 4213 3512 4294">
     <span class='ocr_line' id='line_1_102' title="bbox 1923 4213 3512 4294; baseline -0.006 -17"><span class='ocrx_word' id='word_1_773' title='bbox 1923 4224 2054 4294; x_wconf 91' lang='lat' dir='ltr'><strong>quin</strong></span> <span class='ocrx_word' id='word_1_774' title='bbox 2083 4223 2260 4292; x_wconf 88' lang='lat' dir='ltr'><strong>potius</strong></span> <span class='ocrx_word' id='word_1_775' title='bbox 2292 4222 2439 4277; x_wconf 89' lang='lat' dir='ltr'><strong>circa</strong></span> <span class='ocrx_word' id='word_1_776' title='bbox 2469 4219 2635 4273; x_wconf 88' lang='lat' dir='ltr'><strong>ﬁnem</strong></span> <span class='ocrx_word' id='word_1_777' title='bbox 2662 4216 2844 4273; x_wconf 64' lang='lat' dir='ltr'><strong>saeculi</strong></span> <span class='ocrx_word' id='word_1_778' title='bbox 2874 4215 3133 4285; x_wconf 90' lang='lat' dir='ltr'><strong>reliquias</strong></span> <span class='ocrx_word' id='word_1_779' title='bbox 3162 4213 3280 4286; x_wconf 90' lang='lat' dir='ltr'><strong>ejus</strong></span> <span class='ocrx_word' id='word_1_780' title='bbox 3311 4228 3512 4268; x_wconf 89' lang='lat' dir='ltr'><strong>secun-</strong></span> 
     </span>
    </p>
   </div>
   <div class='ocr_carea' id='block_1_103' title="bbox 1925 4305 3512 4382">
    <p class='ocr_par' dir='ltr' id='par_1_103' title="bbox 1925 4305 3512 4382">
     <span class='ocr_line' id='line_1_103' title="bbox 1925 4305 3512 4382; baseline -0.006 -12"><span class='ocrx_word' id='word_1_781' title='bbox 1925 4316 2052 4370; x_wconf 90' lang='lat' dir='ltr'><strong>dum</strong></span> <span class='ocrx_word' id='word_1_782' title='bbox 2077 4313 2396 4369; x_wconf 92' lang='lat' dir='ltr'><strong>electionem</strong></span> <span class='ocrx_word' id='word_1_783' title='bbox 2424 4310 2613 4382; x_wconf 81' lang='lat' dir='ltr'><strong>gratiae</strong></span> <span class='ocrx_word' id='word_1_784' title='bbox 2637 4308 2800 4366; x_wconf 87' lang='lat' dir='ltr'><strong>saluti</strong></span> <span class='ocrx_word' id='word_1_785' title='bbox 2829 4316 2883 4365; x_wconf 93' lang='lat' dir='ltr'><strong>et</strong></span> <span class='ocrx_word' id='word_1_786' title='bbox 2906 4307 3029 4363; x_wconf 80' lang='lat' dir='ltr'><strong>vitae</strong></span> <span class='ocrx_word' id='word_1_787' title='bbox 3056 4307 3322 4363; x_wconf 90' lang='lat' dir='ltr'><strong>restituet.</strong></span> <span class='ocrx_word' id='word_1_788' title='bbox 3357 4305 3512 4362; x_wconf 90' lang='lat' dir='ltr'><strong>Unde</strong></span> 
     </span>
    </p>
   </div>
   <div class='ocr_carea' id='block_1_104' title="bbox 1925 4405 2450 4478">
    <p class='ocr_par' dir='ltr' id='par_1_104' title="bbox 1925 4405 2450 4478">
     <span class='ocr_line' id='line_1_104' title="bbox 1925 4405 2450 4478; baseline -0.008 -17"><span class='ocrx_word' id='word_1_789' title='bbox 1925 4415 2049 4478; x_wconf 87' lang='lat' dir='ltr'><strong>apte</strong></span> <span class='ocrx_word' id='word_1_790' title='bbox 2073 4405 2450 4477; x_wconf 87' lang='lat' dir='ltr'><strong>subjungitur:</strong></span> 
     </span>
    </p>
   </div>
   <div class='ocr_carea' id='block_1_105' title="bbox 2002 4506 3514 4582">
    <p class='ocr_par' dir='ltr' id='par_1_105' title="bbox 2002 4506 3514 4582">
     <span class='ocr_line' id='line_1_105' title="bbox 2002 4506 3514 4582; baseline -0.007 -11"><span class='ocrx_word' id='word_1_791' title='bbox 2002 4515 2128 4570; x_wconf 88' lang='lat' dir='ltr'><strong>Non</strong></span> <span class='ocrx_word' id='word_1_792' title='bbox 2161 4524 2233 4570; x_wconf 89' lang='lat' dir='ltr'><strong>est</strong></span> <span class='ocrx_word' id='word_1_793' title='bbox 2265 4514 2403 4569; x_wconf 88' lang='lat' dir='ltr'><strong>enim</strong></span> <span class='ocrx_word' id='word_1_794' title='bbox 2433 4521 2642 4568; x_wconf 89' lang='lat' dir='ltr'><strong>mortua</strong></span> <span class='ocrx_word' id='word_1_795' title='bbox 2667 4511 2864 4582; x_wconf 86' lang='lat' dir='ltr'><strong>puella,</strong></span> <span class='ocrx_word' id='word_1_796' title='bbox 2910 4527 3001 4565; x_wconf 88' lang='lat' dir='ltr'><strong>sea</strong></span> <span class='ocrx_word' id='word_1_797' title='bbox 3043 4509 3258 4564; x_wconf 89' lang='lat' dir='ltr'><strong>dormit.</strong></span> <span class='ocrx_word' id='word_1_798' title='bbox 3298 4506 3514 4579; x_wconf 88' lang='lat' dir='ltr'><strong>(Beda.)</strong></span> 
     </span>
    </p>
   </div>
   <div class='ocr_carea' id='block_1_106' title="bbox 1928 4598 3517 4676">
    <p class='ocr_par' dir='ltr' id='par_1_106' title="bbox 1928 4598 3517 4676">
     <span class='ocr_line' id='line_1_106' title="bbox 1928 4598 3517 4676; baseline -0.006 -11"><span class='ocrx_word' id='word_1_799' title='bbox 1928 4609 2250 4665; x_wconf 89' lang='lat' dir='ltr'><strong>Hominibus</strong></span> <span class='ocrx_word' id='word_1_800' title='bbox 2276 4615 2489 4663; x_wconf 89' lang='lat' dir='ltr'><strong>mortua</strong></span> <span class='ocrx_word' id='word_1_801' title='bbox 2509 4645 2524 4671; x_wconf 97' lang='lat'><strong>,</strong></span> <span class='ocrx_word' id='word_1_802' title='bbox 2555 4605 2647 4676; x_wconf 94' lang='lat' dir='ltr'><strong>qui</strong></span> <span class='ocrx_word' id='word_1_803' title='bbox 2674 4604 2939 4659; x_wconf 89' lang='lat' dir='ltr'><strong>suscitare</strong></span> <span class='ocrx_word' id='word_1_804' title='bbox 2967 4601 3355 4672; x_wconf 89' lang='lat' dir='ltr'><strong>nequiverant,</strong></span> <span class='ocrx_word' id='word_1_805' title='bbox 3404 4598 3517 4655; x_wconf 93' lang='lat' dir='ltr'><strong>Deo</strong></span> 
     </span>
    </p>
   </div>
   <div class='ocr_carea' id='block_1_107' title="bbox 1930 4693 3565 4766">
    <p class='ocr_par' dir='ltr' id='par_1_107' title="bbox 1930 4693 3565 4766">
     <span class='ocr_line' id='line_1_107' title="bbox 1930 4693 3565 4766; baseline -0.008 -8"><span class='ocrx_word' id='word_1_806' title='bbox 1930 4701 2254 4760; x_wconf 90' lang='lat' dir='ltr'><strong>dormiebat.</strong></span> <span class='ocrx_word' id='word_1_807' title='bbox 2305 4699 2365 4754; x_wconf 89' lang='lat' dir='ltr'><strong>In</strong></span> <span class='ocrx_word' id='word_1_808' title='bbox 2395 4697 2550 4766; x_wconf 90' lang='lat' dir='ltr'><strong>cujus</strong></span> <span class='ocrx_word' id='word_1_809' title='bbox 2577 4695 2928 4766; x_wconf 91' lang='lat' dir='ltr'><strong>dispositione</strong></span> <span class='ocrx_word' id='word_1_810' title='bbox 2974 4701 3029 4751; x_wconf 89' lang='lat' dir='ltr'><strong>et</strong></span> <span class='ocrx_word' id='word_1_811' title='bbox 3072 4693 3252 4748; x_wconf 89' lang='lat' dir='ltr'><strong>anima</strong></span> <span class='ocrx_word' id='word_1_812' title='bbox 3296 4698 3514 4761; x_wconf 88' lang='lat' dir='ltr'><strong>recepta</strong></span> <span class='ocrx_word' id='word_1_813' title='bbox 3555 4693 3565 4700; x_wconf 72' lang='grc'><strong>”</strong></span> 
     </span>
    </p>
   </div>
   <div class='ocr_carea' id='block_1_108' title="bbox 1930 4782 3515 4858">
    <p class='ocr_par' dir='ltr' id='par_1_108' title="bbox 1930 4782 3515 4858">
     <span class='ocr_line' id='line_1_108' title="bbox 1930 4782 3515 4858; baseline -0.007 -9"><span class='ocrx_word' id='word_1_814' title='bbox 1930 4793 2168 4858; x_wconf 68' lang='grc' dir='ltr'>νίιῖθὺίιι,</span> <span class='ocrx_word' id='word_1_815' title='bbox 2199 4801 2255 4848; x_wconf 92' lang='lat' dir='ltr'><strong>et</strong></span> <span class='ocrx_word' id='word_1_816' title='bbox 2282 4805 2413 4847; x_wconf 88' lang='lat' dir='ltr'><strong>caro</strong></span> <span class='ocrx_word' id='word_1_817' title='bbox 2442 4787 2816 4845; x_wconf 86' lang='lat' dir='ltr'><strong>resuscitanda</strong></span> <span class='ocrx_word' id='word_1_818' title='bbox 2844 4785 3176 4857; x_wconf 87' lang='lat' dir='ltr'><strong>quiescebat.</strong></span> <span class='ocrx_word' id='word_1_819' title='bbox 3217 4782 3372 4842; x_wconf 91' lang='lat' dir='ltr'><strong>Unde</strong></span> <span class='ocrx_word' id='word_1_820' title='bbox 3399 4799 3515 4839; x_wconf 90' lang='lat' dir='ltr'><strong>mos</strong></span> 
     </span>
    </p>
   </div>
   <div class='ocr_carea' id='block_1_109' title="bbox 1932 4877 3518 4950">
    <p class='ocr_par' dir='ltr' id='par_1_109' title="bbox 1932 4877 3518 4950">
     <span class='ocr_line' id='line_1_109' title="bbox 1932 4877 3518 4950; baseline -0.007 -8"><span class='ocrx_word' id='word_1_821' title='bbox 1932 4885 2272 4942; x_wconf 88' lang='lat' dir='ltr'><strong>Christianus</strong></span> <span class='ocrx_word' id='word_1_822' title='bbox 2298 4881 2534 4940; x_wconf 91' lang='lat' dir='ltr'><strong>obtinuit</strong></span> <span class='ocrx_word' id='word_1_823' title='bbox 2557 4891 2616 4936; x_wconf 93' lang='lat' dir='ltr'><strong>ut</strong></span> <span class='ocrx_word' id='word_1_824' title='bbox 2639 4881 2865 4946; x_wconf 85' lang='lat' dir='ltr'><strong>mortui,</strong></span> <span class='ocrx_word' id='word_1_825' title='bbox 2891 4880 2984 4950; x_wconf 91' lang='lat' dir='ltr'><strong>qui</strong></span> <span class='ocrx_word' id='word_1_826' title='bbox 3011 4877 3370 4935; x_wconf 90' lang='lat' dir='ltr'><strong>resurrecturi</strong></span> <span class='ocrx_word' id='word_1_827' title='bbox 3397 4891 3518 4932; x_wconf 89' lang='lat' dir='ltr'><strong>esse</strong></span> 
     </span>
    </p>
   </div>
   <div class='ocr_carea' id='block_1_110' title="bbox 1933 4969 3520 5043">
    <p class='ocr_par' dir='ltr' id='par_1_110' title="bbox 1933 4969 3520 5043">
     <span class='ocr_line' id='line_1_110' title="bbox 1933 4969 3520 5043; baseline -0.007 -9"><span class='ocrx_word' id='word_1_828' title='bbox 1933 4993 2042 5034; x_wconf 87' lang='lat' dir='ltr'><strong>non</strong></span> <span class='ocrx_word' id='word_1_829' title='bbox 2071 4977 2402 5043; x_wconf 90' lang='lat' dir='ltr'><strong>dubitantur,</strong></span> <span class='ocrx_word' id='word_1_830' title='bbox 2440 4973 2771 5031; x_wconf 89' lang='lat' dir='ltr'><strong>dormientes</strong></span> <span class='ocrx_word' id='word_1_831' title='bbox 2800 4981 3087 5038; x_wconf 89' lang='lat' dir='ltr'><strong>vocentur,</strong></span> <span class='ocrx_word' id='word_1_832' title='bbox 3123 4970 3264 5026; x_wconf 87' lang='lat' dir='ltr'><strong>sicut</strong></span> <span class='ocrx_word' id='word_1_833' title='bbox 3289 4969 3520 5038; x_wconf 81' lang='lat' dir='ltr'><strong>Aposto-</strong></span> 
     </span>
    </p>
   </div>
   <div class='ocr_carea' id='block_1_111' title="bbox 1931 5061 3521 5139">
    <p class='ocr_par' dir='ltr' id='par_1_111' title="bbox 1931 5061 3521 5139">
     <span class='ocr_line' id='line_1_111' title="bbox 1931 5061 3521 5139; baseline -0.008 -13"><span class='ocrx_word' id='word_1_834' title='bbox 1931 5071 2055 5126; x_wconf 89' lang='lat' dir='ltr'><strong>lus:</strong></span> <span class='ocrx_word' id='word_1_835' title='bbox 2093 5067 2377 5135; x_wconf 85' lang='lat' dir='ltr'><strong>Nolumus,</strong></span> <span class='ocrx_word' id='word_1_836' title='bbox 2413 5067 2613 5139; x_wconf 88' lang='lat' dir='ltr'><strong>inquit,</strong></span> <span class='ocrx_word' id='word_1_837' title='bbox 2641 5084 2730 5122; x_wconf 87' lang='lat' dir='ltr'><strong>vos</strong></span> <span class='ocrx_word' id='word_1_838' title='bbox 2758 5067 3023 5137; x_wconf 86' lang='lat' dir='ltr'><strong>ignorare,</strong></span> <span class='ocrx_word' id='word_1_839' title='bbox 3053 5064 3266 5134; x_wconf 82' lang='lat' dir='ltr'><strong>fratres,</strong></span> <span class='ocrx_word' id='word_1_840' title='bbox 3301 5061 3365 5116; x_wconf 89' lang='lat' dir='ltr'><strong>de</strong></span> <span class='ocrx_word' id='word_1_841' title='bbox 3395 5061 3521 5115; x_wconf 82' lang='lat' dir='ltr'><strong>dor-</strong></span> 
     </span>
    </p>
   </div>
   <div class='ocr_carea' id='block_1_112' title="bbox 1932 5153 3520 5228">
    <p class='ocr_par' dir='ltr' id='par_1_112' title="bbox 1932 5153 3520 5228">
     <span class='ocr_line' id='line_1_112' title="bbox 1932 5153 3520 5228; baseline -0.008 -10"><span class='ocrx_word' id='word_1_842' title='bbox 1932 5162 2235 5228; x_wconf 89' lang='lat' dir='ltr'><strong>mientibus,</strong></span> <span class='ocrx_word' id='word_1_843' title='bbox 2270 5172 2326 5214; x_wconf 89' lang='lat' dir='ltr'><strong>ut</strong></span> <span class='ocrx_word' id='word_1_844' title='bbox 2365 5177 2470 5214; x_wconf 90' lang='lat' dir='ltr'><strong>non</strong></span> <span class='ocrx_word' id='word_1_845' title='bbox 2495 5157 2896 5222; x_wconf 86' lang='lat' dir='ltr'><strong>contristentini,</strong></span> <span class='ocrx_word' id='word_1_846' title='bbox 2931 5156 3063 5210; x_wconf 85' lang='lat' dir='ltr'><strong>sicut</strong></span> <span class='ocrx_word' id='word_1_847' title='bbox 3099 5162 3148 5209; x_wconf 90' lang='lat' dir='ltr'><strong>et</strong></span> <span class='ocrx_word' id='word_1_848' title='bbox 3184 5154 3392 5219; x_wconf 70' lang='lat' dir='ltr'><strong>ueteri,</strong></span> <span class='ocrx_word' id='word_1_849' title='bbox 3431 5153 3520 5222; x_wconf 90' lang='lat' dir='ltr'><strong>qui</strong></span> 
     </span>
    </p>
   </div>
   <div class='ocr_carea' id='block_1_113' title="bbox 1933 5242 3518 5326">
    <p class='ocr_par' dir='ltr' id='par_1_113' title="bbox 1933 5242 3518 5326">
     <span class='ocr_line' id='line_1_113' title="bbox 1933 5242 3518 5326; baseline -0.009 -15"><span class='ocrx_word' id='word_1_850' title='bbox 1933 5271 2075 5326; x_wconf 84' lang='lat' dir='ltr'><strong>spem</strong></span> <span class='ocrx_word' id='word_1_851' title='bbox 2104 5271 2208 5310; x_wconf 90' lang='lat' dir='ltr'><strong>non</strong></span> <span class='ocrx_word' id='word_1_852' title='bbox 2233 5253 2421 5308; x_wconf 86' lang='lat' dir='ltr'><strong>habent</strong></span> <span class='ocrx_word' id='word_1_853' title='bbox 2452 5249 2505 5324; x_wconf 92' lang='lat' dir='ltr'><strong>(I</strong></span> <span class='ocrx_word' id='word_1_854' title='bbox 2537 5249 2718 5305; x_wconf 80' lang='lat' dir='ltr'><strong>Thess.</strong></span> <span class='ocrx_word' id='word_1_855' title='bbox 2743 5249 2840 5320; x_wconf 83' lang='lat' dir='ltr'><strong>tv).</strong></span> <span class='ocrx_word' id='word_1_856' title='bbox 2891 5246 2998 5303; x_wconf 91' lang='lat' dir='ltr'><strong>Sed</strong></span> <span class='ocrx_word' id='word_1_857' title='bbox 3029 5254 3086 5302; x_wconf 90' lang='lat' dir='ltr'><strong>et</strong></span> <span class='ocrx_word' id='word_1_858' title='bbox 3117 5245 3174 5300; x_wconf 89' lang='lat' dir='ltr'><strong>in</strong></span> <span class='ocrx_word' id='word_1_859' title='bbox 3201 5253 3356 5317; x_wconf 89' lang='lat' dir='ltr'><strong>parte</strong></span> <span class='ocrx_word' id='word_1_860' title='bbox 3385 5242 3518 5297; x_wconf 89' lang='lat' dir='ltr'><strong>alle-</strong></span> 
     </span>
    </p>
   </div>
   <div class='ocr_carea' id='block_1_114' title="bbox 1933 5337 3524 5420">
    <p class='ocr_par' dir='ltr' id='par_1_114' title="bbox 1933 5337 3524 5420">
     <span class='ocr_line' id='line_1_114' title="bbox 1933 5337 3524 5420; baseline -0.01 -16"><span class='ocrx_word' id='word_1_861' title='bbox 1933 5349 2136 5420; x_wconf 59' lang='lat' dir='ltr'><strong>goriae,</strong></span> <span class='ocrx_word' id='word_1_862' title='bbox 2192 5361 2316 5402; x_wconf 91' lang='lat' dir='ltr'><strong>cum</strong></span> <span class='ocrx_word' id='word_1_863' title='bbox 2369 5345 2549 5400; x_wconf 85' lang='lat' dir='ltr'><strong>anima</strong></span> <span class='ocrx_word' id='word_1_864' title='bbox 2594 5357 2712 5413; x_wconf 75' lang='lat' dir='ltr'><strong>qua:</strong></span> <span class='ocrx_word' id='word_1_865' title='bbox 2765 5339 3051 5411; x_wconf 85' lang='lat' dir='ltr'><strong>peccaverit</strong></span> <span class='ocrx_word' id='word_1_866' title='bbox 3101 5339 3216 5409; x_wconf 84' lang='lat' dir='ltr'><strong>ipsa</strong></span> <span class='ocrx_word' id='word_1_867' title='bbox 3266 5337 3524 5391; x_wconf 89' lang='lat' dir='ltr'><strong>morietur</strong></span> 
     </span>
    </p>
   </div>
   <div class='ocr_carea' id='block_1_115' title="bbox 1935 5430 3522 5515">
    <p class='ocr_par' dir='ltr' id='par_1_115' title="bbox 1935 5430 3522 5515">
     <span class='ocr_line' id='line_1_115' title="bbox 1935 5430 3522 5515; baseline -0.009 -17"><span class='ocrx_word' id='word_1_868' title='bbox 1935 5442 2152 5515; x_wconf 74' lang='lat' dir='ltr'><strong>(Ezeclt.</strong></span> <span class='ocrx_word' id='word_1_869' title='bbox 2176 5439 2332 5512; x_wconf 87' lang='lat' dir='ltr'><strong>xvm)</strong></span> <span class='ocrx_word' id='word_1_870' title='bbox 2351 5480 2368 5507; x_wconf 96' lang='lat'><strong>,</strong></span> <span class='ocrx_word' id='word_1_871' title='bbox 2406 5447 2588 5494; x_wconf 89' lang='lat' dir='ltr'><strong>tamen</strong></span> <span class='ocrx_word' id='word_1_872' title='bbox 2618 5451 2682 5491; x_wconf 89' lang='lat' dir='ltr'><strong>ea</strong></span> <span class='ocrx_word' id='word_1_873' title='bbox 2709 5450 2872 5504; x_wconf 87' lang='lat' dir='ltr'><strong>quam</strong></span> <span class='ocrx_word' id='word_1_874' title='bbox 2903 5433 3163 5488; x_wconf 89' lang='lat' dir='ltr'><strong>Dominus</strong></span> <span class='ocrx_word' id='word_1_875' title='bbox 3191 5430 3522 5486; x_wconf 85' lang='lat' dir='ltr'><strong>resuscitan-</strong></span> 
     </span>
    </p>
   </div>
   <div class='ocr_carea' id='block_1_116' title="bbox 1936 5522 3518 5602">
    <p class='ocr_par' dir='ltr' id='par_1_116' title="bbox 1936 5522 3518 5602">
     <span class='ocr_line' id='line_1_116' title="bbox 1936 5522 3518 5602; baseline -0.009 -13"><span class='ocrx_word' id='word_1_876' title='bbox 1936 5535 2059 5590; x_wconf 90' lang='lat' dir='ltr'><strong>dam</strong></span> <span class='ocrx_word' id='word_1_877' title='bbox 2087 5541 2249 5602; x_wconf 89' lang='lat' dir='ltr'><strong>atque</strong></span> <span class='ocrx_word' id='word_1_878' title='bbox 2275 5531 2344 5586; x_wconf 89' lang='lat' dir='ltr'><strong>ad</strong></span> <span class='ocrx_word' id='word_1_879' title='bbox 2368 5530 2535 5585; x_wconf 90' lang='lat' dir='ltr'><strong>vitam</strong></span> <span class='ocrx_word' id='word_1_880' title='bbox 2557 5535 2816 5583; x_wconf 66' lang='lat' dir='ltr'><strong>mternam</strong></span> <span class='ocrx_word' id='word_1_881' title='bbox 2844 5525 3092 5596; x_wconf 88' lang='lat' dir='ltr'><strong>praevidit</strong></span> <span class='ocrx_word' id='word_1_882' title='bbox 3115 5538 3235 5579; x_wconf 91' lang='lat' dir='ltr'><strong>esse</strong></span> <span class='ocrx_word' id='word_1_883' title='bbox 3260 5522 3518 5585; x_wconf 83' lang='lat' dir='ltr'><strong>futuram,</strong></span> 
     </span>
    </p>
   </div>
   <div class='ocr_carea' id='block_1_117' title="bbox 1935 5612 3522 5696">
    <p class='ocr_par' dir='ltr' id='par_1_117' title="bbox 1935 5612 3522 5696">
     <span class='ocr_line' id='line_1_117' title="bbox 1935 5612 3522 5696; baseline -0.011 -13"><span class='ocrx_word' id='word_1_884' title='bbox 1935 5627 2094 5683; x_wconf 88' lang='lat' dir='ltr'><strong>nobis</strong></span> <span class='ocrx_word' id='word_1_885' title='bbox 2123 5625 2342 5696; x_wconf 89' lang='lat' dir='ltr'><strong>quidem</strong></span> <span class='ocrx_word' id='word_1_886' title='bbox 2371 5630 2584 5677; x_wconf 91' lang='lat' dir='ltr'><strong>mortua</strong></span> <span class='ocrx_word' id='word_1_887' title='bbox 2616 5619 2806 5684; x_wconf 83' lang='lat' dir='ltr'><strong>fuisse,</strong></span> <span class='ocrx_word' id='word_1_888' title='bbox 2835 5618 2932 5674; x_wconf 91' lang='lat' dir='ltr'><strong>sed</strong></span> <span class='ocrx_word' id='word_1_889' title='bbox 2966 5618 3015 5674; x_wconf 91' lang='lat' dir='ltr'><strong>ei</strong></span> <span class='ocrx_word' id='word_1_890' title='bbox 3045 5616 3384 5673; x_wconf 88' lang='lat' dir='ltr'><strong>obdormisse</strong></span> <span class='ocrx_word' id='word_1_891' title='bbox 3413 5612 3522 5667; x_wconf 84' lang='lat' dir='ltr'><strong>dici</strong></span> 
     </span>
    </p>
   </div>
   <div class='ocr_carea' id='block_1_118' title="bbox 1938 5701 3522 5788">
    <p class='ocr_par' dir='ltr' id='par_1_118' title="bbox 1938 5701 3522 5788">
     <span class='ocr_line' id='line_1_118' title="bbox 1938 5701 3522 5788; baseline -0.011 -13"><span class='ocrx_word' id='word_1_892' title='bbox 1938 5734 2046 5775; x_wconf 91' lang='lat' dir='ltr'><strong>non</strong></span> <span class='ocrx_word' id='word_1_893' title='bbox 2087 5718 2384 5788; x_wconf 88' lang='lat' dir='ltr'><strong>incongrue</strong></span> <span class='ocrx_word' id='word_1_894' title='bbox 2426 5720 2623 5784; x_wconf 89' lang='lat' dir='ltr'><strong>potest.</strong></span> <span class='ocrx_word' id='word_1_895' title='bbox 2684 5708 2909 5784; x_wconf 71' lang='grc' dir='ltr'><strong>(ΜΑυιι.)</strong></span> <span class='ocrx_word' id='word_1_896' title='bbox 2958 5709 3065 5766; x_wconf 90' lang='lat' dir='ltr'><strong>Sed</strong></span> <span class='ocrx_word' id='word_1_897' title='bbox 3108 5707 3236 5778; x_wconf 91' lang='lat' dir='ltr'><strong>quia</strong></span> <span class='ocrx_word' id='word_1_898' title='bbox 3278 5701 3522 5776; x_wconf 59' lang='lat' dir='ltr'><strong>perﬁdia</strong></span> 
     </span>
    </p>
   </div>
   <div class='ocr_carea' id='block_1_119' title="bbox 1938 5792 3525 5883">
    <p class='ocr_par' dir='ltr' id='par_1_119' title="bbox 1938 5792 3525 5883">
     <span class='ocr_line' id='line_1_119' title="bbox 1938 5792 3525 5883; baseline -0.012 -12"><span class='ocrx_word' id='word_1_899' title='bbox 1938 5811 2224 5883; x_wconf 83' lang='lat' dir='ltr'><strong>proprium</strong></span> <span class='ocrx_word' id='word_1_900' title='bbox 2251 5817 2364 5875; x_wconf 86' lang='lat' dir='ltr'><strong>est,</strong></span> <span class='ocrx_word' id='word_1_901' title='bbox 2404 5821 2515 5868; x_wconf 85' lang='lat' dir='ltr'><strong>non</strong></span> <span class='ocrx_word' id='word_1_902' title='bbox 2545 5817 2830 5867; x_wconf 80' lang='lat' dir='ltr'><strong>assensum</strong></span> <span class='ocrx_word' id='word_1_903' title='bbox 2860 5802 3104 5874; x_wconf 73' lang='lat' dir='ltr'><strong>praebere</strong></span> <span class='ocrx_word' id='word_1_904' title='bbox 3130 5794 3379 5866; x_wconf 83' lang='lat' dir='ltr'><strong>veritati,</strong></span> <span class='ocrx_word' id='word_1_905' title='bbox 3424 5792 3525 5853; x_wconf 83' lang='lat' dir='ltr'><strong>sed</strong></span> 
     </span>
    </p>
   </div>
  </div>
