3914 6448
448 255 559 317 885

1125 253 1182 311 Β.
1224 254 1483 331 RABAM
1520 254 1740 317 MAURI
1777 252 2102 313 ARCHIEP.
2141 252 2455 314 MOGUNT.
2491 253 2783 337 OPERUII
2820 254 3003 312 PARS
3038 253 3082 311 l.

3648 258 3760 317 εει

454 384 787 443 repugnare,
828 368 1205 447 blasphemam
1239 370 1556 440 qualitatem
1596 369 1794 425 mentis
1826 367 2040 424 Judzeo-
2067 368 2119 431 Α
2148 367 2284 423 tavit
2318 366 2483 424 ﬁliam
2510 368 2925 443 arcbisynagogi
2958 368 3197 426 nondum
3227 370 3373 428 foras
3397 370 3637 440 elatam,
3664 377 3760 431 sed

454 478 578 523 rum
612 462 947 537 evangelista
975 461 1234 529 ostendit,
1264 463 1450 519 dicens
1474 482 1486 517 :

530 553 595 615 Et
623 555 932 631 deridebant
962 571 1100 611 eum.
1135 554 1263 611 Haec
1282 555 1464 612 irrisio
1486 555 1765 613 levitatem
1787 565 1843 613 et
1862 556 2043 628 pueri-

450 642 663 723 litatem
694 664 888 704 sensus
911 688 928 715 ,
978 656 1033 704 et
1064 648 1351 705 lasciviam
1378 665 1592 705 morum
1612 692 1627 717 ,
1676 659 1732 705 et
1759 648 2042 723 perﬁdiam

450 724 618 813 animi
654 738 961 817 Judteorum
999 739 1379 807 demonstrat,
1430 742 1497 798 de
1544 742 1742 813 quibus
1778 742 2041 812 scriptum

448 838 568 889 cst:
603 830 952 905 Tentaverunt
980 849 1079 907 me,
1110 842 1159 889 et
1187 833 1509 902 deriserunt,
1541 836 1833 891 striderunt
1867 838 1923 892 in
1958 851 2040 911 me

446 922 687 977 dentibus
714 925 826 978 suis
853 924 1033 997 (Psal.
1062 926 1270 998 xxxiv).

515 1014 588 1070 Et
625 1033 746 1072 cum
784 1017 954 1089 ejecta
982 1028 1114 1074 esset
1148 1020 1327 1087 turba,
1358 1022 1595 1076 intravit.
1646 1020 1783 1089 Quia
1812 1024 2036 1080 verbum

436 1094 823 1164 reSuscitantis
852 1109 1082 1167 irridere
1111 1128 1274 1183 quam
1304 1113 1532 1170 credere
1573 1115 1879 1184 malebant,
1924 1132 2039 1173 me-

439 1197 550 1253 rito
574 1198 725 1256 foras
748 1201 1131 1270 excluduntur,
1153 1212 1214 1259 ut
1236 1215 1363 1276 pote
1389 1207 1595 1279 indigni
1624 1209 1715 1278 qui
1737 1209 2035 1279 potentiam

436 1291 822 1349 resuscitantis
879 1309 942 1349 ac
995 1298 1333 1367 resurgentis
1393 1300 1711 1370 mysterium
1763 1302 2031 1358 viderent.

438 1377 560 1435 Non
589 1394 749 1437 erant
776 1383 926 1455 digni
963 1394 1024 1440 ut
1048 1387 1295 1443 viderent
1325 1391 1642 1461 mysterium
1676 1394 2032 1466 resurgentis,

438 1474 532 1544 qui
569 1476 988 1535 resuscitantem
1035 1479 1270 1551 indignis
1315 1484 1660 1541 contumeliis
1689 1486 2028 1543 deridebant.

435 1567 573 1624 Item
602 1570 882 1626 moraliter
909 1571 1057 1628 foras
1089 1576 1246 1630 turba
1274 1575 1492 1644 ejicitur
1514 1587 1574 1633 ut
1598 1579 1776 1649 puella
1804 1583 2033 1637 suscite-

434 1672 567 1723 tur:
616 1666 743 1735 quia
793 1666 839 1720 si
889 1682 999 1722 non
1049 1669 1202 1739 prius
1233 1685 1263 1724 a
1296 1673 1686 1730 secretioribus
1728 1676 1909 1732 cordis
1936 1693 2029 1732 ex—

2147 461 2204 518 in
2254 462 2415 518 domo
2458 473 2731 519 mortuam
2757 505 2771 533 ,
2824 464 2979 535 quasi
3012 464 3203 519 vitium
3248 474 3461 521 secreto
3490 464 3551 521 in
3583 467 3759 525 corde

2146 559 2438 625 tegentem.
2490 554 2592 609 Alii
2624 570 2730 609 non
2760 554 2934 611 solum
2985 556 3160 612 noxia:
3209 556 3567 613 delectationi
3627 573 3758 614 coa—

2145 648 2446 715 sentiendo,
2481 649 2575 704 sed
2608 658 2663 705 et
2695 650 2870 721 ipsum
2899 650 3100 705 malum
3131 667 3239 721 quo
3268 652 3627 707 delectantur
3657 652 3757 708 im-

2144 739 2360 812 plendo,
2398 750 2670 796 mortuum
2702 757 2856 797 suum
2893 743 3049 813 quasi
3082 752 3234 798 extra
3264 753 3458 814 portas
3490 743 3752 811 ederunt,

2145 816 2201 888 et
2231 834 2331 889 hos
2359 849 2435 900 se,
2482 834 2527 889 si
2568 835 2906 905 poeniteant,
2963 837 3292 892 resuscitare
3323 838 3753 908 demonstrans,

2144 927 2428 981 suscitavit
2454 926 2708 997 juvenem
2754 928 2926 983 illium
2955 930 3132 985 viduae
3181 940 3340 985 extra
3390 939 3589 1003 portas
3624 932 3754 988 civi-

2141 1017 2274 1073 tatis
2302 1017 2524 1089 elatum.
2564 1018 2634 1074 Et
2673 1019 2904 1074 reddidit
2932 1022 3091 1075 matri
3118 1038 3230 1077 suae
3260 1021 3419 1096 (Luc.
3449 1022 3587 1095 vn),
3629 1023 3751 1095 quia

2141 1109 2552 1182 resipiscentem
2610 1127 2641 1166 a
2695 1112 2907 1183 peccati
2959 1114 3205 1170 tenebris
3253 1115 3508 1170 animam
3559 1118 3750 1173 unitati

2141 1203 2379 1259 restituit
2402 1204 2677 1261 Ecclesiae.
2704 1205 2935 1283 Quidam
2958 1223 3090 1264 vero
3115 1223 3223 1264 non
3248 1208 3431 1264 solum
3461 1210 3751 1280 cogitanda

2140 1294 2226 1350 vel
2257 1294 2503 1352 faciendo
2540 1297 2726 1353 illicita
2745 1339 2759 1364 ,
2792 1300 2887 1355 sed
2917 1307 2973 1355 et
3004 1300 3121 1371 ipsa
3149 1301 3424 1372 peccandi
3455 1313 3748 1358 consuetu-

2140 1387 2266 1443 dine
2294 1403 2353 1445 se
2381 1391 2537 1461 quasi
2567 1390 2877 1462 sepeliendo
2906 1402 3290 1463 corrumpunt;
3321 1409 3533 1448 verum
3568 1409 3667 1448 nec
3691 1395 3749 1448 ad

2137 1479 2239 1536 hos
2277 1481 2561 1552 erigendos
2606 1472 2785 1538 minor
2816 1485 2876 1539 ﬁt
2903 1485 3079 1540 virtus
3107 1495 3164 1539 et
3195 1486 3378 1557 gratia
3422 1485 3744 1550 Salvatoris,

2138 1572 2184 1627 si
2210 1582 2387 1629 tamen
2418 1575 2601 1630 adsint
2625 1576 2987 1647 cogitationes
3011 1576 3281 1642 sollicitae,
3309 1593 3440 1648 qua:
3468 1593 3647 1649 super
3670 1594 3749 1633 eo-

2136 1681 2257 1720 rum
2290 1666 2483 1733 salute,
2506 1667 2655 1722 velut
2682 1666 2890 1724 devota:
2914 1668 3132 1725 Christo
3160 1685 3411 1736 sorores,
3438 1671 3745 1745 invigilant.

432 1757 667 1829 pellatur
696 1760 1002 1830 importuna
1039 1763 1381 1820 saecularium
1421 1767 1712 1824 multitudo
1739 1785 2025 1837 curarum,
2058 1748 2108 1833 Β
2135 1758 2270 1815 Nam
2328 1761 2393 1816 ad
2448 1763 2552 1817 hOC
2608 1762 2967 1818 intimandum
3022 1764 3377 1820 ι’θευεοὶιίινῖι
3434 1763 3746 1828 Lazarum.

426 1838 639 1917 anima,
669 1867 789 1921 quae
820 1852 1149 1911 intrinsecus
1172 1855 1319 1926 jacet
1347 1868 1580 1923 mortua,
1610 1876 1714 1915 non
1746 1872 2026 1934 resurget;

431 1955 558 1996 nam
584 1943 708 1998 dum
737 1959 795 1999 se
814 1960 914 2015 per
934 1946 1250 2004 innumeras
1274 1959 1616 2007 terrenorum
1638 1954 2029 2010 desideriorum

430 2035 792 2104 cogitationes
821 2040 1062 2111 spargit,
1105 2041 1174 2096 ad
1212 2044 1704 2101 considerationem
1736 2048 1820 2102 sui
1854 2048 2030 2103 nulla-

426 2137 590 2183 tenus
613 2144 733 2185 sese
754 2132 980 2203 colligit.
1014 2133 1124 2190 Nec
1147 2139 1584 2206 praetereundum
1610 2141 1867 2207 arbitror,
1884 2143 2029 2213 quod

426 2217 600 2287 ejecta
629 2222 804 2286 turba,
835 2227 1131 2281 secundum
1160 2228 1321 2284 ante
1348 2230 1722 2303 Evangelium,
1753 2236 2026 2290 neminem

426 2329 612 2370 secum
643 2317 894 2375 Salvator
925 2322 979 2376 in
1013 2324 1230 2379 domum
1262 2328 1511 2396 permisit
1536 2329 1761 2395 intrare,
1796 2330 1899 2386 nisi
1927 2330 2028 2387 Pe-

426 2412 603 2472 trum,
635 2406 894 2465 Iacobum
929 2420 985 2467 et
1011 2410 1309 2480 Joannem,
1346 2426 1402 2470 et
1432 2426 1644 2487 patrem
1690 2428 1747 2473 et
1791 2428 2025 2477 matrem

424 2499 651 2568 puellae,
690 2514 748 2558 ut
780 2505 835 2559 in
867 2506 969 2561 hoc
1004 2508 1405 2565 demonstraret
1439 2528 1542 2566 non
1575 2512 1905 2584 blasphemis
1943 2530 2027 2570 re-

422 2593 653 2650 velanda
680 2611 800 2653 esse
828 2599 1008 2654 divina
1038 2602 1317 2671 mysteria,
1351 2604 1444 2659 sed
1472 2604 1742 2672 ﬁdelibus,
1768 2623 1873 2662 non
1902 2608 2026 2663 irri-

424 2686 661 2754 soribus,
695 2689 789 2744 sed
819 2691 1152 2761 doctoribus,
1185 2696 1276 2766 qui
1310 2698 1609 2767 potentiam
1640 2699 1811 2754 divini
1841 2702 2024 2773 Operis

422 2778 800 2837 honoraudam
832 2798 955 2840 esse
981 2786 1207 2853 scirent,
1241 2803 1348 2843 non
1380 2789 1745 2856 irridendam,
1778 2799 1838 2846 ut
1866 2792 2024 2848 ﬁeret

421 2874 568 2944 quod
594 2875 721 2930 alibi
751 2877 865 2946 ipse
890 2877 1145 2935 Salvator
1171 2881 1249 2936 ait
1274 2901 1285 2935 :
1318 2881 1626 2952 Justi/icata
1656 2893 1733 2938 est
1762 2885 2022 2955 sapientia

421 2982 457 3019 α
482 2965 609 3035 ﬁliis
637 2968 747 3023 suis
777 2969 993 3040 (Matth.
1024 2974 1124 3043 ιι).
1176 2974 1385 3042 Quibus
1410 2986 1535 3048 post
1565 2980 2020 3035 resurrectionem

419 3073 578 3114 suam
610 3060 726 3131 ipse
753 3063 892 3123 dixit
916 3084 928 3119 :
964 3066 1130 3123 Eritis
1157 3070 1287 3123 mihi
1317 3078 1472 3124 testes
1501 3071 1557 3125 in
1588 3070 1942 3139 Hierusalem,
1969 3083 2018 3128 et

420 3150 478 3206 in
509 3154 652 3208 omni
678 3153 874 3211 Judwa
894 3198 909 3223 ,
960 3168 1008 3213 et
1050 3159 1332 3228 Samaria,
1382 3172 1430 3217 et
1476 3180 1639 3236 usque
1671 3165 1741 3219 ad
1769 3163 2013 3221 ultimum

412 3253 576 3311 teer
597 3246 738 3321 (Act.
760 3248 826 3323 ι).
863 3249 1004 3319 Quid
1029 3261 1211 3309 autem
1240 3253 1490 3313 Salvator
1512 3255 1704 3314 iecerit
1728 3267 2015 3333 postquam

417 3338 726 3409 intraverit,
755 3344 1061 3412 audiamus,
1092 3363 1217 3403 nam
1245 3348 1491 3419 sequitur
1516 3368 1529 3404 :

490 3434 559 3491 Et
587 3438 751 3495 tenuit
776 3456 992 3495 manum
1019 3441 1155 3511 ejus,
1179 3452 1227 3496 et
1255 3444 1487 3499 surrexit
1511 3443 1709 3515 puella.
1743 3442 2012 3519 (Hieron.)

414 3526 633 3591 Tenens
658 3547 789 3602 ergo
819 3546 1041 3587 manum
1078 3532 1272 3603 puella:
1305 3534 1521 3590 sanavit
1549 3550 1703 3603 eam,
1744 3537 1874 3607 quia
1910 3538 2011 3594 nisi

410 3622 570 3693 prius
598 3623 873 3681 mundata:
901 3623 1104 3683 fuerint
1138 3642 1333 3687 manus
1360 3625 1704 3696 Iudaeorum,
1736 3645 1857 3703 quae
1889 3646 2013 3687 san-

412 3714 579 3787 guine
624 3715 799 3787 plena;
840 3726 999 3785 sunt,
1052 3717 1341 3792 Synagoga
1393 3735 1583 3777 eorum
1639 3730 1853 3779 mortua
1903 3739 2011 3778 non

404 3815 727 3879 consurget.
785 3806 1003 3883 (Beda.)
1040 3809 1137 3866 Est
1168 3811 1334 3867 etiam
1376 3810 1553 3869 forma
1597 3814 1908 3886 sapientiae,
1958 3816 2012 3870 in

412 3898 589 3957 viduae
622 3899 735 3958 ﬁlio
762 3902 873 3958 cito
899 3902 1201 3961 Ecclesiam
1229 3904 1580 3973 credituram,
1607 3907 1662 3962 in
1694 3907 2012 3979 archisyna-

411 3989 537 4061 gogi
576 3990 688 4047 lilia
724 3993 1029 4049 credituros
1056 3995 1275 4065 quidem
1294 3994 1529 4064 Iudaeos,
1556 3998 1652 4054 sed
1674 4012 1741 4053 ex
1766 3998 2011 4069 pluribus

411 4082 717 4152 pauciores.
768 4083 916 4141 Bene
943 4087 1202 4154 surrexit,
1232 4096 1286 4144 et
1316 4088 1667 4145 ambulabat:
1702 4106 2005 4162 quemcun-

413 4187 524 4243 que
549 4173 697 4237 euim
723 4177 961 4246 peccatis
983 4186 1257 4235 mortuum
1286 4196 1538 4250 superna:
1561 4197 1757 4238 manus
1783 4182 2010 4243 misera-

414 4266 581 4325 tionis
601 4270 994 4327 resuscitatura
1021 4274 1282 4345 tetigerit,
1301 4291 1409 4332 non
1428 4276 1607 4337 solum
1627 4292 1659 4331 a
1681 4277 1933 4334 sordibus
1953 4287 2009 4333 et

411 4366 641 4416 veterno
675 4360 880 4417 scelere
913 4378 1227 4437 exsurgere,
1262 4366 1358 4423 sed
1388 4376 1443 4421 et
1474 4367 1530 4427 iu
1563 4368 1722 4424 bonis
1746 4369 2008 4424 continuo

411 4451 678 4561 traiicere
727 4454 887 4561 debet
932 4458 1228 4559 operibus,
1264 4459 1529 4561 nvidelicet
1576 4460 1731 4531 juxta
1774 4459 2089 4561 Psalmi-D

410 4554 553 4615 stam
579 4564 594 4601 :
624 4544 937 4618 Ingrediens
964 4548 1075 4613 sine
1099 4549 1331 4621 macula,
1361 4560 1418 4607 et
1440 4566 1606 4623 opera
1636 4567 1899 4608 exercens
1919 4550 2009 4620 ju-

409 4639 575 4703 stitite
604 4636 780 4711 (Psal.
813 4641 950 4715 xw).

482 4730 552 4787 Et
604 4736 732 4807 egoiit
782 4734 929 4807 {ama
976 4737 1087 4792 [nec
1135 4740 1191 4801 in
1240 4740 1537 4811 universam
1586 4748 1781 4794 terram
1832 4740 1999 4795 illam.

410 4824 640 4900 (Μλυιι.)
674 4825 811 4901 Quia
855 4827 969 4884 caeli
1015 4840 1266 4887 enarrant
1307 4830 1529 4903 gloriam
1578 4830 1695 4900 Dei,
1750 4842 1797 4886 et
1847 4850 2004 4904 opera

348 4919 666 4997 {manuum
712 4919 828 4993 ejus
879 4922 1160 4993 annuntiat
1209 4922 1642 4992 ﬁrmamentum,
1693 4927 1748 4981 in
1798 4943 2001 4982 omnem

409 5019 606 5066 terram
645 5014 801 5085 exivit
844 5031 1004 5069 sonus
1047 5032 1252 5082 eorum,
1306 5026 1353 5072 et
1412 5019 1467 5073 in
1515 5018 1645 5087 ﬁnes
1678 5020 1816 5075 orbis
1849 5031 2003 5075 terra:

412 5103 565 5158 verba
593 5120 774 5163 eorum
806 5102 981 5178 (Psal.
1002 5106 1177 5180 xvtu).
1214 5108 1349 5163 Nam
1374 5109 1530 5180 juxta
1556 5113 1817 5169 moralem
1846 5108 2005 5168 intel-

412 5195 612 5251 lectum
649 5206 760 5265 tros
790 5197 864 5252 illi
894 5201 1113 5271 mortui,
1148 5214 1284 5271 quos
1316 5199 1566 5259 Salvator
1596 5204 1649 5259 in
1681 5204 2003 5276 corporibus

411 5287 733 5357 suscitavit,
775 5289 879 5363 tria
908 5306 1107 5363 genera
1138 5295 1557 5367 resurrectionis
1592 5295 1896 5351 animarum
1930 5297 1975 5352 si

410 5377 690 5453 gniﬁcant.
728 5381 796 5435 Et
824 5397 969 5438 nunc
994 5382 1208 5452 plenius
1230 5385 1592 5445 cdissercmus
1620 5402 1739 5457 quae
1765 5386 1817 5441 in
1845 5402 2003 5459 supe-

414 5473 559 5531 riore
589 5474 730 5535 libro
753 5477 944 5549 paucis
977 5479 1400 5549 praelibavimus.
1446 5479 1725 5550 Siquidem
1757 5482 2002 5538 nonnulli

410 5581 738 5637 consensum
760 5569 917 5627 mala:
944 5570 1288 5631 delectationi
1312 5572 1623 5645 praebendo,
1653 5572 1856 5629 latente
1887 5584 2002 5629 tan-

406 5669 526 5727 tum
554 5660 906 5733 cogitatione,
937 5664 1180 5733 peccatis
1217 5662 1316 5717 sibi
1349 5674 1579 5719 mortem
1613 5666 1997 5733 co.:sciscunt;

406 5752 505 5819 sed
554 5752 689 5825 tales
737 5769 794 5813 se
824 5753 1103 5810 viviﬁcare
1143 5753 1455 5833 signiﬁcans
1488 5754 1738 5813 Salvator
1768 5758 2001 5817 resusci-

2135 1861 2370 1922 quatuor
2410 1853 2526 1909 dies
2572 1854 2628 1908 in
2677 1865 3031 1912 monumento
3058 1857 3400 1922 habentem,
3458 1867 3521 1912 et
3574 1874 3747 1913 sorore

2135 1954 2427 2001 attestante
2477 1947 2592 2019 jam
2649 1946 2955 2014 fetentem;
3019 1950 3146 2019 quia
3195 1950 3466 2004 nimirum
3524 1951 3747 2020 pessima

2131 2042 2324 2095 noxios
2354 2049 2507 2096 actus
2544 2041 2683 2097 solet
2710 2040 2853 2096 fama
2883 2043 3157 2099 comitari.
3207 2042 3541 2099 Notandum
3575 2055 3743 2103 anteiit

2132 2132 2275 2203 quod
2320 2142 2525 2205 quanto
2557 2135 2780 2205 gravior
2809 2136 3004 2190 anima:
3047 2151 3195 2191 mors
3240 2136 3566 2206 ingruerit,
3610 2146 3745 2190 tanto

2132 2227 2317 2281 acrior
2344 2242 2570 2282 necesse
2600 2235 2704 2295 est,
2730 2235 2790 2282 ut
2820 2242 3106 2299 resurgere
3133 2238 3448 2291 mercatur,
3482 2228 3744 2297 paeniten-

2130 2319 2202 2374 tis
2225 2318 2409 2375 fervor
2427 2319 2670 2375 insistat:
2698 2337 2822 2375 nam
2852 2322 3083 2377 leviores
3108 2331 3163 2377 et
3184 2323 3506 2392 quotidiani
3544 2331 3741 2377 erratis

2128 2412 2353 2468 levioris
2383 2413 2717 2484 poenitentia:
2762 2421 2994 2482 possunt
3042 2413 3287 2468 remedio
3319 2414 3547 2468 curari.
3606 2412 3740 2479 Quod

2127 2504 2345 2560 occulte
2373 2503 2563 2559 volens
2591 2505 2883 2558 ostendere
2909 2504 3193 2566 Dominus,
3215 2501 3515 2571 iacentem
3548 2503 3606 2557 in
3634 2519 3740 2557 eoa-

2128 2594 2271 2650 clavi
2302 2602 2574 2649 mortuam
2603 2593 2857 2649 facillima
2889 2610 2954 2651 ac
2982 2596 3303 2651 brevissima
3336 2610 3485 2652 voce
3516 2596 3735 2651 resusd—

2128 2695 2238 2754 tat,
2273 2689 2497 2743 dicens:
2536 2687 2728 2743 Puella
2749 2731 2763 2757 ,
2793 2707 2991 2761 surge;
3046 2705 3210 2760 quam
3256 2691 3441 2745 etiam
3474 2691 3554 2745 ob
3583 2691 3734 2746 facili-

2125 2789 2293 2837 tatem
2336 2782 2693 2837 resuscitandi
2723 2780 2838 2850 jam
2877 2790 3149 2838 mortuam
3186 2783 3364 2839 fuisse
3414 2793 3730 2856 negaverat.

2124 2874 2377 2931 Delatum
2411 2884 2593 2931 autem
2624 2874 2774 2931 foras
2800 2874 3051 2945 iuvenem
3095 2886 3377 2932 mortuum
3401 2918 3418 2944 ,
3462 2878 3727 2947 pluribus,

2122 2976 2185 3023 ut
2222 2969 2549 3024 reviviscere
2592 2968 2821 3034 debeat,
2862 2969 3024 3024 dictis
3053 2969 3416 3035 corroborat,
3465 2986 3595 3025 cum
3623 2970 3728 3022 ait:

2121 3059 2362 3126 Iuvenis,
2387 3061 2482 3115 tibi
2502 3061 2641 3127 dico,
2663 3077 2839 3131 surge.
2871 3060 3280 3127 Quatriduanus
3300 3076 3444 3116 vero
3468 3070 3728 3127 mortuas,

2122 3162 2183 3209 ut
2213 3153 2371 3224 longa
2399 3154 2701 3224 prementis
2728 3152 2960 3223 sepulcri
2986 3154 3225 3208 claustra
3254 3155 3506 3209 evadere
3528 3163 3728 3225 posset,

2121 3246 2342 3302 fremuit
2383 3247 2577 3317 spiritu
2616 3246 2808 3313 Jcsus,
2856 3246 3095 3302 turbavit
3127 3248 3413 3319 seipsum,
3466 3250 3733 3321 lacrymu

2118 3339 2288 3408 fudit,
2336 3357 2553 3397 rursum
2599 3341 2854 3409 fremuit,
2902 3358 2966 3398 ac
3007 3357 3140 3398 voce
3184 3359 3387 3416 magna
3439 3347 3727 3411 clamavit,

2120 3434 2347 3501 Lazare,
2387 3435 2501 3490 veni
2530 3436 2675 3506 foras
2702 3434 2885 3509 (Joan.
2918 3435 2995 3509 ιι)
3025 3452 3041 3491 :
3089 3445 3144 3491 et
3190 3439 3271 3493 sic
3320 3441 3555 3495 tandem
3585 3481 3602 3504 ,
3644 3442 3727 3510 qui

2119 3536 2240 3585 erat
2266 3529 2606 3601 desperatus,
2644 3530 2891 3587 discusso
2933 3532 3283 3587 tenebrarum
3310 3534 3588 3603 pondere,
3614 3536 3726 3589 vita:
3748 3600 3761 3608 θ

2118 3629 2203 3677 est
2250 3620 2466 3691 lucique
2509 3621 2774 3677 redditus.
2835 3621 2943 3677 Sed
2988 3631 3045 3677 et
3088 3624 3192 3678 hoc
3237 3625 3549 3679 notandum
3594 3624 3725 3695 quid

2118 3714 2245 3784 quia
2287 3714 2504 3784 publica
2548 3730 2689 3770 noxa
2730 3714 2948 3787 publico
2986 3723 3110 3788 eget
3149 3716 3417 3781 remedio,
3454 3717 3601 3772 levia
3640 3733 3722 3772 al-

2118 3813 2227 3860 tem
2276 3814 2501 3878 peccata
2548 3805 2742 3862 leviori
2789 3815 2846 3863 et
2893 3816 3105 3863 secreta
3150 3815 3361 3879 queunt
3404 3808 3722 3878 ι)ωηίωὼ

2117 3895 2327 3952 deleri:
2375 3897 2556 3966 puella
2597 3898 2651 3953 in
2692 3898 2853 3955 domo
2888 3897 3080 3967 jacens
3122 3898 3313 3971 paucis
3354 3899 3595 3955 arbitris
3636 3914 3721 3953 ex-

2117 3988 2319 4061 surgit,
2368 3989 2683 4059 eisdemque
2727 3992 3102 4055 vehementer,
3136 3988 3209 4045 'ut
3243 3991 3461 4047 nemini
3500 3990 3721 4047 manife-

2116 4087 2287 4145 stent,
2307 4079 2653 4150 praecipitur;
2675 4079 2894 4150 juvenis
2919 4088 3074 4136 extra
3096 4088 3334 4152 portam,
3360 4081 3527 4149 turbs
3558 4080 3717 4136 multa

2115 4172 2413 4228 comitante
2458 4180 2621 4243 atque
2660 4172 2930 4239 intuente,
2975 4172 3271 4229 suscitatur
3307 4171 3538 4246 (Matth.
3570 4171 3715 4241 xxi};

2115 4266 2359 4343 Lazarus
2399 4267 2466 4323 de
2508 4275 2865 4323 monumento
2892 4275 3119 4322 vocatus
3156 4267 3210 4321 in
3248 4274 3471 4320 tantum
3510 4264 3720 4335 populis

2116 4362 2369 4428 innotuit,
2400 4370 2478 4429 ut,
2515 4362 2584 4418 ob
2618 4378 2807 4419 eorum
2842 4362 2934 4435 qui
2963 4363 3146 4418 videre
3169 4361 3579 4427 testimonium,
3607 4360 3719 4431 plu-

2114 4454 2268 4509 rima:
2314 4454 2541 4510 Domino
2586 4456 2758 4511 turba:
2802 4472 2925 4511 cum
2969 4456 3165 4526 palmis
3208 4464 3619 4519 occurrerent,
3668 4464 3719 4508 et

2116 4547 2271 4602 multi
2304 4556 2527 4618 propter
2562 4547 2710 4603 illum
2752 4547 2967 4604 abirent
3004 4563 3069 4602 ex
3105 4545 3306 4602 ludatis
3342 4556 3397 4600 et
3428 4545 3720 4602 crederent

2117 4640 2171 4694 in
2197 4638 2413 4705 Jesum;
2455 4649 2709 4710 quartum
2731 4657 2861 4697 vero
2904 4650 3200 4707 mortuum,
3239 4640 3531 4695 nuntiante
3556 4639 3714 4695 disci-

2114 4733 2262 4804 pulo,
2306 4732 2571 4787 Dominus
2614 4733 2835 4800 audivit,
2879 4734 2975 4789 sed
3015 4735 3141 4805 quia
3183 4732 3275 4804 qui
3313 4746 3416 4802 pro
3462 4731 3587 4801 ejus
3624 4746 3714 4786 ex-

2116 4830 2371 4883 citatione
2416 4838 2769 4897 precarentur
2808 4829 2916 4882 vivi
2958 4827 3288 4883 defuerant:
3340 4825 3587 4889 Dimitte,
3638 4826 3711 4879 in-

2115 4922 2255 4991 quit,
2289 4931 2344 4974 ut
2377 4922 2572 4975 mortui
2607 4920 2862 4991 sepeliant
2892 4932 3130 4976 mortuos
3156 4937 3281 4974 suos
3311 4918 3538 4991 (Matth.
3568 4920 3711 4987 nrt),

2114 5011 2169 5067 id
2200 5020 2301 5075 est,
2342 5011 2464 5065 mali
2504 5011 2676 5065 malos
2708 5011 2886 5066 noxiis
2921 5010 3171 5065 laudibus
3211 5018 3480 5081 gravent:
3506 5018 3559 5065 et
3582 5010 3711 5080 quia

2114 5120 2221 5160 non
2250 5105 2405 5159 adest
2429 5103 2608 5173 justus
2632 5103 2724 5173 qui
2750 5102 3011 5172 corripiat
3032 5103 3089 5156 in
3114 5101 3519 5167 misericordia,
3539 5100 3707 5156 olens-

2110 5195 2399 5268 peccatoris
2428 5195 2712 5265 impinguet
2740 5204 2896 5265 caput
2926 5209 3107 5247 eorum
3134 5191 3308 5265 (Psal.
3339 5194 3491 5265 εει).

2185 5288 2255 5343 Εε
2285 5297 2585 5343 transeunte
2610 5286 2732 5341 inde
2753 5286 2906 5353 Iesu,
2935 5288 3096 5341 secuti
3122 5296 3244 5341 sunt
3270 5303 3393 5341 cum
3421 5288 3537 5341 duo
3560 5285 3707 5353 aui,

2111 5382 2417 5448 clamantes,
2459 5392 2507 5435 et
2545 5380 2773 5436 dicentes
2796 5395 2814 5431 :
2853 5378 3102 5435 Miserere
3142 5382 3338 5448 nostri,
3380 5381 3465 5451 [ili
3493 5381 3707 5445 David;

2108 5492 2226 5529 cum
2254 5484 2428 5528 autem
2460 5473 2673 5527 venisset
2697 5472 2932 5539 domum,
2958 5483 3289 5527 accesserunt
3313 5472 3386 5525 ad
3407 5489 3531 5526 eum
3556 5472 3702 5526 arci.

2110 5569 2451 5625 Trauscunte
2493 5585 2591 5639 per
2628 5570 2846 5623 domum
2891 5568 3152 5640 principis
3186 5569 3417 5624 Domino
3455 5568 3614 5633 Jesu,
3652 5578 3703 5623 et

2105 5670 2364 5734 pergente
2406 5661 2473 5716 ad
2520 5661 2739 5716 domum
2786 5677 2976 5729 suam,
3028 5662 3170 5717 sicut
3211 5676 3375 5733 supra
3421 5661 3702 5734 legimus:

2109 5758 2403 5814 Ascendcns
2444 5756 2740 5813 naviculam
2772 5757 3153 5828 transfretavit,
3190 5766 3239 5811 et
3269 5758 3407 5811 venit
3434 5757 3492 5811 in
3520 5756 3707 5811 civita-
