3914 6466
201 388 305 445 885

1150 381 1500 440 COMMENT.
1541 380 1605 435 ΙΝ
1648 379 2083 438 ΜΑΤΤΗᾸΕΙΙΜ.
2124 412 2194 422 -
2231 382 2358 445 LIB.
2399 382 2483 441 III.

3362 381 3468 449 886

203 517 305 561 tem
330 520 481 562 suam
501 544 516 569 ,
556 502 865 559 clamabant
892 501 999 555 duo
1028 502 1158 556 caici
1179 543 1192 567 ,
1222 502 1500 556 dicentes:
1535 497 1783 554 Miserere
1808 501 1863 561 Α
1886 500 1979 571 qui
2000 508 2182 555 mutus
2202 508 2342 573 erat,
2380 501 2507 572 quia
2536 485 2931 573 confessionem
2963 516 3104 567 verae
3140 500 3265 556 ﬁdei
3287 502 3341 556 in
3373 515 3470 558 ore

201 596 391 662 nostri,
417 593 495 664 ﬁli
524 594 729 659 David;
760 602 816 647 et
856 602 1035 647 tamen
1077 607 1183 647 non
1224 591 1396 647 sanati
1422 584 1556 646 sunt
1593 591 1649 645 in
1688 591 1778 647 iti-

204 704 368 755 nere,
417 703 525 743 non
568 686 885 741 trausitorie
910 726 925 749 ,
970 693 1031 739 ut
1074 692 1309 756 putant;
1361 683 1455 739 sed
1492 689 1780 754 postquam

202 783 350 837 venit
382 782 598 836 domum
633 794 785 834 suam
804 820 818 844 ,
858 776 1119 833 accedunt
1146 776 1212 831 ad
1240 791 1364 831 eum
1394 782 1449 831 et
1478 774 1777 828 introeunt.

202 870 404 927 Domus
439 885 567 942 ergo
602 869 881 940 principis,
923 869 1063 923 sicut
1098 881 1260 938 supra
1296 865 1651 927 ostendimus,
1684 861 1783 935 Sy-

203 980 406 1036 uagoga
448 971 533 1019 est
568 962 874 1019 Judazorum
918 962 1134 1018 subdita
1180 960 1374 1032 Moysi,
1417 960 1618 1014 Domus
1655 957 1783 1013 Jesu

203 1061 441 1117 ccelestis
472 1069 556 1117 est
575 1060 935 1115 Hierusalem.
982 1059 1101 1114 Duo
1132 1058 1260 1113 cmci
1293 1058 1399 1111 duo
1429 1055 1609 1127 populi
1638 1061 1780 1120 sunt,

202 1156 580 1211 observatione
618 1155 840 1220 litterze,
889 1163 943 1209 et
981 1155 1088 1207 ritu
1117 1152 1301 1223 gentili
1344 1164 1437 1205 seu
1477 1150 1640 1205 sectis
1666 1148 1786 1220 pbi-

204 1250 550 1321 losopborum
609 1249 866 1304 obczecati
914 1266 927 1302 :
977 1247 1101 1317 quia
1146 1245 1320 1316 ignari
1363 1251 1418 1298 et
1463 1242 1623 1298 inscii
1666 1240 1783 1296 fue-

204 1351 332 1398 runt
367 1344 432 1398 de
466 1341 664 1397 futuris
697 1351 753 1396 et
778 1340 1157 1404 invisibilibus,
1184 1341 1354 1395 donec
1381 1337 1784 1407 Scripturarum

202 1435 349 1489 viam
402 1442 457 1489 et
508 1434 734 1505 vestigia
789 1433 1087 1489 Salvatoris
1131 1432 1389 1501 consequi
1449 1437 1782 1485 meruerunt.

202 1527 431 1583 Domino
475 1543 602 1598 ergo
646 1544 742 1598 per
788 1529 889 1583 hoc
934 1526 1189 1581 saeculum
1235 1531 1568 1589 transeunte,
1609 1531 1663 1577 et
1695 1538 1786 1577 cu-

202 1618 384 1687 piente
422 1618 621 1673 reverti
654 1618 707 1672 in
732 1618 949 1673 domum
975 1633 1152 1681 suam,
1178 1616 1352 1673 secuti
1379 1624 1506 1670 sunt
1529 1630 1654 1670 eum
1681 1615 1787 1670 duo

200 1709 330 1764 caici
368 1723 383 1762 :
428 1709 553 1778 quia
582 1749 596 1773 ,
649 1708 945 1778 praniicato
986 1707 1281 1777 Evangelio
1328 1721 1426 1777 per
1469 1703 1744 1776 apostolos
1768 1746 1780 1768 ,

203 1798 356 1852 multi
399 1813 462 1853 ex
503 1796 721 1864 Iudaeis,
767 1798 920 1852 multi
956 1813 1023 1853 ex
1051 1797 1300 1868 gentibus
1325 1806 1608 1867 cmperunt
1633 1795 1785 1864 sequi

1882 607 1988 647 non
2010 592 2261 648 habebat.
2300 591 2411 648 Nec
2456 609 2561 649 non
2600 604 2654 647 et
2686 593 2900 657 surdus,
2932 593 3057 669 quia
3086 593 3270 648 alidire
3296 591 3470 666 legem

1882 684 1980 740 Dei
2007 701 2111 741 non
2129 685 2523 743 consentiebat.
2548 685 2703 754 Quod
2728 685 2873 741 enim
2889 684 3077 741 Graece
3099 686 3473 758 diciturnam}:

1882 777 2055 847 magis
2081 777 2268 832 tritum
2295 787 2378 833 est
2420 793 2669 835 sermone
2703 777 2999 855 communi,
3025 785 3085 831 ut
3114 777 3309 832 surdus
3358 793 3472 833 ma-

1884 869 1968 940 gis
1998 884 2161 939 quam
2188 878 2364 923 mutus
2400 868 2750 941 intelligatur.
2800 868 2907 924 Sed
2955 884 3073 924 mos
3109 878 3193 924 est
3223 867 3470 940 Scriptu-

1884 975 2069 1015 rarum
2105 960 2471 1017 indiﬁ'erenter
2503 964 2687 1039 κωφὸν,
2739 962 2825 1018 vel
2870 972 3095 1028 mutum,
3126 962 3210 1018 vel
3251 962 3473 1017 surdum

1887 1052 2084 1108 dicere.
2117 1052 2215 1108 Hic
2250 1069 2381 1126 ergo
2409 1055 2571 1110 homo
2595 1055 2916 1110 daemonium
2957 1056 3322 1127 babebat,qui
3357 1056 3474 1111 ido-

1885 1143 2113 1200 lolatrize
2145 1163 2242 1217 per
2269 1148 2449 1205 omnia
2478 1149 2634 1204 datus
2655 1158 2793 1205 erat.
2820 1148 2955 1204 Cum
2990 1164 3118 1221 ergo
3149 1164 3245 1221 per
3280 1150 3478 1219 prsidi-

1888 1246 2099 1293 catores
2136 1240 2308 1294 sancti
2346 1239 2619 1313 Evangelii
2654 1241 2720 1296 ad
2771 1240 3107 1297 Salvatorcm
3139 1241 3477 1312 perduceba-

1888 1340 1997 1397 tur,
2052 1333 2232 1388 ablato
2272 1349 2456 1389 errore
2485 1334 2826 1404 gentilitatis,
2864 1334 3260 1391 confessionem
3298 1334 3476 1390 uomi-

1890 1423 1976 1478 nis
2022 1424 2113 1478 Dei
2148 1424 2347 1480 clarius
2379 1442 2634 1481 resonare
2663 1427 2970 1499 incipiebat.

1960 1513 2029 1568 Et
2062 1516 2265 1569 mirata:
2314 1526 2434 1570 sunt
2459 1516 2625 1571 turbte
2652 1517 2877 1571 dicentes
2904 1532 2921 1569 :
2967 1516 3254 1588 Nunquam
3283 1517 3357 1570 sic
3389 1534 3482 1588 ap-

1888 1608 2066 1678 paruit
2094 1605 2147 1661 in
2173 1604 2343 1660 Israel
2368 1626 2386 1673 ;
2428 1607 2692 1662 Pltariswi
2729 1618 2905 1662 autem
2927 1608 3166 1662 dicebant
3194 1624 3212 1662 :
3242 1607 3309 1663 In
3337 1609 3482 1680 prin-

1892 1699 2001 1769 cipe
2056 1700 2434 1753 da’moniorum
2483 1700 2625 1770 ejicit
2667 1700 2948 1756 dwmones.
2996 1699 3265 1773 (Hierom)
3298 1700 3479 1767 Turba

1890 1774 2055 1858 opera
2081 1790 2176 1844 Dei
2201 1788 2506 1853 conﬁtetur,
2532 1798 2585 1845 et
2607 1788 2737 1844 dicit
2764 1806 3037 1861 nunquam
3064 1791 3141 1847 sic
3170 1792 3484 1868 apparuisse

201 1886 616 1957 Redemptorem
640 1928 656 1953 ,
710 1862 1078 1957 postulantes-
1114 1888 1182 1942 ab
1230 1902 1295 1941 eo
1357 1862 1427 1939 ut
1479 1886 1597 1940 luce
1649 1862 1791 1939 verae
1819 1862 1866 1921 Β
1895 1878 1949 1933 in
1981 1879 2141 1933 l'srael
2172 1898 2184 1933 :
2221 1880 2273 1933 in
2296 1881 2449 1933 turba
2500 1881 2776 1935 nationum
2801 1879 3069 1936 confessio
3094 1888 3195 1935 cst.
3222 1862 3484 1936 Phariszei

200 1980 444 2035 scientia:
502 1978 959 2035 illuminarentur.
1032 1979 1138 2035 Sed
1182 1987 1469 2050 postquam
1515 1977 1790 2044 Salvator,

204 2081 428 2143 peracto
465 2072 737 2141 passionis
783 2087 847 2128 ac
888 2072 1310 2128 resurrectionis
1354 2087 1466 2127 suae
1509 2073 1791 2143 mysterio,

202 2162 262 2217 in
285 2163 482 2218 caelum
502 2164 915 2231 conscenderat,
940 2165 1281 2219 intraverunt
1316 2164 1369 2218 in
1395 2165 1614 2219 domum
1640 2165 1790 2230 eieci,

1897 1984 2099 2039 autem,
2130 1975 2254 2044 quia
2290 1991 2490 2046 negare
2510 1975 2763 2030 virtutem
2789 1975 2885 2029 Dei
2912 1992 3017 2029 non
3055 1982 3327 2044 poterant,
3355 1990 3485 2045 ope-

1896 2082 1957 2121 ra
1995 2066 2409 2131 calumniantur,
2445 2075 2499 2121 et
2525 2067 2750 2122 dicunt:
2792 2064 2861 2125 In
2908 2067 3142 2137 principe
3196 2065 3488 2120 ammonia-

1896 2175 2014 2217 γυνη
2045 2159 2128 2214 hic
2152 2160 2296 2228 ejicit
2325 2160 2586 2219 dtemonia
2610 2175 2627 2213 :
2648 2176 2746 2232 per
2771 2176 2927 2217 suam
2957 2160 3281 2217 calumniam
3309 2176 3484 2232 usque

200 2251 261 2306 id
301 2260 407 2318 est,
447 2252 503 2307 in
546 2253 710 2310 unius
747 2252 872 2308 ﬁdei
916 2234 1336 2318 confessionem,
1378 2268 1499 2322 quae
1533 2262 1617 2309 est
1647 2254 1796 2308 vide-
1894 2250 2059 2307 bodie
2093 2249 2404 2306 Iudaeorum
2448 2251 2820 2308 inﬁdelitatem
2850 2252 3246 2307 demonstrant.
3273 2251 3390 2306 Hoc
3422 2251 3489 2305 de

201 2340 332 2396 licet
376 2342 430 2396 in
475 2343 744 2399 catholica
788 2343 1050 2408 Ecclesia,
1097 2345 1280 2414 ibique
1324 2359 1354 2399 a
1396 2344 1680 2401 Salvatore
1704 2360 1797 2401 ve-
1897 2343 2106 2398 duobus
2142 2342 2301 2398 caecis
2350 2350 2405 2398 et
2442 2344 2507 2398 de
2537 2352 2687 2398 muto
2722 2346 2989 2400 daemonio
3036 2344 3182 2400 solus
3207 2342 3490 2399 Matthzeus

202 2432 402 2488 raciter
446 2431 736 2489 illuminati
776 2442 922 2488 sunt.
974 2432 1248 2505 (Hieron.)
1292 2434 1432 2502 Quid
1472 2443 1652 2490 autem
1692 2434 1795 2505 ipsi
1895 2436 2089 2506 ponit:
2123 2434 2199 2489 illi
2232 2434 2375 2489 enim
2405 2434 2513 2490 duo
2553 2437 2681 2490 caeci
2712 2437 2776 2491 de
2804 2436 3000 2506 quibus
3023 2443 3076 2492 et
3116 2435 3205 2490 alii
3239 2443 3488 2499 narrant,

205 2524 333 2581 caeci
358 2523 658 2581 clamantes
682 2525 920 2581 dixerint
945 2524 1233 2592 Salvatori,
1262 2526 1635 2582 attendamus:
1664 2525 1792 2591 Fili,
1896 2544 2006 2585 non
2032 2536 2156 2584 sunt
2196 2529 2304 2595 isti,
2350 2529 2443 2585 sed
2480 2539 2660 2584 tamen
2693 2530 2871 2585 simile
2906 2529 3110 2585 factum
3161 2537 3272 2596 est;
3329 2530 3403 2583 ita
3432 2533 3491 2583 ut

203 2614 475 2687 inquiunt,
512 2616 704 2682 David,
736 2617 983 2672 miserere
1012 2618 1198 2671 nostri.
1242 2616 1672 2673 Misericordiam
1700 2632 1797 2689 pe-
1897 2619 1943 2674 si
1971 2618 2085 2689 ipse
2134 2618 2417 2674 Matthreus
2465 2635 2571 2675 non
2608 2621 2772 2675 etiam
2801 2619 2942 2675 illius
2971 2619 3099 2676 facti
3129 2619 3487 2686 meminisset,

206 2707 430 2773 labant,
486 2708 581 2778 qui
626 2708 833 2763 lumine
875 2709 1210 2780 indigebant.
1277 2710 1480 2781 Eisque
1524 2711 1797 2769 veraciter
1896 2720 2081 2783 posset
2138 2713 2317 2783 putari
2348 2713 2450 2767 hoc
2480 2713 2621 2783 quod
2661 2728 2805 2767 nunc
2850 2722 3036 2767 narrat
3078 2713 3280 2767 dictum
3324 2710 3492 2767 fuisse

203 2798 512 2866 miseretur,
554 2799 751 2869 quibus
787 2801 968 2858 lumen
1004 2802 1130 2858 ﬁdei
1172 2811 1228 2858 et
1270 2804 1534 2858 bonon
1570 2819 1797 2874 operum
1899 2802 2062 2857 etiam
2095 2804 2162 2857 ab
2198 2802 2319 2858 aliis
2348 2803 2573 2858 duobus.
2606 2802 2759 2870 Quod
2795 2804 3178 2859 commendare
3216 2802 3492 2858 memoriae

208 2890 480 2947 tribuitur.
534 2892 690 2961 Quod
732 2903 912 2950 autem
956 2896 1147 2952 dicunt
1176 2895 1329 2961 caeci,
1358 2895 1436 2966 ﬁli
1470 2896 1663 2963 David,
1704 2914 1799 2953 au-
1899 2896 2191 2967 diligenter
2212 2898 2471 2953 debemus
2496 2912 2616 2953 esse
2639 2896 3056 2966 quardam'facta
3074 2895 3302 2961 similia;
3349 2895 3493 2967 quod

205 2981 359 3051 diant
397 2982 659 3053 Marcion,
702 2995 760 3042 et
801 2986 1149 3053 Manichteus,
1199 2997 1255 3045 et
1295 2991 1478 3045 caeteri
1522 2991 1795 3058 haeretici,
1900 2988 2184 3059 probatur,
2218 3003 2339 3042 cum
2391 2987 2532 3043 idem
2563 2987 2898 3058 evangelista
2934 2995 3225 3059 utrumque
3256 3002 3493 3043 comme-

206 3075 297 3144 qui
332 3077 497 3133 Vetus
536 3078 745 3137 laniant
780 3080 1227 3143 lnstrumentum,
1265 3090 1321 3139 et
1359 3082 1571 3137 discant
1613 3082 1799 3137 Salva-
1901 3092 2099 3147 morat,
2140 3086 2272 3139 utsi
2310 3086 2527 3155 quando
2554 3085 2681 3141 talia
2710 3086 2919 3158 singula
2957 3086 3098 3161 apud
3126 3085 3368 3158 singulos
3413 3083 3494 3137 in-

207 3176 379 3225 torem
409 3172 665 3243 appellari
696 3173 862 3229 ﬁlium
894 3175 1095 3241 David;
1140 3177 1184 3232 si
1214 3177 1360 3232 enim
1391 3192 1498 3232 non
1527 3185 1611 3233 est
1640 3185 1799 3233 natus

208 3257 265 3314 in
294 3276 481 3327 carne,
510 3265 781 3333 quomodo
809 3264 952 3321 ﬁlius
979 3266 1145 3322 David
1173 3269 1441 3324 vocatur?

278 3351 346 3405 Et
367 3354 501 3408 dixit
523 3356 598 3409 eis
634 3356 791 3411 Iesus
814 3398 829 3423 ,
855 3357 1080 3413 Creditis
1113 3360 1237 3429 quia
1261 3376 1474 3431 possum
1505 3362 1603 3415 hoc
1629 3361 1801 3431 facere

204 3445 391 3500 nobis?
430 3446 656 3519 (ΜΑυι.)
687 3448 874 3505 Fidem
921 3466 1109 3506 eorum
1140 3452 1256 3522 ipse
1301 3467 1534 3509 noscens
1569 3454 1802 3510 interro-

206 3545 316 3607 gat,
353 3550 413 3592 ut
471 3539 629 3594 ﬁdem
681 3540 953 3599 confessio
1005 3552 1234 3613 promat,
1294 3552 1349 3599 et
1404 3543 1800 3601 confessionem

138 3620 149 3629 ’
205 3628 380 3685 virtus
431 3640 791 3700 consequatur
845 3633 1098 3704 salusque
1159 3636 1412 3692 virtutem
1476 3638 1795 3703 comitetur;

205 3720 356 3790 quia,
382 3730 444 3776 ut
479 3723 767 3794 Apostolus
795 3725 872 3779 ait
903 3743 921 3779 ε
942 3724 1114 3782 Corde
1136 3729 1369 3783 creditur
1388 3730 1457 3783 ad
1498 3730 1787 3800 justitiam,

204 3830 296 3868 ore
325 3824 497 3869 autem
548 3817 807 3887 confessio
842 3819 903 3888 ﬁt
927 3824 1003 3873 ad
1022 3820 1245 3875 salutem
1268 3820 1447 3892 (Rom.
1477 3824 1556 3893 χ).

274 3906 470 3963 Dicunt
493 3911 561 3975 ei,
597 3908 803 3982 Utique,
834 3913 1077 3969 Domine.
1111 3914 1257 3970 Tunc
1294 3918 1460 3989 tetigit
1504 3917 1681 3973 oculos
1715 3934 1803 3973 eo-

205 4014 346 4066 rum,
360 4001 556 4069 dicens,
573 4000 871 4060 Secundum
884 4008 1041 4077 ﬁdem
1060 4018 1279 4063 vestram
1293 4012 1387 4079 ﬁat
1405 4012 1563 4065 vobis.
1583 4012 1687 4066 Per
1702 4012 1802 4065 uti-

205 4111 305 4166 que
324 4093 458 4151 foris
487 4094 755 4153 aﬁrmant
780 4102 923 4171 quod
954 4103 1099 4158 intus
1126 4104 1289 4159 corde
1310 4106 1534 4160 credere
1563 4113 1796 4178 gestant.

205 4183 274 4241 Et
294 4186 415 4243 ideo
430 4187 585 4244 ﬁrma
608 4191 870 4260 professio
888 4202 1092 4250 tactum
1115 4197 1313 4250 meruit
1335 4196 1531 4251 divinae
1558 4197 1793 4267 pietatis.

206 4274 528 4345 Secundum,
563 4282 758 4353 inquit,
787 4284 944 4353 ﬁdem
973 4295 1195 4340 vestram
1226 4287 1322 4356 ﬁat
1352 4288 1498 4343 vobis
1519 4329 1533 4353 ,
1564 4290 1666 4343 hoc
1690 4297 1796 4354 est,

206 4371 334 4461 quia
370 4372 505 4429 ﬁdes
528 4374 641 4444 jam
690 4387 927 4432 mentem
977 4378 1267 4445 illuminat,
1310 4381 1594 4437 oculorum
1619 4383 1796 4461 lucem

205 4460 323 4534 ipsa
344 4464 499 4521 vobis
528 4467 798 4525 restituat.
1638 4474 1645 4483 '

1907 3175 2231 3237 venerimus,
2261 3184 2423 3245 atque
2445 3177 2498 3230 in
2533 3176 2612 3231 eis
2636 3177 2994 3244 contrarium,
3040 3175 3186 3248 quod
3217 3175 3348 3231 solvi
3386 3189 3494 3230 non

1903 3264 2096 3335 possit,
2124 3274 2395 3331 occurrat,
2446 3265 2603 3323 nobis
2639 3283 2745 3322 non
2796 3268 2897 3323 hoc
2948 3283 3067 3324 esse
3123 3266 3348 3334 factum,
3401 3265 3494 3322 sed

1906 3354 2052 3411 aliud
2086 3356 2262 3412 simile
2288 3356 2374 3412 vel
2414 3356 2662 3413 similiter
2701 3357 2924 3414 factum.

1976 3445 2046 3500 Et
2090 3448 2398 3502 circumibat
2442 3447 2599 3504 Iesus
2657 3467 2833 3506 omnes
2885 3451 3117 3505 civitates
3159 3459 3208 3509 et
3248 3448 3488 3512 castella,

1904 3542 2095 3621 docens
2122 3542 2177 3596 in
2218 3543 2497 3614 synagogis
2526 3561 2728 3610 eorum,
2751 3554 2798 3599 et
2822 3544 3117 3615 prazdicans
3146 3541 3489 3614 Evangelium

1904 3637 2072 3705 regni,
2096 3645 2143 3689 et
2173 3653 2364 3691 curans
2388 3652 2593 3690 omnem
2618 3635 2925 3708 languorem
2969 3647 3015 3692 et
3041 3654 3244 3691 onmem
3268 3636 3495 3705 inﬁrmi-

1903 3740 2082 3786 tatem.
2114 3729 2382 3802 (Hieron.)
2440 3729 2631 3787 Cernis
2657 3730 2800 3801 quod
2850 3729 3131 3800 arqualiter
3160 3738 3215 3785 et
3241 3728 3405 3793 villis,
3437 3735 3493 3783 et

1903 3822 2150 3887 urbibus,
2202 3830 2257 3877 et
2304 3821 2561 3889 castellis,
2614 3822 2669 3877 id
2715 3830 2820 3888 est,
2851 3830 2905 3876 et
2946 3821 3179 3901 magnis,
3229 3828 3283 3877 et
3314 3819 3496 3891 parvis

1902 3912 2251 3986 Evangelium
2293 3913 2691 3984 prazdicaverit,
2722 3922 2781 3968 ut
2809 3929 2916 3993 non
2944 3912 3318 3969 consideraret
3342 3909 3495 3966 uobi-

1902 4004 2033 4061 lium
2081 4007 2399 4077 potentiam,
2459 4006 2552 4061 sed
2580 4005 2811 4073 salutem
2856 4004 3213 4061 credentium.
3256 4002 3495 4057 Circum-

1900 4095 2009 4151 ibat
2055 4097 2290 4151 civitates
2337 4098 2441 4152 hoc
2480 4095 2687 4152 habens
2716 4096 2898 4165 operis
2940 4095 3082 4164 quod
3140 4093 3496 4149 mandaverat

1900 4188 2065 4248 Pater
2095 4198 2148 4247 et
2188 4191 2329 4262 hanc
2363 4190 2619 4256 esuriem,
2653 4198 2714 4245 ut
2741 4190 2990 4245 doctrina
3027 4203 3122 4243 sua
3181 4186 3362 4243 salvos
3416 4185 3495 4240 fa-

1902 4293 2051 4340 ceret
2094 4284 2357 4340 inﬁdeles.
2409 4284 2651 4341 Docebat
2700 4285 2753 4338 iu
2806 4281 3096 4356 synagogis
3138 4289 3194 4334 et
3242 4280 3296 4334 in
3353 4276 3495 4332 villis

1900 4375 2253 4449 Evangelium
2285 4377 2456 4448 regni,
2487 4385 2542 4430 et
2570 4384 2693 4447 post
2741 4373 3181 4445 przedicationem
3209 4378 3372 4441 atque
3400 4369 3495 4424 do-

1902 4469 2132 4523 ctrinam
2165 4469 2392 4523 curabat
2417 4483 2633 4523 omnem
2666 4467 2981 4537 languorem
3009 4473 3063 4518 et
3092 4478 3307 4519 onmem
3337 4460 3492 4516 inﬁr-

277 4555 349 4610 Et
385 4559 551 4627 aperti
576 4568 700 4615 sunt
749 4560 888 4615 oculi
913 4577 1113 4617 eorum.
1146 4562 1283 4631 Quia
1331 4566 1628 4621 secundum
1674 4583 1797 4638 pro-
1823 4595 1876 4655 D
1903 4559 2173 4623 mitatem,
2213 4566 2272 4613 ut
2297 4559 2493 4629 quibus
2522 4572 2699 4613 sermo
2735 4572 2841 4611 nou
2874 4563 3143 4619 suaserat,
3181 4568 3342 4623 opera
3372 4568 3494 4622 per-

205 4648 383 4721 pbctaa
440 4653 785 4720 sententiam,
843 4653 1032 4710 Omnis
1064 4657 1157 4726 qui
1203 4657 1493 4713 crediderit
1541 4660 1593 4714 in
1623 4661 1795 4729 illum,

208 4754 319 4796 non
345 4741 723 4799 confundetur.
753 4744 891 4812 Quia
920 4747 1034 4816 ipse
1061 4756 1145 4803 est
1174 4748 1267 4802 lua:
1309 4766 1428 4804 vera
1456 4769 1573 4821 qua:
1604 4752 1801 4808 illumi-

209 4841 304 4887 ω
362 4849 567 4888 omnem
605 4835 867 4891 hominem
916 4838 1201 4894 venientem
1251 4840 1307 4894 in
1360 4840 1499 4897 hunc
1546 4844 1797 4913 mundum

209 4922 391 4997 μου».
415 4929 476 4998 ι).

280 5018 350 5075 Et
399 5022 742 5079 comminatus
804 5033 879 5079 est
926 5025 999 5080 eis
1029 5024 1186 5081 Iesus
1242 5026 1422 5082 dicens
1454 5044 1472 5081 :
1513 5025 1696 5082 Videte
1735 5045 1798 5097 ne

208 5112 327 5182 quis
360 5114 512 5167 sciat.
544 5113 634 5167 Mli
663 5124 837 5170 autem
866 5117 1112 5173 abeuntes
1152 5119 1558 5195 diﬂ‘amaverunt
1599 5138 1716 5175 eum
1741 5121 1797 5176 in

209 5215 320 5261 tota
343 5216 482 5261 terra
504 5208 617 5263 illa.
659 5207 930 5283 (Hierom)
952 5211 1021 5266 Et
1048 5213 1307 5269 Dominus
1336 5223 1556 5285 propter
1581 5214 1798 5283 humili-

210 5304 380 5353 tatem
409 5295 623 5370 fugiens
649 5299 920 5370 iactantiae
950 5302 1197 5383 gloriam,
1233 5304 1337 5359 hoc
1360 5312 1721 5376 praeceperat;
1744 5313 1799 5360 et

209 5388 309 5455 illi,
344 5399 565 5463 propter
605 5394 919 5448 memoriam
970 5397 1180 5473 gratiae,
1211 5411 1319 5451 non
1365 5407 1590 5467 possunt
1615 5406 1798 5454 tacere

209 5482 557 5541 beneﬁcium.
604 5484 740 5540 Nota
782 5501 909 5557 ergo
935 5487 1151 5559 aliquod
1166 5489 1310 5546 inter
1332 5489 1610 5559 sejustum
1649 5491 1757 5564 [ΑΙ.
1777 5532 1791 5559 ,

206 5577 439 5652 iussum]
479 5594 599 5635 esse
624 5580 973 5635 contrarium.

288 5670 521 5741 Egressis
551 5682 724 5726 autem
750 5669 856 5724 illis
888 5669 1184 5725 obtulerunt
1210 5674 1259 5726 ei
1302 5673 1561 5727 hominem
1590 5682 1793 5726 mutum

210 5761 529 5818 damonium
551 5762 843 5827 habentem,
860 5770 906 5816 et
923 5760 1086 5831 ejecta
1097 5760 1355 5815 dwmonio
1370 5761 1571 5816 locutus
1587 5770 1660 5815 est
1681 5778 1796 5815 mu-

213 5864 322 5918 tus.
349 5855 528 5932 (Maca
555 5854 574 5929 )
615 5854 787 5912 Homo
812 5856 911 5911 iste
942 5852 1199 5927 gentilem
1222 5853 1477 5927 populum
1501 5852 1791 5928 signiﬁcat,

1903 4650 2215 4705 suaderent.
2289 4649 2363 4703 Dc
2438 4648 2667 4703 Domino
2733 4646 2949 4717 pr0prie
3004 4644 3200 4699 dicitur
3234 4684 3248 4707 ,
3299 4659 3491 4695 cunnis

1903 4757 2107 4796 omnem
2143 4740 2451 4811 languorem
2479 4749 2527 4793 et
2551 4753 2756 4793 omnem
2779 4736 3159 4806 infirmitatem.
3187 4732 3273 4787 Nil
3295 4733 3493 4803 quippe

1903 4834 1951 4890 ei
1991 4833 2321 4904 impossibile
2342 4840 2443 4888 est.

1982 4924 2177 4981 Videns
2229 4935 2403 4979 autem
2434 4923 2634 4990 turbas,
2664 4924 2910 5001 misertus
2938 4930 3012 4976 est
3038 4921 3133 4986 eis,
3184 4918 3308 4990 quia
3337 4924 3486 4971 erant

1902 5018 2094 5085 vexati,
2124 5026 2170 5072 et
2185 5017 2421 5088 jacentes
2450 5017 2599 5070 sicut
2620 5032 2735 5070 oves
2782 5030 2884 5068 non
2915 5012 3161 5066 habentes
3202 5016 3484 5080 pastorem.

1902 5110 2128 5185 (Mum)
2160 5108 2306 5164 Vidit
2330 5124 2458 5180 ergo
2483 5105 2639 5163 Jesus
2669 5108 2962 5162 humanum
2993 5116 3161 5174 genus
3184 5098 3487 5155 clementiae

1901 5216 2012 5257 sua:
2046 5198 2134 5270 pio
2171 5198 2388 5264 intuitu,
2439 5206 2493 5253 et
2541 5198 2795 5253 misertus
2841 5202 2924 5250 est
2961 5193 3030 5258 ei,
3084 5192 3212 5261 quia
3252 5196 3370 5244 erat
3394 5202 3491 5259 per

1899 5290 2081 5347 varios
2111 5304 2345 5355 errores,
2375 5287 2589 5343 diabolo
2620 5287 2871 5350 ducente,
2898 5282 3052 5339 valde
3081 5288 3358 5345 vexatum,
3386 5292 3489 5334 uec

1901 5383 2137 5439 habebat
2164 5390 2413 5452 pastores
2442 5381 2533 5451 qui
2563 5379 2694 5433 illud
2734 5378 2787 5432 in
2810 5377 2953 5432 viam
2994 5375 3241 5429 veritatis
3290 5372 3491 5446 dirige-

1904 5483 2046 5532 rent.
2084 5474 2163 5529 Ac
2190 5473 2311 5529 ideo
2341 5473 2454 5542 ipse
2473 5470 2751 5527 constituit
2779 5469 2828 5528 ei
2858 5475 3105 5538 pastores
3133 5464 3189 5522 et
3224 5472 3485 5527 rectores,

1904 5568 1960 5625 id
1981 5576 2086 5632 est,
2103 5564 2372 5637 apostolos
2407 5572 2459 5619 et
2487 5576 2830 5618 successores
2856 5575 3065 5616 eorum.
3100 5556 3235 5613 Nam
3265 5565 3320 5611 et
3346 5568 3490 5609 sem-

1902 5675 2003 5731 per
2036 5674 2258 5715 neccsse
2309 5665 2391 5713 est
2419 5664 2478 5710 ut
2498 5670 2625 5709 oves
2654 5653 2854 5731 Christi
2882 5659 3128 5724 pastores
3162 5660 3217 5705 et
3240 5650 3489 5703 doctores

1903 5729 2159 5811 babeant.
2215 5750 2351 5818 Quia
2396 5746 2639 5802 diabolus
2676 5729 2811 5802 velut
2851 5745 3060 5815 rugiens
3108 5743 3187 5799 leo
3226 5737 3485 5801 circumit,

1904 5860 2104 5904 semner
2155 5856 2395 5905 autcrens
2446 5853 2595 5913 quem
2652 5836 2856 5892 devoret
2901 5833 2954 5907 (1
2998 5833 3142 5889 Petr.
3197 5830 3328 5902 Iv.);
3361 5845 3489 5885 nam
