3914 6470
414 434 518 492 887

1018 479 1032 490 .
1099 429 1161 486 Β.
1199 427 1456 489 RABANI
1493 427 1715 488 MAURI
1749 424 2076 487 ARCHIEP.
2119 424 2432 486 MOGUNT.
2472 426 2758 485 OPERUM
2795 426 2976 482 PARS
3015 426 3057 482 l.

3618 428 3725 484 888

417 550 852 621 quandocunque
883 546 1069 606 evenit
1097 548 1316 604 vexatio
1346 547 1528 619 gregis
1549 588 1564 613 ,
1609 555 1666 602 et
1709 547 1890 603 ovium
1922 553 2006 602 at-
2030 548 2086 609 Α
2178 543 2470 600 Duodecim
2497 554 2674 599 autem
2728 542 3087 614 apostolorum
3124 545 3339 598 nomina
3395 545 3519 599 haec
3572 555 3722 598 aut.

413 657 520 712 que
569 643 869 708 turbarum,
909 649 1192 713 pastorum
1215 650 1300 698 est
1340 641 1496 712 culpa
1523 648 1579 696 et
1607 639 1797 694 vitium
1833 639 2006 709 magi-

417 743 657 791 strorum
677 734 770 806 qui
793 734 874 790 eis
888 733 1541 806 succurrere_debuerant.
1559 731 2002 804 Unde'sequitur;

487 827 634 884 Tunc
663 827 790 884 dicit
829 828 1100 900 discipulis
1142 829 1254 883 suis
1285 844 1304 883 :
1345 827 1534 883 Messis
1578 827 1787 899 quidem
1815 825 2004 893 multa,

415 920 642 992 aperarii
674 930 846 975 autem
873 922 1050 992 pauci.
1081 919 1284 990 Rogate
1326 937 1448 992 ergo
1476 919 1761 975 Dominum
1796 920 2002 986 messis,

413 1021 471 1066 ut
500 1012 681 1083 ejiciat
720 1013 989 1084 operarios
1016 1013 1074 1067 in
1104 1029 1321 1068 messem
1361 1029 1536 1068 suam.
1568 1013 1760 1068 Messis
1783 1012 2006 1082 quidem

413 1103 586 1159 multa
630 1104 953 1176 populorum
978 1104 1247 1176 signiﬁcat
1292 1104 1696 1160 multitudinem
1724 1121 1740 1170 ;
1766 1100 2005 1174 operarii

413 1196 594 1265 pauci,
647 1197 930 1267 penuriam
970 1198 1374 1269 magistrorum.
1416 1197 1484 1253 Et
1529 1197 1762 1267 imperat
1808 1202 1869 1250 ut
1915 1210 2007 1250 ro—

416 1297 547 1360 gent
584 1290 874 1346 Dominum
926 1290 1140 1356 messis,
1172 1298 1234 1344 ut
1265 1289 1448 1359 ejiciat
1470 1289 1751 1360 operarios
1778 1289 1833 1344 in
1861 1303 2006 1344 mes-

417 1399 533 1439 sem
557 1398 733 1438 suam.
761 1383 856 1438 Isti
897 1390 1024 1438 sunt
1042 1383 1275 1453 operarii
1297 1383 1363 1438 de
1387 1382 1584 1452 quibus
1621 1381 1906 1438 Psalmista
1927 1380 2006 1437 lo-

414 1475 619 1544 quitur.
647 1474 751 1540 Qui
773 1475 1031 1528 seminant
1059 1475 1114 1528 in
1141 1473 1407 1545 lacrymis,
1424 1475 1480 1528 in
1500 1473 1696 1545 gaudio
1722 1482 1770 1528 et
1791 1481 2002 1528 metent.

417 1565 622 1622 Euntes
650 1566 797 1621 ibant
840 1575 889 1621 et
921 1567 1114 1637 ﬂebant
1133 1606 1149 1632 ,
1178 1575 1477 1638 spargentes
1512 1566 1713 1621 semina
1751 1582 1848 1620 sua
1873 1579 1892 1617 .'
1919 1581 2006 1620 ve-

416 1657 616 1712 nientes
644 1667 820 1712 autem
854 1658 1054 1712 venient
1090 1657 1145 1711 in
1178 1656 1546 1723 exsultatione,
1597 1665 1862 1727 portantes
1892 1673 2005 1711 ma—

416 1746 623 1818 nipulos
669 1764 792 1802 suos
840 1746 1013 1819 (Psal.
1069 1747 1218 1820 xxv).
1261 1745 1330 1802 Et
1379 1756 1438 1803 ut
1469 1747 1708 1819 apertius
1764 1747 2000 1818 loquar:

415 1839 604 1896 Messis
638 1840 808 1896 multa
837 1842 1016 1897 omnis
1051 1843 1209 1898 turba
1240 1842 1582 1898 credentium
1610 1850 1734 1908 est;
1773 1841 2003 1912 operarii

2108 633 2399 706 Catalogus
2424 642 2604 690 autem
2637 632 3007 706 apostolorum
3042 631 3164 688 ideo
3191 633 3245 688 in
3270 632 3590 704 Evangelia
3628 647 3725 702 po-

2109 727 2283 794 nitur,
2304 735 2370 782 ut
2393 736 2549 783 extra
2581 727 2702 794 hos,
2753 726 2845 797 qui
2884 724 3317 796 pseudoapostoli
3350 733 3488 780 nt
3516 723 3720 791 futuri,

2108 821 2498 876 excludantur:
2526 828 2661 876 etut
2699 819 3037 890 signiﬁcetur
3062 817 3205 887 quod
3243 818 3472 873 nomina
3519 831 3720 874 eoru-

2109 914 2269 971 simul
2303 923 2357 970 et
2384 913 2598 970 illorum
2635 913 2727 984 qui
2769 927 2960 968 eorum
2989 910 3296 966 doctrinam
3319 921 3380 966 et
3407 909 3587 965 ﬁdem
3631 924 3720 965 se-

2108 1012 2366 1075 quuntur,
2392 1003 2450 1062 in
2479 1005 2621 1061 libro
2661 1004 2786 1060 vita:
2830 1003 3033 1073 scripta
3071 1001 3490 1058 contineantur.

2180 1116 2395 1173 Primus
2419 1118 2624 1184 Simon,
2653 1117 2742 1189 qui
2772 1117 2970 1170 dicitur
2995 1113 3209 1185 Petrus,
3247 1125 3298 1171 et
3319 1115 3582 1169 Andreas
3611 1115 3715 1185 frs-

2108 1220 2188 1266 ter
2232 1213 2368 1283 ejus.
2411 1212 2626 1269 Primus
2658 1212 2916 1268 scribitur
2943 1211 3152 1278 Simon,
3187 1218 3569 1282 cognomento
3624 1209 3716 1267 Pe-

2109 1311 2247 1369 trus,
2279 1304 2348 1358 ad
2385 1303 2794 1360 distinctionem
2846 1303 3075 1358 alterius
3107 1302 3364 1367 Simonis,
3403 1303 3502 1372 qui
3534 1303 3712 1372 appel-

2110 1393 2256 1449 latur
2283 1393 2646 1462 Chananzeus,
2680 1396 2748 1451 de
2788 1396 2909 1450 vico
2935 1394 3171 1452 Galilzeze
3214 1395 3412 1452 Chana
3437 1437 3454 1462 ,
3485 1396 3587 1450 ubi
3617 1396 3712 1451 Do-

2107 1483 2288 1540 minus
2311 1501 2481 1556 aquas
2505 1485 2562 1540 iu
2591 1486 2775 1541 vinum
2799 1487 3089 1541 convertit.
3123 1483 3310 1540 Voluit
3331 1485 3492 1540 enim
3520 1485 3706 1540 Domi-

2108 1596 2210 1636 nus
2245 1579 2616 1650 apostolorum
2668 1579 2971 1651 principem
3023 1577 3176 1649 prius
3230 1579 3381 1633 aliud
3410 1579 3625 1642 vocari,
3659 1588 3711 1633 ut

2108 1689 2176 1730 ex
2213 1675 2331 1746 ipsa
2365 1674 2789 1730 commutatione
2816 1672 3056 1728 nominis
3076 1671 3421 1727 sacramenti
3454 1670 3712 1727 vivacitas

2108 1767 2610 1822 commendaretur.
2634 1766 2783 1821 idem
2813 1781 2946 1837 ergo
2976 1764 3166 1820 Latine
3193 1763 3399 1819 Petrus
3424 1764 3582 1835 quod
3616 1763 3710 1835 Sy-

2108 1858 2254 1914 riace
2266 1858 2509 1930 Cephas;
2529 1867 2586 1916 et
2599 1859 2655 1914 in
2668 1867 2898 1928 utraque
2919 1858 3102 1930 lingua
3123 1872 3326 1912 nomen
3344 1872 3377 1911 a
3395 1867 3565 1927 petra
3581 1858 3711 1912 deri-

413 1933 594 2003 Ραυείν
635 1932 882 2003 apo-‘40“:
919 1942 975 1990 θῐ
1023 1933 1325 1992 imitatores
1350 1950 1560 2001 eorum:
1593 1935 1685 2006 (ἰαί
1715 1935 2005 1992 mulum“?
2030 1917 2080 1980 Β
2109 1959 2292 2006 vatum
2320 1917 2428 2018 est,
2458 1917 2604 2007 haud
2632 1917 2855 2006 dubium
2871 1917 3115 2020 quinviﬁa
3139 1949 3207 2005 de
3229 1964 3342 2021 qua
3364 1917 3582 2004 Paulus
3610 1952 3710 2004 ait:

414 2025 483 2080 ad
504 2040 759 2083 messem.

419 2166 706 2239 Duodecim
730 2169 991 2246 apostolos
1020 2101 1468 2242 pEtAetlitglgt,xcum
1498 2183 1750 2246 potestate
1773 2171 2002 2230 sanandi

483 2256 691 2318 omnem
733 2242 1062 2318 languorem,
1105 2254 1152 2298 et
1194 2246 1338 2318 omni
1366 2242 1627 2318 doctrina,
1652 2256 1699 2301 et
1726 2246 1866 2318 quod
1897 2254 2002 2299 non

490 2314 682 2366 venerit
703 2330 885 2383 pacem
917 2315 1142 2381 mittere,
1166 2316 1256 2369 sed
1286 2316 1543 2387 gladium,
1568 2327 1674 2373 etc.

488 2399 577 2472 [1.]
600 2400 667 2456 Et
694 2405 987 2458 convocatis
1015 2405 1290 2476 duodecim
1312 2407 1582 2478 discipulis
1605 2411 1714 2464 suis
1737 2409 1878 2464 dedit
1898 2408 2003 2464 illis

411 2501 722 2561 potestatem
772 2496 1053 2565 spirituum
1083 2497 1494 2563 immundorum,
1521 2509 1578 2553 ut
1608 2500 1851 2570 ejicerent
1883 2484 2000 2567 eos,

417 2594 466 2640 et
497 2597 739 2641 curarent
762 2605 965 2643 omnem
993 2589 1300 2661 languorem
1317 2605 1366 2646 et
1390 2609 1592 2647 omnem
1619 2593 2001 2662 inﬁrmitatem.

421 2677 636 2752 (Beda.)
660 2677 788 2736 Hmc
807 2682 1120 2737 convocatio
1136 2683 1500 2752 apostolorum
1524 2700 1631 2741 non
1656 2684 1871 2741 illorum
1895 2685 2006 2741 ele-

418 2771 617 2828 ctionis
629 2787 694 2828 ac
714 2773 1010 2846 studiihsed
1026 2775 1219 2832 divinae
1239 2786 1360 2832 erat
1372 2777 1697 2848 dignationis
1715 2793 1778 2834 ac
1793 2779 2000 2851 gratiae,

418 2871 477 2917 ut
499 2864 554 2919 in
584 2865 943 2934 apostolatum
967 2878 1314 2924 vocarentur:
1346 2869 1490 2926 unde
1511 2879 1568 2924 et
1587 2871 1666 2927 eis
1687 2869 1814 2927 alibi
1837 2871 1998 2927 dicit:

417 2953 542 3010 Non
570 2972 657 3012 vos
703 2973 786 3012 me
809 2957 1056 3030 elegistis,
1100 2960 1191 3015 sed
1218 2977 1311 3032 ego
1354 2961 1484 3033 elegi
1507 2979 1594 3018 vos
1626 2960 1811 3035 (loan.
1863 2962 1999 3034 xv);

413 3047 651 3119 fecitque
701 3058 763 3104 ut
823 3059 1004 3106 essent
1041 3052 1325 3109 duodecim
1365 3069 1614 3120 numero,
1643 3054 1782 3110 certi
1815 3053 2004 3124 utique

415 3140 588 3208 gratia
620 3143 864 3213 mysterii
893 3161 906 3196 :
953 3151 1013 3198 ut
1043 3144 1296 3200 videlicet
1323 3145 1512 3200 mundi
1557 3145 1808 3211 salutem,
1839 3159 2004 3216 quam

413 3236 581 3291 verbo
635 3237 1019 3306 praedicarent,
1063 3255 1163 3295 suo
1199 3253 1416 3310 quoque
1470 3254 1698 3294 numero
1725 3254 2004 3294 commen-

415 3325 640 3393 darent;
689 3333 775 3382 ter
819 3328 1023 3384 etenim
1061 3329 1311 3399 quaterni
1359 3329 1644 3385 duodecim
1689 3328 1913 3396 faciunt,
1954 3335 2008 3384 et

414 3425 500 3471 ter
527 3419 781 3487 quaterni
823 3419 891 3475 ad
942 3419 1348 3491 praedicandum
1395 3429 1525 3477 sunt
1574 3422 1728 3478 missi
1775 3421 2006 3492 apostoli

415 3521 473 3564 ut
506 3526 605 3581 per
655 3512 938 3568 universas
979 3515 1231 3584 quadrati
1274 3515 1424 3571 orbis
1450 3515 1638 3586 plagas
1679 3515 2008 3585 baptizarent

415 3611 589 3672 gentes
619 3604 677 3657 in
719 3606 927 3660 nomine
957 3605 1159 3672 Patris,
1183 3616 1230 3661 et
1262 3605 1416 3673 Filii,
1471 3615 1519 3661 et
1576 3605 1808 3677 Spiritus
1836 3605 2007 3660 sancti

419 3691 634 3764 (Matth.
648 3695 862 3766 nvm).
888 3695 1042 3752 Unde
1063 3705 1120 3752 et
1135 3697 1202 3752 de
1221 3697 1443 3752 civitate
1459 3705 1645 3753 sancta
1666 3695 2006 3751 Hierusalem

417 3784 787 3842 descendente
817 3787 885 3842 de
917 3786 1056 3845 caelo
1083 3805 1114 3844 a
1137 3788 1252 3846 Deo
1272 3790 1534 3860 scriptum
1563 3798 1670 3856 est,
1699 3790 1826 3860 quia
1846 3796 2007 3845 erant

417 3878 470 3933 ei
499 3878 569 3935 ab
597 3879 814 3935 oriente
841 3888 1015 3952 portae
1043 3891 1182 3949 tres,
1210 3890 1269 3938 et
1300 3881 1370 3937 ab
1397 3881 1647 3953 aquilone
1668 3889 1840 3954 porta:
1867 3890 2004 3948 tres,

418 3976 477 4022 et
523 3968 592 4024 ab
630 3969 832 4026 Austro
865 3979 1038 4040 portae
1085 3981 1221 4039 tres,
1250 3980 1308 4027 et
1336 3973 1405 4028 ab
1449 3987 1647 4028 occasu
1673 3978 1842 4042 portae
1867 3978 2005 4027 tres.

424 4059 524 4116 Ubi
575 4061 878 4132 ﬁguraliter
925 4063 1319 4120 ostendebatur
1368 4065 1494 4134 quia
1524 4104 1540 4129 ,
1587 4062 2008 4135 praedicantibus

420 4151 680 4220 apostolis
711 4147 1188 4225 apestolorumque
1214 4156 1642 4220 successoribus,
1669 4163 1880 4211 cunctae
1908 4169 2010 4225 per

419 4241 611 4297 orbem
646 4245 897 4300 nationes
925 4246 980 4301 in
1015 4246 1124 4302 ﬁde
1170 4256 1374 4304 sanctae
1399 4248 1682 4304 Trinitatis
1701 4248 2009 4305 Ecclesiam

420 4346 609 4392 essent
655 4338 1001 4410 ingressum.
1063 4340 1124 4397 ln
1177 4358 1286 4412 quo
1314 4343 1482 4397 etiam
1541 4350 1884 4399 sacramento
1931 4343 2010 4398 ita

421 4428 691 4496 quondam
719 4429 816 4485 ﬁlii
842 4431 1012 4487 Israel
1054 4432 1201 4489 circa
1260 4433 1674 4489 tabernaculum
1707 4441 2007 4490 castrame-

423 4516 695 4586 tabantur,
753 4529 814 4575 ut
854 4535 921 4576 ex
973 4523 1126 4580 omni
1175 4532 1331 4594 parte
1378 4539 1478 4594 per
1522 4526 1791 4596 quadrum
1838 4532 2010 4580 ternae

421 4609 598 4666 tribus
637 4622 947 4669 manerent.
988 4613 1126 4683 Quia
1168 4615 1445 4687 primitiva
1481 4617 1738 4671 nimirum
1766 4615 2008 4671 Ecclesia

420 4716 540 4770 quae
561 4710 682 4758 erat
716 4703 770 4757 in
789 4702 997 4772 Judzea,
1036 4705 1276 4777 undique
1304 4720 1405 4776 per
1433 4705 1718 4761 circuitum
1766 4705 1850 4761 sui
1887 4719 2009 4760 cre-

422 4791 676 4848 dentibus
707 4801 821 4849 toto
849 4795 981 4852 orbe
1020 4796 1335 4852 nationibus
1386 4796 1650 4867 spiritalia
1688 4796 1799 4851 Deo
1828 4803 2008 4852 castra

421 4893 509 4939 rat
552 4885 609 4941 in
649 4885 755 4942 ﬁde
797 4894 854 4942 et
894 4885 1235 4946 confessione
1259 4897 1462 4944 sanctae
1503 4886 1786 4942 Trinitatis
1809 4886 2005 4942 ﬁxura.

422 4979 592 5036 Porro
636 4981 693 5036 in
734 4995 800 5038 eo
825 4981 970 5052 quod
998 4981 1130 5037 dicit
1157 4996 1174 5036 :
1201 4981 1358 5037 Dedit
1386 4981 1491 5036 illis
1520 4990 1828 5053 potestatem
1853 4978 2009 5050 spiri-

421 5084 568 5129 tuum
601 5075 1016 5143 immundorum,
1066 5084 1124 5130 ut
1152 5075 1394 5146 ejicerent
1427 5092 1534 5142 eos,
1589 5084 1719 5144 etc.,
1769 5075 2007 5133 ostendit

423 5167 568 5236 quod
596 5167 863 5240 benignus
892 5175 949 5222 ct
977 5166 1217 5223 clemens
1245 5167 1506 5223 Dominus
1535 5182 1600 5224 ac
1621 5168 1881 5241 magister
1900 5182 2010 5224 non

421 5257 630 5318 invidet
654 5261 828 5318 servis
862 5269 1024 5333 atque
1049 5260 1328 5333 discipulis
1363 5261 1591 5316 virtutes
1621 5275 1785 5326 suas;
1817 5266 1873 5315 et
1905 5259 2013 5317 sic-

422 5360 484 5406 ut
530 5353 641 5424 ipse
679 5363 967 5412 curaverat
1001 5370 1220 5412 omnem
1258 5355 1575 5426 languorem
1605 5362 1660 5409 et
1688 5368 1904 5408 omnem
1926 5353 2012 5409 in-

422 5443 758 5514 ﬁrmitatem,
789 5445 868 5502 sic
897 5446 1153 5518 apostolis
1173 5446 1286 5503 suis
1317 5445 1507 5501 tribuit
1528 5451 1874 5515 potestatem.
1900 5440 2011 5500 Sed

423 5539 596 5596 multa
644 5539 900 5596 distantia
945 5549 1032 5598 est
1093 5541 1238 5597 inter
1294 5540 1499 5597 habere
1537 5547 1594 5595 et
1651 5539 1894 5605 donare,
1952 5544 2010 5593 et

423 5633 671 5704 accipere
705 5650 721 5691 :
776 5635 897 5701 iste,
939 5635 1298 5706 quodcunque
1339 5635 1472 5707 agit,
1501 5640 1768 5706 potestate
1792 5630 2008 5686 Domini

423 5727 570 5797 agit;
619 5726 716 5795 illi,
767 5727 814 5783 si
863 5730 991 5798 quid
1037 5730 1266 5796 faciunt,
1311 5728 1739 5786 imbecillitatem
1774 5741 1927 5782 suam
1957 5734 2013 5782 et

423 5820 677 5876 virtutem
707 5820 922 5877 Domini
975 5821 1322 5888 conﬁtentur,
1363 5822 1650 5877 dicentes:
1692 5818 1760 5876 In
1805 5818 2012 5877 nomine

430 5908 637 5973 Domini
655 5915 784 5975 Iesu
815 5933 969 5989 surge
998 5927 1046 5974 et
1067 5913 1280 5973 ambula
1311 5911 1449 5986 (Act.
1475 5912 1586 5990 tu).

2109 2045 2271 2102 Petra
2295 2055 2470 2101 autem
2493 2052 2606 2102 erat
2635 2043 2874 2100 Christus
2928 2043 2982 2116 (Ι
3007 2042 3132 2099 Cor.
3162 2043 3246 2116 ι).
3276 2043 3427 2099 Nam
3463 2045 3612 2100 sicut
3631 2045 3714 2098 lu

2105 2156 2229 2194 uera
2254 2137 2506 2194 Christus
2530 2137 2751 2194 donavit
2779 2135 3038 2207 apostolis
3065 2143 3128 2190 ut
3163 2134 3258 2188 luas
3285 2135 3491 2189 mundi
3519 2149 3712 2190 vocen-

2107 2239 2214 2296 tur,
2242 2230 2322 2285 sic
2349 2238 2404 2286 et
2435 2228 2665 2295 Simoni,
2712 2227 2804 2298 qui
2830 2215 3088 2282 credebat
3113 2226 3166 2280 in
3191 2232 3414 2298 petram
3441 2224 3711 2281 Christum

2104 2321 2252 2378 Petri
2270 2321 2496 2392 largitus
2511 2328 2595 2376 est
2615 2334 2832 2374 nomen.
2846 2317 3018 2388 Cujus
3033 2317 3167 2372 alias
3181 2316 3441 2372 alludens
3453 2317 3710 2388 etymolo-

2105 2414 2223 2486 giae,
2241 2413 2375 2469 dixit
2403 2431 2416 2466 :
2449 2411 2528 2466 Tu
2539 2430 2591 2467 es
2606 2409 2796 2466 Petrus
2819 2419 2868 2465 et
2887 2426 3044 2482 super
3057 2410 3193 2463 hanc
3211 2420 3427 2480 petram
3445 2408 3713 2478 aediﬁcabo

2104 2505 2398 2561 Ecclesiam
2418 2521 2586 2572 meant
2609 2503 2824 2576 (Matth.
2854 2502 2989 2575 xvi).
3006 2501 3288 2558 Violenter
3306 2517 3449 2574 ergo
3479 2501 3710 2572 quidam,

2105 2597 2300 2653 Latino
2332 2597 2418 2652 vel
2437 2595 2628 2652 Graeco
2650 2597 2856 2651 nomini
2878 2594 3161 2652 Hebraeam
3185 2602 3515 2666 quaerentes
3544 2596 3712 2664 ἔτυμο-

2104 2689 2296 2762 λοιγίαν,
2311 2688 2499 2743 dicunt
2518 2686 2739 2741 Petrum
2754 2686 3140 2752 dissoluentem,
3155 2686 3272 2742 sive
3286 2684 3710 2748 discalciatus,

2103 2779 2187 2833 vel
2210 2787 2572 2850 agnoscentem
2589 2777 2964 2847 interpretari;
2980 2791 3104 2833 cum
3125 2776 3245 2847 ipsa
3258 2776 3458 2848 lingua
3473 2775 3711 2840 Hebr-sa,

2105 2865 2154 2922 P
2203 2866 2440 2925 litteram
2478 2867 2701 2924 omnino
2748 2882 2858 2923 non
2894 2881 3117 2934 sonans,
3149 2865 3456 2923 Hebraeum
3489 2867 3597 2922 hoc
3628 2879 3715 2920 no-

2106 2975 2231 3015 men
2259 2976 2369 3017 non
2395 2975 2516 3016 esse
2545 2966 2777 3015 testetur
2807 2975 2821 3013 :
2884 2957 3106 3014 abusive
3133 2957 3281 3013 enim
3313 2955 3598 3011 Γειιιηιιι
3629 2970 3716 3028 pro

2108 3050 2292 3118 Petro,
2329 3052 2471 3108 sicut
2501 3059 2558 3106 et
2610 3049 2846 3105 Faulum
2891 3059 2947 3106 et
2991 3048 3256 3116 Filatum,
3314 3065 3425 3120 pro
3471 3048 3714 3106 Postea

2109 3139 2288 3195 Pilato
2311 3141 2632 3206 scribentes,
2648 3139 2913 3196 violenter
2933 3138 3060 3197 ﬁcto
3077 3140 3286 3196 nomini
3311 3139 3526 3196 falsam
3555 3142 3714 3196 inter-

2109 3238 2465 3308 pretationem
2490 3236 2834 3292 subnectunt.
2852 3234 3041 3291 Simon
3063 3242 3246 3290 autem
3273 3235 3539 3290 obediens
3561 3236 3715 3290 inter-

2111 3338 2380 3400 pretatur.
2423 3327 2597 3384 Porro
2625 3327 2874 3384 Andreas
2925 3342 3124 3384 nomen
3159 3325 3425 3384 Graecum
3459 3336 3574 3393 est,
3625 3329 3712 3383 isi

2108 3429 2202 3479 τοῦ
2235 3419 2452 3496 ἀνδρὸς,
2476 3420 2528 3476 id
2565 3428 2648 3476 est
2693 3435 2726 3474 a
2769 3420 2888 3476 viro
2929 3418 3104 3475 virilis
3149 3419 3491 3492 appellatur.
3521 3420 3712 3488 Quibus

2109 3519 2257 3568 recte
2293 3510 2574 3566 vocabulis
2626 3508 2999 3581 apostolorum
3033 3509 3195 3581 primi
3223 3509 3595 3576 decorantur,
3632 3510 3711 3581 qui

2109 3619 2236 3660 mox
2265 3613 2326 3659 ut
2355 3603 2506 3659 illum
2538 3603 2751 3675 Agnum
2777 3603 2875 3658 Dei
2895 3603 3102 3660 dictum
3135 3619 3167 3660 a
3185 3603 3407 3662 Joanne
3434 3621 3699 3678 cognove-

2108 3708 2256 3766 runt,
2281 3714 2404 3755 eum
2425 3698 2612 3754 videre
2646 3707 2704 3753 et
2731 3698 2922 3754 audire
2951 3706 3234 3754 curarunt.
3264 3697 3431 3766 Quod
3457 3715 3600 3756 vero
3637 3700 3710 3755 Si-

2107 3806 2235 3847 mon
2263 3807 2458 3861 ponens
2507 3805 2810 3856 maerorem,
2841 3789 2928 3845 vel
2973 3790 3195 3845 audiens
3235 3790 3525 3845 tristitiam
3555 3792 3708 3845 inter.

2106 3889 2372 3954 pretatur,
2415 3880 2492 3936 illi
2526 3880 2757 3951 tempori
2805 3882 3056 3953 congruit
3095 3881 3336 3952 quando,
3371 3890 3510 3952 post
3539 3897 3707 3937 resur-

2109 3973 2408 4029 rectionem
2434 3972 2552 4027 viso
2575 3972 2826 4038 Domino,
2855 3971 2943 4028 vel
2971 3971 3164 4028 mortis
3183 3971 3331 4026 illius
3354 3971 3450 4028 vel
3478 3987 3597 4027 sua:
3621 3985 3708 4026 ne

2107 4067 2342 4140 gationis
2362 4081 2656 4122 maerorem
2681 4065 2955 4136 deposuit,
2981 4065 3076 4121 sed
3105 4080 3216 4120 sua:
3243 4063 3558 4122 confestim
3583 4079 3710 4119 nmo

2109 4162 2180 4218 tis
2205 4160 2479 4217 tristitiam
2502 4159 2731 4227 audivit,
2769 4159 2987 4216 dicente
3032 4159 3265 4216 Domino
3298 4177 3310 4213 :
3345 4157 3495 4214 Cum
3521 4167 3704 4213 autem

2109 4255 2365 4319 senueris,
2402 4253 2647 4309 extendes
2684 4270 2873 4308 manus
2921 4260 3061 4322 tuas,
3098 4262 3146 4309 et
3185 4252 3327 4309 alius
3369 4262 3426 4308 te
3464 4254 3640 4325 cinget
3668 4262 3709 4306 et

2110 4345 2264 4401 ducet
2289 4362 2392 4417 quo
2423 4362 2529 4400 non
2550 4346 2623 4399 vis
2653 4343 2835 4416 (Joan.
2860 4344 3001 4418 χιι).

2179 4439 2414 4494 Iacobus
2439 4436 2698 4504 Zebeda'i,
2735 4448 2781 4493 et
2807 4437 3040 4494 Joannes
3071 4438 3238 4509 frater
3256 4439 3400 4510 ejus.
3438 4438 3711 4512 (Hieron)

2111 4529 2370 4587 Iacobum
2395 4544 2613 4600 quoque
2639 4529 2932 4600 appellavit
2950 4529 3367 4600 Zebedaei,quia
3389 4539 3452 4585 et
3475 4530 3713 4586 alinsse-

2033 4652 2088 4714 D
2113 4624 2300 4714 quitur
2320 4622 2552 4714 Iacobus
2565 4623 2798 4714 Alpinaei:
2823 4622 2894 4678 Et
2913 4622 3280 4714 apostolorum
3300 4624 3464 4693 paria
3485 4632 3714 4692 utraque

2117 4711 2251 4785 [Al.,
2272 4711 2424 4786 juga]
2456 4713 2752 4770 consociat.
2768 4711 2950 4784 Jungit
2969 4713 3191 4769 Petrum
3210 4723 3266 4770 et
3285 4714 3598 4780 Andream,
3616 4714 3712 4769 fra-

2116 4810 2228 4858 tres
2243 4817 2351 4858 non
2374 4810 2484 4857 tam
2507 4817 2671 4858 carne
2683 4817 2845 4872 quam
2863 4803 3077 4872 spiritu.
3096 4801 3358 4860 Jacobum
3373 4813 3436 4859 et
3449 4803 3712 4860 Joannem

2115 4893 2232 4965 qui,
2283 4903 2496 4965 patrem
2525 4895 2772 4964 corporis
2800 4895 3192 4965 relinquentes,
3243 4910 3444 4951 verum
3496 4895 3712 4951 Patrem

2117 4986 2290 5042 secuti
2329 4995 2472 5043 sunt.
2530 4985 2746 5058 (Beda.)
2774 4985 3008 5043 Jacobus
3036 5001 3170 5042 sane
3225 4995 3281 5042 et
3311 4985 3580 5051 Joannes,
3620 4986 3711 5056 qui

2115 5078 2185 5133 ob
2223 5078 2481 5133 eximium
2510 5077 2728 5134 virtutis
2768 5085 2823 5133 et
2859 5077 3027 5133 animi
3070 5077 3285 5136 culmen
3331 5077 3433 5132 ﬁlii
3466 5077 3710 5144 tonitrni,

2113 5170 2217 5226 hoc
2255 5177 2340 5225 est
2382 5168 2707 5241 Boanerges,
2755 5169 2890 5234 sive,
2927 5178 2989 5224 ut
3032 5169 3372 5226 emendatius
3429 5170 3713 5234 scribitur,

2112 5272 2169 5320 et
2219 5263 2579 5335 Beneragam,
2634 5271 2696 5318 ut
2750 5262 3035 5336 Syriacum
3086 5261 3446 5334 Evangelium
3502 5263 3672 5318 habet
3699 5303 3714 5327 ,

2110 5363 2345 5420 animi:
2402 5357 2554 5411 benai
2619 5355 2783 5426 regesi
2840 5362 2970 5410 sunt
3042 5370 3075 5410 a
3137 5353 3368 5408 Domino
3428 5353 3713 5425 cognomi-

2111 5447 2249 5516 nati,
2301 5456 2365 5504 ut
2406 5448 2464 5503 in
2493 5446 2784 5517 Evangelio
2818 5445 2987 5502 Marci
3015 5445 3278 5516 scriptum
3305 5454 3410 5501 est.
3463 5444 3584 5500 Nec
3606 5446 3712 5498 frn-

2112 5548 2264 5605 stra;
2300 5552 2532 5609 quorum
2577 5552 2720 5593 unus
2747 5551 2779 5592 e
2819 5535 3132 5593 caelestibus
3187 5536 3482 5602 intonsus,
3521 5549 3707 5590 voce

2115 5633 2261 5688 illam
2285 5631 2666 5703 theologicam,
2693 5646 2856 5701 quam
2896 5645 3056 5686 nemo
3079 5629 3233 5701 prius
3259 5629 3423 5685 edere
3452 5635 3704 5692 noverat,

2115 5725 2342 5781 emisit:
2380 5723 2447 5778 In
2491 5723 2746 5795 principia
2787 5733 2897 5778 erat
2938 5721 3184 5788 Verbum,
3231 5732 3281 5777 et
3323 5720 3558 5776 Verbum
3599 5727 3708 5774 erat

2116 5818 2258 5890 apud
2286 5817 2538 5884 Deum,et
2562 5817 2703 5872 Deus
2728 5826 2840 5871 erat
2878 5815 3242 5880 Veroum,etc.
3269 5813 3454 5885 (Joan.
3481 5812 3544 5882 ι).
3579 5813 3707 5878 Qua

2117 5918 2269 5970 tanto
2288 5909 2483 5976 robore
2510 5909 2732 5982 gravida
2758 5908 2998 5980 reliquit,
3015 5916 3074 5966 ut
3095 5906 3144 5967 si
3163 5905 3442 5980 aliquanto
3467 5903 3590 5978 plus
3617 5904 3699 5965 in-
