3914 6470
493 375 590 433 891

1175 372 1237 427 Β.
1276 369 1527 427 RABANI
1567 369 1787 427 ΜΑοΒί
1825 367 2143 425 ARCHIEP.
2183 367 2490 439 MOGUNT.
2526 365 2811 424 OPERUM
2849 366 3030 421 PARS
3068 365 3109 421 l.

3690 368 3795 425 891

508 452 515 455 ν
561 493 674 568 [IL]
714 493 827 547 Hos
852 492 1126 545 duodecim
1156 489 1297 543 misit
1345 489 1500 544 Jesus
1526 530 1541 554 ,
1582 489 1888 559 prwcipiens
1923 498 1969 542 et
1999 488 2075 542 di-
2098 494 2154 561 Α
2177 504 2335 558 gnum
2356 485 2623 540 caelorum.
2646 483 2846 559 (Greg.)
2871 486 3316 557 Appropinquare
3331 488 3799 559 die'tturregnm

488 605 609 645 cens
637 588 731 643 eis.
765 583 1034 659 (Hierom)
1072 581 1623 641 Animadvertendum
1656 590 1737 637 est
1758 582 1899 652 quod
1930 580 2079 636 Scri-

486 690 647 755 ptura
663 677 967 750 evangelica
981 685 1036 732 et
1056 675 1349 745 apostolica
1371 689 1475 729 non
1499 674 1641 729 solos
1664 674 1782 729 illos
1798 674 2081 730 duodecim

492 775 726 846 appellat
753 772 1045 842 discipulos
1070 769 1210 839 ejus,
1243 771 1337 825 sed
1375 786 1563 825 omnes
1593 771 1682 841 qui
1726 770 1778 825 in
1807 785 1929 825 eum
1958 786 2079 825 cre-

491 867 680 922 dentes
704 863 1015 936 magisterio
1043 862 1161 933 ejus
1190 862 1253 916 ad
1284 877 1514 932 regnum
1559 862 1822 916 caelorum
1869 862 2080 921 erudie-

490 961 709 1031 bantur.
752 957 832 1013 Ex
885 970 1115 1027 quorum
1166 953 1509 1008 multitudine
1564 954 1725 1026 elegit
1770 954 2076 1018 duodecim,

483 1068 621 1125 quos
666 1051 939 1124 apostolos
984 1050 1316 1114 nominavit,
1357 1049 1495 1104 sicut
1532 1050 1706 1106 Lucas
1746 1066 2077 1107 commemo-

481 1126 586 1200 rat.
612 1144 840 1216 (MAUR.)
866 1132 1159 1199 Duodecim
1182 1158 1312 1213 ergo
1334 1142 1622 1213 discipulos
1645 1142 1903 1198 Dominus
1923 1141 2080 1199 Jcsus

481 1235 633 1291 misit
660 1236 727 1290 ad
762 1233 1165 1307 praedicandum
1194 1275 1207 1296 ,
1243 1234 1369 1303 quia
1396 1233 1582 1287 multis
1611 1232 1907 1304 ﬁgurarum
1943 1235 2081 1291 indi-

479 1329 582 1384 ciis
596 1328 787 1384 eodem
810 1342 1038 1383 numero
1060 1327 1158 1397 ipsi
1182 1334 1339 1381 antea
1355 1327 1639 1395 praenotati
1665 1337 1788 1381 sunt
1814 1338 1897 1397 apt
1909 1328 2077 1382 issimi

2185 578 2466 641 caelorum,
2489 594 2586 649 per
2621 578 2870 633 collatam
2899 578 3055 633 nobis
3104 577 3263 633 ﬁdem
3305 578 3622 634 invisibilis
3653 596 3799 637 crea-

2183 674 2338 738 toris,
2369 689 2476 728 non
2503 673 2679 742 aliqua
2725 672 2963 727 motione
3008 670 3424 727 elementorum.
3482 670 3631 738 Quia
3658 675 3793 731 enim

2182 765 2427 835 peccanti
2461 765 2664 820 homini
2702 766 2908 820 dictum
2939 774 3022 821 est
3051 784 3063 818 :
3097 764 3259 819 Terra
3298 782 3380 831 es,
3410 774 3463 817 et
3510 766 3569 817 in
3607 776 3790 819 terra:

2181 860 2279 914 ibis
2302 857 2453 932 (Gen.
2482 859 2606 933 ιιι);
2658 860 2761 914 hoc
2810 873 2939 931 ergo
2983 859 3209 929 quisque
3256 866 3343 915 est
3400 858 3561 928 quod
3599 858 3787 927 diligit,

2183 959 2367 1005 contra
2390 948 2569 1018 justus
2599 950 2794 1005 cmlum
2823 958 2907 1005 est
2934 992 2948 1015 ,
2995 949 3087 1019 qui
3118 950 3287 1009 Deum
3313 951 3373 1003 in
3411 965 3476 1003 se
3518 959 3725 1018 portat
3747 960 3789 1005 et

2183 1048 2429 1103 cmlestia
2474 1048 2663 1119 diligit.
2703 1048 2847 1102 Deus
2890 1046 3087 1117 quippe
3133 1047 3221 1115 qui
3254 1046 3782 1113 incircumscriptus,

2182 1149 2233 1195 et
2261 1140 2506 1205 illocalis,
2539 1150 2593 1195 et
2624 1141 2822 1210 ubique
2860 1155 3099 1211 praesens
3137 1140 3343 1194 virtute
3370 1181 3385 1205 ,
3424 1154 3545 1192 non
3580 1154 3783 1209 corp-one

2182 1243 2284 1299 est,
2318 1234 2563 1289 localiter
2596 1242 2776 1288 tamen
2814 1233 2868 1287 in
2904 1233 3015 1287 suis
3063 1233 3307 1287 ambulat
3348 1231 3581 1286 sanctis
3606 1271 3622 1294 ,
3670 1233 3782 1285 sicut

2182 1326 2312 1381 dicit
2339 1344 2353 1381 :
2385 1326 2695 1380 Inltabitabo
2736 1336 2782 1379 et
2813 1325 3148 1380 inambulabo
3178 1325 3236 1379 in
3267 1324 3382 1378 illis
3418 1323 3516 1391 (II
3554 1322 3677 1376 Cor.
3702 1330 3781 1382 nl.

481 1434 602 1475 esse
634 1418 703 1474 ad
733 1417 1151 1489 dispensandum
1182 1417 1358 1471 divina
1391 1418 1665 1488 mysteria.
1691 1417 1755 1472 Hi
1788 1420 1930 1473 enim
1954 1427 2081 1474 sunt
2177 1419 2391 1489 Ipsique
2422 1419 2601 1473 taliter
2648 1420 2848 1474 terreni
2902 1419 3148 1473 homines
3196 1417 3531 1473 efﬁciuntur
3562 1416 3786 1483 ecclesias

471 1512 765 1568 duodecim
798 1511 892 1581 ﬁlii
942 1511 1055 1566 veri
1090 1511 1255 1566 Iacob
1285 1510 1438 1581 (Gen.
1470 1510 1676 1580 xxxv);
1708 1511 1762 1565 hi
1795 1512 2076 1567 duodecim
2138 1588 2143 1593 ι
2180 1515 2376 1585 angeli.
2427 1514 2646 1569 Talibus
2695 1515 2839 1568 enim
2886 1514 3148 1568 Dominus
3191 1513 3326 1567 dicit
3355 1531 3370 1565 :
3428 1510 3680 1582 Regnum
3710 1509 3784 1563 Dei

478 1604 758 1674 principes
784 1603 957 1673 plebis
982 1603 1146 1659 Israel
1175 1602 1365 1677 (Nam.
1399 1605 1440 1677 ι)
1468 1621 1481 1669 ;
1511 1605 1564 1658 hi
1597 1605 1876 1659 duodecim
1903 1606 2077 1662 fontes
2178 1605 2319 1658 intra
2352 1620 2438 1659 vos
2482 1614 2559 1658 est
2604 1603 2755 1675 (Luc.
2788 1620 2929 1667 xvu;
2964 1603 3127 1659 Joan.
3160 1603 3313 1676 xxv);
3376 1611 3439 1658 et
3482 1604 3567 1661 ita
3595 1604 3783 1658 delum

484 1696 685 1764 reperti
734 1696 789 1750 in
824 1695 961 1750 Elim
991 1696 1190 1767 (Exod.
1221 1694 1341 1767 xv);
1380 1696 1433 1751 hi
1474 1696 1754 1752 duodecim
1802 1707 1976 1752 castra
2012 1700 2077 1754 de

482 1788 743 1846 Ramesse
781 1805 953 1859 usque
987 1790 1113 1845 Sina
1149 1789 1347 1863 (Exod.
1379 1789 1512 1861 xu);
1543 1791 1595 1845 1ιί
1625 1791 1905 1847 duodecim
1937 1793 2073 1867 lapi-

2181 1697 2294 1751 cazli
2320 1697 2502 1752 vocari
2531 1706 2778 1767 possunt,
2809 1697 2901 1767 qui
2925 1713 3048 1752 eum
3072 1696 3177 1751 ﬁde
3202 1697 3458 1752 retinent
3486 1704 3547 1750 et
3579 1695 3783 1767 diligant

2180 1789 2465 1844 charitate.
2501 1790 2565 1843 Et
2588 1790 2781 1858 quibus
2806 1790 2948 1843 idem
2993 1789 3264 1858 promittit
3293 1788 3482 1842 Filius
3512 1788 3661 1857 quod
3684 1802 3779 1840 eam

475 1877 571 1934 des
618 1880 673 1934 in
700 1888 849 1936 veste
880 1880 1177 1936 sacerdotis
1207 1880 1403 1952 (Exod.
1437 1880 1660 1954 xxviii);
1704 1882 1758 1935 hi
1788 1882 2071 1938 duodecim
2100 1875 2147 1937 B
2175 1877 2336 1934 Patre
2368 1888 2421 1934 et
2458 1878 2662 1950 Spiritu
2693 1889 2883 1935 saneto
2903 1877 3087 1934 ad'cos
3110 1879 3316 1943 veniat,
3342 1888 3405 1934 et
3434 1880 3694 1948 apudeos
3717 1877 3776 1929 t2-

473 1987 643 2042 panes
660 1973 1045 2043 propositionis
1076 1971 1426 2043 (Levit.xxtv)
1452 1990 1466 2037 ;
1502 1973 1554 2027 hi
1584 1973 1866 2029 duodecim
1891 1976 2073 2046 explo-

472 2058 686 2119 ratores
706 2064 854 2119 missi
882 2081 911 2118 a
930 2064 1110 2135 Moyse
1133 2064 1311 2135 (Deut.
1343 2081 1391 2130 1;
1419 2062 1534 2118 Jos.
1562 2064 1679 2136 ιιι);
1709 2065 1765 2119 1ιί
1789 2067 2072 2122 duodecim

473 2155 642 2211 duces
688 2157 868 2227 populi
920 2165 1121 2211 terram
1168 2156 1396 2226 ingressi
1437 2156 1665 2228 (Ibid.);
1700 2158 1752 2211 hi
1787 2157 2070 2213 duodecim

472 2245 683 2316 lapides
709 2247 898 2304 altaris
924 2247 1062 2321 (Jos.
1088 2248 1196 2320 1v);
1224 2248 1278 2302 bi
1310 2248 1589 2302 duodecim
1614 2247 1817 2318 lapides
1854 2250 1919 2303 de
1946 2248 2070 2304 Jor—

474 2340 615 2396 dane
643 2341 836 2398 elevati
867 2341 1086 2414 (Ibid.);
1121 2342 1175 2396 bi
1202 2342 1486 2396 duodecim
1509 2342 1715 2411 lapides
1737 2340 1790 2396 in
1821 2344 2071 2397 eumdem

473 2432 623 2488 allati
654 2433 878 2507 (Ibid.);
905 2436 959 2491 hi
985 2436 1266 2491 duodecim
1295 2437 1459 2492 duces
1490 2435 1795 2493 Salomonis
1823 2436 1910 2509 (II
1939 2436 2067 2509 Reg.

475 2524 584 2597 Iv);
612 2525 670 2580 1ιί
696 2526 976 2582 duodecim
1004 2527 1168 2605 boves
1196 2527 1296 2606 sub
1318 2526 1454 2581 mari
1480 2542 1629 2581 aeneo
1655 2526 1707 2598 (Ι
1712 2527 1739 2579 I
1747 2526 1774 2580 Ι
1800 2526 1927 2598 Reg.
1946 2526 2067 2600 vn);

472 2617 535 2672 1ιί
563 2617 845 2674 duodecim
876 2619 1108 2676 leunculi
1140 2619 1192 2673 in
1225 2620 1418 2674 throno
1446 2616 1751 2674 Salomonis
1780 2618 1901 2691 (III
1938 2618 2066 2690 Reg.

474 2706 566 2780 x);
604 2709 658 2763 hi
688 2709 969 2765 duodecim
1000 2710 1167 2766 stellae
1192 2711 1245 2765 in
1270 2725 1469 2766 corona
1492 2725 1703 2781 sponsre
1735 2709 1918 2781 (Apoc.
1944 2708 2065 2779 xu);

471 2799 528 2857 hi
572 2804 854 2859 duodecim
885 2802 1233 2859 fundamenta
1280 2804 1464 2877 (Apoc.
1499 2803 1643 2874 XXI);
1694 2803 1748 2858 hi
1778 2802 2085 2858 duodecim

472 2902 645 2964 porta:
699 2894 936 2949 civitatis
983 2893 1079 2949 Dei
1132 2893 1351 2967 (Ibid.);
1403 2894 1459 2948 hi
1527 2893 1807 2950 duodecim
1856 2908 2070 2948 menses

472 2984 600 3038 anni
632 2982 817 3055 (Apoc.
843 2985 982 3057 χχιι)
1008 3002 1021 3053 ;
1053 2986 1109 3040 1ιί
1152 2984 1433 3041 duodecim
1477 2985 1626 3039 horae
1649 2985 1753 3039 diei
1780 3001 1794 3050 ;
1826 2983 1917 3039 isti
1946 2992 2070 3038 sunt

475 3078 683 3148 sagitta:
710 3079 887 3134 missae
915 3079 978 3133 de
1002 3095 1162 3133 manu
1191 3078 1413 3149 potentis
1452 3078 1507 3131 in
1547 3078 1706 3132 corda
1737 3078 2067 3132 inimicorum

471 3170 607 3239 regis
640 3168 814 3239 (Psal.
841 3168 1010 3244 xuv).
1040 3169 1144 3227 Per
1160 3172 1262 3226 hos
1284 3170 1548 3225 Paciﬁcus
1573 3178 1758 3226 noster
1786 3169 2071 3227 debellavit

473 3250 662 3317 mundi
684 3263 1076 3335 principem,et
1104 3279 1231 3320 vasa
1262 3263 1378 3334 ejus
1406 3261 1647 3333 diripuit.
1671 3262 1810 3330 Quid
1840 3277 1968 3332 ergo
1988 3261 2068 3317 eis

474 3359 605 3410 tunc
629 3355 950 3426 praecipiens
980 3355 1196 3419 dixerit,
1229 3354 1513 3409 audiamus
1548 3372 1560 3406 :

544 3442 613 3498 In
644 3447 783 3499 viam
806 3446 1034 3517 gentium
1060 3464 1122 3500 ne
1150 3446 1404 3511 obieritis,
1452 3454 1498 3499 et
1527 3446 1581 3498 in
1620 3443 1850 3498 civitates
1879 3442 2068 3498 Sama—

474 3535 769 3605 ritanorum
797 3554 861 3592 ne
889 3538 1225 3592 intraveritis.
1265 3536 1372 3593 Sed
1401 3537 1575 3607 potius
1609 3536 1679 3589 ite
1707 3536 1775 3589 ad
1813 3551 1928 3590 oves
1952 3552 2069 3608 qua:

472 3628 739 3701 perierunt
768 3628 953 3695 domus
983 3628 1169 3683 Israel.
1199 3628 1472 3701 (Hierom)
1511 3627 1629 3683 Non
1654 3635 1737 3683 est
1764 3627 2070 3683 contrarius

473 3716 627 3775 locus
666 3720 770 3775 iste
797 3720 847 3776 ei
874 3731 1145 3793 praecepto
1172 3722 1313 3794 quod
1361 3730 1549 3792 postea
1600 3722 1837 3777 dicitur:
1872 3718 2069 3775 Euntes

477 3812 655 3867 docete
680 3829 857 3885 omnes
879 3824 1075 3886 gentes,
1102 3814 1424 3889 baptizantes
1445 3830 1530 3869 eos
1552 3814 1605 3868 in
1634 3814 1840 3881 nomine
1866 3810 2067 3877 Patris,

476 3912 526 3958 et
553 3900 705 3979 Filii,
741 3913 789 3959 et
822 3903 1054 3975 Spiritus
1084 3906 1255 3960 sancti
1301 3904 1513 3976 (Matth.
1535 3906 1749 3977 xxvm).
1793 3905 1929 3973 Quia
1966 3905 2070 3959 hoc

476 4003 602 4050 ante
639 3997 1095 4069 resurrectionem
1131 4005 1461 4068 praeceptum
1511 4006 1630 4063 est,
1687 4006 1742 4052 et
1788 3995 2071 4066 oportebat

471 4087 707 4157 primum
736 4086 1022 4142 adventum
1050 4087 1251 4143 Christi
1284 4088 1595 4142 annuntiari
1620 4087 1852 4155 Judmis,
1877 4102 1946 4143 ne
1986 4085 2073 4157 ju-

477 4174 619 4232 Stam
654 4177 919 4232 haberent
946 4179 1375 4251 excusationem,
1401 4180 1648 4235 dicentes
1674 4179 1795 4234 ideo
1818 4195 1875 4234 se
1900 4178 2070 4234 Deum

476 4268 733 4338 rejecisse
762 4270 889 4339 quia
917 4269 984 4325 ad
1010 4279 1197 4341 gentes
1222 4281 1277 4326 et
1305 4271 1371 4327 ad
1404 4270 1778 4339 Samaritanos
1799 4271 2074 4342 apostolos

478 4361 711 4417 miserit.
748 4362 820 4420 Ut
868 4362 1074 4419 scilicet
1103 4364 1257 4434 prius
1306 4379 1335 4417 a
1358 4361 1543 4419 Judaea
1585 4363 1952 4434 apostolorum
1980 4379 2071 4419 re-

476 4455 629 4528 pulsa
676 4456 1010 4526 prtedicatio,
1051 4464 1176 4512 tunc
1220 4455 1376 4511 nobis
1425 4456 1479 4510 in
1523 4454 1847 4524 adjutorium
1896 4454 2069 4523 ﬁeret,

476 4561 601 4602 cum
639 4547 779 4603 hanc
808 4548 897 4617 illa
928 4547 995 4602 ad
1036 4547 1401 4603 damnationis
1445 4562 1555 4602 suae
1581 4547 1947 4602 testimonium
1979 4562 2072 4601 su-

480 4642 649 4713 perba
676 4641 982 4712 repulisset.
1020 4636 1221 4713 (Greg.)
1249 4640 1321 4696 Ut
1350 4638 1476 4694 dum
1514 4639 1602 4693 illa
1626 4628 2075 4695 convertivocata

478 4743 751 4800 renueret,
778 4734 1161 4804 praedicatores
1183 4733 1354 4788 sancti
1378 4730 1445 4786 ad
1471 4732 1808 4787 vocationem
1832 4732 2073 4803 gentium

477 4844 575 4900 per
605 4828 852 4884 ordinem
882 4828 1148 4882 venirent.
1181 4825 1457 4892 Quatenus
1493 4825 1874 4895 Redemptoris
1900 4824 2075 4880 nostri

477 4919 811 4995 praedicatio,
839 4933 870 4973 a
898 4917 1134 4990 propriis
1163 4917 1643 4989 repulsa,gentiles
1673 4916 1896 4987 pepulos
1918 4915 2072 4986 quasi

477 5000 772 5071 extraneos
799 5020 1089 5084 quaereret,
1124 5018 1179 5066 et
1206 5012 1347 5083 quod
1393 5009 1593 5066 Judmae
1634 5010 1798 5066 ﬁebat
1835 5010 1888 5064 in
1918 5009 2073 5064 testi-

479 5106 752 5179 monium,
796 5104 902 5159 hoc
960 5101 1209 5175 gentibus
1250 5102 1437 5173 gratiae
1486 5109 1629 5158 esset
1679 5101 2073 5157 incrementum

481 5195 751 5271 (llieron.)
783 5194 943 5251 Juxta
992 5195 1347 5268 tropologiam
1386 5210 1517 5252 vero
1545 5195 1855 5267 praecipitur
1893 5195 2068 5259 nobis,

481 5289 576 5359 qui
605 5289 809 5347 Christi
834 5306 1119 5367 censemur
1152 5291 1392 5357 nomine,
1422 5307 1491 5347 ne
1522 5292 1579 5346 in
1627 5292 1714 5346 via
1743 5292 1984 5364 gentium
2017 5297 2073 5346 et

479 5381 859 5440 haereticorum
900 5385 1238 5442 ambulemus
1271 5401 1477 5449 errore,
1527 5392 1588 5438 ut
1614 5399 1843 5454 quorum
1883 5383 2070 5454 religio

481 5486 732 5548 separata
778 5480 869 5544 sit,
916 5490 1194 5553 separetur
1241 5490 1293 5535 et
1324 5482 1455 5535 vita.
1489 5478 1717 5553 (ΜΑιιιι.)
1757 5478 1870 5534 lmo
1896 5479 2069 5550 magis

481 5579 790 5643 satagamus
836 5580 898 5628 ut
936 5575 1241 5645 quicunque
1293 5580 1558 5639 nostrum,
1594 5572 1646 5626 id
1695 5580 1778 5625 est
1809 5571 2067 5638 ﬁdelium,

480 5662 633 5755 gravi
664 5663 858 5733 delicto
886 5665 953 5720 ab
976 5664 1233 5721 Ecclesiae
1269 5664 1542 5720 domicilio
1573 5664 1933 5730 recesserint,
1973 5678 2069 5735 per

476 5757 807 5832 pmnitentize
830 5758 1126 5812 lamentum
1149 5756 1342 5811 iterum
1371 5757 1438 5811 ad
1469 5756 1638 5826 ipsam
1682 5756 1924 5811 redeant.
2012 5816 2019 5821 _

494 5836 505 5843 ’
550 5848 748 5919 Euntes
772 5848 1078 5909 urwdicate.
1110 5848 1336 5907 dicentes
1362 5863 1380 5905 .'
1413 5848 1553 5922 Quia
1580 5850 1965 5929 appropinquat
1990 5869 2043 5910 re

2099 4608 2154 4669 D

2088 5950 2178 5970 των-ιθ

2177 1971 2287 2024 ciat
2321 1971 2678 2025 mansionem.
2713 1970 2882 2025 Recte
2910 1971 3054 2025 enim
3082 1969 3196 2023 cceli
3237 1978 3550 2032 vocantur,
3591 1967 3647 2021 in
3687 1968 3777 2037 qui-

2174 2062 2276 2117 bus
2288 2062 2430 2117 Deus
2450 2062 2721 2132 prmsidet.

2246 2154 2497 2223 lnﬁrmos
2526 2165 2726 2220 curate,
2753 2164 2986 2208 mortuos
3027 2154 3280 2207 suscitate
3300 2194 3316 2217 ,
3364 2151 3620 2223 leprosos
3651 2169 3771 2205 ms-

2173 2249 2314 2313 date,
2346 2250 2607 2304 dwmones
2655 2250 2868 2319 ejicite:
2898 2249 3063 2319 gratis
3102 2248 3409 2317 accepistis,
3436 2250 3619 2317 gratis
3656 2248 3767 2301 date.

2173 2340 2251 2395 Ne
2278 2340 2587 2396 hominibus
2612 2341 2921 2404 rusticanis,
2949 2348 3003 2394 et
3019 2338 3221 2409 absque
3242 2338 3464 2409 eloquii
3490 2348 3767 2401 venustate.

2174 2434 2405 2489 indoctis
2434 2443 2487 2489 et
2520 2434 2814 2489 illitteratis
2838 2448 2996 2489 nemo
3017 2433 3288 2497 crederet,
3321 2448 3506 2501 regna
3538 2433 3767 2487 clrior-ua

2171 2526 2552 2598 pollicentibus
2583 2526 2732 2582 dedit
2774 2532 3095 2597 potestatem
3148 2524 3407 2579 inﬁrmos
3460 2522 3767 2587 curareJe

2171 2635 2364 2691 prosos
2394 2620 2655 2675 mundare
2680 2661 2694 2685 ,
2718 2619 2990 2674 daemones
3017 2619 3216 2690 ejicere
3238 2661 3253 2683 ,
3288 2627 3345 2673 et
3374 2627 3591 2674 caetera
3627 2620 3768 2672 virtu-

2172 2721 2285 2769 tum
2318 2731 2483 2785 opera
2534 2716 2756 2782 faeere,
2806 2725 2865 2770 ut
2902 2716 3331 2788 magnitudinem
3384 2716 3766 2786 promissorum

2171 2808 2427 2877 probaret
2451 2809 2765 2880 magnitudo
2792 2809 3087 2880 signorum,
3124 2808 3400 2877 ﬁdemque
3423 2808 3617 2863 verbis
3642 2808 3771 2861 daret

2173 2900 2346 2956 virtus
2381 2911 2621 2968 ostensa,
2656 2910 2710 2957 et
2740 2916 2879 2955 nova
2922 2882 3164 2959 lacerent
3202 2900 3297 2970 qui
3338 2914 3492 2954 nova
3530 2899 3769 2973 pradica-

2173 3000 2314 3046 rent.
2348 2992 2502 3048 Unde
2532 3009 2677 3047 nunc
2723 2998 2940 3063 quoque
2967 3007 3090 3045 cum
3140 2989 3384 3045 ﬁdelium
3424 2991 3770 3047 numerositas

2173 3084 2416 3139 excrevit
2444 3125 2458 3150 ,
2512 3084 2655 3138 intra
2705 3092 2947 3138 sanctam
3000 3081 3301 3136 Eeclesiam
3342 3081 3508 3135 multi
3548 3092 3669 3135 sunt
3695 3080 3769 3152 qui

2172 3175 2337 3228 vitam
2366 3176 2621 3230 virtutum
2654 3182 2839 3230 tenent
2861 3182 2915 3228 et
2938 3174 3088 3245 signa
3112 3174 3383 3226 virtutum
3419 3190 3524 3226 non
3546 3172 3771 3231 habent;

2172 3268 2298 3338 quia
2340 3267 2541 3323 frustra
2592 3268 2914 3322 miraculum
2959 3265 3105 3323 foras
3158 3264 3518 3329 ostenditur,
3546 3264 3593 3318 si
3630 3264 3770 3318 det-st

2172 3361 2315 3431 quod
2361 3361 2506 3416 intus
2558 3369 2831 3431 operetur.
2870 3359 3098 3432 (Μωιι.)
3149 3357 3283 3412 Nam
3327 3358 3495 3428 juxta
3546 3359 3766 3428 magistri

2173 3454 2411 3522 gentium
2460 3470 2671 3519 vocem,
2709 3454 2903 3524 lingua:
2944 3453 2997 3506 in
3041 3453 3246 3523 signum
3294 3462 3421 3505 sunt
3457 3452 3761 3509 inﬁdelibus

2173 3558 2279 3598 non
2312 3542 2588 3608 ﬁdelibus;
2624 3552 2863 3598 attamen
2909 3551 3094 3597 sancta
3126 3541 3373 3597 Ecclesia
3412 3544 3663 3611 quotidie
3684 3543 3765 3611 spi-

2172 3634 2407 3691 ritaliter
2453 3635 2585 3690 facit
2612 3635 2754 3706 quod
2806 3644 2935 3689 tunc
2973 3650 3068 3706 per
3107 3634 3385 3703 apostolos
3423 3636 3764 3706 corporaliter

2174 3729 2426 3786 faciebat.
2454 3730 2591 3785 Nam
2651 3731 2894 3785 inﬁrmos
2934 3738 3107 3793 curat,
3160 3744 3282 3783 cum
3326 3742 3431 3798 per
3474 3730 3765 3784 sacer-Mes

2177 3838 2304 3878 suos
2338 3822 2457 3877 oleo
2492 3830 2707 3877 sacrato
2752 3821 3091 3875 inﬁrmantes
3130 3819 3431 3891 perungit,
3487 3820 3545 3874 in
3574 3821 3766 3875 nomine

2176 3914 2411 3978 Domini,
2460 3913 2619 3968 simul
2668 3921 2723 3969 et
2760 3913 3061 3969 orationem
3091 3927 3191 3982 pro
3213 3912 3294 3966 eis
3345 3912 3419 3965 ad
3458 3911 3633 3967 Deum
3660 3912 3765 3965 in-

2177 4005 2312 4060 dens
2341 4013 2399 4059 ut
2428 4004 2694 4074 recipiant
2721 4005 3041 4060 sanitatem:
3066 4020 3164 4060 nec
3188 4020 3293 4059 non
3319 4003 3378 4058 in
3404 4015 3612 4060 castora
3630 4002 3767 4059 tiu-lia

2179 4098 2419 4155 ﬁdelium
2465 4099 2609 4154 idem
2646 4098 2830 4155 facere
2876 4100 3056 4165 solet,
3096 4114 3220 4153 cum
3251 4098 3542 4169 quoslibet
3588 4117 3619 4153 a
3646 4108 3767 4153 stata

2176 4190 2306 4246 boni
2337 4191 2515 4260 operis
2558 4190 2825 4246 inﬁrmari
2856 4192 3142 4262 conspicit,
3172 4191 3262 4261 pia
3291 4192 3684 4247 exhortatione
3703 4202 3766 4244 at

2176 4295 2284 4352 que
2310 4281 2558 4352 exemplo
2585 4297 2678 4338 eos
2712 4282 2780 4337 ad
2804 4290 3003 4337 statum
3034 4282 3323 4352 pristinum
3352 4298 3625 4353 reparare
3646 4292 3766 4337 sata-

2179 4375 2275 4445 git.
2322 4374 2563 4431 Mortuos
2592 4391 2808 4446 quoque
2835 4375 3083 4441 suscitat,
3121 4391 3245 4429 cum
3296 4375 3387 4429 vel
3436 4376 3692 4431 inﬁdeles
3716 4375 3766 4429 ad

2172 4467 2339 4524 ﬁdem
2381 4478 2674 4535 convocat,
2714 4469 2800 4524 vel
2849 4470 3091 4539 peccatis
3120 4478 3369 4525 mortuos
3411 4470 3487 4524 ad
3516 4470 3767 4540 paeniten-

2177 4560 2311 4615 tiam
2357 4570 2412 4616 et
2457 4562 2524 4616 ad
2575 4562 2895 4617 exercitium
2938 4562 3197 4617 virtutum
3240 4561 3474 4616 excitat.
3518 4561 3767 4633 Leprosns

2180 4652 2439 4718 mundat,
2495 4669 2616 4707 cum
2648 4653 2815 4708 variis
2862 4669 3112 4709 errorum
3157 4652 3391 4709 maculis
3423 4669 3683 4723 aspersas
3713 4656 3767 4706 ad

2177 4745 2445 4799 unitatem
2496 4744 2619 4800 ﬁdei
2662 4752 2718 4800 et
2758 4746 2825 4799 ad
2875 4746 3168 4815 puritatem
3210 4745 3467 4800 veritatis
3518 4747 3767 4802 deducere

2177 4852 2285 4892 non
2316 4846 2512 4892 cessat.
2546 4836 2830 4893 Daamones
2855 4836 3022 4906 ejicit,
3051 4852 3172 4892 cum
3204 4852 3301 4907 per
3333 4837 3638 4893 exorcismi
3660 4853 3765 4909 gn-

2177 4931 2307 4985 tiam
2339 4930 2407 4985 ab
2432 4931 2669 4985 obsessis
2693 4930 3003 4986 hominibus
3032 4945 3126 4985 eos
3161 4930 3419 5000 expellit,
3446 4945 3553 4986 nec
3585 4934 3641 4987 in
3670 4930 3766 4984 illo-

2174 5037 2295 5077 rum
2326 5022 2600 5077 mentibus
2628 5023 2894 5094 maliguos
2922 5023 3144 5092 spiritus
3176 5022 3454 5079 dominari
3494 5024 3765 5094 permittit.

2177 5110 2451 5185 (Hieron.)
2480 5113 2587 5167 Sed
2614 5114 2740 5182 quia
2762 5129 2977 5183 semper
3003 5115 3142 5168 dona
3172 5114 3467 5183 spiritalia,
3495 5117 3544 5171 si
3573 5130 3766 5171 meroes

2176 5203 2353 5258 media
2386 5205 2475 5270 sit,
2505 5204 2694 5260 viliora
2728 5203 2883 5268 ﬁunt,
2913 5205 3221 5276 adjungitur
3243 5208 3496 5265 avaritia:
3529 5208 3767 5264 condem-

2175 5294 2343 5348 natio.
2377 5292 2587 5363 Gratis,
2640 5295 2848 5367 inquit,
2897 5298 3189 5368 accepistis,
3236 5300 3404 5368 gratis
3450 5299 3597 5356 date.
3630 5300 3766 5355 Acsi

2174 5395 2360 5456 aperte
2383 5387 2563 5442 dicat:
2598 5387 2708 5459 Ego
2737 5387 2993 5460 magister
3031 5396 3087 5442 et
3124 5389 3389 5445 Dominus
3420 5390 3634 5465 absque
3661 5405 3767 5462 pre-

2178 5481 2252 5536 tio
2276 5481 2379 5536 hoc
2405 5482 2567 5536 tribui
2594 5482 2764 5550 vobis,
2793 5490 2847 5537 et
2872 5498 2969 5538 vos
2996 5483 3115 5540 sine
3136 5483 3312 5555 pretio
3337 5483 3487 5549 date,
3505 5500 3581 5541 ne
3608 5486 3767 5540 Evan-

2177 5574 2298 5646 gelii
2330 5574 2501 5645 gratia
2534 5583 2935 5645 corrumpatur.

2248 5664 2380 5738 [HL]
2425 5665 2603 5720 Nolite
2631 5666 2895 5737 possidere
2926 5683 3137 5735 aurum,
3165 5683 3331 5739 neque
3358 5678 3664 5739 argentum,
3694 5684 3771 5721 ηρ»

2172 5778 2271 5833 que
2297 5760 2572 5832 pecuniam
2600 5758 2656 5812 iu
2680 5759 2828 5814 zonis
2854 5760 3059 5826 vestris,
3076 5775 3179 5813 non
3198 5775 3379 5830 peram
3405 5758 3465 5812 in
3492 5760 3771 5829 simne-que

2174 5853 2307 5910 duas
2322 5853 2547 5924 tunicas,
2564 5867 2726 5927 neque
2751 5850 3124 5925 calceamenta,
3141 5852 3548 5937 nequervirgarn.
3567 5851 3769 5933 Dignus
