  <div class='ocr_page' id='page_1' title='image "/cluster/home/n/w/nwhite01/storage/ocr_20150623/107/hvd.32044015466832/452.png"; bbox 0 0 3914 6466; ppageno 0'>
   <div class='ocr_carea' id='block_1_1' title="bbox 188 303 279 365">
    <p class='ocr_par' dir='ltr' id='par_1_1' title="bbox 188 303 279 365">
     <span class='ocr_line' id='line_1_1' title="bbox 188 303 279 365; baseline -0.022 0"><span class='ocrx_word' id='word_1_1' title='bbox 188 303 279 365; x_wconf 80' lang='lat'><strong>893</strong></span> 
     </span>
    </p>
   </div>
   <div class='ocr_carea' id='block_1_2' title="bbox 1127 293 2465 382">
    <p class='ocr_par' dir='ltr' id='par_1_2' title="bbox 1127 293 2465 382">
     <span class='ocr_line' id='line_1_2' title="bbox 1127 293 2465 382; baseline -0.001 -28"><span class='ocrx_word' id='word_1_2' title='bbox 1127 295 1479 382; x_wconf 68' lang='lat' dir='ltr'><strong>conisum.</strong></span> <span class='ocrx_word' id='word_1_3' title='bbox 1519 295 1585 351; x_wconf 79' lang='lat' dir='ltr'><strong>1N</strong></span> <span class='ocrx_word' id='word_1_4' title='bbox 1626 293 2063 357; x_wconf 59' lang='lat' dir='ltr'><strong>nummum.</strong></span> <span class='ocrx_word' id='word_1_5' title='bbox 2104 327 2175 337; x_wconf 89' lang='grc'><strong><em>-</em></strong></span> <span class='ocrx_word' id='word_1_6' title='bbox 2211 295 2339 353; x_wconf 79' lang='lat' dir='ltr'><strong>ue.</strong></span> <span class='ocrx_word' id='word_1_7' title='bbox 2378 295 2465 363; x_wconf 80' lang='lat' dir='ltr'><strong>ut.</strong></span> 
     </span>
    </p>
   </div>
   <div class='ocr_carea' id='block_1_3' title="bbox 3338 304 3442 365">
    <p class='ocr_par' dir='ltr' id='par_1_3' title="bbox 3338 304 3442 365">
     <span class='ocr_line' id='line_1_3' title="bbox 3338 304 3442 365; baseline 0.048 -5"><span class='ocrx_word' id='word_1_8' title='bbox 3338 304 3442 365; x_wconf 68' lang='lat'><strong>894</strong></span> 
     </span>
    </p>
   </div>
   <div class='ocr_carea' id='block_1_4' title="bbox 188 411 3444 489">
    <p class='ocr_par' dir='ltr' id='par_1_4' title="bbox 188 411 3444 489">
     <span class='ocr_line' id='line_1_4' title="bbox 188 411 3444 489; baseline -0.002 -12"><span class='ocrx_word' id='word_1_9' title='bbox 188 428 257 478; x_wconf 85' lang='lat' dir='ltr'><strong>est</strong></span> <span class='ocrx_word' id='word_1_10' title='bbox 278 419 412 474; x_wconf 81' lang='lat' dir='ltr'><strong>enim</strong></span> <span class='ocrx_word' id='word_1_11' title='bbox 443 416 713 489; x_wconf 76' lang='lat' dir='ltr'><strong><em>operarius</em></strong></span> <span class='ocrx_word' id='word_1_12' title='bbox 758 415 871 470; x_wconf 84' lang='lat' dir='ltr'><strong>cibo</strong></span> <span class='ocrx_word' id='word_1_13' title='bbox 901 430 1017 469; x_wconf 91' lang='lat' dir='ltr'><strong>suo.</strong></span> <span class='ocrx_word' id='word_1_14' title='bbox 1043 412 1450 484; x_wconf 88' lang='lat' dir='ltr'><strong>Consequenter</strong></span> <span class='ocrx_word' id='word_1_15' title='bbox 1475 414 1590 467; x_wconf 70' lang='lat' dir='ltr'><strong>haec</strong></span> <span class='ocrx_word' id='word_1_16' title='bbox 1620 427 1756 483; x_wconf 75' lang='lat' dir='ltr'><strong>prze-</strong></span> <span class='ocrx_word' id='word_1_17' title='bbox 1781 415 1835 475; x_wconf 82' lang='lat' dir='ltr'><strong>A</strong></span> <span class='ocrx_word' id='word_1_18' title='bbox 1862 420 1995 466; x_wconf 92' lang='lat' dir='ltr'><strong>tum.</strong></span> <span class='ocrx_word' id='word_1_19' title='bbox 2038 411 2188 479; x_wconf 84' lang='lat' dir='ltr'><strong>Quod</strong></span> <span class='ocrx_word' id='word_1_20' title='bbox 2247 414 2321 466; x_wconf 86' lang='lat' dir='ltr'><strong>ita</strong></span> <span class='ocrx_word' id='word_1_21' title='bbox 2365 411 2594 467; x_wconf 80' lang='lat' dir='ltr'><strong>solvitur</strong></span> <span class='ocrx_word' id='word_1_22' title='bbox 2620 453 2636 479; x_wconf 94' lang='lat'><strong>,</strong></span> <span class='ocrx_word' id='word_1_23' title='bbox 2676 419 2737 467; x_wconf 91' lang='lat' dir='ltr'><strong>ut</strong></span> <span class='ocrx_word' id='word_1_24' title='bbox 2784 411 3152 486; x_wconf 73' lang='lat' dir='ltr'><strong>intelligamus</strong></span> <span class='ocrx_word' id='word_1_25' title='bbox 3193 416 3294 471; x_wconf 88' lang='lat' dir='ltr'><strong>sub</strong></span> <span class='ocrx_word' id='word_1_26' title='bbox 3339 416 3444 472; x_wconf 88' lang='lat' dir='ltr'><strong>alia</strong></span> 
     </span>
    </p>
   </div>
   <div class='ocr_carea' id='block_1_5' title="bbox 188 504 1761 586">
    <p class='ocr_par' dir='ltr' id='par_1_5' title="bbox 188 504 1761 586">
     <span class='ocr_line' id='line_1_5' title="bbox 188 504 1761 586; baseline -0.009 -15"><span class='ocrx_word' id='word_1_27' title='bbox 188 513 308 586; x_wconf 90' lang='lat' dir='ltr'><strong>cipit</strong></span> <span class='ocrx_word' id='word_1_28' title='bbox 326 507 849 583; x_wconf 83' lang='lat' dir='ltr'><strong>evangelizatoribus</strong></span> <span class='ocrx_word' id='word_1_29' title='bbox 869 506 1134 571; x_wconf 78' lang='lat' dir='ltr'><strong>veritatis,</strong></span> <span class='ocrx_word' id='word_1_30' title='bbox 1158 506 1355 577; x_wconf 86' lang='lat' dir='ltr'><strong>quibus</strong></span> <span class='ocrx_word' id='word_1_31' title='bbox 1379 514 1504 559; x_wconf 92' lang='lat' dir='ltr'><strong>ante</strong></span> <span class='ocrx_word' id='word_1_32' title='bbox 1524 504 1761 561; x_wconf 89' lang='lat' dir='ltr'><strong>dixerat:</strong></span> 
     </span>
    </p>
   </div>
   <div class='ocr_carea' id='block_1_6' title="bbox 187 599 1762 673">
    <p class='ocr_par' dir='ltr' id='par_1_6' title="bbox 187 599 1762 673">
     <span class='ocr_line' id='line_1_6' title="bbox 187 599 1762 673; baseline -0.006 -11"><span class='ocrx_word' id='word_1_33' title='bbox 187 604 352 663; x_wconf 84' lang='lat' dir='ltr'><strong>Gratis</strong></span> <span class='ocrx_word' id='word_1_34' title='bbox 380 603 671 673; x_wconf 84' lang='lat' dir='ltr'><strong>accepistis,</strong></span> <span class='ocrx_word' id='word_1_35' title='bbox 694 602 856 673; x_wconf 84' lang='lat' dir='ltr'><strong>gratis</strong></span> <span class='ocrx_word' id='word_1_36' title='bbox 878 602 1019 656; x_wconf 85' lang='lat' dir='ltr'><strong>date.</strong></span> <span class='ocrx_word' id='word_1_37' title='bbox 1056 599 1111 656; x_wconf 92' lang='lat' dir='ltr'><strong>Si</strong></span> <span class='ocrx_word' id='word_1_38' title='bbox 1139 601 1284 658; x_wconf 91' lang='lat' dir='ltr'><strong>enim</strong></span> <span class='ocrx_word' id='word_1_39' title='bbox 1312 600 1427 655; x_wconf 79' lang='lat' dir='ltr'><strong>haec</strong></span> <span class='ocrx_word' id='word_1_40' title='bbox 1449 599 1762 672; x_wconf 77' lang='lat' dir='ltr'><strong>praedicent,</strong></span> 
     </span>
    </p>
   </div>
   <div class='ocr_carea' id='block_1_7' title="bbox 187 692 1765 771">
    <p class='ocr_par' dir='ltr' id='par_1_7' title="bbox 187 692 1765 771">
     <span class='ocr_line' id='line_1_7' title="bbox 187 692 1765 771; baseline -0.005 -17"><span class='ocrx_word' id='word_1_41' title='bbox 187 705 244 754; x_wconf 89' lang='lat' dir='ltr'><strong>ut</strong></span> <span class='ocrx_word' id='word_1_42' title='bbox 266 696 496 771; x_wconf 83' lang='lat' dir='ltr'><strong>pretium</strong></span> <span class='ocrx_word' id='word_1_43' title='bbox 526 709 633 751; x_wconf 91' lang='lat' dir='ltr'><strong>non</strong></span> <span class='ocrx_word' id='word_1_44' title='bbox 659 694 949 765; x_wconf 84' lang='lat' dir='ltr'><strong>accipiant,</strong></span> <span class='ocrx_word' id='word_1_45' title='bbox 980 692 1247 765; x_wconf 84' lang='lat' dir='ltr'><strong>superﬂua</strong></span> <span class='ocrx_word' id='word_1_46' title='bbox 1284 702 1367 749; x_wconf 91' lang='lat' dir='ltr'><strong>est</strong></span> <span class='ocrx_word' id='word_1_47' title='bbox 1397 693 1535 760; x_wconf 84' lang='lat' dir='ltr'><strong>auri,</strong></span> <span class='ocrx_word' id='word_1_48' title='bbox 1558 692 1765 763; x_wconf 86' lang='lat' dir='ltr'><strong>argenti</strong></span> 
     </span>
    </p>
   </div>
   <div class='ocr_carea' id='block_1_8' title="bbox 187 782 1762 857">
    <p class='ocr_par' dir='ltr' id='par_1_8' title="bbox 187 782 1762 857">
     <span class='ocr_line' id='line_1_8' title="bbox 187 782 1762 857; baseline -0.005 -12"><span class='ocrx_word' id='word_1_49' title='bbox 187 800 632 856; x_wconf 83' lang='lat' dir='ltr'><strong>nummorumque</strong></span> <span class='ocrx_word' id='word_1_50' title='bbox 655 785 961 857; x_wconf 78' lang='lat' dir='ltr'><strong>possessio.</strong></span> <span class='ocrx_word' id='word_1_51' title='bbox 988 782 1123 839; x_wconf 86' lang='lat' dir='ltr'><strong>Nam</strong></span> <span class='ocrx_word' id='word_1_52' title='bbox 1154 785 1198 839; x_wconf 92' lang='lat' dir='ltr'><strong><em>si</em></strong></span> <span class='ocrx_word' id='word_1_53' title='bbox 1226 783 1545 839; x_wconf 80' lang='lat' dir='ltr'><strong>habuissent</strong></span> <span class='ocrx_word' id='word_1_54' title='bbox 1572 798 1762 839; x_wconf 90' lang='lat' dir='ltr'><strong>aurum</strong></span> 
     </span>
    </p>
   </div>
   <div class='ocr_carea' id='block_1_9' title="bbox 187 876 1765 952">
    <p class='ocr_par' dir='ltr' id='par_1_9' title="bbox 187 876 1765 952">
     <span class='ocr_line' id='line_1_9' title="bbox 187 876 1765 952; baseline -0.003 -17"><span class='ocrx_word' id='word_1_55' title='bbox 187 887 240 935; x_wconf 89' lang='lat' dir='ltr'><strong>et</strong></span> <span class='ocrx_word' id='word_1_56' title='bbox 264 886 564 952; x_wconf 84' lang='lat' dir='ltr'><strong>argentum,</strong></span> <span class='ocrx_word' id='word_1_57' title='bbox 584 876 901 933; x_wconf 84' lang='lat' dir='ltr'><strong>viderentur</strong></span> <span class='ocrx_word' id='word_1_58' title='bbox 923 892 1029 931; x_wconf 93' lang='lat' dir='ltr'><strong>non</strong></span> <span class='ocrx_word' id='word_1_59' title='bbox 1059 891 1221 931; x_wconf 89' lang='lat' dir='ltr'><strong>causa</strong></span> <span class='ocrx_word' id='word_1_60' title='bbox 1244 876 1522 931; x_wconf 88' lang='lat' dir='ltr'><strong>hominum</strong></span> <span class='ocrx_word' id='word_1_61' title='bbox 1553 876 1765 941; x_wconf 89' lang='lat' dir='ltr'><strong>salutis,</strong></span> 
     </span>
    </p>
   </div>
   <div class='ocr_carea' id='block_1_10' title="bbox 189 967 1765 1041">
    <p class='ocr_par' dir='ltr' id='par_1_10' title="bbox 189 967 1765 1041">
     <span class='ocr_line' id='line_1_10' title="bbox 189 967 1765 1041; baseline -0.003 -12"><span class='ocrx_word' id='word_1_62' title='bbox 189 970 430 1029; x_wconf 84' lang='lat' dir='ltr'><strong>sedlucri</strong></span> <span class='ocrx_word' id='word_1_63' title='bbox 450 985 615 1025; x_wconf 84' lang='lat' dir='ltr'><strong>causa</strong></span> <span class='ocrx_word' id='word_1_64' title='bbox 643 969 958 1041; x_wconf 62' lang='lat' dir='ltr'><strong>praedicare.</strong></span> <span class='ocrx_word' id='word_1_65' title='bbox 990 967 1173 1040; x_wconf 85' lang='lat' dir='ltr'><strong>Neque</strong></span> <span class='ocrx_word' id='word_1_66' title='bbox 1208 986 1279 1025; x_wconf 80' lang='lat' dir='ltr'><strong>ws</strong></span> <span class='ocrx_word' id='word_1_67' title='bbox 1302 970 1358 1024; x_wconf 88' lang='lat' dir='ltr'><strong>in</strong></span> <span class='ocrx_word' id='word_1_68' title='bbox 1382 970 1607 1023; x_wconf 85' lang='lat' dir='ltr'><strong>sacculis</strong></span> <span class='ocrx_word' id='word_1_69' title='bbox 1633 984 1650 1021; x_wconf 88' lang='lat'><strong><em>:</em></strong></span> <span class='ocrx_word' id='word_1_70' title='bbox 1673 971 1765 1040; x_wconf 88' lang='lat' dir='ltr'><strong>qui</strong></span> 
     </span>
    </p>
   </div>
   <div class='ocr_carea' id='block_1_11' title="bbox 188 1063 1767 1136">
    <p class='ocr_par' dir='ltr' id='par_1_11' title="bbox 188 1063 1767 1136">
     <span class='ocr_line' id='line_1_11' title="bbox 188 1063 1767 1136; baseline -0.006 -11"><span class='ocrx_word' id='word_1_71' title='bbox 188 1067 395 1125; x_wconf 82' lang='lat' dir='ltr'><strong>divitias</strong></span> <span class='ocrx_word' id='word_1_72' title='bbox 427 1064 848 1121; x_wconf 87' lang='lat' dir='ltr'><strong>detruncaverat</strong></span> <span class='ocrx_word' id='word_1_73' title='bbox 888 1064 1278 1136; x_wconf 87' lang='lat' dir='ltr'><strong>propemodum</strong></span> <span class='ocrx_word' id='word_1_74' title='bbox 1304 1104 1319 1131; x_wconf 94' lang='lat'><strong>,</strong></span> <span class='ocrx_word' id='word_1_75' title='bbox 1364 1072 1420 1119; x_wconf 90' lang='lat' dir='ltr'><strong>et</strong></span> <span class='ocrx_word' id='word_1_76' title='bbox 1459 1063 1767 1119; x_wconf 88' lang='lat' dir='ltr'><strong>necessaria</strong></span> 
     </span>
    </p>
   </div>
   <div class='ocr_carea' id='block_1_12' title="bbox 185 1155 1767 1229">
    <p class='ocr_par' dir='ltr' id='par_1_12' title="bbox 185 1155 1767 1229">
     <span class='ocr_line' id='line_1_12' title="bbox 185 1155 1767 1229; baseline -0.003 -14"><span class='ocrx_word' id='word_1_77' title='bbox 185 1159 305 1215; x_wconf 62' lang='lat' dir='ltr'><strong>vita:</strong></span> <span class='ocrx_word' id='word_1_78' title='bbox 328 1164 616 1229; x_wconf 87' lang='lat' dir='ltr'><strong>amputat,</strong></span> <span class='ocrx_word' id='word_1_79' title='bbox 648 1165 709 1212; x_wconf 90' lang='lat' dir='ltr'><strong>ut</strong></span> <span class='ocrx_word' id='word_1_80' title='bbox 739 1156 967 1227; x_wconf 88' lang='lat' dir='ltr'><strong>apostoli</strong></span> <span class='ocrx_word' id='word_1_81' title='bbox 994 1197 1008 1219; x_wconf 93' lang='lat'><strong>,</strong></span> <span class='ocrx_word' id='word_1_82' title='bbox 1060 1156 1152 1227; x_wconf 88' lang='lat' dir='ltr'><strong>qui</strong></span> <span class='ocrx_word' id='word_1_83' title='bbox 1200 1155 1550 1211; x_wconf 85' lang='lat' dir='ltr'><strong>instituebant</strong></span> <span class='ocrx_word' id='word_1_84' title='bbox 1583 1155 1767 1210; x_wconf 88' lang='lat' dir='ltr'><strong>omnia</strong></span> 
     </span>
    </p>
   </div>
   <div class='ocr_carea' id='block_1_13' title="bbox 184 1248 1766 1322">
    <p class='ocr_par' dir='ltr' id='par_1_13' title="bbox 184 1248 1766 1322">
     <span class='ocr_line' id='line_1_13' title="bbox 184 1248 1766 1322; baseline -0.003 -14"><span class='ocrx_word' id='word_1_85' title='bbox 184 1249 520 1322; x_wconf 82' lang='lat' dir='ltr'><strong>providentia</strong></span> <span class='ocrx_word' id='word_1_86' title='bbox 549 1248 868 1321; x_wconf 80' lang='lat' dir='ltr'><strong>gubernari,</strong></span> <span class='ocrx_word' id='word_1_87' title='bbox 898 1248 1106 1319; x_wconf 89' lang='lat' dir='ltr'><strong>seipsos</strong></span> <span class='ocrx_word' id='word_1_88' title='bbox 1135 1248 1485 1305; x_wconf 86' lang='lat' dir='ltr'><strong>ostenderent</strong></span> <span class='ocrx_word' id='word_1_89' title='bbox 1509 1248 1643 1302; x_wconf 90' lang='lat' dir='ltr'><strong>nihil</strong></span> <span class='ocrx_word' id='word_1_90' title='bbox 1674 1262 1766 1303; x_wconf 92' lang='lat' dir='ltr'><strong>co-</strong></span> 
     </span>
    </p>
   </div>
   <div class='ocr_carea' id='block_1_14' title="bbox 189 1342 1769 1423">
    <p class='ocr_par' dir='ltr' id='par_1_14' title="bbox 189 1342 1769 1423">
     <span class='ocr_line' id='line_1_14' title="bbox 189 1342 1769 1423; baseline -0.003 -20"><span class='ocrx_word' id='word_1_91' title='bbox 189 1348 354 1423; x_wconf 86' lang='lat' dir='ltr'><strong>gitare</strong></span> <span class='ocrx_word' id='word_1_92' title='bbox 379 1346 448 1403; x_wconf 90' lang='lat' dir='ltr'><strong>de</strong></span> <span class='ocrx_word' id='word_1_93' title='bbox 472 1345 733 1403; x_wconf 89' lang='lat' dir='ltr'><strong>crastino.</strong></span> <span class='ocrx_word' id='word_1_94' title='bbox 770 1343 894 1399; x_wconf 90' lang='lat' dir='ltr'><strong>Non</strong></span> <span class='ocrx_word' id='word_1_95' title='bbox 924 1360 1103 1415; x_wconf 87' lang='lat' dir='ltr'><strong>peram</strong></span> <span class='ocrx_word' id='word_1_96' title='bbox 1147 1344 1202 1398; x_wconf 88' lang='lat' dir='ltr'><strong>in</strong></span> <span class='ocrx_word' id='word_1_97' title='bbox 1241 1344 1325 1397; x_wconf 84' lang='lat' dir='ltr'><strong>via</strong></span> <span class='ocrx_word' id='word_1_98' title='bbox 1350 1360 1368 1397; x_wconf 90' lang='lat'><strong><em>:</em></strong></span> <span class='ocrx_word' id='word_1_99' title='bbox 1401 1358 1466 1399; x_wconf 84' lang='lat' dir='ltr'><strong>ex</strong></span> <span class='ocrx_word' id='word_1_100' title='bbox 1496 1342 1599 1398; x_wconf 92' lang='lat' dir='ltr'><strong>hoc</strong></span> <span class='ocrx_word' id='word_1_101' title='bbox 1631 1357 1769 1412; x_wconf 84' lang='lat' dir='ltr'><strong>prae-</strong></span> 
     </span>
    </p>
   </div>
   <div class='ocr_carea' id='block_1_15' title="bbox 189 1432 1771 1509">
    <p class='ocr_par' dir='ltr' id='par_1_15' title="bbox 189 1432 1771 1509">
     <span class='ocr_line' id='line_1_15' title="bbox 189 1432 1771 1509; baseline -0.005 -15"><span class='ocrx_word' id='word_1_102' title='bbox 189 1446 337 1509; x_wconf 87' lang='lat' dir='ltr'><strong>cepto</strong></span> <span class='ocrx_word' id='word_1_103' title='bbox 389 1437 569 1507; x_wconf 83' lang='lat' dir='ltr'><strong>arguit</strong></span> <span class='ocrx_word' id='word_1_104' title='bbox 625 1435 976 1507; x_wconf 89' lang='lat' dir='ltr'><strong>philosophos</strong></span> <span class='ocrx_word' id='word_1_105' title='bbox 1007 1474 1021 1500; x_wconf 96' lang='lat'><strong>,</strong></span> <span class='ocrx_word' id='word_1_106' title='bbox 1083 1434 1175 1505; x_wconf 89' lang='lat' dir='ltr'><strong>qui</strong></span> <span class='ocrx_word' id='word_1_107' title='bbox 1222 1433 1381 1504; x_wconf 82' lang='lat' dir='ltr'><strong>vulgo</strong></span> <span class='ocrx_word' id='word_1_108' title='bbox 1431 1432 1771 1504; x_wconf 89' lang='lat' dir='ltr'><strong>appellantur</strong></span> 
     </span>
    </p>
   </div>
   <div class='ocr_carea' id='block_1_16' title="bbox 185 1524 1769 1601">
    <p class='ocr_par' dir='ltr' id='par_1_16' title="bbox 185 1524 1769 1601">
     <span class='ocr_line' id='line_1_16' title="bbox 185 1524 1769 1601; baseline -0.003 -18"><span class='ocrx_word' id='word_1_109' title='bbox 185 1526 582 1601; x_wconf 78' lang='lat' dir='ltr'><strong>Bactroperitac,</strong></span> <span class='ocrx_word' id='word_1_110' title='bbox 623 1527 764 1599; x_wconf 91' lang='lat' dir='ltr'><strong>quod</strong></span> <span class='ocrx_word' id='word_1_111' title='bbox 793 1532 1193 1597; x_wconf 87' lang='lat' dir='ltr'><strong>contemptores</strong></span> <span class='ocrx_word' id='word_1_112' title='bbox 1237 1524 1459 1590; x_wconf 85' lang='lat' dir='ltr'><strong>saeculi,</strong></span> <span class='ocrx_word' id='word_1_113' title='bbox 1497 1532 1560 1581; x_wconf 91' lang='lat' dir='ltr'><strong>.et</strong></span> <span class='ocrx_word' id='word_1_114' title='bbox 1588 1524 1769 1579; x_wconf 88' lang='lat' dir='ltr'><strong>omnia</strong></span> 
     </span>
    </p>
   </div>
   <div class='ocr_carea' id='block_1_17' title="bbox 185 1617 1771 1696">
    <p class='ocr_par' dir='ltr' id='par_1_17' title="bbox 185 1617 1771 1696">
     <span class='ocr_line' id='line_1_17' title="bbox 185 1617 1771 1696; baseline -0.004 -19"><span class='ocrx_word' id='word_1_115' title='bbox 185 1638 283 1696; x_wconf 92' lang='lat' dir='ltr'><strong>pro</strong></span> <span class='ocrx_word' id='word_1_116' title='bbox 312 1622 479 1678; x_wconf 87' lang='lat' dir='ltr'><strong>nihilo</strong></span> <span class='ocrx_word' id='word_1_117' title='bbox 514 1622 777 1677; x_wconf 88' lang='lat' dir='ltr'><strong>ducentes</strong></span> <span class='ocrx_word' id='word_1_118' title='bbox 805 1619 1081 1675; x_wconf 87' lang='lat' dir='ltr'><strong>cellarium</strong></span> <span class='ocrx_word' id='word_1_119' title='bbox 1118 1634 1300 1674; x_wconf 90' lang='lat' dir='ltr'><strong>secum</strong></span> <span class='ocrx_word' id='word_1_120' title='bbox 1334 1618 1553 1673; x_wconf 88' lang='lat' dir='ltr'><strong>vehant.</strong></span> <span class='ocrx_word' id='word_1_121' title='bbox 1588 1617 1771 1689; x_wconf 86' lang='lat' dir='ltr'><strong>Neque</strong></span> 
     </span>
    </p>
   </div>
   <div class='ocr_carea' id='block_1_18' title="bbox 186 1710 1758 1780">
    <p class='ocr_par' dir='ltr' id='par_1_18' title="bbox 186 1710 1758 1780">
     <span class='ocr_line' id='line_1_18' title="bbox 186 1710 1758 1780; baseline -0.003 -12"><span class='ocrx_word' id='word_1_122' title='bbox 186 1714 314 1768; x_wconf 86' lang='lat' dir='ltr'><strong>duas</strong></span> <span class='ocrx_word' id='word_1_123' title='bbox 342 1714 547 1768; x_wconf 80' lang='lat' dir='ltr'><strong>tunicas</strong></span> <span class='ocrx_word' id='word_1_124' title='bbox 575 1727 594 1765; x_wconf 88' lang='lat'><strong><em>:</em></strong></span> <span class='ocrx_word' id='word_1_125' title='bbox 621 1712 678 1767; x_wconf 93' lang='lat' dir='ltr'><strong>in</strong></span> <span class='ocrx_word' id='word_1_126' title='bbox 710 1712 915 1766; x_wconf 88' lang='lat' dir='ltr'><strong>duabus</strong></span> <span class='ocrx_word' id='word_1_127' title='bbox 941 1711 1137 1765; x_wconf 89' lang='lat' dir='ltr'><strong>tunicis</strong></span> <span class='ocrx_word' id='word_1_128' title='bbox 1165 1710 1378 1764; x_wconf 85' lang='lat' dir='ltr'><strong>videtur</strong></span> <span class='ocrx_word' id='word_1_129' title='bbox 1400 1710 1533 1764; x_wconf 88' lang='lat' dir='ltr'><strong>mihi</strong></span> <span class='ocrx_word' id='word_1_130' title='bbox 1563 1710 1758 1780; x_wconf 78' lang='lat' dir='ltr'><strong>duplex</strong></span> 
     </span>
    </p>
   </div>
   <div class='ocr_carea' id='block_1_19' title="bbox 1868 503 3448 578">
    <p class='ocr_par' dir='ltr' id='par_1_19' title="bbox 1868 503 3448 578">
     <span class='ocr_line' id='line_1_19' title="bbox 1868 503 3448 578; baseline 0.004 -19"><span class='ocrx_word' id='word_1_131' title='bbox 1868 503 2263 576; x_wconf 89' lang='lat' dir='ltr'><strong>signiﬁcatione</strong></span> <span class='ocrx_word' id='word_1_132' title='bbox 2285 505 2487 560; x_wconf 91' lang='lat' dir='ltr'><strong>dictam</strong></span> <span class='ocrx_word' id='word_1_133' title='bbox 2503 505 2733 577; x_wconf 79' lang='lat' dir='ltr'><strong>virgam,</strong></span> <span class='ocrx_word' id='word_1_134' title='bbox 2758 520 2877 578; x_wconf 80' lang='lat' dir='ltr'><strong>quae</strong></span> <span class='ocrx_word' id='word_1_135' title='bbox 2898 506 3190 562; x_wconf 88' lang='lat' dir='ltr'><strong>secundum</strong></span> <span class='ocrx_word' id='word_1_136' title='bbox 3208 507 3448 565; x_wconf 85' lang='lat' dir='ltr'><strong>Marcum</strong></span> 
     </span>
    </p>
   </div>
   <div class='ocr_carea' id='block_1_20' title="bbox 1864 596 3453 668">
    <p class='ocr_par' dir='ltr' id='par_1_20' title="bbox 1864 596 3453 668">
     <span class='ocr_line' id='line_1_20' title="bbox 1864 596 3453 668; baseline 0.003 -16"><span class='ocrx_word' id='word_1_137' title='bbox 1864 596 2092 652; x_wconf 78' lang='lat' dir='ltr'><strong>ferenda</strong></span> <span class='ocrx_word' id='word_1_138' title='bbox 2134 606 2240 665; x_wconf 91' lang='lat' dir='ltr'><strong>est,</strong></span> <span class='ocrx_word' id='word_1_139' title='bbox 2263 605 2318 653; x_wconf 90' lang='lat' dir='ltr'><strong>et</strong></span> <span class='ocrx_word' id='word_1_140' title='bbox 2346 598 2446 653; x_wconf 91' lang='lat' dir='ltr'><strong>sub</strong></span> <span class='ocrx_word' id='word_1_141' title='bbox 2475 597 2578 652; x_wconf 87' lang='lat' dir='ltr'><strong>alia</strong></span> <span class='ocrx_word' id='word_1_142' title='bbox 2629 596 2775 652; x_wconf 89' lang='lat' dir='ltr'><strong>illam</strong></span> <span class='ocrx_word' id='word_1_143' title='bbox 2824 613 2944 668; x_wconf 80' lang='lat' dir='ltr'><strong>quae</strong></span> <span class='ocrx_word' id='word_1_144' title='bbox 2987 600 3285 655; x_wconf 91' lang='lat' dir='ltr'><strong>secundum</strong></span> <span class='ocrx_word' id='word_1_145' title='bbox 3317 601 3453 657; x_wconf 84' lang='lat' dir='ltr'><strong>Mat-</strong></span> 
     </span>
    </p>
   </div>
   <div class='ocr_carea' id='block_1_21' title="bbox 1864 689 3447 757">
    <p class='ocr_par' dir='ltr' id='par_1_21' title="bbox 1864 689 3447 757">
     <span class='ocr_line' id='line_1_21' title="bbox 1864 689 3447 757; baseline 0.003 -13"><span class='ocrx_word' id='word_1_146' title='bbox 1864 690 2064 745; x_wconf 73' lang='lat' dir='ltr'><strong>thaeum</strong></span> <span class='ocrx_word' id='word_1_147' title='bbox 2103 700 2160 745; x_wconf 90' lang='lat' dir='ltr'><strong>et</strong></span> <span class='ocrx_word' id='word_1_148' title='bbox 2194 690 2397 747; x_wconf 89' lang='lat' dir='ltr'><strong>Lucam</strong></span> <span class='ocrx_word' id='word_1_149' title='bbox 2438 706 2542 746; x_wconf 90' lang='lat' dir='ltr'><strong>non</strong></span> <span class='ocrx_word' id='word_1_150' title='bbox 2588 699 2672 746; x_wconf 90' lang='lat' dir='ltr'><strong>est</strong></span> <span class='ocrx_word' id='word_1_151' title='bbox 2704 689 2929 747; x_wconf 80' lang='lat' dir='ltr'><strong>ferenda</strong></span> <span class='ocrx_word' id='word_1_152' title='bbox 2957 733 2972 757; x_wconf 92' lang='lat'><strong>,</strong></span> <span class='ocrx_word' id='word_1_153' title='bbox 3020 691 3160 747; x_wconf 90' lang='lat' dir='ltr'><strong>sicut</strong></span> <span class='ocrx_word' id='word_1_154' title='bbox 3212 694 3312 749; x_wconf 90' lang='lat' dir='ltr'><strong>sub</strong></span> <span class='ocrx_word' id='word_1_155' title='bbox 3343 693 3447 749; x_wconf 86' lang='lat' dir='ltr'><strong>alia</strong></span> 
     </span>
    </p>
   </div>
   <div class='ocr_carea' id='block_1_22' title="bbox 1832 781 3549 857">
    <p class='ocr_par' dir='ltr' id='par_1_22' title="bbox 1832 781 3549 857">
     <span class='ocr_line' id='line_1_22' title="bbox 1832 781 3549 857; baseline 0.003 -22"><span class='ocrx_word' id='word_1_156' title='bbox 1832 782 1847 799; x_wconf 84' lang='lat'><strong>&#39;</strong></span> <span class='ocrx_word' id='word_1_157' title='bbox 1864 781 2257 854; x_wconf 87' lang='lat' dir='ltr'><strong>signiﬁcatione</strong></span> <span class='ocrx_word' id='word_1_158' title='bbox 2281 781 2601 854; x_wconf 85' lang='lat' dir='ltr'><strong>intelligitur</strong></span> <span class='ocrx_word' id='word_1_159' title='bbox 2617 782 2868 847; x_wconf 88' lang='lat' dir='ltr'><strong>tentatio,</strong></span> <span class='ocrx_word' id='word_1_160' title='bbox 2885 782 2953 836; x_wconf 90' lang='lat' dir='ltr'><strong>de</strong></span> <span class='ocrx_word' id='word_1_161' title='bbox 2976 799 3082 854; x_wconf 93' lang='lat' dir='ltr'><strong>qua</strong></span> <span class='ocrx_word' id='word_1_162' title='bbox 3104 784 3309 841; x_wconf 89' lang='lat' dir='ltr'><strong>dictum</strong></span> <span class='ocrx_word' id='word_1_163' title='bbox 3331 795 3451 841; x_wconf 89' lang='lat' dir='ltr'><strong>est:</strong></span> <span class='ocrx_word' id='word_1_164' title='bbox 3544 854 3549 857; x_wconf 22' lang='grc' dir='ltr'><strong><em>τ</em></strong></span> 
     </span>
    </p>
   </div>
   <div class='ocr_carea' id='block_1_23' title="bbox 1864 871 3454 948">
    <p class='ocr_par' dir='ltr' id='par_1_23' title="bbox 1864 871 3454 948">
     <span class='ocr_line' id='line_1_23' title="bbox 1864 871 3454 948; baseline 0.006 -22"><span class='ocrx_word' id='word_1_165' title='bbox 1864 871 2006 927; x_wconf 86' lang='lat' dir='ltr'><strong>Deus</strong></span> <span class='ocrx_word' id='word_1_166' title='bbox 2033 874 2286 930; x_wconf 88' lang='lat' dir='ltr'><strong>neminem</strong></span> <span class='ocrx_word' id='word_1_167' title='bbox 2335 884 2497 929; x_wconf 84' lang='lat' dir='ltr'><strong>tentat</strong></span> <span class='ocrx_word' id='word_1_168' title='bbox 2524 875 2729 947; x_wconf 75' lang='lat' dir='ltr'><strong>(Iacob.</strong></span> <span class='ocrx_word' id='word_1_169' title='bbox 2756 876 2821 948; x_wconf 85' lang='grc' dir='ltr'><strong>ι),</strong></span> <span class='ocrx_word' id='word_1_170' title='bbox 2872 886 2927 932; x_wconf 90' lang='lat' dir='ltr'><strong>et</strong></span> <span class='ocrx_word' id='word_1_171' title='bbox 2968 881 3067 934; x_wconf 89' lang='lat' dir='ltr'><strong>sub</strong></span> <span class='ocrx_word' id='word_1_172' title='bbox 3114 879 3219 934; x_wconf 86' lang='lat' dir='ltr'><strong>alia</strong></span> <span class='ocrx_word' id='word_1_173' title='bbox 3249 880 3454 935; x_wconf 85' lang='lat' dir='ltr'><strong>dictum</strong></span> 
     </span>
    </p>
   </div>
   <div class='ocr_carea' id='block_1_24' title="bbox 1865 966 3453 1037">
    <p class='ocr_par' dir='ltr' id='par_1_24' title="bbox 1865 966 3453 1037">
     <span class='ocr_line' id='line_1_24' title="bbox 1865 966 3453 1037; baseline 0.002 -17"><span class='ocrx_word' id='word_1_174' title='bbox 1865 974 1985 1021; x_wconf 89' lang='lat' dir='ltr'><strong>est:</strong></span> <span class='ocrx_word' id='word_1_175' title='bbox 2022 966 2205 1021; x_wconf 73' lang='lat' dir='ltr'><strong>Tentat</strong></span> <span class='ocrx_word' id='word_1_176' title='bbox 2242 984 2327 1022; x_wconf 84' lang='lat' dir='ltr'><strong>vos</strong></span> <span class='ocrx_word' id='word_1_177' title='bbox 2360 967 2613 1022; x_wconf 79' lang='lat' dir='ltr'><strong>Dominus</strong></span> <span class='ocrx_word' id='word_1_178' title='bbox 2645 968 2785 1024; x_wconf 86' lang='lat' dir='ltr'><strong>Deus</strong></span> <span class='ocrx_word' id='word_1_179' title='bbox 2821 979 3017 1037; x_wconf 80' lang='lat' dir='ltr'><strong>vester,</strong></span> <span class='ocrx_word' id='word_1_180' title='bbox 3046 980 3102 1023; x_wconf 82' lang='lat' dir='ltr'><strong>ut</strong></span> <span class='ocrx_word' id='word_1_181' title='bbox 3131 970 3262 1025; x_wconf 84' lang='lat' dir='ltr'><strong>sciat</strong></span> <span class='ocrx_word' id='word_1_182' title='bbox 3288 973 3337 1025; x_wconf 88' lang='lat' dir='ltr'><strong>si</strong></span> <span class='ocrx_word' id='word_1_183' title='bbox 3368 971 3453 1024; x_wconf 88' lang='lat' dir='ltr'><strong>di-</strong></span> 
     </span>
    </p>
   </div>
   <div class='ocr_carea' id='block_1_25' title="bbox 1866 1058 3450 1135">
    <p class='ocr_par' dir='ltr' id='par_1_25' title="bbox 1866 1058 3450 1135">
     <span class='ocr_line' id='line_1_25' title="bbox 1866 1058 3450 1135; baseline 0.004 -22"><span class='ocrx_word' id='word_1_184' title='bbox 1866 1058 2041 1130; x_wconf 83' lang='lat' dir='ltr'><strong>ligatis</strong></span> <span class='ocrx_word' id='word_1_185' title='bbox 2086 1077 2225 1114; x_wconf 89' lang='lat' dir='ltr'><strong>eum.</strong></span> <span class='ocrx_word' id='word_1_186' title='bbox 2258 1060 2351 1115; x_wconf 86' lang='lat' dir='ltr'><strong>Illa</strong></span> <span class='ocrx_word' id='word_1_187' title='bbox 2401 1062 2734 1117; x_wconf 88' lang='lat' dir='ltr'><strong>seductionis</strong></span> <span class='ocrx_word' id='word_1_188' title='bbox 2774 1070 2893 1127; x_wconf 89' lang='lat' dir='ltr'><strong>est,</strong></span> <span class='ocrx_word' id='word_1_189' title='bbox 2940 1062 3056 1118; x_wconf 57' lang='lat' dir='ltr'><strong>haec</strong></span> <span class='ocrx_word' id='word_1_190' title='bbox 3095 1063 3450 1135; x_wconf 88' lang='lat' dir='ltr'><strong>probationis.</strong></span> 
     </span>
    </p>
   </div>
   <div class='ocr_carea' id='block_1_26' title="bbox 1869 1148 3457 1227">
    <p class='ocr_par' dir='ltr' id='par_1_26' title="bbox 1869 1148 3457 1227">
     <span class='ocr_line' id='line_1_26' title="bbox 1869 1148 3457 1227; baseline 0.004 -23"><span class='ocrx_word' id='word_1_191' title='bbox 1869 1148 2167 1220; x_wconf 91' lang='lat' dir='ltr'><strong>Utrumque</strong></span> <span class='ocrx_word' id='word_1_192' title='bbox 2197 1167 2327 1224; x_wconf 86' lang='lat' dir='ltr'><strong>ergo</strong></span> <span class='ocrx_word' id='word_1_193' title='bbox 2355 1152 2726 1221; x_wconf 89' lang='lat' dir='ltr'><strong>accipiendum</strong></span> <span class='ocrx_word' id='word_1_194' title='bbox 2768 1162 2853 1209; x_wconf 92' lang='lat' dir='ltr'><strong>est</strong></span> <span class='ocrx_word' id='word_1_195' title='bbox 2881 1168 2911 1209; x_wconf 89' lang='lat' dir='ltr'><strong>a</strong></span> <span class='ocrx_word' id='word_1_196' title='bbox 2944 1152 3172 1210; x_wconf 72' lang='lat' dir='ltr'><strong>Domino</strong></span> <span class='ocrx_word' id='word_1_197' title='bbox 3202 1156 3457 1227; x_wconf 87' lang='lat' dir='ltr'><strong>apostolis</strong></span> 
     </span>
    </p>
   </div>
   <div class='ocr_carea' id='block_1_27' title="bbox 1868 1241 3459 1317">
    <p class='ocr_par' dir='ltr' id='par_1_27' title="bbox 1868 1241 3459 1317">
     <span class='ocr_line' id='line_1_27' title="bbox 1868 1241 3459 1317; baseline 0.005 -22"><span class='ocrx_word' id='word_1_198' title='bbox 1868 1241 2093 1308; x_wconf 90' lang='lat' dir='ltr'><strong>dictum,</strong></span> <span class='ocrx_word' id='word_1_199' title='bbox 2119 1250 2175 1297; x_wconf 92' lang='lat' dir='ltr'><strong>et</strong></span> <span class='ocrx_word' id='word_1_200' title='bbox 2207 1251 2269 1298; x_wconf 92' lang='lat' dir='ltr'><strong>ut</strong></span> <span class='ocrx_word' id='word_1_201' title='bbox 2296 1259 2397 1299; x_wconf 92' lang='lat' dir='ltr'><strong>nec</strong></span> <span class='ocrx_word' id='word_1_202' title='bbox 2421 1244 2629 1316; x_wconf 85' lang='lat' dir='ltr'><strong>virgam</strong></span> <span class='ocrx_word' id='word_1_203' title='bbox 2658 1245 2895 1313; x_wconf 80' lang='lat' dir='ltr'><strong>ferrent,</strong></span> <span class='ocrx_word' id='word_1_204' title='bbox 2923 1257 2978 1303; x_wconf 91' lang='lat' dir='ltr'><strong>et</strong></span> <span class='ocrx_word' id='word_1_205' title='bbox 3002 1256 3060 1301; x_wconf 92' lang='lat' dir='ltr'><strong>ut</strong></span> <span class='ocrx_word' id='word_1_206' title='bbox 3086 1264 3193 1317; x_wconf 89' lang='lat' dir='ltr'><strong>non</strong></span> <span class='ocrx_word' id='word_1_207' title='bbox 3219 1248 3321 1304; x_wconf 91' lang='lat' dir='ltr'><strong>nisi</strong></span> <span class='ocrx_word' id='word_1_208' title='bbox 3349 1249 3459 1304; x_wconf 87' lang='lat' dir='ltr'><strong>vir-</strong></span> 
     </span>
    </p>
   </div>
   <div class='ocr_carea' id='block_1_28' title="bbox 1870 1335 3461 1417">
    <p class='ocr_par' dir='ltr' id='par_1_28' title="bbox 1870 1335 3461 1417">
     <span class='ocr_line' id='line_1_28' title="bbox 1870 1335 3461 1417; baseline 0.006 -28"><span class='ocrx_word' id='word_1_209' title='bbox 1870 1350 1993 1405; x_wconf 89' lang='lat' dir='ltr'><strong>gam</strong></span> <span class='ocrx_word' id='word_1_210' title='bbox 2024 1336 2245 1391; x_wconf 84' lang='lat' dir='ltr'><strong>ferrent.</strong></span> <span class='ocrx_word' id='word_1_211' title='bbox 2288 1335 2422 1393; x_wconf 87' lang='lat' dir='ltr'><strong>Cum</strong></span> <span class='ocrx_word' id='word_1_212' title='bbox 2465 1339 2610 1394; x_wconf 89' lang='lat' dir='ltr'><strong>enim</strong></span> <span class='ocrx_word' id='word_1_213' title='bbox 2647 1341 2941 1396; x_wconf 88' lang='lat' dir='ltr'><strong>secundum</strong></span> <span class='ocrx_word' id='word_1_214' title='bbox 2972 1341 3283 1417; x_wconf 69' lang='lat' dir='ltr'><strong>Matthreum</strong></span> <span class='ocrx_word' id='word_1_215' title='bbox 3313 1342 3461 1398; x_wconf 86' lang='lat' dir='ltr'><strong>dice-</strong></span> 
     </span>
    </p>
   </div>
   <div class='ocr_carea' id='block_1_29' title="bbox 1869 1427 3463 1507">
    <p class='ocr_par' dir='ltr' id='par_1_29' title="bbox 1869 1427 3463 1507">
     <span class='ocr_line' id='line_1_29' title="bbox 1869 1427 3463 1507; baseline 0.006 -25"><span class='ocrx_word' id='word_1_216' title='bbox 1869 1437 1951 1482; x_wconf 87' lang='lat' dir='ltr'><strong>ret</strong></span> <span class='ocrx_word' id='word_1_217' title='bbox 1976 1430 2055 1485; x_wconf 90' lang='lat' dir='ltr'><strong>eis</strong></span> <span class='ocrx_word' id='word_1_218' title='bbox 2084 1448 2096 1482; x_wconf 89' lang='lat'><strong>:</strong></span> <span class='ocrx_word' id='word_1_219' title='bbox 2129 1427 2308 1485; x_wconf 82' lang='lat' dir='ltr'><strong>Nolite</strong></span> <span class='ocrx_word' id='word_1_220' title='bbox 2343 1431 2606 1501; x_wconf 82' lang='lat' dir='ltr'><strong>possidere</strong></span> <span class='ocrx_word' id='word_1_221' title='bbox 2649 1449 2838 1487; x_wconf 88' lang='lat' dir='ltr'><strong>aurum</strong></span> <span class='ocrx_word' id='word_1_222' title='bbox 2888 1451 3050 1507; x_wconf 72' lang='lat' dir='ltr'><strong>neque</strong></span> <span class='ocrx_word' id='word_1_223' title='bbox 3083 1444 3377 1506; x_wconf 84' lang='lat' dir='ltr'><strong>argentum,</strong></span> <span class='ocrx_word' id='word_1_224' title='bbox 3405 1440 3463 1491; x_wconf 86' lang='lat' dir='ltr'><strong>et</strong></span> 
     </span>
    </p>
   </div>
   <div class='ocr_carea' id='block_1_30' title="bbox 1870 1523 3460 1599">
    <p class='ocr_par' dir='ltr' id='par_1_30' title="bbox 1870 1523 3460 1599">
     <span class='ocr_line' id='line_1_30' title="bbox 1870 1523 3460 1599; baseline 0.004 -21"><span class='ocrx_word' id='word_1_225' title='bbox 1870 1531 2085 1587; x_wconf 61' lang='lat' dir='ltr'><strong>emtera,</strong></span> <span class='ocrx_word' id='word_1_226' title='bbox 2117 1524 2373 1579; x_wconf 90' lang='lat' dir='ltr'><strong>continuo</strong></span> <span class='ocrx_word' id='word_1_227' title='bbox 2398 1523 2626 1595; x_wconf 88' lang='lat' dir='ltr'><strong>subjecit</strong></span> <span class='ocrx_word' id='word_1_228' title='bbox 2652 1544 2663 1579; x_wconf 90' lang='lat'><strong>:</strong></span> <span class='ocrx_word' id='word_1_229' title='bbox 2690 1524 2892 1598; x_wconf 88' lang='lat' dir='ltr'><strong>Dignus</strong></span> <span class='ocrx_word' id='word_1_230' title='bbox 2918 1535 2994 1581; x_wconf 86' lang='lat' dir='ltr'><strong>est</strong></span> <span class='ocrx_word' id='word_1_231' title='bbox 3016 1528 3156 1581; x_wconf 88' lang='lat' dir='ltr'><strong>enim</strong></span> <span class='ocrx_word' id='word_1_232' title='bbox 3187 1529 3460 1599; x_wconf 73' lang='lat' dir='ltr'><strong>operarius</strong></span> 
     </span>
    </p>
   </div>
   <div class='ocr_carea' id='block_1_31' title="bbox 1873 1614 2130 1668">
    <p class='ocr_par' dir='ltr' id='par_1_31' title="bbox 1873 1614 2130 1668">
     <span class='ocr_line' id='line_1_31' title="bbox 1873 1614 2130 1668; baseline -0.008 0"><span class='ocrx_word' id='word_1_233' title='bbox 1873 1614 1984 1668; x_wconf 86' lang='lat' dir='ltr'><strong>cibo</strong></span> <span class='ocrx_word' id='word_1_234' title='bbox 2015 1630 2130 1668; x_wconf 88' lang='lat' dir='ltr'><strong>suo.</strong></span> 
     </span>
    </p>
   </div>
   <div class='ocr_carea' id='block_1_32' title="bbox 1948 1704 3462 1782">
    <p class='ocr_par' dir='ltr' id='par_1_32' title="bbox 1948 1704 3462 1782">
     <span class='ocr_line' id='line_1_32' title="bbox 1948 1704 3462 1782; baseline 0.006 -22"><span class='ocrx_word' id='word_1_235' title='bbox 1948 1704 2100 1760; x_wconf 89' lang='lat' dir='ltr'><strong>Unde</strong></span> <span class='ocrx_word' id='word_1_236' title='bbox 2131 1705 2264 1761; x_wconf 92' lang='lat' dir='ltr'><strong>satis</strong></span> <span class='ocrx_word' id='word_1_237' title='bbox 2292 1707 2528 1762; x_wconf 90' lang='lat' dir='ltr'><strong>ostendit</strong></span> <span class='ocrx_word' id='word_1_238' title='bbox 2550 1724 2650 1763; x_wconf 92' lang='lat' dir='ltr'><strong>cur</strong></span> <span class='ocrx_word' id='word_1_239' title='bbox 2673 1725 2765 1765; x_wconf 91' lang='lat' dir='ltr'><strong>eos</strong></span> <span class='ocrx_word' id='word_1_240' title='bbox 2794 1710 2909 1765; x_wconf 66' lang='lat' dir='ltr'><strong>haec</strong></span> <span class='ocrx_word' id='word_1_241' title='bbox 2934 1711 3210 1782; x_wconf 89' lang='lat' dir='ltr'><strong>possidere</strong></span> <span class='ocrx_word' id='word_1_242' title='bbox 3234 1726 3297 1767; x_wconf 91' lang='lat' dir='ltr'><strong>ac</strong></span> <span class='ocrx_word' id='word_1_243' title='bbox 3318 1710 3462 1769; x_wconf 81' lang='lat' dir='ltr'><strong>ferre</strong></span> 
     </span>
    </p>
   </div>
   <div class='ocr_carea' id='block_1_33' title="bbox 186 1781 3463 1873">
    <p class='ocr_par' dir='ltr' id='par_1_33' title="bbox 186 1781 3463 1873">
     <span class='ocr_line' id='line_1_33' title="bbox 186 1781 3463 1873; baseline -0.001 -13"><span class='ocrx_word' id='word_1_244' title='bbox 186 1806 465 1862; x_wconf 87' lang='lat' dir='ltr'><strong>ostendere</strong></span> <span class='ocrx_word' id='word_1_245' title='bbox 508 1803 923 1869; x_wconf 76' lang='lat' dir='ltr'><strong>vestimentum;</strong></span> <span class='ocrx_word' id='word_1_246' title='bbox 952 1818 1062 1856; x_wconf 88' lang='lat' dir='ltr'><strong>non</strong></span> <span class='ocrx_word' id='word_1_247' title='bbox 1102 1801 1244 1873; x_wconf 88' lang='lat' dir='ltr'><strong>quod</strong></span> <span class='ocrx_word' id='word_1_248' title='bbox 1286 1801 1339 1854; x_wconf 89' lang='lat' dir='ltr'><strong>in</strong></span> <span class='ocrx_word' id='word_1_249' title='bbox 1368 1800 1501 1855; x_wconf 86' lang='lat' dir='ltr'><strong>locis</strong></span> <span class='ocrx_word' id='word_1_250' title='bbox 1534 1800 1768 1871; x_wconf 68' lang='lat' dir='ltr'><strong>Scythia:</strong></span> <span class='ocrx_word' id='word_1_251' title='bbox 1794 1781 1844 1843; x_wconf 86' lang='grc' dir='ltr'><strong>Β</strong></span> <span class='ocrx_word' id='word_1_252' title='bbox 1871 1795 2141 1851; x_wconf 84' lang='lat' dir='ltr'><strong>noluerit:</strong></span> <span class='ocrx_word' id='word_1_253' title='bbox 2178 1812 2286 1852; x_wconf 87' lang='lat' dir='ltr'><strong>non</strong></span> <span class='ocrx_word' id='word_1_254' title='bbox 2313 1813 2420 1868; x_wconf 92' lang='lat' dir='ltr'><strong>quo</strong></span> <span class='ocrx_word' id='word_1_255' title='bbox 2451 1801 2756 1854; x_wconf 89' lang='lat' dir='ltr'><strong>necessaria</strong></span> <span class='ocrx_word' id='word_1_256' title='bbox 2795 1816 2899 1855; x_wconf 94' lang='lat' dir='ltr'><strong>non</strong></span> <span class='ocrx_word' id='word_1_257' title='bbox 2945 1781 3053 1856; x_wconf 78' lang='lat' dir='ltr'><strong>Sint</strong></span> <span class='ocrx_word' id='word_1_258' title='bbox 3083 1802 3463 1858; x_wconf 88' lang='lat' dir='ltr'><strong>sustentationi</strong></span> 
     </span>
    </p>
   </div>
   <div class='ocr_carea' id='block_1_34' title="bbox 186 1892 1771 1969">
    <p class='ocr_par' dir='ltr' id='par_1_34' title="bbox 186 1892 1771 1969">
     <span class='ocr_line' id='line_1_34' title="bbox 186 1892 1771 1969; baseline -0.003 -19"><span class='ocrx_word' id='word_1_259' title='bbox 186 1896 390 1969; x_wconf 86' lang='lat' dir='ltr'><strong>glaciali</strong></span> <span class='ocrx_word' id='word_1_260' title='bbox 420 1895 543 1951; x_wconf 88' lang='lat' dir='ltr'><strong>nive</strong></span> <span class='ocrx_word' id='word_1_261' title='bbox 578 1894 877 1967; x_wconf 83' lang='lat' dir='ltr'><strong>rigentibus</strong></span> <span class='ocrx_word' id='word_1_262' title='bbox 910 1910 1015 1948; x_wconf 92' lang='lat' dir='ltr'><strong>una</strong></span> <span class='ocrx_word' id='word_1_263' title='bbox 1069 1892 1191 1961; x_wconf 90' lang='lat' dir='ltr'><strong>quis</strong></span> <span class='ocrx_word' id='word_1_264' title='bbox 1222 1892 1399 1947; x_wconf 89' lang='lat' dir='ltr'><strong>tunica</strong></span> <span class='ocrx_word' id='word_1_265' title='bbox 1429 1893 1623 1947; x_wconf 85' lang='lat' dir='ltr'><strong>debeat</strong></span> <span class='ocrx_word' id='word_1_266' title='bbox 1650 1906 1771 1946; x_wconf 90' lang='lat' dir='ltr'><strong>esse</strong></span> 
     </span>
    </p>
   </div>
   <div class='ocr_carea' id='block_1_35' title="bbox 186 1983 1774 2055">
    <p class='ocr_par' dir='ltr' id='par_1_35' title="bbox 186 1983 1774 2055">
     <span class='ocr_line' id='line_1_35' title="bbox 186 1983 1774 2055; baseline -0.003 -12"><span class='ocrx_word' id='word_1_267' title='bbox 186 1994 498 2051; x_wconf 87' lang='lat' dir='ltr'><strong>contentus;</strong></span> <span class='ocrx_word' id='word_1_268' title='bbox 528 1987 621 2041; x_wconf 85' lang='lat' dir='ltr'><strong>sed</strong></span> <span class='ocrx_word' id='word_1_269' title='bbox 655 2001 763 2055; x_wconf 89' lang='lat' dir='ltr'><strong>quo</strong></span> <span class='ocrx_word' id='word_1_270' title='bbox 790 1985 845 2040; x_wconf 90' lang='lat' dir='ltr'><strong>in</strong></span> <span class='ocrx_word' id='word_1_271' title='bbox 878 1985 1058 2039; x_wconf 88' lang='lat' dir='ltr'><strong>tunica</strong></span> <span class='ocrx_word' id='word_1_272' title='bbox 1102 1983 1480 2038; x_wconf 85' lang='lat' dir='ltr'><strong>vestimentum</strong></span> <span class='ocrx_word' id='word_1_273' title='bbox 1508 1983 1774 2055; x_wconf 86' lang='lat' dir='ltr'><strong>intelliga-</strong></span> 
     </span>
    </p>
   </div>
   <div class='ocr_carea' id='block_1_36' title="bbox 185 2076 1775 2146">
    <p class='ocr_par' dir='ltr' id='par_1_36' title="bbox 185 2076 1775 2146">
     <span class='ocr_line' id='line_1_36' title="bbox 185 2076 1775 2146; baseline -0.001 -11"><span class='ocrx_word' id='word_1_274' title='bbox 185 2095 323 2146; x_wconf 89' lang='lat' dir='ltr'><strong>mus,</strong></span> <span class='ocrx_word' id='word_1_275' title='bbox 356 2094 424 2133; x_wconf 89' lang='lat' dir='ltr'><strong>ne</strong></span> <span class='ocrx_word' id='word_1_276' title='bbox 463 2077 568 2131; x_wconf 89' lang='lat' dir='ltr'><strong>alio</strong></span> <span class='ocrx_word' id='word_1_277' title='bbox 614 2078 794 2133; x_wconf 84' lang='lat' dir='ltr'><strong>vestiti</strong></span> <span class='ocrx_word' id='word_1_278' title='bbox 838 2077 984 2131; x_wconf 84' lang='lat' dir='ltr'><strong>aliud</strong></span> <span class='ocrx_word' id='word_1_279' title='bbox 1027 2076 1183 2132; x_wconf 89' lang='lat' dir='ltr'><strong>nobis</strong></span> <span class='ocrx_word' id='word_1_280' title='bbox 1228 2076 1533 2131; x_wconf 84' lang='lat' dir='ltr'><strong>futurorum</strong></span> <span class='ocrx_word' id='word_1_281' title='bbox 1579 2078 1775 2133; x_wconf 86' lang='lat' dir='ltr'><strong>timore</strong></span> 
     </span>
    </p>
   </div>
   <div class='ocr_carea' id='block_1_37' title="bbox 186 2170 1774 2243">
    <p class='ocr_par' dir='ltr' id='par_1_37' title="bbox 186 2170 1774 2243">
     <span class='ocr_line' id='line_1_37' title="bbox 186 2170 1774 2243; baseline 0 -15"><span class='ocrx_word' id='word_1_282' title='bbox 186 2188 479 2228; x_wconf 88' lang='lat' dir='ltr'><strong>servemus.</strong></span> <span class='ocrx_word' id='word_1_283' title='bbox 501 2171 683 2243; x_wconf 83' lang='lat' dir='ltr'><strong>Neque</strong></span> <span class='ocrx_word' id='word_1_284' title='bbox 707 2172 1058 2243; x_wconf 83' lang='lat' dir='ltr'><strong>calceamenta</strong></span> <span class='ocrx_word' id='word_1_285' title='bbox 1082 2188 1098 2225; x_wconf 92' lang='lat'><strong><em>:</em></strong></span> <span class='ocrx_word' id='word_1_286' title='bbox 1124 2180 1177 2226; x_wconf 92' lang='lat' dir='ltr'><strong>et</strong></span> <span class='ocrx_word' id='word_1_287' title='bbox 1194 2170 1347 2226; x_wconf 87' lang='lat' dir='ltr'><strong>Plato</strong></span> <span class='ocrx_word' id='word_1_288' title='bbox 1369 2172 1613 2242; x_wconf 63' lang='lat' dir='ltr'><strong>praecipit</strong></span> <span class='ocrx_word' id='word_1_289' title='bbox 1640 2172 1774 2228; x_wconf 89' lang='lat' dir='ltr'><strong>duas</strong></span> 
     </span>
    </p>
   </div>
   <div class='ocr_carea' id='block_1_38' title="bbox 185 2263 1774 2335">
    <p class='ocr_par' dir='ltr' id='par_1_38' title="bbox 185 2263 1774 2335">
     <span class='ocr_line' id='line_1_38' title="bbox 185 2263 1774 2335; baseline 0 -16"><span class='ocrx_word' id='word_1_290' title='bbox 185 2265 429 2335; x_wconf 87' lang='lat' dir='ltr'><strong>corporis</strong></span> <span class='ocrx_word' id='word_1_291' title='bbox 460 2264 802 2319; x_wconf 87' lang='lat' dir='ltr'><strong>summitates</strong></span> <span class='ocrx_word' id='word_1_292' title='bbox 836 2278 943 2317; x_wconf 91' lang='lat' dir='ltr'><strong>non</strong></span> <span class='ocrx_word' id='word_1_293' title='bbox 971 2277 1093 2317; x_wconf 91' lang='lat' dir='ltr'><strong>esse</strong></span> <span class='ocrx_word' id='word_1_294' title='bbox 1136 2263 1396 2318; x_wconf 91' lang='lat' dir='ltr'><strong>vclandas</strong></span> <span class='ocrx_word' id='word_1_295' title='bbox 1418 2305 1433 2330; x_wconf 89' lang='lat'><strong>,</strong></span> <span class='ocrx_word' id='word_1_296' title='bbox 1462 2280 1564 2319; x_wconf 88' lang='lat' dir='ltr'><strong>nec</strong></span> <span class='ocrx_word' id='word_1_297' title='bbox 1589 2280 1774 2319; x_wconf 86' lang='lat' dir='ltr'><strong>assue-</strong></span> 
     </span>
    </p>
   </div>
   <div class='ocr_carea' id='block_1_39' title="bbox 188 2353 1773 2426">
    <p class='ocr_par' dir='ltr' id='par_1_39' title="bbox 188 2353 1773 2426">
     <span class='ocr_line' id='line_1_39' title="bbox 188 2353 1773 2426; baseline 0.001 -17"><span class='ocrx_word' id='word_1_298' title='bbox 188 2365 293 2409; x_wconf 86' lang='lat' dir='ltr'><strong>tam</strong></span> <span class='ocrx_word' id='word_1_299' title='bbox 326 2353 443 2409; x_wconf 91' lang='lat' dir='ltr'><strong>ﬁeri</strong></span> <span class='ocrx_word' id='word_1_300' title='bbox 487 2355 684 2408; x_wconf 85' lang='lat' dir='ltr'><strong>debere</strong></span> <span class='ocrx_word' id='word_1_301' title='bbox 734 2353 1018 2409; x_wconf 87' lang='lat' dir='ltr'><strong>mollitiem</strong></span> <span class='ocrx_word' id='word_1_302' title='bbox 1067 2354 1263 2426; x_wconf 89' lang='lat' dir='ltr'><strong>capitis</strong></span> <span class='ocrx_word' id='word_1_303' title='bbox 1294 2362 1348 2409; x_wconf 91' lang='lat' dir='ltr'><strong>et</strong></span> <span class='ocrx_word' id='word_1_304' title='bbox 1380 2356 1611 2424; x_wconf 86' lang='lat' dir='ltr'><strong>pedum;</strong></span> <span class='ocrx_word' id='word_1_305' title='bbox 1649 2371 1773 2410; x_wconf 88' lang='lat' dir='ltr'><strong>cum</strong></span> 
     </span>
    </p>
   </div>
   <div class='ocr_carea' id='block_1_40' title="bbox 182 2443 1771 2512">
    <p class='ocr_par' dir='ltr' id='par_1_40' title="bbox 182 2443 1771 2512">
     <span class='ocr_line' id='line_1_40' title="bbox 182 2443 1771 2512; baseline -0.001 -10"><span class='ocrx_word' id='word_1_306' title='bbox 182 2446 298 2502; x_wconf 74' lang='lat' dir='ltr'><strong>haec</strong></span> <span class='ocrx_word' id='word_1_307' title='bbox 322 2444 611 2500; x_wconf 87' lang='lat' dir='ltr'><strong>habuerint</strong></span> <span class='ocrx_word' id='word_1_308' title='bbox 646 2443 959 2499; x_wconf 90' lang='lat' dir='ltr'><strong>ﬁrmitatem</strong></span> <span class='ocrx_word' id='word_1_309' title='bbox 985 2486 1000 2512; x_wconf 92' lang='lat'><strong>,</strong></span> <span class='ocrx_word' id='word_1_310' title='bbox 1040 2454 1237 2501; x_wconf 62' lang='lat' dir='ltr'><strong>cretera</strong></span> <span class='ocrx_word' id='word_1_311' title='bbox 1276 2446 1582 2500; x_wconf 89' lang='lat' dir='ltr'><strong>robustiora</strong></span> <span class='ocrx_word' id='word_1_312' title='bbox 1628 2453 1771 2501; x_wconf 92' lang='lat' dir='ltr'><strong>sunt.</strong></span> 
     </span>
    </p>
   </div>
   <div class='ocr_carea' id='block_1_41' title="bbox 186 2534 1775 2611">
    <p class='ocr_par' dir='ltr' id='par_1_41' title="bbox 186 2534 1775 2611">
     <span class='ocr_line' id='line_1_41' title="bbox 186 2534 1775 2611; baseline 0 -19"><span class='ocrx_word' id='word_1_313' title='bbox 186 2534 367 2611; x_wconf 87' lang='lat' dir='ltr'><strong>Neque</strong></span> <span class='ocrx_word' id='word_1_314' title='bbox 411 2535 609 2605; x_wconf 86' lang='lat' dir='ltr'><strong>virgam</strong></span> <span class='ocrx_word' id='word_1_315' title='bbox 636 2550 654 2589; x_wconf 91' lang='lat'><em>:</em></span> <span class='ocrx_word' id='word_1_316' title='bbox 685 2536 774 2605; x_wconf 88' lang='lat' dir='ltr'><strong>qui</strong></span> <span class='ocrx_word' id='word_1_317' title='bbox 811 2535 905 2590; x_wconf 91' lang='lat' dir='ltr'><strong>Dei</strong></span> <span class='ocrx_word' id='word_1_318' title='bbox 939 2535 1202 2590; x_wconf 85' lang='lat' dir='ltr'><strong>habemus</strong></span> <span class='ocrx_word' id='word_1_319' title='bbox 1250 2535 1550 2603; x_wconf 88' lang='lat' dir='ltr'><strong>auxilium,</strong></span> <span class='ocrx_word' id='word_1_320' title='bbox 1597 2537 1775 2593; x_wconf 88' lang='lat' dir='ltr'><strong>baculi</strong></span> 
     </span>
    </p>
   </div>
   <div class='ocr_carea' id='block_1_42' title="bbox 183 2614 1776 2702">
    <p class='ocr_par' dir='ltr' id='par_1_42' title="bbox 183 2614 1776 2702">
     <span class='ocr_line' id='line_1_42' title="bbox 183 2614 1776 2702; baseline 0.001 -17"><span class='ocrx_word' id='word_1_321' title='bbox 183 2628 493 2702; x_wconf 75' lang='lat' dir='ltr'><strong>praesidium</strong></span> <span class='ocrx_word' id='word_1_322' title='bbox 516 2614 613 2683; x_wconf 87' lang='lat' dir='ltr'><strong>cur</strong></span> <span class='ocrx_word' id='word_1_323' title='bbox 642 2630 982 2698; x_wconf 68' lang='lat' dir='ltr'><strong>quaeremus?</strong></span> <span class='ocrx_word' id='word_1_324' title='bbox 1011 2629 1077 2683; x_wconf 88' lang='lat' dir='ltr'><strong>Et</strong></span> <span class='ocrx_word' id='word_1_325' title='bbox 1098 2629 1225 2699; x_wconf 85' lang='lat' dir='ltr'><strong>quia</strong></span> <span class='ocrx_word' id='word_1_326' title='bbox 1252 2630 1651 2700; x_wconf 90' lang='lat' dir='ltr'><strong>quodammodo</strong></span> <span class='ocrx_word' id='word_1_327' title='bbox 1674 2648 1776 2686; x_wconf 86' lang='lat' dir='ltr'><strong>nu-</strong></span> 
     </span>
    </p>
   </div>
   <div class='ocr_carea' id='block_1_43' title="bbox 186 2721 1772 2794">
    <p class='ocr_par' dir='ltr' id='par_1_43' title="bbox 186 2721 1772 2794">
     <span class='ocr_line' id='line_1_43' title="bbox 186 2721 1772 2794; baseline -0.001 -15"><span class='ocrx_word' id='word_1_328' title='bbox 186 2723 283 2779; x_wconf 90' lang='lat' dir='ltr'><strong>dos</strong></span> <span class='ocrx_word' id='word_1_329' title='bbox 309 2731 363 2779; x_wconf 91' lang='lat' dir='ltr'><strong>et</strong></span> <span class='ocrx_word' id='word_1_330' title='bbox 388 2721 668 2794; x_wconf 86' lang='lat' dir='ltr'><strong>expeditos</strong></span> <span class='ocrx_word' id='word_1_331' title='bbox 696 2722 761 2777; x_wconf 88' lang='lat' dir='ltr'><strong>ad</strong></span> <span class='ocrx_word' id='word_1_332' title='bbox 788 2723 1189 2792; x_wconf 86' lang='lat' dir='ltr'><strong>praedicandum</strong></span> <span class='ocrx_word' id='word_1_333' title='bbox 1220 2724 1493 2794; x_wconf 87' lang='lat' dir='ltr'><strong>apostolos</strong></span> <span class='ocrx_word' id='word_1_334' title='bbox 1524 2724 1772 2789; x_wconf 88' lang='lat' dir='ltr'><strong>miserat,</strong></span> 
     </span>
    </p>
   </div>
   <div class='ocr_carea' id='block_1_44' title="bbox 184 2812 1777 2886">
    <p class='ocr_par' dir='ltr' id='par_1_44' title="bbox 184 2812 1777 2886">
     <span class='ocr_line' id='line_1_44' title="bbox 184 2812 1777 2886; baseline -0.002 -16"><span class='ocrx_word' id='word_1_335' title='bbox 184 2824 241 2870; x_wconf 89' lang='lat' dir='ltr'><strong>et</strong></span> <span class='ocrx_word' id='word_1_336' title='bbox 266 2814 399 2870; x_wconf 90' lang='lat' dir='ltr'><strong>dura</strong></span> <span class='ocrx_word' id='word_1_337' title='bbox 425 2812 710 2869; x_wconf 88' lang='lat' dir='ltr'><strong>videbatur</strong></span> <span class='ocrx_word' id='word_1_338' title='bbox 735 2828 855 2869; x_wconf 89' lang='lat' dir='ltr'><strong>esse</strong></span> <span class='ocrx_word' id='word_1_339' title='bbox 892 2814 1131 2868; x_wconf 85' lang='lat' dir='ltr'><strong>conditio</strong></span> <span class='ocrx_word' id='word_1_340' title='bbox 1176 2815 1594 2886; x_wconf 88' lang='lat' dir='ltr'><strong>magistrorum,</strong></span> <span class='ocrx_word' id='word_1_341' title='bbox 1626 2829 1777 2869; x_wconf 88' lang='lat' dir='ltr'><strong>seve-</strong></span> 
     </span>
    </p>
   </div>
   <div class='ocr_carea' id='block_1_45' title="bbox 183 2906 1777 2981">
    <p class='ocr_par' dir='ltr' id='par_1_45' title="bbox 183 2906 1777 2981">
     <span class='ocr_line' id='line_1_45' title="bbox 183 2906 1777 2981; baseline 0 -21"><span class='ocrx_word' id='word_1_342' title='bbox 183 2906 397 2961; x_wconf 90' lang='lat' dir='ltr'><strong>ritatem</strong></span> <span class='ocrx_word' id='word_1_343' title='bbox 438 2907 695 2981; x_wconf 87' lang='lat' dir='ltr'><strong>praecepti</strong></span> <span class='ocrx_word' id='word_1_344' title='bbox 727 2907 972 2977; x_wconf 89' lang='lat' dir='ltr'><strong>sequenti</strong></span> <span class='ocrx_word' id='word_1_345' title='bbox 1010 2908 1281 2963; x_wconf 89' lang='lat' dir='ltr'><strong>sententia</strong></span> <span class='ocrx_word' id='word_1_346' title='bbox 1328 2907 1671 2977; x_wconf 81' lang='lat' dir='ltr'><strong>temperavit,</strong></span> <span class='ocrx_word' id='word_1_347' title='bbox 1698 2906 1777 2961; x_wconf 91' lang='lat' dir='ltr'><strong>di-</strong></span> 
     </span>
    </p>
   </div>
   <div class='ocr_carea' id='block_1_46' title="bbox 184 2998 1774 3072">
    <p class='ocr_par' dir='ltr' id='par_1_46' title="bbox 184 2998 1774 3072">
     <span class='ocr_line' id='line_1_46' title="bbox 184 2998 1774 3072; baseline -0.002 -17"><span class='ocrx_word' id='word_1_348' title='bbox 184 3014 314 3055; x_wconf 90' lang='lat' dir='ltr'><strong>cens</strong></span> <span class='ocrx_word' id='word_1_349' title='bbox 342 3016 356 3054; x_wconf 88' lang='lat'><strong>:</strong></span> <span class='ocrx_word' id='word_1_350' title='bbox 391 2999 591 3072; x_wconf 88' lang='lat' dir='ltr'><strong>Dignus</strong></span> <span class='ocrx_word' id='word_1_351' title='bbox 617 3011 693 3056; x_wconf 90' lang='lat' dir='ltr'><strong>est</strong></span> <span class='ocrx_word' id='word_1_352' title='bbox 722 3003 993 3072; x_wconf 84' lang='lat' dir='ltr'><strong>operarius</strong></span> <span class='ocrx_word' id='word_1_353' title='bbox 1019 3001 1132 3055; x_wconf 86' lang='lat' dir='ltr'><strong>cibo</strong></span> <span class='ocrx_word' id='word_1_354' title='bbox 1159 3018 1276 3055; x_wconf 89' lang='lat' dir='ltr'><strong>suo.</strong></span> <span class='ocrx_word' id='word_1_355' title='bbox 1302 2998 1555 3066; x_wconf 87' lang='lat' dir='ltr'><strong>Tantum,</strong></span> <span class='ocrx_word' id='word_1_356' title='bbox 1580 2998 1774 3069; x_wconf 89' lang='lat' dir='ltr'><strong>inquit,</strong></span> 
     </span>
    </p>
   </div>
   <div class='ocr_carea' id='block_1_47' title="bbox 184 3089 1776 3161">
    <p class='ocr_par' dir='ltr' id='par_1_47' title="bbox 184 3089 1776 3161">
     <span class='ocr_line' id='line_1_47' title="bbox 184 3089 1776 3161; baseline 0.001 -18"><span class='ocrx_word' id='word_1_357' title='bbox 184 3089 433 3161; x_wconf 89' lang='lat' dir='ltr'><strong>accipite,</strong></span> <span class='ocrx_word' id='word_1_358' title='bbox 458 3100 719 3160; x_wconf 91' lang='lat' dir='ltr'><strong>quantum</strong></span> <span class='ocrx_word' id='word_1_359' title='bbox 756 3092 811 3146; x_wconf 93' lang='lat' dir='ltr'><strong>in</strong></span> <span class='ocrx_word' id='word_1_360' title='bbox 834 3091 979 3145; x_wconf 88' lang='lat' dir='ltr'><strong>victu</strong></span> <span class='ocrx_word' id='word_1_361' title='bbox 1010 3100 1064 3145; x_wconf 92' lang='lat' dir='ltr'><strong>et</strong></span> <span class='ocrx_word' id='word_1_362' title='bbox 1091 3093 1291 3148; x_wconf 88' lang='lat' dir='ltr'><strong>vestitu</strong></span> <span class='ocrx_word' id='word_1_363' title='bbox 1336 3091 1490 3146; x_wconf 87' lang='lat' dir='ltr'><strong>vobis</strong></span> <span class='ocrx_word' id='word_1_364' title='bbox 1525 3107 1776 3146; x_wconf 89' lang='lat' dir='ltr'><strong>necessa-</strong></span> 
     </span>
    </p>
   </div>
   <div class='ocr_carea' id='block_1_48' title="bbox 183 3183 1775 3257">
    <p class='ocr_par' dir='ltr' id='par_1_48' title="bbox 183 3183 1775 3257">
     <span class='ocr_line' id='line_1_48' title="bbox 183 3183 1775 3257; baseline 0.003 -18"><span class='ocrx_word' id='word_1_365' title='bbox 183 3184 325 3239; x_wconf 86' lang='lat' dir='ltr'><strong>rium</strong></span> <span class='ocrx_word' id='word_1_366' title='bbox 347 3193 447 3240; x_wconf 90' lang='lat' dir='ltr'><strong>est.</strong></span> <span class='ocrx_word' id='word_1_367' title='bbox 476 3183 630 3241; x_wconf 91' lang='lat' dir='ltr'><strong>Unde</strong></span> <span class='ocrx_word' id='word_1_368' title='bbox 659 3193 713 3240; x_wconf 90' lang='lat' dir='ltr'><strong>et</strong></span> <span class='ocrx_word' id='word_1_369' title='bbox 730 3184 1020 3256; x_wconf 85' lang='lat' dir='ltr'><strong>Apostolus</strong></span> <span class='ocrx_word' id='word_1_370' title='bbox 1038 3186 1260 3257; x_wconf 88' lang='lat' dir='ltr'><strong>replicat</strong></span> <span class='ocrx_word' id='word_1_371' title='bbox 1289 3186 1356 3242; x_wconf 89' lang='lat' dir='ltr'><strong>de</strong></span> <span class='ocrx_word' id='word_1_372' title='bbox 1389 3203 1446 3242; x_wconf 90' lang='lat' dir='ltr'><strong>se</strong></span> <span class='ocrx_word' id='word_1_373' title='bbox 1470 3205 1483 3240; x_wconf 90' lang='lat'><strong>:</strong></span> <span class='ocrx_word' id='word_1_374' title='bbox 1510 3185 1775 3243; x_wconf 83' lang='lat' dir='ltr'><strong>Habentes</strong></span> 
     </span>
    </p>
   </div>
   <div class='ocr_carea' id='block_1_49' title="bbox 183 3274 1773 3342">
    <p class='ocr_par' dir='ltr' id='par_1_49' title="bbox 183 3274 1773 3342">
     <span class='ocr_line' id='line_1_49' title="bbox 183 3274 1773 3342; baseline 0.004 -15"><span class='ocrx_word' id='word_1_375' title='bbox 183 3274 373 3329; x_wconf 87' lang='lat' dir='ltr'><strong>victum</strong></span> <span class='ocrx_word' id='word_1_376' title='bbox 399 3283 445 3330; x_wconf 91' lang='lat' dir='ltr'><strong>et</strong></span> <span class='ocrx_word' id='word_1_377' title='bbox 470 3276 730 3342; x_wconf 88' lang='lat' dir='ltr'><strong>vestitum,</strong></span> <span class='ocrx_word' id='word_1_378' title='bbox 749 3276 828 3331; x_wconf 84' lang='lat' dir='ltr'><strong>his</strong></span> <span class='ocrx_word' id='word_1_379' title='bbox 851 3278 1081 3332; x_wconf 85' lang='lat' dir='ltr'><strong>contenti</strong></span> <span class='ocrx_word' id='word_1_380' title='bbox 1100 3296 1301 3333; x_wconf 83' lang='lat' dir='ltr'><strong>sumus.</strong></span> <span class='ocrx_word' id='word_1_381' title='bbox 1322 3279 1387 3333; x_wconf 86' lang='lat' dir='ltr'><strong>Et</strong></span> <span class='ocrx_word' id='word_1_382' title='bbox 1415 3279 1468 3332; x_wconf 91' lang='lat' dir='ltr'><strong>in</strong></span> <span class='ocrx_word' id='word_1_383' title='bbox 1496 3279 1600 3334; x_wconf 92' lang='lat' dir='ltr'><strong>alio</strong></span> <span class='ocrx_word' id='word_1_384' title='bbox 1626 3279 1773 3335; x_wconf 84' lang='lat' dir='ltr'><strong>loco&#39;:</strong></span> 
     </span>
    </p>
   </div>
   <div class='ocr_carea' id='block_1_50' title="bbox 183 3365 1778 3445">
    <p class='ocr_par' dir='ltr' id='par_1_50' title="bbox 183 3365 1778 3445">
     <span class='ocr_line' id='line_1_50' title="bbox 183 3365 1778 3445; baseline 0.003 -25"><span class='ocrx_word' id='word_1_385' title='bbox 183 3365 544 3423; x_wconf 83' lang='lat' dir='ltr'><strong>Communicet</strong></span> <span class='ocrx_word' id='word_1_386' title='bbox 578 3380 751 3425; x_wconf 86' lang='lat' dir='ltr'><strong>autem</strong></span> <span class='ocrx_word' id='word_1_387' title='bbox 800 3376 845 3424; x_wconf 79' lang='lat' dir='ltr'><strong>is</strong></span> <span class='ocrx_word' id='word_1_388' title='bbox 895 3373 987 3443; x_wconf 91' lang='lat' dir='ltr'><strong>qui</strong></span> <span class='ocrx_word' id='word_1_389' title='bbox 1021 3373 1381 3427; x_wconf 75' lang='lat' dir='ltr'><strong>catechizatur</strong></span> <span class='ocrx_word' id='word_1_390' title='bbox 1416 3373 1566 3427; x_wconf 85' lang='lat' dir='ltr'><strong>verbo</strong></span> <span class='ocrx_word' id='word_1_391' title='bbox 1609 3374 1655 3427; x_wconf 90' lang='lat' dir='ltr'><strong>ei</strong></span> <span class='ocrx_word' id='word_1_392' title='bbox 1691 3374 1778 3445; x_wconf 85' lang='lat' dir='ltr'><strong>qui</strong></span> 
     </span>
    </p>
   </div>
   <div class='ocr_carea' id='block_1_51' title="bbox 184 3463 1780 3538">
    <p class='ocr_par' dir='ltr' id='par_1_51' title="bbox 184 3463 1780 3538">
     <span class='ocr_line' id='line_1_51' title="bbox 184 3463 1780 3538; baseline 0.004 -23"><span class='ocrx_word' id='word_1_393' title='bbox 184 3463 474 3517; x_wconf 79' lang='lat' dir='ltr'><strong>catechizat</strong></span> <span class='ocrx_word' id='word_1_394' title='bbox 503 3481 557 3518; x_wconf 88' lang='lat' dir='ltr'><strong>se</strong></span> <span class='ocrx_word' id='word_1_395' title='bbox 586 3465 642 3519; x_wconf 89' lang='lat' dir='ltr'><strong>in</strong></span> <span class='ocrx_word' id='word_1_396' title='bbox 673 3464 913 3519; x_wconf 86' lang='lat' dir='ltr'><strong>omnibus</strong></span> <span class='ocrx_word' id='word_1_397' title='bbox 945 3464 1111 3520; x_wconf 86' lang='lat' dir='ltr'><strong>bonis.</strong></span> <span class='ocrx_word' id='word_1_398' title='bbox 1146 3465 1220 3521; x_wconf 90' lang='lat' dir='ltr'><strong>Ut</strong></span> <span class='ocrx_word' id='word_1_399' title='bbox 1255 3481 1485 3536; x_wconf 89' lang='lat' dir='ltr'><strong>quorum</strong></span> <span class='ocrx_word' id='word_1_400' title='bbox 1530 3466 1780 3538; x_wconf 87' lang='lat' dir='ltr'><strong>discipuli</strong></span> 
     </span>
    </p>
   </div>
   <div class='ocr_carea' id='block_1_52' title="bbox 182 3560 1779 3632">
    <p class='ocr_par' dir='ltr' id='par_1_52' title="bbox 182 3560 1779 3632">
     <span class='ocr_line' id='line_1_52' title="bbox 182 3560 1779 3632; baseline 0.001 -16"><span class='ocrx_word' id='word_1_401' title='bbox 182 3566 397 3616; x_wconf 82' lang='lat' dir='ltr'><strong>metant</strong></span> <span class='ocrx_word' id='word_1_402' title='bbox 420 3560 737 3632; x_wconf 90' lang='lat' dir='ltr'><strong>&#39;spiritalia,</strong></span> <span class='ocrx_word' id='word_1_403' title='bbox 769 3570 1049 3617; x_wconf 89' lang='lat' dir='ltr'><strong>consortes</strong></span> <span class='ocrx_word' id='word_1_404' title='bbox 1102 3578 1197 3618; x_wconf 89' lang='lat' dir='ltr'><strong>eos</strong></span> <span class='ocrx_word' id='word_1_405' title='bbox 1240 3561 1443 3617; x_wconf 84' lang='lat' dir='ltr'><strong>faciant</strong></span> <span class='ocrx_word' id='word_1_406' title='bbox 1479 3562 1779 3618; x_wconf 86' lang='lat' dir='ltr'><strong>carnalium</strong></span> 
     </span>
    </p>
   </div>
   <div class='ocr_carea' id='block_1_53' title="bbox 182 3651 1529 3729">
    <p class='ocr_par' dir='ltr' id='par_1_53' title="bbox 182 3651 1529 3729">
     <span class='ocr_line' id='line_1_53' title="bbox 182 3651 1529 3729; baseline -0.003 -19"><span class='ocrx_word' id='word_1_407' title='bbox 182 3668 432 3729; x_wconf 77' lang='lat' dir='ltr'><strong>suorum,</strong></span> <span class='ocrx_word' id='word_1_408' title='bbox 461 3667 569 3719; x_wconf 90' lang='lat' dir='ltr'><strong>non</strong></span> <span class='ocrx_word' id='word_1_409' title='bbox 599 3652 654 3725; x_wconf 74' lang='lat' dir='ltr'><strong>in</strong></span> <span class='ocrx_word' id='word_1_410' title='bbox 687 3651 941 3729; x_wconf 77' lang='lat' dir='ltr'><strong>avaritia,</strong></span> <span class='ocrx_word' id='word_1_411' title='bbox 969 3653 1064 3709; x_wconf 89' lang='lat' dir='ltr'><strong>sed</strong></span> <span class='ocrx_word' id='word_1_412' title='bbox 1092 3653 1147 3707; x_wconf 92' lang='lat' dir='ltr'><strong>in</strong></span> <span class='ocrx_word' id='word_1_413' title='bbox 1180 3653 1529 3709; x_wconf 89' lang='lat' dir='ltr'><strong>necessitate.</strong></span> 
     </span>
    </p>
   </div>
   <div class='ocr_carea' id='block_1_54' title="bbox 258 3742 1780 3817">
    <p class='ocr_par' dir='ltr' id='par_1_54' title="bbox 258 3742 1780 3817">
     <span class='ocr_line' id='line_1_54' title="bbox 258 3742 1780 3817; baseline -0.001 -16"><span class='ocrx_word' id='word_1_414' title='bbox 258 3742 723 3801; x_wconf 88' lang='lat' dir='ltr'><strong>Considerandum</strong></span> <span class='ocrx_word' id='word_1_415' title='bbox 774 3744 931 3799; x_wconf 92' lang='lat' dir='ltr'><strong>nobis</strong></span> <span class='ocrx_word' id='word_1_416' title='bbox 959 3754 1058 3806; x_wconf 90' lang='lat' dir='ltr'><strong>est,</strong></span> <span class='ocrx_word' id='word_1_417' title='bbox 1093 3745 1236 3816; x_wconf 91' lang='lat' dir='ltr'><strong>quod</strong></span> <span class='ocrx_word' id='word_1_418' title='bbox 1274 3746 1367 3800; x_wconf 91' lang='lat' dir='ltr'><strong>uni</strong></span> <span class='ocrx_word' id='word_1_419' title='bbox 1399 3755 1588 3802; x_wconf 91' lang='lat' dir='ltr'><strong>nostro</strong></span> <span class='ocrx_word' id='word_1_420' title='bbox 1629 3746 1780 3817; x_wconf 89' lang='lat' dir='ltr'><strong>operi</strong></span> 
     </span>
    </p>
   </div>
   <div class='ocr_carea' id='block_1_55' title="bbox 182 3836 1779 3909">
    <p class='ocr_par' dir='ltr' id='par_1_55' title="bbox 182 3836 1779 3909">
     <span class='ocr_line' id='line_1_55' title="bbox 182 3836 1779 3909; baseline -0.001 -16"><span class='ocrx_word' id='word_1_421' title='bbox 182 3838 311 3893; x_wconf 72' lang='lat' dir='ltr'><strong>dua:</strong></span> <span class='ocrx_word' id='word_1_422' title='bbox 340 3836 620 3893; x_wconf 90' lang='lat' dir='ltr'><strong>mercedes</strong></span> <span class='ocrx_word' id='word_1_423' title='bbox 643 3836 929 3905; x_wconf 86' lang='lat' dir='ltr'><strong>debentur,</strong></span> <span class='ocrx_word' id='word_1_424' title='bbox 957 3853 1060 3891; x_wconf 87' lang='lat' dir='ltr'><strong>una</strong></span> <span class='ocrx_word' id='word_1_425' title='bbox 1091 3838 1143 3892; x_wconf 90' lang='lat' dir='ltr'><strong>in</strong></span> <span class='ocrx_word' id='word_1_426' title='bbox 1168 3838 1280 3905; x_wconf 92' lang='lat' dir='ltr'><strong>via,</strong></span> <span class='ocrx_word' id='word_1_427' title='bbox 1303 3838 1473 3893; x_wconf 88' lang='lat' dir='ltr'><strong>altera</strong></span> <span class='ocrx_word' id='word_1_428' title='bbox 1496 3839 1549 3894; x_wconf 91' lang='lat' dir='ltr'><strong>in</strong></span> <span class='ocrx_word' id='word_1_429' title='bbox 1572 3839 1779 3909; x_wconf 91' lang='lat' dir='ltr'><strong>patria;</strong></span> 
     </span>
    </p>
   </div>
   <div class='ocr_carea' id='block_1_56' title="bbox 181 3914 1781 4003">
    <p class='ocr_par' dir='ltr' id='par_1_56' title="bbox 181 3914 1781 4003">
     <span class='ocr_line' id='line_1_56' title="bbox 181 3914 1781 4003; baseline -0.001 -16"><span class='ocrx_word' id='word_1_430' title='bbox 181 3945 296 3987; x_wconf 85' lang='lat' dir='ltr'><strong>una</strong></span> <span class='ocrx_word' id='word_1_431' title='bbox 327 3944 448 4003; x_wconf 82' lang='lat' dir='ltr'><strong>quae</strong></span> <span class='ocrx_word' id='word_1_432' title='bbox 483 3944 584 3985; x_wconf 91' lang='lat' dir='ltr'><strong>nos</strong></span> <span class='ocrx_word' id='word_1_433' title='bbox 616 3929 672 3984; x_wconf 92' lang='lat' dir='ltr'><strong>in</strong></span> <span class='ocrx_word' id='word_1_434' title='bbox 727 3929 912 3985; x_wconf 89' lang='lat' dir='ltr'><strong>labore</strong></span> <span class='ocrx_word' id='word_1_435' title='bbox 956 3938 1266 3996; x_wconf 91' lang='lat' dir='ltr'><strong>sustentat,</strong></span> <span class='ocrx_word' id='word_1_436' title='bbox 1297 3931 1403 3985; x_wconf 91' lang='lat' dir='ltr'><strong>alia</strong></span> <span class='ocrx_word' id='word_1_437' title='bbox 1447 3947 1569 4001; x_wconf 68' lang='lat' dir='ltr'><strong>quae</strong></span> <span class='ocrx_word' id='word_1_438' title='bbox 1596 3947 1697 3986; x_wconf 91' lang='lat' dir='ltr'><strong>nos</strong></span> <span class='ocrx_word' id='word_1_439' title='bbox 1718 3914 1781 3987; x_wconf 83' lang='lat' dir='ltr'><strong>in</strong></span> 
     </span>
    </p>
   </div>
   <div class='ocr_carea' id='block_1_57' title="bbox 176 4023 1783 4097">
    <p class='ocr_par' dir='ltr' id='par_1_57' title="bbox 176 4023 1783 4097">
     <span class='ocr_line' id='line_1_57' title="bbox 176 4023 1783 4097; baseline -0.003 -13"><span class='ocrx_word' id='word_1_440' title='bbox 176 4026 595 4095; x_wconf 70' lang='lat' dir='ltr'><strong>resurrectione</strong></span> <span class='ocrx_word' id='word_1_441' title='bbox 629 4034 959 4090; x_wconf 89' lang='lat' dir='ltr'><strong>remunerat,</strong></span> <span class='ocrx_word' id='word_1_442' title='bbox 988 4026 1042 4080; x_wconf 91' lang='lat' dir='ltr'><strong>in</strong></span> <span class='ocrx_word' id='word_1_443' title='bbox 1066 4025 1275 4081; x_wconf 80' lang='lat' dir='ltr'><strong>visione</strong></span> <span class='ocrx_word' id='word_1_444' title='bbox 1308 4025 1477 4097; x_wconf 88' lang='lat' dir='ltr'><strong>ipsius</strong></span> <span class='ocrx_word' id='word_1_445' title='bbox 1525 4023 1783 4080; x_wconf 85' lang='lat' dir='ltr'><strong>Veritatis</strong></span> 
     </span>
    </p>
   </div>
   <div class='ocr_carea' id='block_1_58' title="bbox 174 4116 1783 4191">
    <p class='ocr_par' dir='ltr' id='par_1_58' title="bbox 174 4116 1783 4191">
     <span class='ocr_line' id='line_1_58' title="bbox 174 4116 1783 4191; baseline -0.004 -14"><span class='ocrx_word' id='word_1_446' title='bbox 174 4119 489 4177; x_wconf 73' lang='lat' dir='ltr'><strong>Jzetiﬁeans.</strong></span> <span class='ocrx_word' id='word_1_447' title='bbox 520 4117 793 4191; x_wconf 75' lang='lat' dir='ltr'><strong>(Hier-on.)</strong></span> <span class='ocrx_word' id='word_1_448' title='bbox 832 4116 961 4175; x_wconf 84' lang='lat' dir='ltr'><strong>Haec</strong></span> <span class='ocrx_word' id='word_1_449' title='bbox 993 4119 1253 4175; x_wconf 88' lang='lat' dir='ltr'><strong>historice</strong></span> <span class='ocrx_word' id='word_1_450' title='bbox 1281 4119 1595 4191; x_wconf 82' lang='lat' dir='ltr'><strong>dixerimus,</strong></span> <span class='ocrx_word' id='word_1_451' title='bbox 1623 4125 1783 4172; x_wconf 63' lang='lat' dir='ltr'><strong>ciete-</strong></span> 
     </span>
    </p>
   </div>
   <div class='ocr_carea' id='block_1_59' title="bbox 184 4210 1784 4285">
    <p class='ocr_par' dir='ltr' id='par_1_59' title="bbox 184 4210 1784 4285">
     <span class='ocr_line' id='line_1_59' title="bbox 184 4210 1784 4285; baseline -0.003 -18"><span class='ocrx_word' id='word_1_452' title='bbox 184 4227 307 4267; x_wconf 92' lang='lat' dir='ltr'><strong>rum</strong></span> <span class='ocrx_word' id='word_1_453' title='bbox 350 4210 650 4267; x_wconf 90' lang='lat' dir='ltr'><strong>secundum</strong></span> <span class='ocrx_word' id='word_1_454' title='bbox 671 4226 950 4284; x_wconf 85' lang='lat' dir='ltr'><strong>anagogen</strong></span> <span class='ocrx_word' id='word_1_455' title='bbox 979 4227 1086 4266; x_wconf 92' lang='lat' dir='ltr'><strong>non</strong></span> <span class='ocrx_word' id='word_1_456' title='bbox 1124 4210 1250 4265; x_wconf 88' lang='lat' dir='ltr'><strong>licet</strong></span> <span class='ocrx_word' id='word_1_457' title='bbox 1276 4210 1553 4281; x_wconf 83' lang='lat' dir='ltr'><strong>magistris</strong></span> <span class='ocrx_word' id='word_1_458' title='bbox 1601 4218 1655 4264; x_wconf 90' lang='lat' dir='ltr'><strong>et</strong></span> <span class='ocrx_word' id='word_1_459' title='bbox 1695 4225 1784 4285; x_wconf 74' lang='lat' dir='ltr'><strong>au-</strong></span> 
     </span>
    </p>
   </div>
   <div class='ocr_carea' id='block_1_60' title="bbox 182 4302 1779 4375">
    <p class='ocr_par' dir='ltr' id='par_1_60' title="bbox 182 4302 1779 4375">
     <span class='ocr_line' id='line_1_60' title="bbox 182 4302 1779 4375; baseline -0.002 -16"><span class='ocrx_word' id='word_1_460' title='bbox 182 4318 341 4369; x_wconf 91' lang='lat' dir='ltr'><strong>rum,</strong></span> <span class='ocrx_word' id='word_1_461' title='bbox 370 4309 426 4359; x_wconf 88' lang='lat' dir='ltr'><strong>et</strong></span> <span class='ocrx_word' id='word_1_462' title='bbox 463 4312 780 4373; x_wconf 83' lang='lat' dir='ltr'><strong>argentum,</strong></span> <span class='ocrx_word' id='word_1_463' title='bbox 812 4311 867 4359; x_wconf 91' lang='lat' dir='ltr'><strong>et</strong></span> <span class='ocrx_word' id='word_1_464' title='bbox 907 4303 1190 4373; x_wconf 87' lang='lat' dir='ltr'><strong>pecuniam</strong></span> <span class='ocrx_word' id='word_1_465' title='bbox 1209 4343 1223 4369; x_wconf 92' lang='lat'><strong>,</strong></span> <span class='ocrx_word' id='word_1_466' title='bbox 1249 4319 1369 4375; x_wconf 67' lang='lat' dir='ltr'><strong>quae</strong></span> <span class='ocrx_word' id='word_1_467' title='bbox 1409 4302 1466 4356; x_wconf 90' lang='lat' dir='ltr'><strong>in</strong></span> <span class='ocrx_word' id='word_1_468' title='bbox 1496 4302 1650 4357; x_wconf 88' lang='lat' dir='ltr'><strong>zonis</strong></span> <span class='ocrx_word' id='word_1_469' title='bbox 1676 4312 1779 4368; x_wconf 92' lang='lat' dir='ltr'><strong>est,</strong></span> 
     </span>
    </p>
   </div>
   <div class='ocr_carea' id='block_1_61' title="bbox 182 4392 1782 4473">
    <p class='ocr_par' dir='ltr' id='par_1_61' title="bbox 182 4392 1782 4473">
     <span class='ocr_line' id='line_1_61' title="bbox 182 4392 1782 4473; baseline 0 -25"><span class='ocrx_word' id='word_1_470' title='bbox 182 4392 482 4466; x_wconf 83' lang='lat' dir='ltr'><strong>possidere.</strong></span> <span class='ocrx_word' id='word_1_471' title='bbox 517 4394 724 4469; x_wconf 80' lang='lat' dir='ltr'><strong>Aurum</strong></span> <span class='ocrx_word' id='word_1_472' title='bbox 756 4410 897 4473; x_wconf 49' lang='lat' dir='ltr'><strong>sape</strong></span> <span class='ocrx_word' id='word_1_473' title='bbox 918 4394 1146 4471; x_wconf 82' lang='lat' dir='ltr'><strong>legimus</strong></span> <span class='ocrx_word' id='word_1_474' title='bbox 1169 4410 1267 4466; x_wconf 90' lang='lat' dir='ltr'><strong>pro</strong></span> <span class='ocrx_word' id='word_1_475' title='bbox 1290 4410 1473 4461; x_wconf 87' lang='lat' dir='ltr'><strong>sensu,</strong></span> <span class='ocrx_word' id='word_1_476' title='bbox 1502 4404 1782 4467; x_wconf 80' lang='lat' dir='ltr'><strong>argentum</strong></span> 
     </span>
    </p>
   </div>
   <div class='ocr_carea' id='block_1_62' title="bbox 1871 1887 3464 1959">
    <p class='ocr_par' dir='ltr' id='par_1_62' title="bbox 1871 1887 3464 1959">
     <span class='ocr_line' id='line_1_62' title="bbox 1871 1887 3464 1959; baseline 0.006 -19"><span class='ocrx_word' id='word_1_477' title='bbox 1871 1887 2032 1958; x_wconf 89' lang='lat' dir='ltr'><strong>hujus</strong></span> <span class='ocrx_word' id='word_1_478' title='bbox 2059 1888 2202 1954; x_wconf 89' lang='lat' dir='ltr'><strong>vitae,</strong></span> <span class='ocrx_word' id='word_1_479' title='bbox 2233 1887 2327 1944; x_wconf 91' lang='lat' dir='ltr'><strong>sed</strong></span> <span class='ocrx_word' id='word_1_480' title='bbox 2357 1890 2481 1959; x_wconf 91' lang='lat' dir='ltr'><strong>quia</strong></span> <span class='ocrx_word' id='word_1_481' title='bbox 2512 1892 2591 1945; x_wconf 88' lang='lat' dir='ltr'><strong>sic</strong></span> <span class='ocrx_word' id='word_1_482' title='bbox 2620 1907 2714 1947; x_wconf 92' lang='lat' dir='ltr'><strong>eos</strong></span> <span class='ocrx_word' id='word_1_483' title='bbox 2737 1892 3023 1958; x_wconf 90' lang='lat' dir='ltr'><strong>mittebat,</strong></span> <span class='ocrx_word' id='word_1_484' title='bbox 3049 1903 3107 1948; x_wconf 92' lang='lat' dir='ltr'><strong>ut</strong></span> <span class='ocrx_word' id='word_1_485' title='bbox 3137 1894 3215 1949; x_wconf 89' lang='lat' dir='ltr'><strong>eis</strong></span> <span class='ocrx_word' id='word_1_486' title='bbox 3235 1894 3351 1948; x_wconf 64' lang='lat' dir='ltr'><strong>haec</strong></span> <span class='ocrx_word' id='word_1_487' title='bbox 3377 1894 3464 1949; x_wconf 84' lang='lat' dir='ltr'><strong>de-</strong></span> 
     </span>
    </p>
   </div>
   <div class='ocr_carea' id='block_1_63' title="bbox 1872 1979 3464 2057">
    <p class='ocr_par' dir='ltr' id='par_1_63' title="bbox 1872 1979 3464 2057">
     <span class='ocr_line' id='line_1_63' title="bbox 1872 1979 3464 2057; baseline 0.002 -23"><span class='ocrx_word' id='word_1_488' title='bbox 1872 1979 1988 2034; x_wconf 87' lang='lat' dir='ltr'><strong>beri</strong></span> <span class='ocrx_word' id='word_1_489' title='bbox 2036 1988 2365 2036; x_wconf 89' lang='lat' dir='ltr'><strong>monstraret</strong></span> <span class='ocrx_word' id='word_1_490' title='bbox 2391 1982 2458 2036; x_wconf 92' lang='lat' dir='ltr'><strong>ab</strong></span> <span class='ocrx_word' id='word_1_491' title='bbox 2488 1982 2594 2039; x_wconf 91' lang='lat' dir='ltr'><strong>illis</strong></span> <span class='ocrx_word' id='word_1_492' title='bbox 2623 1984 2817 2052; x_wconf 86' lang='lat' dir='ltr'><strong>quibus</strong></span> <span class='ocrx_word' id='word_1_493' title='bbox 2849 1983 3195 2057; x_wconf 80' lang='lat' dir='ltr'><strong>Evangelium</strong></span> <span class='ocrx_word' id='word_1_494' title='bbox 3240 1984 3464 2038; x_wconf 89' lang='lat' dir='ltr'><strong>creden-</strong></span> 
     </span>
    </p>
   </div>
   <div class='ocr_carea' id='block_1_64' title="bbox 1876 2073 3460 2147">
    <p class='ocr_par' dir='ltr' id='par_1_64' title="bbox 1876 2073 3460 2147">
     <span class='ocr_line' id='line_1_64' title="bbox 1876 2073 3460 2147; baseline 0.001 -20"><span class='ocrx_word' id='word_1_495' title='bbox 1876 2073 2019 2127; x_wconf 91' lang='lat' dir='ltr'><strong>tibus</strong></span> <span class='ocrx_word' id='word_1_496' title='bbox 2044 2073 2450 2129; x_wconf 84' lang='lat' dir='ltr'><strong>annuntiarent.</strong></span> <span class='ocrx_word' id='word_1_497' title='bbox 2480 2073 2662 2129; x_wconf 88' lang='lat' dir='ltr'><strong>Claret</strong></span> <span class='ocrx_word' id='word_1_498' title='bbox 2688 2085 2866 2129; x_wconf 88' lang='lat' dir='ltr'><strong>autem</strong></span> <span class='ocrx_word' id='word_1_499' title='bbox 2892 2091 2996 2130; x_wconf 92' lang='lat' dir='ltr'><strong>non</strong></span> <span class='ocrx_word' id='word_1_500' title='bbox 3032 2076 3103 2129; x_wconf 87' lang='lat' dir='ltr'><strong>ita</strong></span> <span class='ocrx_word' id='word_1_501' title='bbox 3132 2075 3460 2147; x_wconf 85' lang='lat' dir='ltr'><strong>praecepisse</strong></span> 
     </span>
    </p>
   </div>
   <div class='ocr_carea' id='block_1_65' title="bbox 1874 2165 3463 2239">
    <p class='ocr_par' dir='ltr' id='par_1_65' title="bbox 1874 2165 3463 2239">
     <span class='ocr_line' id='line_1_65' title="bbox 1874 2165 3463 2239; baseline 0.002 -20"><span class='ocrx_word' id='word_1_502' title='bbox 1874 2165 2063 2227; x_wconf 90' lang='lat' dir='ltr'><strong>Deum,</strong></span> <span class='ocrx_word' id='word_1_503' title='bbox 2099 2174 2354 2235; x_wconf 86' lang='lat' dir='ltr'><strong>tanquam</strong></span> <span class='ocrx_word' id='word_1_504' title='bbox 2391 2167 2733 2239; x_wconf 71' lang='lat' dir='ltr'><strong>evangelista:</strong></span> <span class='ocrx_word' id='word_1_505' title='bbox 2760 2168 2939 2223; x_wconf 82' lang='lat' dir='ltr'><strong>vivere</strong></span> <span class='ocrx_word' id='word_1_506' title='bbox 2970 2168 3185 2223; x_wconf 88' lang='lat' dir='ltr'><strong>aliunde</strong></span> <span class='ocrx_word' id='word_1_507' title='bbox 3229 2184 3335 2222; x_wconf 91' lang='lat' dir='ltr'><strong>non</strong></span> <span class='ocrx_word' id='word_1_508' title='bbox 3367 2168 3463 2223; x_wconf 89' lang='lat' dir='ltr'><strong>de-</strong></span> 
     </span>
    </p>
   </div>
   <div class='ocr_carea' id='block_1_66' title="bbox 1874 2255 3464 2328">
    <p class='ocr_par' dir='ltr' id='par_1_66' title="bbox 1874 2255 3464 2328">
     <span class='ocr_line' id='line_1_66' title="bbox 1874 2255 3464 2328; baseline 0 -18"><span class='ocrx_word' id='word_1_509' title='bbox 1874 2255 2038 2311; x_wconf 88' lang='lat' dir='ltr'><strong>beant</strong></span> <span class='ocrx_word' id='word_1_510' title='bbox 2058 2272 2219 2326; x_wconf 90' lang='lat' dir='ltr'><strong>qnam</strong></span> <span class='ocrx_word' id='word_1_511' title='bbox 2247 2259 2326 2312; x_wconf 90' lang='lat' dir='ltr'><strong>eis</strong></span> <span class='ocrx_word' id='word_1_512' title='bbox 2342 2258 2706 2328; x_wconf 61' lang='lat' dir='ltr'><strong>praebentibus</strong></span> <span class='ocrx_word' id='word_1_513' title='bbox 2723 2258 2916 2327; x_wconf 89' lang='lat' dir='ltr'><strong>quibus</strong></span> <span class='ocrx_word' id='word_1_514' title='bbox 2940 2256 3263 2312; x_wconf 90' lang='lat' dir='ltr'><strong>annuntiant</strong></span> <span class='ocrx_word' id='word_1_515' title='bbox 3285 2256 3464 2311; x_wconf 88' lang='lat' dir='ltr'><strong>Evan-</strong></span> 
     </span>
    </p>
   </div>
   <div class='ocr_carea' id='block_1_67' title="bbox 1876 2347 3465 2421">
    <p class='ocr_par' dir='ltr' id='par_1_67' title="bbox 1876 2347 3465 2421">
     <span class='ocr_line' id='line_1_67' title="bbox 1876 2347 3465 2421; baseline 0 -19"><span class='ocrx_word' id='word_1_516' title='bbox 1876 2349 2094 2421; x_wconf 86' lang='lat' dir='ltr'><strong>gelium.</strong></span> <span class='ocrx_word' id='word_1_517' title='bbox 2128 2348 2383 2419; x_wconf 86' lang='lat' dir='ltr'><strong>Alioquin</strong></span> <span class='ocrx_word' id='word_1_518' title='bbox 2432 2358 2620 2404; x_wconf 88' lang='lat' dir='ltr'><strong>contra</strong></span> <span class='ocrx_word' id='word_1_519' title='bbox 2664 2352 2765 2405; x_wconf 94' lang='lat' dir='ltr'><strong>hoc</strong></span> <span class='ocrx_word' id='word_1_520' title='bbox 2798 2358 3127 2421; x_wconf 83' lang='lat' dir='ltr'><strong>praeceptum</strong></span> <span class='ocrx_word' id='word_1_521' title='bbox 3166 2348 3294 2404; x_wconf 81' lang='lat' dir='ltr'><strong>fecit</strong></span> <span class='ocrx_word' id='word_1_522' title='bbox 3329 2347 3465 2420; x_wconf 89' lang='lat' dir='ltr'><strong>Apo-</strong></span> 
     </span>
    </p>
   </div>
   <div class='ocr_carea' id='block_1_68' title="bbox 1876 2438 3464 2513">
    <p class='ocr_par' dir='ltr' id='par_1_68' title="bbox 1876 2438 3464 2513">
     <span class='ocr_line' id='line_1_68' title="bbox 1876 2438 3464 2513; baseline -0.003 -17"><span class='ocrx_word' id='word_1_523' title='bbox 1876 2441 2045 2496; x_wconf 89' lang='lat' dir='ltr'><strong>stolus</strong></span> <span class='ocrx_word' id='word_1_524' title='bbox 2073 2440 2123 2513; x_wconf 89' lang='lat' dir='ltr'><strong>(I</strong></span> <span class='ocrx_word' id='word_1_525' title='bbox 2160 2438 2283 2496; x_wconf 88' lang='lat' dir='ltr'><strong>Cor.</strong></span> <span class='ocrx_word' id='word_1_526' title='bbox 2308 2440 2404 2512; x_wconf 82' lang='lat' dir='ltr'><strong>tv),</strong></span> <span class='ocrx_word' id='word_1_527' title='bbox 2455 2442 2777 2512; x_wconf 89' lang='lat' dir='ltr'><strong>quivictum</strong></span> <span class='ocrx_word' id='word_1_528' title='bbox 2828 2443 2893 2497; x_wconf 91' lang='lat' dir='ltr'><strong>de</strong></span> <span class='ocrx_word' id='word_1_529' title='bbox 2937 2457 3193 2496; x_wconf 86' lang='lat' dir='ltr'><strong>manuum</strong></span> <span class='ocrx_word' id='word_1_530' title='bbox 3243 2454 3464 2495; x_wconf 87' lang='lat' dir='ltr'><strong>suarum</strong></span> 
     </span>
    </p>
   </div>
   <div class='ocr_carea' id='block_1_69' title="bbox 1876 2534 3467 2613">
    <p class='ocr_par' dir='ltr' id='par_1_69' title="bbox 1876 2534 3467 2613">
     <span class='ocr_line' id='line_1_69' title="bbox 1876 2534 3467 2613; baseline 0 -24"><span class='ocrx_word' id='word_1_531' title='bbox 1876 2534 2152 2590; x_wconf 86' lang='lat' dir='ltr'><strong>laboribus</strong></span> <span class='ocrx_word' id='word_1_532' title='bbox 2180 2535 2534 2613; x_wconf 77' lang='lat' dir='ltr'><strong>transigebat,</strong></span> <span class='ocrx_word' id='word_1_533' title='bbox 2564 2550 2631 2591; x_wconf 87' lang='lat' dir='ltr'><strong>ne</strong></span> <span class='ocrx_word' id='word_1_534' title='bbox 2661 2535 2914 2605; x_wconf 88' lang='lat' dir='ltr'><strong>cuiquam</strong></span> <span class='ocrx_word' id='word_1_535' title='bbox 2938 2535 3118 2608; x_wconf 87' lang='lat' dir='ltr'><strong>gravis</strong></span> <span class='ocrx_word' id='word_1_536' title='bbox 3150 2541 3324 2599; x_wconf 88' lang='lat' dir='ltr'><strong>esset;</strong></span> <span class='ocrx_word' id='word_1_537' title='bbox 3371 2534 3467 2589; x_wconf 89' lang='lat' dir='ltr'><strong>sed</strong></span> 
     </span>
    </p>
   </div>
   <div class='ocr_carea' id='block_1_70' title="bbox 1874 2623 3463 2697">
    <p class='ocr_par' dir='ltr' id='par_1_70' title="bbox 1874 2623 3463 2697">
     <span class='ocr_line' id='line_1_70' title="bbox 1874 2623 3463 2697; baseline -0.001 -17"><span class='ocrx_word' id='word_1_538' title='bbox 1874 2633 2199 2697; x_wconf 88' lang='lat' dir='ltr'><strong>potestatem</strong></span> <span class='ocrx_word' id='word_1_539' title='bbox 2227 2624 2461 2690; x_wconf 87' lang='lat' dir='ltr'><strong>dedisse,</strong></span> <span class='ocrx_word' id='word_1_540' title='bbox 2511 2625 2565 2678; x_wconf 92' lang='lat' dir='ltr'><strong>in</strong></span> <span class='ocrx_word' id='word_1_541' title='bbox 2591 2640 2697 2695; x_wconf 89' lang='lat' dir='ltr'><strong>qua</strong></span> <span class='ocrx_word' id='word_1_542' title='bbox 2752 2624 2956 2679; x_wconf 90' lang='lat' dir='ltr'><strong>scirent</strong></span> <span class='ocrx_word' id='word_1_543' title='bbox 2986 2625 3087 2680; x_wconf 90' lang='lat' dir='ltr'><strong>sibi</strong></span> <span class='ocrx_word' id='word_1_544' title='bbox 3121 2625 3219 2680; x_wconf 90' lang='lat' dir='ltr'><strong>ista</strong></span> <span class='ocrx_word' id='word_1_545' title='bbox 3253 2623 3463 2679; x_wconf 90' lang='lat' dir='ltr'><strong>deberi.</strong></span> 
     </span>
    </p>
   </div>
   <div class='ocr_carea' id='block_1_71' title="bbox 1876 2716 3464 2793">
    <p class='ocr_par' dir='ltr' id='par_1_71' title="bbox 1876 2716 3464 2793">
     <span class='ocr_line' id='line_1_71' title="bbox 1876 2716 3464 2793; baseline -0.001 -20"><span class='ocrx_word' id='word_1_546' title='bbox 1876 2717 2010 2773; x_wconf 85' lang='lat' dir='ltr'><strong>Cum</strong></span> <span class='ocrx_word' id='word_1_547' title='bbox 2038 2726 2219 2771; x_wconf 90' lang='lat' dir='ltr'><strong>autem</strong></span> <span class='ocrx_word' id='word_1_548' title='bbox 2266 2732 2298 2772; x_wconf 91' lang='lat' dir='ltr'><strong>a</strong></span> <span class='ocrx_word' id='word_1_549' title='bbox 2328 2716 2557 2772; x_wconf 89' lang='lat' dir='ltr'><strong>Domino</strong></span> <span class='ocrx_word' id='word_1_550' title='bbox 2588 2716 2789 2787; x_wconf 89' lang='lat' dir='ltr'><strong>aliquid</strong></span> <span class='ocrx_word' id='word_1_551' title='bbox 2836 2716 3136 2793; x_wconf 85' lang='lat' dir='ltr'><strong>imperatur</strong></span> <span class='ocrx_word' id='word_1_552' title='bbox 3160 2758 3174 2783; x_wconf 92' lang='lat'><strong>,</strong></span> <span class='ocrx_word' id='word_1_553' title='bbox 3203 2717 3307 2773; x_wconf 88' lang='lat' dir='ltr'><strong>nisi</strong></span> <span class='ocrx_word' id='word_1_554' title='bbox 3347 2717 3464 2784; x_wconf 87' lang='lat' dir='ltr'><strong>ﬁat,</strong></span> 
     </span>
    </p>
   </div>
   <div class='ocr_carea' id='block_1_72' title="bbox 1836 2811 3465 2884">
    <p class='ocr_par' dir='ltr' id='par_1_72' title="bbox 1836 2811 3465 2884">
     <span class='ocr_line' id='line_1_72' title="bbox 1836 2811 3465 2884; baseline 0.001 -18"><span class='ocrx_word' id='word_1_555' title='bbox 1836 2832 1842 2839; x_wconf 52' lang='grc' dir='ltr'><em>κ</em></span> <span class='ocrx_word' id='word_1_556' title='bbox 1877 2812 2257 2867; x_wconf 83' lang='lat' dir='ltr'><strong>inobedientiae</strong></span> <span class='ocrx_word' id='word_1_557' title='bbox 2293 2811 2449 2883; x_wconf 80' lang='lat' dir='ltr'><strong>culpa</strong></span> <span class='ocrx_word' id='word_1_558' title='bbox 2485 2819 2600 2878; x_wconf 90' lang='lat' dir='ltr'><strong>est;</strong></span> <span class='ocrx_word' id='word_1_559' title='bbox 2632 2828 2753 2867; x_wconf 91' lang='lat' dir='ltr'><strong>cum</strong></span> <span class='ocrx_word' id='word_1_560' title='bbox 2798 2822 2978 2867; x_wconf 89' lang='lat' dir='ltr'><strong>autem</strong></span> <span class='ocrx_word' id='word_1_561' title='bbox 3019 2821 3260 2884; x_wconf 84' lang='lat' dir='ltr'><strong>potestas</strong></span> <span class='ocrx_word' id='word_1_562' title='bbox 3285 2813 3465 2879; x_wconf 88' lang='lat' dir='ltr'><strong>datur,</strong></span> 
     </span>
    </p>
   </div>
   <div class='ocr_carea' id='block_1_73' title="bbox 1878 2904 3463 2976">
    <p class='ocr_par' dir='ltr' id='par_1_73' title="bbox 1878 2904 3463 2976">
     <span class='ocr_line' id='line_1_73' title="bbox 1878 2904 3463 2976; baseline -0.001 -16"><span class='ocrx_word' id='word_1_563' title='bbox 1878 2905 2004 2962; x_wconf 89' lang='lat' dir='ltr'><strong>licet</strong></span> <span class='ocrx_word' id='word_1_564' title='bbox 2030 2907 2224 2976; x_wconf 90' lang='lat' dir='ltr'><strong>cuique</strong></span> <span class='ocrx_word' id='word_1_565' title='bbox 2253 2921 2359 2962; x_wconf 92' lang='lat' dir='ltr'><strong>non</strong></span> <span class='ocrx_word' id='word_1_566' title='bbox 2388 2907 2487 2971; x_wconf 86' lang='lat' dir='ltr'><strong>uti,</strong></span> <span class='ocrx_word' id='word_1_567' title='bbox 2520 2915 2574 2960; x_wconf 88' lang='lat' dir='ltr'><strong>et</strong></span> <span class='ocrx_word' id='word_1_568' title='bbox 2610 2913 2863 2976; x_wconf 90' lang='lat' dir='ltr'><strong>tanquam</strong></span> <span class='ocrx_word' id='word_1_569' title='bbox 2887 2906 2952 2961; x_wconf 88' lang='lat' dir='ltr'><strong>de</strong></span> <span class='ocrx_word' id='word_1_570' title='bbox 2971 2904 3097 2975; x_wconf 88' lang='lat' dir='ltr'><strong>jure</strong></span> <span class='ocrx_word' id='word_1_571' title='bbox 3127 2922 3224 2962; x_wconf 92' lang='lat' dir='ltr'><strong>suo</strong></span> <span class='ocrx_word' id='word_1_572' title='bbox 3249 2905 3463 2961; x_wconf 87' lang='lat' dir='ltr'><strong>cedere.</strong></span> 
     </span>
    </p>
   </div>
   <div class='ocr_carea' id='block_1_74' title="bbox 1951 2996 3470 3071">
    <p class='ocr_par' dir='ltr' id='par_1_74' title="bbox 1951 2996 3470 3071">
     <span class='ocr_line' id='line_1_74' title="bbox 1951 2996 3470 3071; baseline 0.001 -20"><span class='ocrx_word' id='word_1_573' title='bbox 1951 2997 2064 3053; x_wconf 82' lang='lat' dir='ltr'><strong>Hoc</strong></span> <span class='ocrx_word' id='word_1_574' title='bbox 2092 3013 2220 3071; x_wconf 88' lang='lat' dir='ltr'><strong>ergo</strong></span> <span class='ocrx_word' id='word_1_575' title='bbox 2246 2999 2503 3053; x_wconf 90' lang='lat' dir='ltr'><strong>ordinans</strong></span> <span class='ocrx_word' id='word_1_576' title='bbox 2532 2996 2814 3064; x_wconf 91' lang='lat' dir='ltr'><strong>Dominus,</strong></span> <span class='ocrx_word' id='word_1_577' title='bbox 2850 2998 2993 3068; x_wconf 89' lang='lat' dir='ltr'><strong>quod</strong></span> <span class='ocrx_word' id='word_1_578' title='bbox 3035 3013 3159 3053; x_wconf 92' lang='lat' dir='ltr'><strong>eum</strong></span> <span class='ocrx_word' id='word_1_579' title='bbox 3189 2997 3470 3053; x_wconf 90' lang='lat' dir='ltr'><strong>ordinasse</strong></span> 
     </span>
    </p>
   </div>
   <div class='ocr_carea' id='block_1_75' title="bbox 1881 3090 3470 3165">
    <p class='ocr_par' dir='ltr' id='par_1_75' title="bbox 1881 3090 3470 3165">
     <span class='ocr_line' id='line_1_75' title="bbox 1881 3090 3470 3165; baseline 0 -20"><span class='ocrx_word' id='word_1_580' title='bbox 1881 3091 2012 3145; x_wconf 89' lang='lat' dir='ltr'><strong>dicit</strong></span> <span class='ocrx_word' id='word_1_581' title='bbox 2040 3091 2348 3160; x_wconf 88' lang='lat' dir='ltr'><strong>Apostolus,</strong></span> <span class='ocrx_word' id='word_1_582' title='bbox 2389 3090 2475 3146; x_wconf 92' lang='lat' dir='ltr'><strong>his</strong></span> <span class='ocrx_word' id='word_1_583' title='bbox 2509 3091 2600 3160; x_wconf 92' lang='lat' dir='ltr'><strong>qui</strong></span> <span class='ocrx_word' id='word_1_584' title='bbox 2642 3091 2989 3165; x_wconf 81' lang='lat' dir='ltr'><strong>Evangelium</strong></span> <span class='ocrx_word' id='word_1_585' title='bbox 3027 3091 3370 3159; x_wconf 77' lang='lat' dir='ltr'><strong>annuntiant,</strong></span> <span class='ocrx_word' id='word_1_586' title='bbox 3403 3090 3470 3145; x_wconf 90' lang='lat' dir='ltr'><strong>de</strong></span> 
     </span>
    </p>
   </div>
   <div class='ocr_carea' id='block_1_76' title="bbox 1879 3183 3470 3257">
    <p class='ocr_par' dir='ltr' id='par_1_76' title="bbox 1879 3183 3470 3257">
     <span class='ocr_line' id='line_1_76' title="bbox 1879 3183 3470 3257; baseline -0.001 -19"><span class='ocrx_word' id='word_1_587' title='bbox 1879 3183 2172 3254; x_wconf 79' lang='lat' dir='ltr'><strong>Evangelio</strong></span> <span class='ocrx_word' id='word_1_588' title='bbox 2202 3185 2419 3250; x_wconf 77' lang='lat' dir='ltr'><strong>vivere;</strong></span> <span class='ocrx_word' id='word_1_589' title='bbox 2446 3183 2534 3238; x_wconf 89' lang='lat' dir='ltr'><strong>illa</strong></span> <span class='ocrx_word' id='word_1_590' title='bbox 2562 3183 2854 3256; x_wconf 90' lang='lat' dir='ltr'><strong>Apostolus</strong></span> <span class='ocrx_word' id='word_1_591' title='bbox 2889 3184 3252 3257; x_wconf 77' lang='lat' dir='ltr'><strong>loquebatur,</strong></span> <span class='ocrx_word' id='word_1_592' title='bbox 3293 3192 3352 3237; x_wconf 91' lang='lat' dir='ltr'><strong>ut</strong></span> <span class='ocrx_word' id='word_1_593' title='bbox 3386 3197 3470 3238; x_wconf 89' lang='lat' dir='ltr'><strong>se—</strong></span> 
     </span>
    </p>
   </div>
   <div class='ocr_carea' id='block_1_77' title="bbox 1878 3273 3472 3347">
    <p class='ocr_par' dir='ltr' id='par_1_77' title="bbox 1878 3273 3472 3347">
     <span class='ocr_line' id='line_1_77' title="bbox 1878 3273 3472 3347; baseline -0.001 -15"><span class='ocrx_word' id='word_1_594' title='bbox 1878 3278 1996 3332; x_wconf 91' lang='lat' dir='ltr'><strong>curi</strong></span> <span class='ocrx_word' id='word_1_595' title='bbox 2046 3293 2151 3331; x_wconf 91' lang='lat' dir='ltr'><strong>non</strong></span> <span class='ocrx_word' id='word_1_596' title='bbox 2199 3278 2579 3347; x_wconf 80' lang='lat' dir='ltr'><strong>possiderent,</strong></span> <span class='ocrx_word' id='word_1_597' title='bbox 2632 3291 2807 3346; x_wconf 89' lang='lat' dir='ltr'><strong>neque</strong></span> <span class='ocrx_word' id='word_1_598' title='bbox 2859 3284 3141 3347; x_wconf 88' lang='lat' dir='ltr'><strong>portarent</strong></span> <span class='ocrx_word' id='word_1_599' title='bbox 3185 3274 3312 3345; x_wconf 84' lang='lat' dir='ltr'><strong>huic</strong></span> <span class='ocrx_word' id='word_1_600' title='bbox 3346 3273 3472 3330; x_wconf 57' lang='lat' dir='ltr'><strong>vita;</strong></span> 
     </span>
    </p>
   </div>
   <div class='ocr_carea' id='block_1_78' title="bbox 1879 3369 3473 3447">
    <p class='ocr_par' dir='ltr' id='par_1_78' title="bbox 1879 3369 3473 3447">
     <span class='ocr_line' id='line_1_78' title="bbox 1879 3369 3473 3447; baseline 0 -23"><span class='ocrx_word' id='word_1_601' title='bbox 1879 3370 2208 3434; x_wconf 88' lang='lat' dir='ltr'><strong>necessaria,</strong></span> <span class='ocrx_word' id='word_1_602' title='bbox 2240 3386 2341 3425; x_wconf 89' lang='lat' dir='ltr'><strong>nec</strong></span> <span class='ocrx_word' id='word_1_603' title='bbox 2368 3384 2583 3441; x_wconf 90' lang='lat' dir='ltr'><strong>magna,</strong></span> <span class='ocrx_word' id='word_1_604' title='bbox 2609 3385 2710 3425; x_wconf 91' lang='lat' dir='ltr'><strong>nec</strong></span> <span class='ocrx_word' id='word_1_605' title='bbox 2739 3370 2962 3425; x_wconf 90' lang='lat' dir='ltr'><strong>minima</strong></span> <span class='ocrx_word' id='word_1_606' title='bbox 2990 3389 3001 3424; x_wconf 94' lang='lat'><strong>:</strong></span> <span class='ocrx_word' id='word_1_607' title='bbox 3034 3370 3155 3425; x_wconf 89' lang='lat' dir='ltr'><strong>ideo</strong></span> <span class='ocrx_word' id='word_1_608' title='bbox 3180 3369 3360 3447; x_wconf 87' lang='lat' dir='ltr'><strong>posuit</strong></span> <span class='ocrx_word' id='word_1_609' title='bbox 3379 3384 3473 3427; x_wconf 84' lang='lat' dir='ltr'><strong>nec</strong></span> 
     </span>
    </p>
   </div>
   <div class='ocr_carea' id='block_1_79' title="bbox 1880 3460 3470 3532">
    <p class='ocr_par' dir='ltr' id='par_1_79' title="bbox 1880 3460 3470 3532">
     <span class='ocr_line' id='line_1_79' title="bbox 1880 3460 3470 3532; baseline 0.001 -16"><span class='ocrx_word' id='word_1_610' title='bbox 1880 3461 2097 3532; x_wconf 84' lang='lat' dir='ltr'><strong>virgam,</strong></span> <span class='ocrx_word' id='word_1_611' title='bbox 2131 3460 2422 3516; x_wconf 90' lang='lat' dir='ltr'><strong>ostendens</strong></span> <span class='ocrx_word' id='word_1_612' title='bbox 2447 3476 2477 3514; x_wconf 93' lang='lat' dir='ltr'><strong>a</strong></span> <span class='ocrx_word' id='word_1_613' title='bbox 2516 3460 2766 3516; x_wconf 90' lang='lat' dir='ltr'><strong>ﬁdelibus</strong></span> <span class='ocrx_word' id='word_1_614' title='bbox 2804 3461 2915 3516; x_wconf 88' lang='lat' dir='ltr'><strong>suis</strong></span> <span class='ocrx_word' id='word_1_615' title='bbox 2950 3460 3133 3517; x_wconf 88' lang='lat' dir='ltr'><strong>omnia</strong></span> <span class='ocrx_word' id='word_1_616' title='bbox 3158 3461 3343 3519; x_wconf 82' lang='lat' dir='ltr'><strong>deberi</strong></span> <span class='ocrx_word' id='word_1_617' title='bbox 3366 3461 3470 3517; x_wconf 89' lang='lat' dir='ltr'><strong>mi-</strong></span> 
     </span>
    </p>
   </div>
   <div class='ocr_carea' id='block_1_80' title="bbox 1880 3552 3514 3627">
    <p class='ocr_par' dir='ltr' id='par_1_80' title="bbox 1880 3552 3514 3627">
     <span class='ocr_line' id='line_1_80' title="bbox 1880 3552 3514 3627; baseline -0.001 -20"><span class='ocrx_word' id='word_1_618' title='bbox 1880 3552 2067 3609; x_wconf 88' lang='lat' dir='ltr'><strong>nistris</strong></span> <span class='ocrx_word' id='word_1_619' title='bbox 2092 3554 2204 3609; x_wconf 87' lang='lat' dir='ltr'><strong>suis</strong></span> <span class='ocrx_word' id='word_1_620' title='bbox 2228 3595 2242 3619; x_wconf 98' lang='lat'><strong>,</strong></span> <span class='ocrx_word' id='word_1_621' title='bbox 2294 3554 2439 3609; x_wconf 88' lang='lat' dir='ltr'><strong>nulla</strong></span> <span class='ocrx_word' id='word_1_622' title='bbox 2487 3553 2758 3625; x_wconf 84' lang='lat' dir='ltr'><strong>superﬂua</strong></span> <span class='ocrx_word' id='word_1_623' title='bbox 2796 3555 3199 3627; x_wconf 89' lang='lat' dir='ltr'><strong>requirentibus</strong></span> <span class='ocrx_word' id='word_1_624' title='bbox 3233 3572 3246 3608; x_wconf 88' lang='lat'><strong>:</strong></span> <span class='ocrx_word' id='word_1_625' title='bbox 3280 3569 3344 3610; x_wconf 88' lang='lat' dir='ltr'><strong>ac</strong></span> <span class='ocrx_word' id='word_1_626' title='bbox 3374 3569 3472 3626; x_wconf 87' lang='lat' dir='ltr'><strong>per</strong></span> <span class='ocrx_word' id='word_1_627' title='bbox 3511 3602 3514 3605; x_wconf 78' lang='lat'><strong>.</strong></span> 
     </span>
    </p>
   </div>
   <div class='ocr_carea' id='block_1_81' title="bbox 1881 3638 3472 3720">
    <p class='ocr_par' dir='ltr' id='par_1_81' title="bbox 1881 3638 3472 3720">
     <span class='ocr_line' id='line_1_81' title="bbox 1881 3638 3472 3720; baseline 0.003 -19"><span class='ocrx_word' id='word_1_628' title='bbox 1881 3645 1985 3701; x_wconf 87' lang='lat' dir='ltr'><strong>hoc</strong></span> <span class='ocrx_word' id='word_1_629' title='bbox 2016 3647 2258 3704; x_wconf 88' lang='lat' dir='ltr'><strong>addendo</strong></span> <span class='ocrx_word' id='word_1_630' title='bbox 2288 3666 2299 3700; x_wconf 93' lang='lat'>:</span> <span class='ocrx_word' id='word_1_631' title='bbox 2333 3648 2538 3720; x_wconf 86' lang='lat' dir='ltr'><strong>Dignus</strong></span> <span class='ocrx_word' id='word_1_632' title='bbox 2569 3658 2645 3703; x_wconf 89' lang='lat' dir='ltr'><strong>est</strong></span> <span class='ocrx_word' id='word_1_633' title='bbox 2675 3650 2947 3720; x_wconf 86' lang='lat' dir='ltr'><strong>operarius</strong></span> <span class='ocrx_word' id='word_1_634' title='bbox 2969 3650 3082 3704; x_wconf 84' lang='lat' dir='ltr'><strong>cibo</strong></span> <span class='ocrx_word' id='word_1_635' title='bbox 3108 3666 3225 3715; x_wconf 85' lang='lat' dir='ltr'><strong>suo,</strong></span> <span class='ocrx_word' id='word_1_636' title='bbox 3246 3638 3472 3720; x_wconf 69' lang='lat' dir='ltr'><strong>prorsus</strong></span> 
     </span>
    </p>
   </div>
   <div class='ocr_carea' id='block_1_82' title="bbox 1883 3726 3368 3811">
    <p class='ocr_par' dir='ltr' id='par_1_82' title="bbox 1883 3726 3368 3811">
     <span class='ocr_line' id='line_1_82' title="bbox 1883 3726 3368 3811; baseline 0.003 -22"><span class='ocrx_word' id='word_1_637' title='bbox 1883 3737 2093 3805; x_wconf 90' lang='lat' dir='ltr'><strong>aperuit</strong></span> <span class='ocrx_word' id='word_1_638' title='bbox 2120 3746 2173 3792; x_wconf 93' lang='lat' dir='ltr'><strong>et</strong></span> <span class='ocrx_word' id='word_1_639' title='bbox 2197 3738 2486 3811; x_wconf 79' lang='lat' dir='ltr'><strong>illustravit</strong></span> <span class='ocrx_word' id='word_1_640' title='bbox 2514 3740 2655 3795; x_wconf 88' lang='lat' dir='ltr'><strong>unde</strong></span> <span class='ocrx_word' id='word_1_641' title='bbox 2683 3740 2799 3795; x_wconf 71' lang='lat' dir='ltr'><strong>lucc</strong></span> <span class='ocrx_word' id='word_1_642' title='bbox 2823 3740 3003 3795; x_wconf 90' lang='lat' dir='ltr'><strong>omnia</strong></span> <span class='ocrx_word' id='word_1_643' title='bbox 3037 3726 3368 3810; x_wconf 76' lang='lat' dir='ltr'><strong>loqueretur.</strong></span> 
     </span>
    </p>
   </div>
   <div class='ocr_carea' id='block_1_83' title="bbox 1954 3830 3557 3911">
    <p class='ocr_par' dir='ltr' id='par_1_83' title="bbox 1954 3830 3557 3911">
     <span class='ocr_line' id='line_1_83' title="bbox 1954 3830 3557 3911; baseline 0.003 -29"><span class='ocrx_word' id='word_1_644' title='bbox 1954 3830 2105 3886; x_wconf 88' lang='lat' dir='ltr'><strong>Hane</strong></span> <span class='ocrx_word' id='word_1_645' title='bbox 2132 3846 2259 3901; x_wconf 89' lang='lat' dir='ltr'><strong>ergo</strong></span> <span class='ocrx_word' id='word_1_646' title='bbox 2301 3840 2627 3902; x_wconf 90' lang='lat' dir='ltr'><strong>potestatem</strong></span> <span class='ocrx_word' id='word_1_647' title='bbox 2661 3832 2826 3911; x_wconf 82' lang='lat' dir='ltr'><strong>virgae</strong></span> <span class='ocrx_word' id='word_1_648' title='bbox 2853 3832 3072 3887; x_wconf 91' lang='lat' dir='ltr'><strong>nomine</strong></span> <span class='ocrx_word' id='word_1_649' title='bbox 3123 3831 3469 3907; x_wconf 84' lang='lat' dir='ltr'><strong>signiﬁcavit,</strong></span> <span class='ocrx_word' id='word_1_650' title='bbox 3540 3882 3557 3887; x_wconf 86' lang='lat'><em>_</em></span> 
     </span>
    </p>
   </div>
   <div class='ocr_carea' id='block_1_84' title="bbox 1883 3918 3474 3993">
    <p class='ocr_par' dir='ltr' id='par_1_84' title="bbox 1883 3918 3474 3993">
     <span class='ocr_line' id='line_1_84' title="bbox 1883 3918 3474 3993; baseline -0.001 -17"><span class='ocrx_word' id='word_1_651' title='bbox 1883 3937 2009 3987; x_wconf 87' lang='lat' dir='ltr'><strong>eum</strong></span> <span class='ocrx_word' id='word_1_652' title='bbox 2036 3920 2203 3975; x_wconf 84' lang='lat' dir='ltr'><strong>dixit:</strong></span> <span class='ocrx_word' id='word_1_653' title='bbox 2236 3918 2321 3973; x_wconf 89' lang='lat' dir='ltr'><strong>Ne</strong></span> <span class='ocrx_word' id='word_1_654' title='bbox 2345 3920 2471 3990; x_wconf 89' lang='lat' dir='ltr'><strong>quid</strong></span> <span class='ocrx_word' id='word_1_655' title='bbox 2501 3919 2739 3975; x_wconf 90' lang='lat' dir='ltr'><strong>tollerent</strong></span> <span class='ocrx_word' id='word_1_656' title='bbox 2766 3920 2821 3983; x_wconf 82' lang='lat' dir='ltr'><strong>in</strong></span> <span class='ocrx_word' id='word_1_657' title='bbox 2850 3922 2934 3975; x_wconf 85' lang='lat' dir='ltr'><strong>via</strong></span> <span class='ocrx_word' id='word_1_658' title='bbox 2961 3960 2977 3987; x_wconf 91' lang='lat'><strong>,</strong></span> <span class='ocrx_word' id='word_1_659' title='bbox 3002 3920 3105 3974; x_wconf 85' lang='lat' dir='ltr'><strong>nisi</strong></span> <span class='ocrx_word' id='word_1_660' title='bbox 3132 3920 3331 3993; x_wconf 85' lang='lat' dir='ltr'><strong>virgam</strong></span> <span class='ocrx_word' id='word_1_661' title='bbox 3358 3930 3474 3975; x_wconf 87' lang='lat' dir='ltr'><strong>tan-</strong></span> 
     </span>
    </p>
   </div>
   <div class='ocr_carea' id='block_1_85' title="bbox 1882 4013 3476 4091">
    <p class='ocr_par' dir='ltr' id='par_1_85' title="bbox 1882 4013 3476 4091">
     <span class='ocr_line' id='line_1_85' title="bbox 1882 4013 3476 4091; baseline 0.001 -23"><span class='ocrx_word' id='word_1_662' title='bbox 1882 4023 2026 4077; x_wconf 88' lang='lat' dir='ltr'><strong>tum,</strong></span> <span class='ocrx_word' id='word_1_663' title='bbox 2058 4022 2115 4068; x_wconf 92' lang='lat' dir='ltr'><strong>ut</strong></span> <span class='ocrx_word' id='word_1_664' title='bbox 2142 4013 2474 4085; x_wconf 82' lang='lat' dir='ltr'><strong>intelligatur</strong></span> <span class='ocrx_word' id='word_1_665' title='bbox 2519 4014 2645 4084; x_wconf 88' lang='lat' dir='ltr'><strong>quia</strong></span> <span class='ocrx_word' id='word_1_666' title='bbox 2690 4030 2789 4085; x_wconf 92' lang='lat' dir='ltr'><strong>per</strong></span> <span class='ocrx_word' id='word_1_667' title='bbox 2816 4022 3140 4091; x_wconf 84' lang='lat' dir='ltr'><strong>potestatem</strong></span> <span class='ocrx_word' id='word_1_668' title='bbox 3187 4030 3218 4068; x_wconf 90' lang='lat' dir='ltr'><strong>a</strong></span> <span class='ocrx_word' id='word_1_669' title='bbox 3248 4013 3476 4070; x_wconf 92' lang='lat' dir='ltr'><strong>Domino</strong></span> 
     </span>
    </p>
   </div>
   <div class='ocr_carea' id='block_1_86' title="bbox 1883 4102 3474 4180">
    <p class='ocr_par' dir='ltr' id='par_1_86' title="bbox 1883 4102 3474 4180">
     <span class='ocr_line' id='line_1_86' title="bbox 1883 4102 3474 4180; baseline -0.001 -19"><span class='ocrx_word' id='word_1_670' title='bbox 1883 4113 2181 4175; x_wconf 90' lang='lat' dir='ltr'><strong>acceptam,</strong></span> <span class='ocrx_word' id='word_1_671' title='bbox 2213 4119 2333 4174; x_wconf 72' lang='lat' dir='ltr'><strong>quae</strong></span> <span class='ocrx_word' id='word_1_672' title='bbox 2358 4104 2521 4176; x_wconf 71' lang='lat' dir='ltr'><strong>virga:</strong></span> <span class='ocrx_word' id='word_1_673' title='bbox 2554 4102 2773 4163; x_wconf 85' lang='lat' dir='ltr'><strong>nomine.</strong></span> <span class='ocrx_word' id='word_1_674' title='bbox 2815 4104 3119 4180; x_wconf 83' lang='lat' dir='ltr'><strong>signiﬁcata</strong></span> <span class='ocrx_word' id='word_1_675' title='bbox 3150 4111 3236 4160; x_wconf 88' lang='lat' dir='ltr'><strong>est</strong></span> <span class='ocrx_word' id='word_1_676' title='bbox 3260 4146 3273 4171; x_wconf 94' lang='lat'><strong>,</strong></span> <span class='ocrx_word' id='word_1_677' title='bbox 3312 4104 3474 4159; x_wconf 89' lang='lat' dir='ltr'><strong>etiam</strong></span> 
     </span>
    </p>
   </div>
   <div class='ocr_carea' id='block_1_87' title="bbox 1884 4194 3476 4265">
    <p class='ocr_par' dir='ltr' id='par_1_87' title="bbox 1884 4194 3476 4265">
     <span class='ocr_line' id='line_1_87' title="bbox 1884 4194 3476 4265; baseline 0.001 -15"><span class='ocrx_word' id='word_1_678' title='bbox 1884 4210 2004 4265; x_wconf 82' lang='lat' dir='ltr'><strong>quae</strong></span> <span class='ocrx_word' id='word_1_679' title='bbox 2035 4210 2140 4249; x_wconf 90' lang='lat' dir='ltr'><strong>non</strong></span> <span class='ocrx_word' id='word_1_680' title='bbox 2166 4201 2453 4265; x_wconf 90' lang='lat' dir='ltr'><strong>portantur</strong></span> <span class='ocrx_word' id='word_1_681' title='bbox 2483 4210 2590 4249; x_wconf 91' lang='lat' dir='ltr'><strong>non</strong></span> <span class='ocrx_word' id='word_1_682' title='bbox 2637 4195 2883 4249; x_wconf 87' lang='lat' dir='ltr'><strong>deerunt.</strong></span> <span class='ocrx_word' id='word_1_683' title='bbox 2931 4194 3044 4251; x_wconf 85' lang='lat' dir='ltr'><strong>Hoc</strong></span> <span class='ocrx_word' id='word_1_684' title='bbox 3085 4207 3140 4251; x_wconf 88' lang='lat' dir='ltr'><strong>et</strong></span> <span class='ocrx_word' id='word_1_685' title='bbox 3168 4196 3235 4251; x_wconf 91' lang='lat' dir='ltr'><strong>de</strong></span> <span class='ocrx_word' id='word_1_686' title='bbox 3266 4195 3476 4252; x_wconf 87' lang='lat' dir='ltr'><strong>duabus</strong></span> 
     </span>
    </p>
   </div>
   <div class='ocr_carea' id='block_1_88' title="bbox 1887 4287 3473 4363">
    <p class='ocr_par' dir='ltr' id='par_1_88' title="bbox 1887 4287 3473 4363">
     <span class='ocr_line' id='line_1_88' title="bbox 1887 4287 3473 4363; baseline 0.002 -20"><span class='ocrx_word' id='word_1_687' title='bbox 1887 4288 2081 4343; x_wconf 88' lang='lat' dir='ltr'><strong>tunicis</strong></span> <span class='ocrx_word' id='word_1_688' title='bbox 2112 4287 2521 4359; x_wconf 88' lang='lat' dir='ltr'><strong>intelligendum</strong></span> <span class='ocrx_word' id='word_1_689' title='bbox 2547 4297 2649 4354; x_wconf 93' lang='lat' dir='ltr'><strong>est,</strong></span> <span class='ocrx_word' id='word_1_690' title='bbox 2688 4304 2755 4343; x_wconf 89' lang='lat' dir='ltr'><strong>ne</strong></span> <span class='ocrx_word' id='word_1_691' title='bbox 2784 4288 3069 4361; x_wconf 87' lang='lat' dir='ltr'><strong>quisquam</strong></span> <span class='ocrx_word' id='word_1_692' title='bbox 3093 4305 3304 4356; x_wconf 80' lang='lat' dir='ltr'><strong>eorum,</strong></span> <span class='ocrx_word' id='word_1_693' title='bbox 3332 4305 3473 4363; x_wconf 84' lang='lat' dir='ltr'><strong>prae-</strong></span> 
     </span>
    </p>
   </div>
   <div class='ocr_carea' id='block_1_89' title="bbox 1888 4380 3476 4461">
    <p class='ocr_par' dir='ltr' id='par_1_89' title="bbox 1888 4380 3476 4461">
     <span class='ocr_line' id='line_1_89' title="bbox 1888 4380 3476 4461; baseline -0.001 -26"><span class='ocrx_word' id='word_1_694' title='bbox 1888 4390 1971 4437; x_wconf 90' lang='lat' dir='ltr'><strong>ter</strong></span> <span class='ocrx_word' id='word_1_695' title='bbox 2013 4397 2131 4437; x_wconf 88' lang='lat' dir='ltr'><strong>eam</strong></span> <span class='ocrx_word' id='word_1_696' title='bbox 2162 4396 2323 4451; x_wconf 89' lang='lat' dir='ltr'><strong>quam</strong></span> <span class='ocrx_word' id='word_1_697' title='bbox 2368 4388 2511 4435; x_wconf 90' lang='lat' dir='ltr'><strong>esset</strong></span> <span class='ocrx_word' id='word_1_698' title='bbox 2552 4380 2806 4447; x_wconf 90' lang='lat' dir='ltr'><strong>indutus,</strong></span> <span class='ocrx_word' id='word_1_699' title='bbox 2837 4381 2997 4434; x_wconf 88' lang='lat' dir='ltr'><strong>aliam</strong></span> <span class='ocrx_word' id='word_1_700' title='bbox 3026 4380 3350 4461; x_wconf 87' lang='lat' dir='ltr'><strong>portandam</strong></span> <span class='ocrx_word' id='word_1_701' title='bbox 3378 4396 3476 4452; x_wconf 91' lang='lat' dir='ltr'><strong>pu-</strong></span> 
     </span>
    </p>
   </div>
   <div class='ocr_carea' id='block_1_90' title="bbox 179 4469 3478 4570">
    <p class='ocr_par' dir='ltr' id='par_1_90' title="bbox 179 4469 3478 4570">
     <span class='ocr_line' id='line_1_90' title="bbox 179 4469 3478 4570; baseline -0 -31"><span class='ocrx_word' id='word_1_702' title='bbox 179 4501 288 4558; x_wconf 83' lang='lat' dir='ltr'><strong>pro</strong></span> <span class='ocrx_word' id='word_1_703' title='bbox 311 4500 584 4552; x_wconf 87' lang='lat' dir='ltr'><strong>sermone,</strong></span> <span class='ocrx_word' id='word_1_704' title='bbox 616 4501 691 4561; x_wconf 71' lang='lat' dir='ltr'><strong>aes</strong></span> <span class='ocrx_word' id='word_1_705' title='bbox 721 4469 1006 4557; x_wconf 26' lang='lat' dir='ltr'><strong>pro&#39;voce.</strong></span> <span class='ocrx_word' id='word_1_706' title='bbox 1047 4486 1173 4541; x_wconf 68' lang='lat' dir='ltr'><strong>111cc</strong></span> <span class='ocrx_word' id='word_1_707' title='bbox 1211 4486 1366 4543; x_wconf 88' lang='lat' dir='ltr'><strong>nobis</strong></span> <span class='ocrx_word' id='word_1_708' title='bbox 1409 4502 1515 4555; x_wconf 88' lang='lat' dir='ltr'><strong>non</strong></span> <span class='ocrx_word' id='word_1_709' title='bbox 1556 4487 1683 4542; x_wconf 90' lang='lat' dir='ltr'><strong>licet</strong></span> <span class='ocrx_word' id='word_1_710' title='bbox 1712 4487 1781 4542; x_wconf 87' lang='lat' dir='ltr'><strong>ab</strong></span> <span class='ocrx_word' id='word_1_711' title='bbox 1810 4509 1860 4570; x_wconf 73' lang='grc' dir='ltr'>ο</span> <span class='ocrx_word' id='word_1_712' title='bbox 1887 4480 2049 4537; x_wconf 52' lang='lat' dir='ltr'><strong>mret:</strong></span> <span class='ocrx_word' id='word_1_713' title='bbox 2079 4471 2340 4570; x_wconf 61' lang='grc' dir='ltr'><strong>δοηῖίξίίυδ</strong></span> <span class='ocrx_word' id='word_1_714' title='bbox 2367 4478 2795 4570; x_wconf 37' lang='grc' dir='ltr'><strong>Πεθᾎορξιῆθδξίξῑν</strong></span> <span class='ocrx_word' id='word_1_715' title='bbox 2824 4486 2946 4524; x_wconf 73' lang='lat' dir='ltr'><strong>cum</strong></span> <span class='ocrx_word' id='word_1_716' title='bbox 3094 4469 3182 4570; x_wconf 41' lang='lat' dir='ltr'><strong>in.“</strong></span> <span class='ocrx_word' id='word_1_717' title='bbox 3210 4476 3478 4570; x_wconf 56' lang='grc' dir='ltr'><strong>ροιςειειισξ</strong></span> 
     </span>
    </p>
   </div>
   <div class='ocr_carea' id='block_1_91' title="bbox 181 4566 1793 4653">
    <p class='ocr_par' dir='ltr' id='par_1_91' title="bbox 181 4566 1793 4653">
     <span class='ocr_line' id='line_1_91' title="bbox 181 4566 1793 4653; baseline 0.001 -22"><span class='ocrx_word' id='word_1_718' title='bbox 181 4578 312 4633; x_wconf 89' lang='lat' dir='ltr'><strong>aliis</strong></span> <span class='ocrx_word' id='word_1_719' title='bbox 338 4578 606 4651; x_wconf 87' lang='lat' dir='ltr'><strong>accipere,</strong></span> <span class='ocrx_word' id='word_1_720' title='bbox 640 4566 733 4633; x_wconf 86' lang='lat' dir='ltr'><strong>sed</strong></span> <span class='ocrx_word' id='word_1_721' title='bbox 770 4579 894 4633; x_wconf 88' lang='lat' dir='ltr'><strong>data</strong></span> <span class='ocrx_word' id='word_1_722' title='bbox 936 4594 965 4653; x_wconf 83' lang='lat' dir='ltr'><strong>a</strong></span> <span class='ocrx_word' id='word_1_723' title='bbox 994 4577 1223 4635; x_wconf 88' lang='lat' dir='ltr'><strong>Domino</strong></span> <span class='ocrx_word' id='word_1_724' title='bbox 1256 4578 1567 4648; x_wconf 90' lang='lat' dir='ltr'><strong>possidere:</strong></span> <span class='ocrx_word' id='word_1_725' title='bbox 1600 4593 1793 4649; x_wconf 57' lang='lat' dir='ltr'><strong>neque»</strong></span> 
     </span>
    </p>
   </div>
   <div class='ocr_carea' id='block_1_92' title="bbox 181 4669 1779 4741">
    <p class='ocr_par' dir='ltr' id='par_1_92' title="bbox 181 4669 1779 4741">
     <span class='ocr_line' id='line_1_92' title="bbox 181 4669 1779 4741; baseline -0.001 -16"><span class='ocrx_word' id='word_1_726' title='bbox 181 4669 566 4725; x_wconf 63' lang='lat' dir='ltr'><strong>haereticorum</strong></span> <span class='ocrx_word' id='word_1_727' title='bbox 584 4678 639 4724; x_wconf 93' lang='lat' dir='ltr'><strong>et</strong></span> <span class='ocrx_word' id='word_1_728' title='bbox 660 4669 1104 4741; x_wconf 86' lang='lat' dir='ltr'><strong>philosophorum</strong></span> <span class='ocrx_word' id='word_1_729' title='bbox 1119 4685 1493 4740; x_wconf 84' lang='lat' dir='ltr'><strong>perversaeque</strong></span> <span class='ocrx_word' id='word_1_730' title='bbox 1520 4670 1779 4725; x_wconf 74' lang='lat' dir='ltr'><strong>doctrina:</strong></span> 
     </span>
    </p>
   </div>
   <div class='ocr_carea' id='block_1_93' title="bbox 178 4744 1775 4834">
    <p class='ocr_par' dir='ltr' id='par_1_93' title="bbox 178 4744 1775 4834">
     <span class='ocr_line' id='line_1_93' title="bbox 178 4744 1775 4834; baseline -0.001 -16"><span class='ocrx_word' id='word_1_731' title='bbox 178 4762 466 4832; x_wconf 84' lang='lat' dir='ltr'><strong>suscipere</strong></span> <span class='ocrx_word' id='word_1_732' title='bbox 512 4744 883 4833; x_wconf 65' lang='lat' dir='ltr'><strong>disciplinas;</strong></span> <span class='ocrx_word' id='word_1_733' title='bbox 920 4778 1026 4817; x_wconf 88' lang='lat' dir='ltr'><strong>non</strong></span> <span class='ocrx_word' id='word_1_734' title='bbox 1071 4761 1252 4817; x_wconf 85' lang='lat' dir='ltr'><strong>saeculi</strong></span> <span class='ocrx_word' id='word_1_735' title='bbox 1298 4761 1536 4832; x_wconf 90' lang='lat' dir='ltr'><strong>pondere</strong></span> <span class='ocrx_word' id='word_1_736' title='bbox 1582 4763 1775 4834; x_wconf 91' lang='lat' dir='ltr'><strong>premi,</strong></span> 
     </span>
    </p>
   </div>
   <div class='ocr_carea' id='block_1_94' title="bbox 179 4853 1781 4929">
    <p class='ocr_par' dir='ltr' id='par_1_94' title="bbox 179 4853 1781 4929">
     <span class='ocr_line' id='line_1_94' title="bbox 179 4853 1781 4929; baseline 0.001 -21"><span class='ocrx_word' id='word_1_737' title='bbox 179 4869 368 4926; x_wconf 88' lang='lat' dir='ltr'><strong>neque</strong></span> <span class='ocrx_word' id='word_1_738' title='bbox 393 4853 592 4929; x_wconf 87' lang='lat' dir='ltr'><strong>duplici</strong></span> <span class='ocrx_word' id='word_1_739' title='bbox 617 4869 738 4909; x_wconf 87' lang='lat' dir='ltr'><strong>esse</strong></span> <span class='ocrx_word' id='word_1_740' title='bbox 763 4853 963 4920; x_wconf 88' lang='lat' dir='ltr'><strong>animo,</strong></span> <span class='ocrx_word' id='word_1_741' title='bbox 990 4869 1165 4925; x_wconf 89' lang='lat' dir='ltr'><strong>neque</strong></span> <span class='ocrx_word' id='word_1_742' title='bbox 1189 4856 1353 4925; x_wconf 89' lang='lat' dir='ltr'><strong>pedes</strong></span> <span class='ocrx_word' id='word_1_743' title='bbox 1388 4855 1603 4911; x_wconf 75' lang='lat' dir='ltr'><strong>noStros</strong></span> <span class='ocrx_word' id='word_1_744' title='bbox 1632 4871 1781 4911; x_wconf 88' lang='lat' dir='ltr'><strong>mor-</strong></span> 
     </span>
    </p>
   </div>
   <div class='ocr_carea' id='block_1_95' title="bbox 181 4944 1781 5019">
    <p class='ocr_par' dir='ltr' id='par_1_95' title="bbox 181 4944 1781 5019">
     <span class='ocr_line' id='line_1_95' title="bbox 181 4944 1781 5019; baseline -0.001 -17"><span class='ocrx_word' id='word_1_745' title='bbox 181 4946 367 5002; x_wconf 80' lang='lat' dir='ltr'><strong>tiferis</strong></span> <span class='ocrx_word' id='word_1_746' title='bbox 391 4945 622 5001; x_wconf 85' lang='lat' dir='ltr'><strong>vinculis</strong></span> <span class='ocrx_word' id='word_1_747' title='bbox 647 4944 895 5019; x_wconf 86' lang='lat' dir='ltr'><strong>alligari,</strong></span> <span class='ocrx_word' id='word_1_748' title='bbox 946 4946 1044 5001; x_wconf 90' lang='lat' dir='ltr'><strong>sed</strong></span> <span class='ocrx_word' id='word_1_749' title='bbox 1088 4955 1330 5001; x_wconf 89' lang='lat' dir='ltr'><strong>sanctam</strong></span> <span class='ocrx_word' id='word_1_750' title='bbox 1364 4954 1566 5002; x_wconf 89' lang='lat' dir='ltr'><strong>terram</strong></span> <span class='ocrx_word' id='word_1_751' title='bbox 1599 4947 1781 5019; x_wconf 89' lang='lat' dir='ltr'><strong>ingre-</strong></span> 
     </span>
    </p>
   </div>
   <div class='ocr_carea' id='block_1_96' title="bbox 178 5040 1781 5114">
    <p class='ocr_par' dir='ltr' id='par_1_96' title="bbox 178 5040 1781 5114">
     <span class='ocr_line' id='line_1_96' title="bbox 178 5040 1781 5114; baseline 0 -17"><span class='ocrx_word' id='word_1_752' title='bbox 178 5041 411 5109; x_wconf 82' lang='lat' dir='ltr'><strong>dientes</strong></span> <span class='ocrx_word' id='word_1_753' title='bbox 438 5056 561 5097; x_wconf 89' lang='lat' dir='ltr'><strong>esse</strong></span> <span class='ocrx_word' id='word_1_754' title='bbox 591 5042 783 5097; x_wconf 91' lang='lat' dir='ltr'><strong>nudos.</strong></span> <span class='ocrx_word' id='word_1_755' title='bbox 807 5040 997 5112; x_wconf 85' lang='lat' dir='ltr'><strong>Neque</strong></span> <span class='ocrx_word' id='word_1_756' title='bbox 1022 5041 1227 5096; x_wconf 88' lang='lat' dir='ltr'><strong>habere</strong></span> <span class='ocrx_word' id='word_1_757' title='bbox 1262 5042 1472 5114; x_wconf 88' lang='lat' dir='ltr'><strong>virgam</strong></span> <span class='ocrx_word' id='word_1_758' title='bbox 1512 5057 1632 5113; x_wconf 63' lang='lat' dir='ltr'><strong>quae</strong></span> <span class='ocrx_word' id='word_1_759' title='bbox 1657 5057 1781 5097; x_wconf 88' lang='lat' dir='ltr'><strong>ver-</strong></span> 
     </span>
    </p>
   </div>
   <div class='ocr_carea' id='block_1_97' title="bbox 181 5131 1782 5205">
    <p class='ocr_par' dir='ltr' id='par_1_97' title="bbox 181 5131 1782 5205">
     <span class='ocr_line' id='line_1_97' title="bbox 181 5131 1782 5205; baseline 0.003 -20"><span class='ocrx_word' id='word_1_760' title='bbox 181 5139 341 5203; x_wconf 81' lang='lat' dir='ltr'><strong>tatur</strong></span> <span class='ocrx_word' id='word_1_761' title='bbox 390 5132 444 5187; x_wconf 92' lang='lat' dir='ltr'><strong>in</strong></span> <span class='ocrx_word' id='word_1_762' title='bbox 481 5131 787 5199; x_wconf 89' lang='lat' dir='ltr'><strong>colubrum,</strong></span> <span class='ocrx_word' id='word_1_763' title='bbox 820 5131 875 5187; x_wconf 92' lang='lat' dir='ltr'><strong>id</strong></span> <span class='ocrx_word' id='word_1_764' title='bbox 914 5139 1029 5196; x_wconf 90' lang='lat' dir='ltr'><strong>est,</strong></span> <span class='ocrx_word' id='word_1_765' title='bbox 1057 5146 1164 5186; x_wconf 90' lang='lat' dir='ltr'><strong>non</strong></span> <span class='ocrx_word' id='word_1_766' title='bbox 1215 5132 1269 5186; x_wconf 93' lang='lat' dir='ltr'><strong>in</strong></span> <span class='ocrx_word' id='word_1_767' title='bbox 1312 5132 1493 5203; x_wconf 91' lang='lat' dir='ltr'><strong>aliquo</strong></span> <span class='ocrx_word' id='word_1_768' title='bbox 1530 5134 1782 5205; x_wconf 73' lang='lat' dir='ltr'><strong>praesidio</strong></span> 
     </span>
    </p>
   </div>
   <div class='ocr_carea' id='block_1_98' title="bbox 180 5216 1783 5298">
    <p class='ocr_par' dir='ltr' id='par_1_98' title="bbox 180 5216 1783 5298">
     <span class='ocr_line' id='line_1_98' title="bbox 180 5216 1783 5298; baseline 0.001 -15"><span class='ocrx_word' id='word_1_769' title='bbox 180 5216 373 5283; x_wconf 79' lang='lat' dir='ltr'><strong>carnis</strong></span> <span class='ocrx_word' id='word_1_770' title='bbox 396 5226 585 5294; x_wconf 89' lang='lat' dir='ltr'><strong>inniti;</strong></span> <span class='ocrx_word' id='word_1_771' title='bbox 613 5228 737 5297; x_wconf 90' lang='lat' dir='ltr'><strong>quia</strong></span> <span class='ocrx_word' id='word_1_772' title='bbox 763 5226 1065 5291; x_wconf 89' lang='lat' dir='ltr'><strong>istiusmodi</strong></span> <span class='ocrx_word' id='word_1_773' title='bbox 1101 5227 1252 5298; x_wconf 88' lang='lat' dir='ltr'><strong>virga</strong></span> <span class='ocrx_word' id='word_1_774' title='bbox 1277 5226 1582 5284; x_wconf 88' lang='lat' dir='ltr'><strong>et&#39;baculus</strong></span> <span class='ocrx_word' id='word_1_775' title='bbox 1620 5244 1783 5284; x_wconf 88' lang='lat' dir='ltr'><strong>arun-</strong></span> 
     </span>
    </p>
   </div>
   <div class='ocr_carea' id='block_1_99' title="bbox 181 5319 1778 5395">
    <p class='ocr_par' dir='ltr' id='par_1_99' title="bbox 181 5319 1778 5395">
     <span class='ocr_line' id='line_1_99' title="bbox 181 5319 1778 5395; baseline 0 -20"><span class='ocrx_word' id='word_1_776' title='bbox 181 5320 388 5376; x_wconf 87' lang='lat' dir='ltr'><strong>dineus</strong></span> <span class='ocrx_word' id='word_1_777' title='bbox 427 5328 532 5386; x_wconf 90' lang='lat' dir='ltr'><strong>est,</strong></span> <span class='ocrx_word' id='word_1_778' title='bbox 572 5334 734 5390; x_wconf 91' lang='lat' dir='ltr'><strong>quem</strong></span> <span class='ocrx_word' id='word_1_779' title='bbox 765 5320 810 5375; x_wconf 91' lang='lat' dir='ltr'><strong>si</strong></span> <span class='ocrx_word' id='word_1_780' title='bbox 838 5321 1115 5395; x_wconf 91' lang='lat' dir='ltr'><strong>paululum</strong></span> <span class='ocrx_word' id='word_1_781' title='bbox 1158 5321 1447 5391; x_wconf 86' lang='lat' dir='ltr'><strong>presseris,</strong></span> <span class='ocrx_word' id='word_1_782' title='bbox 1488 5319 1778 5393; x_wconf 82' lang='lat' dir='ltr'><strong>frangitur,</strong></span> 
     </span>
    </p>
   </div>
   <div class='ocr_carea' id='block_1_100' title="bbox 180 5410 1239 5475">
    <p class='ocr_par' dir='ltr' id='par_1_100' title="bbox 180 5410 1239 5475">
     <span class='ocr_line' id='line_1_100' title="bbox 180 5410 1239 5475; baseline -0.001 -8"><span class='ocrx_word' id='word_1_783' title='bbox 180 5421 245 5467; x_wconf 90' lang='lat' dir='ltr'><strong>et</strong></span> <span class='ocrx_word' id='word_1_784' title='bbox 279 5428 501 5467; x_wconf 90' lang='lat' dir='ltr'><strong>manum</strong></span> <span class='ocrx_word' id='word_1_785' title='bbox 529 5410 826 5475; x_wconf 70' lang='lat' dir='ltr'><strong>transforat</strong></span> <span class='ocrx_word' id='word_1_786' title='bbox 856 5412 1239 5468; x_wconf 90' lang='lat' dir='ltr'><strong>incumbentis.</strong></span> 
     </span>
    </p>
   </div>
   <div class='ocr_carea' id='block_1_101' title="bbox 263 5506 1785 5583">
    <p class='ocr_par' dir='ltr' id='par_1_101' title="bbox 263 5506 1785 5583">
     <span class='ocr_line' id='line_1_101' title="bbox 263 5506 1785 5583; baseline 0.003 -22"><span class='ocrx_word' id='word_1_787' title='bbox 263 5507 453 5583; x_wconf 61' lang='lat' dir='ltr'><strong>(Aug)</strong></span> <span class='ocrx_word' id='word_1_788' title='bbox 494 5506 645 5565; x_wconf 91' lang='lat' dir='ltr'><strong>Solet</strong></span> <span class='ocrx_word' id='word_1_789' title='bbox 680 5516 863 5563; x_wconf 92' lang='lat' dir='ltr'><strong>autem</strong></span> <span class='ocrx_word' id='word_1_790' title='bbox 904 5509 1070 5579; x_wconf 90' lang='lat' dir='ltr'><strong>quaeri</strong></span> <span class='ocrx_word' id='word_1_791' title='bbox 1102 5511 1372 5579; x_wconf 89' lang='lat' dir='ltr'><strong>quomodo</strong></span> <span class='ocrx_word' id='word_1_792' title='bbox 1412 5508 1699 5566; x_wconf 69' lang='lat' dir='ltr'><strong>Matthaaus</strong></span> <span class='ocrx_word' id='word_1_793' title='bbox 1727 5518 1785 5565; x_wconf 85' lang='lat' dir='ltr'><strong>et</strong></span> 
     </span>
    </p>
   </div>
   <div class='ocr_carea' id='block_1_102' title="bbox 177 5596 1786 5676">
    <p class='ocr_par' dir='ltr' id='par_1_102' title="bbox 177 5596 1786 5676">
     <span class='ocr_line' id='line_1_102' title="bbox 177 5596 1786 5676; baseline 0.001 -17"><span class='ocrx_word' id='word_1_794' title='bbox 177 5596 373 5659; x_wconf 58' lang='lat' dir='ltr'><strong>luteas</strong></span> <span class='ocrx_word' id='word_1_795' title='bbox 392 5600 942 5657; x_wconf 89' lang='lat' dir='ltr'><strong>commemoraverint</strong></span> <span class='ocrx_word' id='word_1_796' title='bbox 966 5600 1169 5656; x_wconf 83' lang='lat' dir='ltr'><strong>dixisse</strong></span> <span class='ocrx_word' id='word_1_797' title='bbox 1200 5603 1487 5657; x_wconf 90' lang='lat' dir='ltr'><strong>Dominum</strong></span> <span class='ocrx_word' id='word_1_798' title='bbox 1512 5604 1786 5676; x_wconf 88' lang='lat' dir='ltr'><strong>discipulis</strong></span> 
     </span>
    </p>
   </div>
   <div class='ocr_carea' id='block_1_103' title="bbox 177 5692 1789 5771">
    <p class='ocr_par' dir='ltr' id='par_1_103' title="bbox 177 5692 1789 5771">
     <span class='ocr_line' id='line_1_103' title="bbox 177 5692 1789 5771; baseline 0.001 -19"><span class='ocrx_word' id='word_1_799' title='bbox 177 5700 252 5752; x_wconf 74' lang='lat' dir='ltr'><strong>ut</strong></span> <span class='ocrx_word' id='word_1_800' title='bbox 282 5708 358 5751; x_wconf 87' lang='lat' dir='ltr'><strong>ne</strong></span> <span class='ocrx_word' id='word_1_801' title='bbox 382 5694 590 5768; x_wconf 88' lang='lat' dir='ltr'><strong>virgam</strong></span> <span class='ocrx_word' id='word_1_802' title='bbox 614 5692 843 5759; x_wconf 82' lang='lat' dir='ltr'><strong>ferrent,</strong></span> <span class='ocrx_word' id='word_1_803' title='bbox 870 5710 992 5749; x_wconf 90' lang='lat' dir='ltr'><strong>cum</strong></span> <span class='ocrx_word' id='word_1_804' title='bbox 1032 5694 1177 5749; x_wconf 88' lang='lat' dir='ltr'><strong>dicat</strong></span> <span class='ocrx_word' id='word_1_805' title='bbox 1221 5695 1435 5752; x_wconf 82' lang='lat' dir='ltr'><strong>Marcus</strong></span> <span class='ocrx_word' id='word_1_806' title='bbox 1463 5705 1520 5751; x_wconf 91' lang='lat' dir='ltr'><strong>et</strong></span> <span class='ocrx_word' id='word_1_807' title='bbox 1546 5699 1789 5771; x_wconf 64' lang='lat' dir='ltr'><strong>praecipit</strong></span> 
     </span>
    </p>
   </div>
   <div class='ocr_carea' id='block_1_104' title="bbox 182 5786 1789 5867">
    <p class='ocr_par' dir='ltr' id='par_1_104' title="bbox 182 5786 1789 5867">
     <span class='ocr_line' id='line_1_104' title="bbox 182 5786 1789 5867; baseline 0.002 -22"><span class='ocrx_word' id='word_1_808' title='bbox 182 5786 398 5865; x_wconf 59' lang='lat' dir='ltr'><strong>(ﬂare.</strong></span> <span class='ocrx_word' id='word_1_809' title='bbox 419 5787 495 5862; x_wconf 72' lang='grc' dir='ltr'><strong>γι)</strong></span> <span class='ocrx_word' id='word_1_810' title='bbox 526 5802 595 5845; x_wconf 90' lang='lat' dir='ltr'><strong>ne</strong></span> <span class='ocrx_word' id='word_1_811' title='bbox 620 5787 750 5865; x_wconf 80' lang='lat' dir='ltr'><strong>quid</strong></span> <span class='ocrx_word' id='word_1_812' title='bbox 795 5787 1043 5865; x_wconf 80' lang='lat' dir='ltr'><strong>tollerent</strong></span> <span class='ocrx_word' id='word_1_813' title='bbox 1080 5787 1134 5842; x_wconf 89' lang='lat' dir='ltr'><strong>in</strong></span> <span class='ocrx_word' id='word_1_814' title='bbox 1172 5787 1257 5843; x_wconf 88' lang='lat' dir='ltr'><strong>via</strong></span> <span class='ocrx_word' id='word_1_815' title='bbox 1300 5788 1406 5845; x_wconf 90' lang='lat' dir='ltr'><strong>nisi</strong></span> <span class='ocrx_word' id='word_1_816' title='bbox 1430 5790 1637 5867; x_wconf 82' lang='lat' dir='ltr'><strong>virgam</strong></span> <span class='ocrx_word' id='word_1_817' title='bbox 1672 5801 1789 5851; x_wconf 83' lang='lat' dir='ltr'><strong>tan-</strong></span> 
     </span>
    </p>
   </div>
   <div class='ocr_carea' id='block_1_105' title="bbox 1887 4558 3476 4635">
    <p class='ocr_par' dir='ltr' id='par_1_105' title="bbox 1887 4558 3476 4635">
     <span class='ocr_line' id='line_1_105' title="bbox 1887 4558 3476 4635; baseline -0.002 -17"><span class='ocrx_word' id='word_1_818' title='bbox 1887 4571 2069 4633; x_wconf 89' lang='lat' dir='ltr'><strong>posset</strong></span> <span class='ocrx_word' id='word_1_819' title='bbox 2113 4562 2377 4631; x_wconf 88' lang='lat' dir='ltr'><strong>accipere.</strong></span> <span class='ocrx_word' id='word_1_820' title='bbox 2422 4561 2658 4615; x_wconf 88' lang='lat' dir='ltr'><strong>Proinde</strong></span> <span class='ocrx_word' id='word_1_821' title='bbox 2707 4561 2918 4615; x_wconf 86' lang='lat' dir='ltr'><strong>Marcus</strong></span> <span class='ocrx_word' id='word_1_822' title='bbox 2967 4558 3197 4635; x_wconf 87' lang='lat' dir='ltr'><strong>dicendo</strong></span> <span class='ocrx_word' id='word_1_823' title='bbox 3242 4560 3476 4617; x_wconf 88' lang='lat' dir='ltr'><strong>calceari</strong></span> 
     </span>
    </p>
   </div>
   <div class='ocr_carea' id='block_1_106' title="bbox 1889 4653 3476 4733">
    <p class='ocr_par' dir='ltr' id='par_1_106' title="bbox 1889 4653 3476 4733">
     <span class='ocr_line' id='line_1_106' title="bbox 1889 4653 3476 4733; baseline -0.001 -20"><span class='ocrx_word' id='word_1_824' title='bbox 1889 4673 1982 4713; x_wconf 92' lang='lat' dir='ltr'><strong>eos</strong></span> <span class='ocrx_word' id='word_1_825' title='bbox 2024 4656 2280 4733; x_wconf 81' lang='lat' dir='ltr'><strong>sandaliis</strong></span> <span class='ocrx_word' id='word_1_826' title='bbox 2325 4655 2408 4709; x_wconf 86' lang='lat' dir='ltr'><strong>vel</strong></span> <span class='ocrx_word' id='word_1_827' title='bbox 2441 4655 2602 4709; x_wconf 89' lang='lat' dir='ltr'><strong>soleis</strong></span> <span class='ocrx_word' id='word_1_828' title='bbox 2622 4696 2636 4719; x_wconf 96' lang='lat'><strong>,</strong></span> <span class='ocrx_word' id='word_1_829' title='bbox 2680 4654 2884 4723; x_wconf 90' lang='lat' dir='ltr'><strong>aliquid</strong></span> <span class='ocrx_word' id='word_1_830' title='bbox 2914 4654 3017 4708; x_wconf 91' lang='lat' dir='ltr'><strong>hoc</strong></span> <span class='ocrx_word' id='word_1_831' title='bbox 3050 4653 3476 4711; x_wconf 87' lang='lat' dir='ltr'><strong>ealceameutum</strong></span> 
     </span>
    </p>
   </div>
   <div class='ocr_carea' id='block_1_107' title="bbox 1891 4747 3477 4825">
    <p class='ocr_par' dir='ltr' id='par_1_107' title="bbox 1891 4747 3477 4825">
     <span class='ocr_line' id='line_1_107' title="bbox 1891 4747 3477 4825; baseline -0.001 -18"><span class='ocrx_word' id='word_1_832' title='bbox 1891 4752 2130 4823; x_wconf 77' lang='lat' dir='ltr'><strong>mystij</strong></span> <span class='ocrx_word' id='word_1_833' title='bbox 2154 4749 2564 4823; x_wconf 87' lang='lat' dir='ltr'><strong>signiﬁcationis</strong></span> <span class='ocrx_word' id='word_1_834' title='bbox 2598 4747 2867 4825; x_wconf 89' lang='lat' dir='ltr'><strong>admonet,</strong></span> <span class='ocrx_word' id='word_1_835' title='bbox 2895 4755 2955 4821; x_wconf 85' lang='lat' dir='ltr'><strong>ut</strong></span> <span class='ocrx_word' id='word_1_836' title='bbox 2981 4763 3075 4820; x_wconf 90' lang='lat' dir='ltr'><strong>pes</strong></span> <span class='ocrx_word' id='word_1_837' title='bbox 3102 4763 3277 4820; x_wconf 90' lang='lat' dir='ltr'><strong>neque</strong></span> <span class='ocrx_word' id='word_1_838' title='bbox 3302 4756 3477 4806; x_wconf 88' lang='lat' dir='ltr'><strong>tectus</strong></span> 
     </span>
    </p>
   </div>
   <div class='ocr_carea' id='block_1_108' title="bbox 1891 4841 3477 4912">
    <p class='ocr_par' dir='ltr' id='par_1_108' title="bbox 1891 4841 3477 4912">
     <span class='ocr_line' id='line_1_108' title="bbox 1891 4841 3477 4912; baseline -0.003 -10"><span class='ocrx_word' id='word_1_839' title='bbox 1891 4848 1997 4912; x_wconf 90' lang='lat' dir='ltr'><strong>sit,</strong></span> <span class='ocrx_word' id='word_1_840' title='bbox 2047 4862 2145 4901; x_wconf 89' lang='lat' dir='ltr'><strong>nec</strong></span> <span class='ocrx_word' id='word_1_841' title='bbox 2184 4845 2360 4899; x_wconf 90' lang='lat' dir='ltr'><strong>nudus</strong></span> <span class='ocrx_word' id='word_1_842' title='bbox 2405 4845 2472 4899; x_wconf 92' lang='lat' dir='ltr'><strong>ad</strong></span> <span class='ocrx_word' id='word_1_843' title='bbox 2515 4851 2749 4908; x_wconf 90' lang='lat' dir='ltr'><strong>terram,</strong></span> <span class='ocrx_word' id='word_1_844' title='bbox 2791 4842 2844 4897; x_wconf 92' lang='lat' dir='ltr'><strong>id</strong></span> <span class='ocrx_word' id='word_1_845' title='bbox 2885 4850 2996 4907; x_wconf 88' lang='lat' dir='ltr'><strong>est,</strong></span> <span class='ocrx_word' id='word_1_846' title='bbox 3041 4857 3142 4899; x_wconf 92' lang='lat' dir='ltr'><strong>nec</strong></span> <span class='ocrx_word' id='word_1_847' title='bbox 3175 4841 3477 4898; x_wconf 90' lang='lat' dir='ltr'><strong>occultetur</strong></span> 
     </span>
    </p>
   </div>
   <div class='ocr_carea' id='block_1_109' title="bbox 1891 4934 3478 5008">
    <p class='ocr_par' dir='ltr' id='par_1_109' title="bbox 1891 4934 3478 5008">
     <span class='ocr_line' id='line_1_109' title="bbox 1891 4934 3478 5008; baseline -0.002 -14"><span class='ocrx_word' id='word_1_848' title='bbox 1891 4938 2273 5008; x_wconf 83' lang='lat' dir='ltr'><strong>Evangelium,</strong></span> <span class='ocrx_word' id='word_1_849' title='bbox 2325 4952 2426 4993; x_wconf 92' lang='lat' dir='ltr'><strong>nec</strong></span> <span class='ocrx_word' id='word_1_850' title='bbox 2472 4935 2705 4992; x_wconf 89' lang='lat' dir='ltr'><strong>terrenis</strong></span> <span class='ocrx_word' id='word_1_851' title='bbox 2752 4936 3050 4991; x_wconf 91' lang='lat' dir='ltr'><strong>commodis</strong></span> <span class='ocrx_word' id='word_1_852' title='bbox 3082 4934 3363 4989; x_wconf 89' lang='lat' dir='ltr'><strong>innitatur.</strong></span> <span class='ocrx_word' id='word_1_853' title='bbox 3408 4934 3478 4991; x_wconf 85' lang='lat' dir='ltr'><strong>Et</strong></span> 
     </span>
    </p>
   </div>
   <div class='ocr_carea' id='block_1_110' title="bbox 1886 5028 3477 5105">
    <p class='ocr_par' dir='ltr' id='par_1_110' title="bbox 1886 5028 3477 5105">
     <span class='ocr_line' id='line_1_110' title="bbox 1886 5028 3477 5105; baseline -0.002 -18"><span class='ocrx_word' id='word_1_854' title='bbox 1886 5033 2027 5105; x_wconf 89' lang='lat' dir='ltr'><strong>quod</strong></span> <span class='ocrx_word' id='word_1_855' title='bbox 2052 5048 2156 5086; x_wconf 91' lang='lat' dir='ltr'><strong>non</strong></span> <span class='ocrx_word' id='word_1_856' title='bbox 2183 5030 2388 5100; x_wconf 90' lang='lat' dir='ltr'><strong>portari</strong></span> <span class='ocrx_word' id='word_1_857' title='bbox 2410 5029 2492 5085; x_wconf 90' lang='lat' dir='ltr'><strong>vel</strong></span> <span class='ocrx_word' id='word_1_858' title='bbox 2515 5030 2702 5085; x_wconf 86' lang='lat' dir='ltr'><strong>haberi</strong></span> <span class='ocrx_word' id='word_1_859' title='bbox 2726 5030 2860 5085; x_wconf 90' lang='lat' dir='ltr'><strong>duas</strong></span> <span class='ocrx_word' id='word_1_860' title='bbox 2881 5028 3112 5095; x_wconf 89' lang='lat' dir='ltr'><strong>tunicas,</strong></span> <span class='ocrx_word' id='word_1_861' title='bbox 3139 5028 3234 5083; x_wconf 86' lang='lat' dir='ltr'><strong>sed</strong></span> <span class='ocrx_word' id='word_1_862' title='bbox 3255 5041 3477 5099; x_wconf 81' lang='lat' dir='ltr'><strong>expres-</strong></span> 
     </span>
    </p>
   </div>
   <div class='ocr_carea' id='block_1_111' title="bbox 1885 5120 3477 5193">
    <p class='ocr_par' dir='ltr' id='par_1_111' title="bbox 1885 5120 3477 5193">
     <span class='ocr_line' id='line_1_111' title="bbox 1885 5120 3477 5193; baseline -0.004 -12"><span class='ocrx_word' id='word_1_863' title='bbox 1885 5125 1999 5181; x_wconf 92' lang='lat' dir='ltr'><strong>sius</strong></span> <span class='ocrx_word' id='word_1_864' title='bbox 2026 5124 2172 5178; x_wconf 91' lang='lat' dir='ltr'><strong>indui</strong></span> <span class='ocrx_word' id='word_1_865' title='bbox 2196 5123 2479 5193; x_wconf 88' lang='lat' dir='ltr'><strong>prohibet,</strong></span> <span class='ocrx_word' id='word_1_866' title='bbox 2510 5122 2731 5178; x_wconf 89' lang='lat' dir='ltr'><strong>dicens:</strong></span> <span class='ocrx_word' id='word_1_867' title='bbox 2761 5122 2827 5175; x_wconf 86' lang='lat' dir='ltr'><strong>Et</strong></span> <span class='ocrx_word' id='word_1_868' title='bbox 2864 5136 2932 5176; x_wconf 92' lang='lat' dir='ltr'><strong>ne</strong></span> <span class='ocrx_word' id='word_1_869' title='bbox 2962 5120 3317 5192; x_wconf 89' lang='lat' dir='ltr'><strong>induerentur</strong></span> <span class='ocrx_word' id='word_1_870' title='bbox 3340 5120 3477 5177; x_wconf 91' lang='lat' dir='ltr'><strong>dua-</strong></span> 
     </span>
    </p>
   </div>
   <div class='ocr_carea' id='block_1_112' title="bbox 1886 5213 3472 5291">
    <p class='ocr_par' dir='ltr' id='par_1_112' title="bbox 1886 5213 3472 5291">
     <span class='ocr_line' id='line_1_112' title="bbox 1886 5213 3472 5291; baseline -0.004 -15"><span class='ocrx_word' id='word_1_871' title='bbox 1886 5221 1986 5276; x_wconf 89' lang='lat' dir='ltr'><strong>bus</strong></span> <span class='ocrx_word' id='word_1_872' title='bbox 2016 5219 2248 5281; x_wconf 89' lang='lat' dir='ltr'><strong>tunicis;</strong></span> <span class='ocrx_word' id='word_1_873' title='bbox 2279 5218 2409 5289; x_wconf 89' lang='lat' dir='ltr'><strong>quid</strong></span> <span class='ocrx_word' id='word_1_874' title='bbox 2436 5234 2530 5274; x_wconf 89' lang='lat' dir='ltr'><strong>eos</strong></span> <span class='ocrx_word' id='word_1_875' title='bbox 2572 5220 2826 5273; x_wconf 88' lang='lat' dir='ltr'><strong>admonet</strong></span> <span class='ocrx_word' id='word_1_876' title='bbox 2852 5257 2868 5283; x_wconf 95' lang='lat'><strong>,</strong></span> <span class='ocrx_word' id='word_1_877' title='bbox 2900 5217 3002 5272; x_wconf 87' lang='lat' dir='ltr'><strong>nisi</strong></span> <span class='ocrx_word' id='word_1_878' title='bbox 3034 5230 3142 5272; x_wconf 89' lang='lat' dir='ltr'><strong>non</strong></span> <span class='ocrx_word' id='word_1_879' title='bbox 3167 5213 3472 5291; x_wconf 87' lang='lat' dir='ltr'><strong>dupliciter,</strong></span> 
     </span>
    </p>
   </div>
   <div class='ocr_carea' id='block_1_113' title="bbox 1886 5300 3255 5381">
    <p class='ocr_par' dir='ltr' id='par_1_113' title="bbox 1886 5300 3255 5381">
     <span class='ocr_line' id='line_1_113' title="bbox 1886 5300 3255 5381; baseline -0.006 -14"><span class='ocrx_word' id='word_1_880' title='bbox 1886 5311 1978 5367; x_wconf 89' lang='lat' dir='ltr'><strong>sed</strong></span> <span class='ocrx_word' id='word_1_881' title='bbox 2020 5310 2339 5381; x_wconf 88' lang='lat' dir='ltr'><strong>simpliciter</strong></span> <span class='ocrx_word' id='word_1_882' title='bbox 2362 5308 2682 5364; x_wconf 90' lang='lat' dir='ltr'><strong>ambulare?</strong></span> <span class='ocrx_word' id='word_1_883' title='bbox 3250 5300 3255 5309; x_wconf 93' lang='grc'><strong>’</strong></span> 
     </span>
    </p>
   </div>
   <div class='ocr_carea' id='block_1_114' title="bbox 1959 5419 3476 5498">
    <p class='ocr_par' dir='ltr' id='par_1_114' title="bbox 1959 5419 3476 5498">
     <span class='ocr_line' id='line_1_114' title="bbox 1959 5419 3476 5498; baseline -0.001 -17"><span class='ocrx_word' id='word_1_884' title='bbox 1959 5426 2131 5481; x_wconf 88' lang='lat' dir='ltr'><strong>Tanta</strong></span> <span class='ocrx_word' id='word_1_885' title='bbox 2180 5440 2307 5498; x_wconf 89' lang='lat' dir='ltr'><strong>ergo</strong></span> <span class='ocrx_word' id='word_1_886' title='bbox 2355 5421 2699 5496; x_wconf 86' lang='lat' dir='ltr'><strong>praedicatori</strong></span> <span class='ocrx_word' id='word_1_887' title='bbox 2760 5420 2815 5479; x_wconf 86' lang='lat' dir='ltr'><strong>in</strong></span> <span class='ocrx_word' id='word_1_888' title='bbox 2870 5421 2981 5481; x_wconf 71' lang='lat' dir='ltr'><strong>Deo</strong></span> <span class='ocrx_word' id='word_1_889' title='bbox 3042 5419 3202 5497; x_wconf 76' lang='lat' dir='ltr'><strong>debet</strong></span> <span class='ocrx_word' id='word_1_890' title='bbox 3250 5437 3373 5481; x_wconf 87' lang='lat' dir='ltr'><strong>esse</strong></span> <span class='ocrx_word' id='word_1_891' title='bbox 3410 5421 3476 5479; x_wconf 89' lang='lat' dir='ltr'><strong>ﬁ-</strong></span> 
     </span>
    </p>
   </div>
   <div class='ocr_carea' id='block_1_115' title="bbox 1889 5514 3474 5588">
    <p class='ocr_par' dir='ltr' id='par_1_115' title="bbox 1889 5514 3474 5588">
     <span class='ocr_line' id='line_1_115' title="bbox 1889 5514 3474 5588; baseline -0.001 -14"><span class='ocrx_word' id='word_1_892' title='bbox 1889 5518 2081 5583; x_wconf 90' lang='lat' dir='ltr'><strong>ducia,</strong></span> <span class='ocrx_word' id='word_1_893' title='bbox 2147 5526 2208 5572; x_wconf 92' lang='lat' dir='ltr'><strong>ut</strong></span> <span class='ocrx_word' id='word_1_894' title='bbox 2253 5515 2537 5588; x_wconf 63' lang='lat' dir='ltr'><strong>praesentis</strong></span> <span class='ocrx_word' id='word_1_895' title='bbox 2583 5514 2710 5571; x_wconf 68' lang='lat' dir='ltr'><strong>vita:</strong></span> <span class='ocrx_word' id='word_1_896' title='bbox 2785 5521 3031 5587; x_wconf 88' lang='lat' dir='ltr'><strong>sumptus</strong></span> <span class='ocrx_word' id='word_1_897' title='bbox 3068 5515 3318 5586; x_wconf 84' lang='lat' dir='ltr'><strong>quamvis</strong></span> <span class='ocrx_word' id='word_1_898' title='bbox 3364 5531 3474 5572; x_wconf 89' lang='lat' dir='ltr'><strong>non</strong></span> 
     </span>
    </p>
   </div>
   <div class='ocr_carea' id='block_1_116' title="bbox 1887 5606 3475 5697">
    <p class='ocr_par' dir='ltr' id='par_1_116' title="bbox 1887 5606 3475 5697">
     <span class='ocr_line' id='line_1_116' title="bbox 1887 5606 3475 5697; baseline -0.001 -32"><span class='ocrx_word' id='word_1_899' title='bbox 1887 5611 2221 5681; x_wconf 84' lang='lat' dir='ltr'><strong>pracvideat,</strong></span> <span class='ocrx_word' id='word_1_900' title='bbox 2253 5622 2432 5664; x_wconf 86' lang='lat' dir='ltr'><strong>tamen</strong></span> <span class='ocrx_word' id='word_1_901' title='bbox 2484 5606 2585 5663; x_wconf 90' lang='lat' dir='ltr'><strong>sibi</strong></span> <span class='ocrx_word' id='word_1_902' title='bbox 2632 5607 2730 5663; x_wconf 92' lang='lat' dir='ltr'><strong>hos</strong></span> <span class='ocrx_word' id='word_1_903' title='bbox 2768 5623 2918 5697; x_wconf 42' lang='lat' dir='ltr'><strong>neq”.</strong></span> <span class='ocrx_word' id='word_1_904' title='bbox 2933 5608 3120 5679; x_wconf 78' lang='lat' dir='ltr'><strong>deesse</strong></span> <span class='ocrx_word' id='word_1_905' title='bbox 3171 5608 3475 5667; x_wconf 79' lang='lat' dir='ltr'><strong>certissime</strong></span> 
     </span>
    </p>
   </div>
   <div class='ocr_carea' id='block_1_117' title="bbox 1888 5699 3471 5774">
    <p class='ocr_par' dir='ltr' id='par_1_117' title="bbox 1888 5699 3471 5774">
     <span class='ocr_line' id='line_1_117' title="bbox 1888 5699 3471 5774; baseline -0.001 -15"><span class='ocrx_word' id='word_1_906' title='bbox 1888 5704 2057 5768; x_wconf 88' lang='lat' dir='ltr'><strong>sciat;</strong></span> <span class='ocrx_word' id='word_1_907' title='bbox 2110 5719 2175 5759; x_wconf 92' lang='lat' dir='ltr'><strong>ne</strong></span> <span class='ocrx_word' id='word_1_908' title='bbox 2208 5702 2333 5755; x_wconf 90' lang='lat' dir='ltr'><strong>dum</strong></span> <span class='ocrx_word' id='word_1_909' title='bbox 2371 5715 2522 5755; x_wconf 90' lang='lat' dir='ltr'><strong>mens</strong></span> <span class='ocrx_word' id='word_1_910' title='bbox 2553 5699 2667 5769; x_wconf 87' lang='lat' dir='ltr'><strong>ejus</strong></span> <span class='ocrx_word' id='word_1_911' title='bbox 2691 5708 2989 5772; x_wconf 87' lang='lat' dir='ltr'><strong>occupatur</strong></span> <span class='ocrx_word' id='word_1_912' title='bbox 3017 5702 3087 5758; x_wconf 90' lang='lat' dir='ltr'><strong>ad</strong></span> <span class='ocrx_word' id='word_1_913' title='bbox 3132 5701 3471 5774; x_wconf 85' lang='lat' dir='ltr'><strong>temporalia,</strong></span> 
     </span>
    </p>
   </div>
   <div class='ocr_carea' id='block_1_118' title="bbox 1890 5792 3476 5883">
    <p class='ocr_par' dir='ltr' id='par_1_118' title="bbox 1890 5792 3476 5883">
     <span class='ocr_line' id='line_1_118' title="bbox 1890 5792 3476 5883; baseline -0.001 -31"><span class='ocrx_word' id='word_1_914' title='bbox 1890 5797 2070 5852; x_wconf 89' lang='lat' dir='ltr'><strong>minus</strong></span> <span class='ocrx_word' id='word_1_915' title='bbox 2101 5794 2219 5850; x_wconf 87' lang='lat' dir='ltr'><strong>aliis</strong></span> <span class='ocrx_word' id='word_1_916' title='bbox 2239 5794 2533 5867; x_wconf 69' lang='lat' dir='ltr'><strong>prazvideat</strong></span> <span class='ocrx_word' id='word_1_917' title='bbox 2556 5801 2776 5873; x_wconf 78' lang='lat' dir='ltr'><strong>acterna.</strong></span> <span class='ocrx_word' id='word_1_918' title='bbox 2810 5793 2908 5883; x_wconf 54' lang='grc' dir='ltr'><strong>(ΖΨ</strong></span> <span class='ocrx_word' id='word_1_919' title='bbox 2936 5794 3122 5866; x_wconf 85' lang='lat' dir='ltr'><strong>etiam,</strong></span> <span class='ocrx_word' id='word_1_920' title='bbox 3161 5792 3307 5855; x_wconf 84' lang='lat' dir='ltr'><strong>Luca</strong></span> <span class='ocrx_word' id='word_1_921' title='bbox 3334 5800 3476 5869; x_wconf 56' lang='lat' dir='ltr'><strong>atte-</strong></span> 
     </span>
    </p>
   </div>
  </div>
