3914 6444
453 315 558 380 895

1092 313 1155 371 B.
1191 312 1450 369 RABANI
1489 310 1710 370 MAURl
1743 307 2066 369 ARCHIEP.
2107 303 2418 366 MOGUNT.
2459 301 2747 363 OPERUM
2782 300 2964 360 PARS
2998 301 3045 358 ι.
3671 307 3772 366 395

455 447 666 505 stante,
697 453 795 510 per
823 438 963 492 viam
999 436 1273 492 neminem
1317 434 1556 491 salutare
1604 434 1920 490 conceditur
1945 474 1959 498 ,
2000 440 2061 487 ut
2086 432 2142 495 Α
2165 445 2259 485 ore
2284 427 2653 499 praedicatoris
2684 425 2927 491 offertur,
2959 432 3053 482 aut
3082 428 3374 497 requiescit
3415 428 3478 484 in
3505 429 3702 496 domo,
3730 435 3771 487 si

457 536 557 590 sub
597 539 800 602 quanta
849 530 1195 586 festinatione
1237 530 1341 585 iter
1382 528 1783 598 praedicationis
1829 541 2056 597 pergere

459 627 679 691 debeat,
712 622 1050 680 ostendatur.
1079 619 1206 676 Haec
1234 621 1279 675 si
1315 621 1438 690 quis
1468 619 1742 691 Evangelii
1773 619 1938 674 verba
1960 633 2059 688 per

460 717 775 788 allegoriam
802 713 1136 779 enucleatius
1163 713 1291 768 velit
1320 712 1565 784 intelligi,
1602 712 1654 766 in
1684 726 1819 766 auro
1839 725 2060 766 sensum

461 807 737 864 saecularis
763 805 1060 876 sapientiae,
1087 805 1141 860 in
1162 813 1386 876 argento
1409 804 1696 860 rhetoricae
1724 804 1859 859 artis
1872 803 2061 858 facun-

461 900 603 956 diam
641 898 1003 972 signiﬁcatam
1044 899 1273 969 accipiat
1307 916 1323 955 :
1373 898 1428 953 in
1469 899 1698 968 pecunia
1746 912 1874 953 vero
1911 912 2061 953 zonae

460 991 670 1049 inclusa
695 993 1018 1064 sapientiam
1052 992 1398 1048 occultatam.
1430 991 1532 1058 Qui
1576 992 1739 1063 igitur
1779 991 2062 1062 sapientia:

459 1087 688 1142 verbum
721 1086 912 1151 habet,
965 1085 1061 1142 sed
1113 1086 1218 1142 hoc
1246 1100 1473 1157 erogare
1519 1086 1770 1156 proximo
1816 1085 2060 1157 negligit,

463 1178 619 1249 quasi
647 1179 935 1249 pecuniam
986 1179 1042 1233 in
1091 1194 1228 1234 zona
1270 1178 1494 1249 ligatam
1543 1188 1732 1245 tenet;
1765 1178 1908 1234 unde
1935 1180 2067 1234 scri-

461 1278 615 1342 ptum
650 1279 770 1327 est:
802 1270 1077 1341 Sapientia
1116 1270 1453 1337 abscondita,
1500 1281 1548 1326 et
1581 1273 1859 1326 thesaurus
1895 1271 2066 1326 occul-

464 1372 628 1429 tatus,
654 1379 772 1434 qua:
798 1361 1002 1417 utilitas
1038 1364 1094 1417 in
1123 1363 1398 1434 utrisque?
1421 1361 1612 1434 (Eccli.
1644 1366 1761 1434 xx.)

539 1456 679 1524 Quid
708 1472 838 1512 vero
879 1472 978 1527 per
1006 1472 1201 1528 opera,
1230 1457 1334 1512 nisi
1364 1473 1531 1513 onera
1569 1457 1789 1513 saeculi?
1832 1457 1901 1512 Et
1937 1457 2066 1527 quid

466 1548 575 1604 hoc
624 1547 743 1604 loco
777 1564 876 1620 per
921 1548 1310 1616 calceamenta,
1336 1550 1441 1605 nisi
1472 1557 1810 1605 mortuorum
1838 1566 2065 1622 Operum

467 1639 717 1710 exempla
747 1640 1061 1712 signantur?
1109 1641 1208 1709 Qui
1242 1658 1373 1715 ergo
1401 1641 1634 1699 ofﬁcium
1666 1644 2066 1714 praedicationis

470 1734 713 1803 suscepit
740 1734 983 1805 dignum,
1015 1751 1122 1790 non
1149 1745 1234 1791 est
1276 1744 1334 1789 ut
1365 1752 1502 1791 onus
1530 1737 1870 1792 saecularium
1901 1755 2068 1812 nego-

2162 521 2216 576 in
2260 535 2324 574 ea
2354 517 2517 574 fuerit
2550 517 2693 573 ﬁlius
2739 517 2920 588 pacis,
2965 524 3058 572 aut
3098 516 3166 572 ad
3213 517 3476 572 eumdem
3501 521 3777 589 prauita-

2165 621 2338 667 torem
2365 611 2658 666 revertitur
2682 627 2697 677 ;
2727 610 2852 679 quia
2882 616 2976 664 aut
3002 609 3107 664 erit
3141 609 3371 679 quisque
3397 611 3769 681 praedestina-

2164 713 2251 760 tus
2273 705 2340 759 ad
2361 704 2552 770 vitam,
2575 712 2628 758 et
2655 703 2880 759 caeleste
2901 703 3131 758 verbum
3147 702 3395 774 sequitur
3423 705 3578 774 quod
3601 707 3770 772 audit;

2165 807 2259 854 aut
2301 799 2346 854 si
2393 797 2573 852 nullus
2614 797 2802 853 audire
2831 797 3096 864 voluerit,
3127 797 3243 868 ipse
3288 797 3638 868 praedicator
3663 802 3773 857 sine

2165 892 2344 949 fructu
2368 909 2476 948 non
2498 893 2602 949 erit
2618 909 2631 958 ;
2650 893 2776 964 quia
2799 892 2868 947 ad
2897 908 3020 948 eum
3045 907 3152 962 pax
3173 893 3500 959 revertitur,
3517 895 3770 962 quoniam

2165 986 2217 1041 ei
2247 1001 2277 1039 a
2309 985 2538 1041 Domino
2564 1001 2663 1056 pro
2703 983 2889 1040 labore
2936 984 3022 1040 sui
3063 984 3245 1055 operis
3292 993 3784 1053 recompensatnr.‘

2241 1079 2311 1134 Et
2338 1081 2633 1152 quicunque
2662 1096 2767 1134 non
2793 1079 3040 1150 receperit
3068 1094 3179 1144 vos,
3209 1095 3376 1149 neque
3407 1079 3656 1131 audierit
3678 1095 3772 1132 ser-

2167 1189 2346 1228 mones
2375 1183 2570 1228 vestros
2595 1213 2610 1238 ,
2639 1181 2884 1227 exeuntes
2919 1171 3064 1241 foras
3090 1212 3104 1236 ,
3137 1171 3201 1225 de
3231 1171 3391 1225 domo
3422 1169 3509 1224 vel
3556 1170 3771 1235 isititate,

2168 1263 2389 1318 excutite
2408 1263 2671 1334 pulverem
2704 1263 2769 1318 de
2792 1263 3010 1334 pedibus
3039 1264 3243 1318 vestris.
3272 1260 3567 1334 (Hieron.)
3605 1261 3772 1317 Pulvis

2169 1356 2445 1410 excutitur
2495 1355 2561 1410 de
2606 1355 2836 1425 pedibus
2893 1356 2948 1410 in
2998 1354 3376 1410 testimonium
3424 1352 3643 1409 laboris
3683 1353 3772 1420 sui,

2170 1449 2314 1520 quod
2337 1450 2566 1521 ingressi
2595 1459 2720 1506 sunt
2746 1449 3024 1505 civitatem
3050 1457 3104 1504 et
3127 1448 3451 1519 praedicatio
3486 1446 3774 1518 apostolica

2170 1559 2343 1614 usque
2371 1543 2437 1598 ad
2484 1544 2604 1600 illos
2630 1543 2974 1614 pervenerit;
3005 1544 3121 1600 sive
3163 1543 3452 1598 excutitur
3502 1540 3703 1612 pulvis,
3729 1550 3776 1594 ut

2171 1637 2306 1691 nihil
2338 1638 2405 1692 ab
2441 1637 2522 1692 eis
2562 1638 2850 1708 accipiant,
2890 1651 2960 1692 ne
2994 1637 3061 1692 ad
3093 1636 3301 1692 victum
3334 1634 3580 1706 quidem
3609 1649 3776 1690 neces-

2172 1732 2399 1798 sarium,
2423 1731 2514 1801 qui
2538 1730 2889 1802 Evangelium
2917 1731 3242 1801 spreverint.
3270 1728 3471 1800 (Aug.)
3513 1727 3633 1782 Hoc
3655 1728 3774 1782 enim

469 1801 668 1881 tiorum
697 1801 961 1896 portetur,
996 1843 1064 1883 ne
1095 1829 1221 1884 dum
1251 1829 1355 1883 hoc
1385 1828 1502 1898 ejus
1527 1829 1661 1885 colla
1695 1801 2070 1900 deprimitfad
2097 1801 2144 1861 Β
2167 1822 2428 1893 jubentur
2456 1824 2655 1891 facere,
2693 1801 2787 1880 aut
2831 1825 2900 1879 ad
2943 1824 3412 1880 contestationem
3446 1822 3667 1877 laboris
3688 1830 3777 1876 ter-

467 1917 812 1986 przedicanda
844 1918 1089 1974 coelestia
1116 1936 1224 1976 non
1255 1929 1526 1992 assurgat.
1559 1921 1670 1977 Nec
1701 1923 1858 1978 debet
1881 1925 2073 1979 stulto-

471 2023 590 2061 rum
613 2023 837 2078 operum
868 2010 1117 2080 exempla
1145 2012 1480 2083 conspicere,
1510 2028 1579 2068 ne
1600 2028 1696 2068 sua
1720 2030 1889 2085 Opera
1914 2017 2070 2086 quasi

470 2112 538 2152 ex
561 2099 790 2155 mortuis
833 2100 1063 2171 pellibus
1092 2103 1277 2158 credat
1321 2105 1553 2160 munire.
1602 2102 1792 2162 Omnis
1820 2121 1948 2162 vero
1978 2109 2072 2178 qui

474 2191 676 2248 salutat
704 2193 760 2249 in
786 2193 895 2261 via,
924 2209 991 2250 ex
1021 2196 1308 2251 occasione
1347 2197 1548 2252 salutat
1599 2197 1832 2265 itineris,
1868 2215 1977 2255 non
2005 2216 2073 2256 ex

473 2283 656 2339 studio
698 2285 1007 2340 obtinendae
1051 2286 1292 2357 ejusdem
1343 2288 1552 2344 salutis.
1613 2288 1714 2356 Qui
1758 2291 1922 2361 igitur
1963 2307 2073 2347 non

474 2390 664 2431 amore
691 2385 911 2432 aeterna:
935 2378 1144 2447 patriae,
1172 2380 1266 2434 sed
1293 2381 1641 2449 praemiorum
1677 2382 1906 2449 ambitu,
1931 2384 2072 2439 salu-

474 2474 584 2520 tem
630 2466 975 2523 audientibus
1003 2469 1293 2538 praedicat,
1327 2472 1483 2541 quasi
1512 2473 1568 2526 in
1616 2472 1810 2528 itinere
1851 2473 2070 2541 salutat,

473 2558 601 2627 quia
628 2574 694 2613 ex
724 2560 1032 2628 occasione,
1061 2570 1117 2617 et
1141 2577 1248 2618 non
1285 2578 1351 2619 ex
1383 2563 1684 2621 intentione
1727 2565 1956 2622 salutem
1981 2583 2076 2622 au-

476 2649 748 2707 dientibus
775 2660 1017 2722 exoptat.

549 2742 616 2799 In
639 2761 1002 2818 quamcunque
1031 2742 1292 2804 civitatem
1311 2759 1404 2804 aut
1434 2747 1707 2806 castellum
1731 2753 2073 2822 intraveritis,

472 2835 790 2908 interrogate
813 2839 928 2909 quis
953 2840 1008 2893 in
1035 2857 1096 2894 ea
1123 2840 1314 2911 dignus
1340 2843 1408 2897 sit
1431 2883 1446 2908 ,
1483 2854 1532 2897 et
1573 2843 1644 2897 ibi
1673 2855 1876 2900 manete
1911 2846 2075 2901 donec

474 2929 692 2983 exeatis.
720 2929 991 3002 (Hieron.)
1033 2931 1210 3003 Super
1237 2935 1579 2992 ordinatione
1618 2937 1859 3009 episcopi
1881 2947 1938 2992 et
1962 2938 2077 2993 dia-

476 3019 598 3074 coni
635 3019 834 3075 Paulus
859 3019 1101 3093 loquitur
1132 3042 1144 3077 :
1179 3023 1393 3095 Oportet
1429 3036 1603 3082 autem
1643 3039 1690 3082 et
1720 3030 2075 3084 testimonium

476 3126 563 3166 eos
584 3110 776 3166 habere
799 3116 991 3167 bonum
1017 3114 1082 3168 ab
1124 3115 1204 3171 his
1229 3117 1319 3188 qui
1349 3117 1479 3186 foris
1513 3129 1656 3174 sunt.
1696 3119 1941 3190 Apostoli
1970 3138 2070 3178 no-

2173 1919 2290 1973 reui
2319 1961 2333 1983 ,
2369 1934 2530 1988 quem
2577 1933 2678 1989 pro
2717 1917 2827 1974 illis
2868 1917 3104 1974 inaniter
3152 1927 3532 1988 susceperant
3562 1958 3578 1983 ,
3619 1926 3707 1970 aut
3732 1927 3776 1970 ut

2173 2010 2526 2064 ostenderent
2560 2024 2732 2080 usque
2762 2009 2900 2065 adeo
2947 2025 3005 2064 se
3036 2010 3104 2065 ab
3145 2008 3281 2078 ipsis
3319 2007 3472 2062 nihil
3520 2016 3775 2061 terrenum

2174 2115 2439 2169 quaerere,
2465 2108 2525 2154 ut
2549 2101 2711 2156 etiam
2735 2099 3013 2170 pulverem
3041 2101 3108 2155 de
3128 2107 3279 2155 terra
3312 2115 3534 2154 eorum
3568 2114 3675 2154 non
3695 2098 3776 2152 sibi

2172 2201 2496 2262 paterentur
2540 2193 2840 2249 adhterere.
2899 2193 3115 2258 Aliter,
3173 2192 3349 2262 pedes
3399 2191 3777 2260 discipulam

2175 2285 2351 2354 ipsum
2381 2301 2517 2357 opus
2563 2287 2947 2356 incessumque
2988 2283 3405 2356 praedicationis
3451 2284 3776 2354 signiﬁcant;

2173 2376 2352 2446 pulvis
2377 2391 2524 2444 vero,
2581 2393 2688 2448 quo
2739 2385 3131 2448 asperguntur,
3184 2384 3431 2431 terrena:
3485 2374 3687 2429 levitas
3718 2381 3780 2427 at

2176 2468 2542 2540 cogitationis,
2575 2484 2606 2522 a
2643 2483 2750 2538 qua
2783 2468 2951 2541 etiam
3003 2467 3107 2538 ipsi
3154 2466 3360 2521 summi
3392 2465 3668 2520 doctores
3703 2464 3779 2518 im-

2175 2576 2367 2617 munes
2392 2576 2513 2617 esse
2541 2568 2848 2630 nequeunt,
2903 2575 3023 2615 cum
3060 2574 3158 2630 pro
3188 2557 3554 2614 auditoribus
3601 2557 3779 2613 solliu'ti

2176 2653 2487 2708 salubribus
2523 2652 2672 2707 curis
2703 2652 3040 2706 incessanter
3069 2650 3391 2715 intendunt,
3430 2659 3492 2704 et
3524 2651 3682 2720 quasi
3705 2663 3780 2719 per

2175 2746 2373 2803 itinera
2400 2746 2610 2811 mundi,
2637 2745 2747 2802 imo
2783 2745 2875 2800 vix
2903 2744 3161 2800 calcaneo
3203 2751 3373 2798 terrae
3408 2743 3702 2814 pulverem
3724 2741 3780 2796 le-

2176 2849 2330 2913 gunt.
2366 2839 2469 2908 Qui
2515 2854 2647 2910 ergo
2680 2838 2990 2910 receperint
3023 2837 3290 2901 verbum,
3333 2835 3456 2906 ipsi
3484 2835 3782 2890 alﬂictioues

2177 2948 2446 3004 curasque
2473 2934 2781 3000 doctorum,
2814 2948 2951 3004 quas
2982 2945 3082 3001 pro
3110 2945 3168 2986 se
3191 2929 3549 2996 tolerabant,
3581 2931 3782 2998 inargu—

2175 3034 2420 3083 mentum
2442 3027 2544 3082 sibi
2563 3034 2786 3083 vertunt
2811 3024 3135 3080 humilitatis
3159 3040 3172 3077 :
3202 3023 3299 3094 qui
3325 3037 3474 3079 vero
3498 3023 3785 3094 Spreveriat

2178 3121 2482 3178 doctrinam
2527 3119 2865 3185 docentium,
2892 3118 2995 3174 sibi
3033 3117 3248 3172 labores
3293 3123 3352 3170 et
3409 3116 3681 3185 pericula,
3707 3125 3783 3169 te-

476 3215 600 3256 vam
627 3201 962 3260 introeuntes
983 3206 1170 3262 urbem
1194 3208 1335 3264 seire
1355 3225 1462 3266 non
1490 3221 1742 3282 poterant
1763 3213 1906 3284 quis,
1938 3230 2073 3285 qua—
2100 3201 2146 3235 "‘
2179 3213 2438 3282 diumque
2468 3210 2900 3267 sollicitudinum
2929 3210 2999 3264 ad
3024 3207 3416 3264 testimonium
3434 3208 3786 3262 damnationis

477 3291 545 3348 lis
572 3303 751 3361 esset;
781 3311 911 3368 ergo
934 3298 1134 3369 hospes
1158 3299 1417 3373 legendus
1441 3312 1525 3359 est
1553 3305 1759 3376 populi,
1783 3316 1838 3363 et
1865 3305 2072 3376 judicio

475 3385 820 3454 vicinorum,
871 3404 940 3443 ne
1003 3392 1403 3461 praedicationis
1442 3395 1678 3467 dignitas
1728 3399 2073 3470 suscipientis

478 3475 700 3533 infamia
749 3481 1085 3552 deturpetur.
1119 3484 1254 3540 Cum
1289 3488 1558 3544 universis
1601 3490 1833 3546 debeant
1876 3492 2075 3562 praedi-

477 3582 623 3637 care,
658 3572 857 3643 hospes
906 3590 1046 3632 unus
1086 3577 1327 3649 eligitur,
1374 3596 1483 3637 non
1525 3597 1781 3653 magnum
1828 3585 2074 3642 tribuens

476 3660 800 3718 beneﬁcium
838 3665 890 3720 ei
937 3668 1028 3737 qui
1062 3669 1204 3738 apud
1245 3685 1303 3726 se
1346 3686 1638 3729 mansurus
1665 3683 1766 3739 est,
1813 3677 1906 3732 sed
1933 3677 2076 3733 acci-

477 3754 651 3823 piens.
686 3754 802 3812 Hoc
835 3759 979 3814 enim
1018 3761 1254 3817 dicitur:
1293 3761 1423 3830 Quis
1465 3766 1521 3820 in
1562 3784 1624 3822 ea
1653 3768 1842 3840 dignus
1881 3781 1989 3838 est,
2015 3782 2077 3827 ut

477 3851 650 3922 magis
675 3867 733 3908 se
757 3854 1229 3926 noveritaccipere
1252 3858 1484 3927 gratiam
1509 3876 1671 3930 quam
1693 3863 1844 3919 dare.
1869 3864 2073 3938 (Amb.)

478 3942 632 4010 Quod
667 3954 848 4000 autem
879 3946 1046 4004 dicit:
1080 3947 1148 4002 Et
1172 3949 1244 4003 ibi
1273 3959 1478 4005 manete
1497 3992 1511 4017 ,
1545 3953 1710 4009 donec
1738 3956 1955 4022 excutis,
1981 3957 2077 4012 dat

478 4039 800 4093 constantiae
831 4039 1075 4109 gererale
1101 4042 1416 4098 mandatum
1435 4084 1449 4107 ,
1475 4053 1535 4098 ut
1570 4046 1854 4115 hospitalis
1886 4062 2075 4105 neces-

480 4125 734 4181 situdinis
775 4128 900 4198 jura
955 4131 1294 4199 custodiant,
1338 4134 1574 4191 alienum
1618 4153 1650 4192 a
1689 4139 2077 4208 praedicatione

481 4218 635 4287 regni
662 4219 902 4277 cmlestis
928 4232 1179 4282 astruens
1201 4228 1466 4283 cursitare
1507 4246 1605 4299 per
1637 4233 1826 4290 domos
1847 4276 1862 4302 ,
1908 4245 1965 4292 et
1993 4237 2076 4294 in-

480 4308 750 4367 violabilis
795 4311 1016 4384 hospitii
1060 4315 1182 4385 jura
1213 4319 1482 4376 amittere.
1517 4321 1629 4379 Nec
1658 4326 1831 4382 otiose
1875 4343 2073 4385 secun-

481 4399 610 4456 dum
656 4400 964 4461 Matthaeum
994 4407 1186 4466 domus
1214 4427 1380 4482 quam
1418 4413 1792 4485 ingrediantur
1820 4421 2074 4490 apostoli,

2175 3304 2480 3360 inﬂectunt.
2522 3303 2592 3358 Et
2618 3304 2735 3374 ipse
2761 3310 2846 3359 est
2872 3301 3050 3374 pulvis
3089 3299 3183 3372 qui
3219 3301 3277 3355 in
3329 3299 3634 3370 Evangelii
3679 3313 3784 3353 con-

2175 3405 2473 3468 temptores
2518 3396 2763 3467 extergi,
2815 3386 2880 3450 et
2912 3409 2943 3448 a
2989 3408 3097 3464 quo
3143 3407 3242 3464 per
3294 3392 3481 3448 bonos
3529 3391 3783 3446 auditores

2176 3489 2632 3561 evangelistarum
2649 3488 2914 3559 jubentur
2940 3486 3105 3558 pedes
3130 3483 3310 3551 ablui,
3335 3484 3463 3541 imo
3491 3497 3605 3556 per
3633 3485 3778 3555 ipsm

2179 3582 2517 3636 Salvatorem
2543 3587 2838 3636 narrantur
2869 3579 3060 3633 abluti.

2247 3673 2412 3727 Amen
2455 3673 2571 3726 dico
2606 3672 2783 3738 vobis,
2827 3669 3153 3724 tolerabilius
3190 3669 3292 3724 erit
3328 3676 3499 3724 terra:
3537 3666 3780 3723 Sodoma-

2179 3781 2294 3817 rum
2323 3772 2370 3818 et
2396 3760 2877 3827 Gomorrhteorum,
2906 3762 2961 3815 in
2989 3761 3074 3816 die
3089 3760 3317 3830 judicii,
3353 3777 3524 3833 quam
3570 3760 3654 3814 illi
3680 3762 3780 3814 citi-

2177 3858 2293 3912 tati.
2328 3855 2556 3928 (MAUB.)
2581 3856 2717 3923 Quia
2739 3855 2842 3926 ipsi
2875 3871 3037 3910 unam
3068 3855 3244 3924 legem
3264 3862 3519 3920 tantum,
3563 3855 3670 3909 hoc
3693 3863 3777 3918 εει,

2177 3960 2406 4017 naturae,
2453 3950 2801 4020 spernebant.
2835 3949 3005 4006 Judaei
3035 3964 3166 4005 vero
3191 3948 3355 4004 simul
3397 3959 3460 4004 et
3507 3954 3781 4004 naturaet

2176 4043 2370 4098 litterae
2413 4043 2587 4114 legem
2617 4049 3079 4112 contempserunt,
3112 4049 3168 4096 et
3202 4040 3614 4111 prophetarum
3641 4039 3779 4094 dictis

2177 4151 2288 4191 non
2335 4135 2700 4200 crediderunt,
2764 4149 2865 4190 nec
2921 4131 3289 4204 apostolorum
3333 4132 3779 4202 praedicatioum

2178 4239 2518 4302 receperunt.
2547 4227 2856 4285 Notandum
2881 4243 3095 4298 quoque
3123 4227 3268 4299 quod
3313 4225 3629 4283 Sodomitas
3659 4227 3780 4280 inter

2179 4331 2258 4379 tot
2303 4323 2485 4379 carnis
2538 4323 2840 4392 animaeque
2883 4320 3109 4392 ﬂagitia,
3157 4317 3357 4390 quibus
3406 4319 3780 4374 insatiabiliter

2178 4417 2459 4484 ardebant,
2509 4414 2866 4486 inhospitales
2914 4428 3152 4485 quoque,
3195 4411 3460 4467 Ezechiel
3501 4417 3782 4466 attestute

478 4491 705 4600 legenda
732 4498 1074 4602 decernitur,
1101 4511 1162 4558 ut
1180 4506 1425 4562 mutandi
1462 4508 1683 4580 hospitii
1721 4515 2077 4571 necessitudi—
2099 4540 2156 4602 D
2182 4505 2400 4580 (Ειεειιο
2452 4505 2588 4578 XVI):
2629 4506 2889 4572 merum;
2924 4504 3018 4561 50d
3055 4503 3191 4559 “Ulli
3223 4503 3367 4573 ³1)υά
3395 4517 3500 4558 θοε
3529 4501 3676 4602 9³85
3702 4501 3782 4556 ιι)-

477 4586 672 4660 nisque
700 4591 964 4649 violanda:
991 4610 1156 4652 causa
1178 4613 1286 4653 non
1308 4609 1578 4670 suppetat.

551 4681 817 4740 latrantes
846 4696 1020 4741 autem
1035 4689 1090 4742 in
1120 4690 1358 4759 domum,
1386 4692 1615 4750 salutate
1638 4712 1773 4763 eam,
1807 4699 2071 4756 dicentes:

481 4773 602 4829 Pax
623 4777 746 4830 huic
791 4779 1014 4832 domui:
1056 4778 1123 4835 Et
1161 4782 1419 4854 siquidem
1465 4785 1623 4854 fuerit
1666 4788 1852 4844 domus
1888 4791 2070 4862 digna,

480 4869 642 4922 veniet
671 4886 779 4940 pax
805 4880 973 4925 vestra
1009 4889 1168 4943 super
1198 4891 1331 4928 eam.
1367 4873 1426 4930 Si
1453 4887 1628 4931 autem
1665 4895 1769 4933 non
1809 4880 1967 4950 fuerit
1991 4883 2075 4936 di-

479 4975 606 5029 gna,
631 4976 736 5031 pax
765 4971 933 5016 vestra
956 4963 1025 5017 ad
1056 4981 1145 5019 vos
1172 4976 1470 5022 revertetur.
1516 4967 1739 5026 Occulte
1785 4971 2073 5028 salutatio-

481 5069 606 5108 nem
636 5053 892 5111 Hebraici
917 5070 984 5111 ac
1019 5055 1142 5128 Syri
1180 5059 1449 5115 sermonis
1479 5062 1769 5132 expressit.
1799 5061 1818 5134 (
1829 5062 2074 5136 Hieron.)

482 5146 638 5215 Quod
682 5151 830 5206 enim
879 5151 1077 5207 dicitur
1107 5161 1262 5230 χαῖρε
1294 5162 1348 5209 et
1391 5152 1583 5212 Latine
1619 5159 1723 5212 Ave
1747 5199 1760 5225 ,
1806 5157 2075 5215 Hebraico

485 5239 820 5315 Syriacoque
849 5259 1102 5302 sermone
1129 5247 1432 5318 appellatur
1455 5249 1766 5317 salomiach,
1794 5251 1910 5307 sive
1940 5251 2076 5308 salo-

484 5333 715 5402 malaclt,
746 5336 800 5392 id
823 5345 926 5404 est,
952 5337 1072 5393 Pax
1099 5350 1288 5395 tecum.
1313 5340 1465 5409 Quod
1493 5351 1673 5397 autem
1699 5344 1946 5414 praecipit
1970 5345 2078 5402 tale

486 5436 570 5483 est
596 5445 608 5482 :
635 5428 965 5487 Introeuntes
991 5434 1047 5488 in
1076 5434 1324 5501 domum,
1367 5449 1556 5505 pacem
1589 5436 1964 5506 imprecamini
1986 5439 2080 5493 ho-

487 5522 639 5592 spiti,
663 5533 718 5580 et
740 5536 1001 5598 quantum
1018 5529 1074 5583 in
1100 5529 1253 5583 vobis
1271 5537 1376 5594 est,
1403 5529 1688 5584 discordiae
1708 5528 1853 5583 bella
1868 5529 2074 5584 sedate.

490 5615 546 5671 Si
578 5625 757 5675 autem
809 5632 929 5676 orta
978 5620 1145 5675 fuerit
1189 5620 1576 5686 contradictio,
1626 5637 1717 5676 vos
1768 5621 2076 5677 mercedem

488 5708 754 5768 habebitis
780 5713 847 5768 de
877 5713 1060 5768 oblata
1095 5728 1257 5783 pace;
1311 5713 1387 5767 illi
1421 5713 1653 5780 bellum,
1687 5713 1831 5783 quod
1876 5713 2078 5770 habere

479 5803 773 5880 ‘voluerunt
793 5847 811 5876 ,
838 5805 1211 5890 possidebunt.
1237 5805 1467 5882 (ΜΑυιι.)
1505 5806 1620 5889 Pax
1653 5805 1827 5877 enim,
1857 5821 1977 5879 qua:
2009 5807 2079 5889 ab

2182 4600 2350 4670 spites
2380 4598 2568 4670 quales
2599 4599 2738 4670 apud
2797 4597 3014 4655 Judasos
3066 4596 3367 4669 prophetae,
3415 4595 3621 4666 quales
3674 4609 3783 4666 apo-

2182 4693 2304 4748 stoli
2338 4692 2535 4762 reperti
2570 4701 2714 4747 sunt.
2751 4691 2820 4746 Et
2857 4690 2959 4746 Lot
2992 4690 3214 4761 quidem
3248 4696 3480 4759 aspectu
3523 4698 3584 4744 et
3610 4688 3782 4743 auditu

2175 4785 2355 4856 justus
2382 4792 2501 4840 erat
2524 4780 2675 4856 (Gen.
2711 4783 2891 4858 xvm),
2919 4799 3025 4838 non
3061 4781 3268 4852 aliquid
3300 4789 3491 4837 tamen
3519 4781 3812 4841 docuisse»-

2180 4876 2325 4931 nulla
2372 4876 2445 4931 ibi
2499 4875 2693 4932 fecisse
2739 4876 2892 4946 signa
2934 4874 3270 4946 perhibetur.
3310 4873 3498 4943 Atque
3544 4874 3678 4930 ideo
3713 4872 3782 4926 cxi

2182 4968 2404 5022 multum
2421 4968 2604 5022 datum
2632 4977 2728 5034 est,
2748 4966 2970 5022 multum
2991 4967 3249 5038 quaeritur
3277 4965 3345 5019 ab
3367 4982 3430 5019 eo
3457 4963 3621 5037 (Luc.
3654 4965 3783 5033 xu):

2177 5071 2512 5132 potentesque
2534 5071 2771 5132 potenter
2790 5069 3048 5116 tormenta
3073 5061 3361 5132 patientur.
3383 5058 3528 5130 Ergo
3541 5058 3696 5113 sicut
3719 5058 3787 5112 in-

2178 5159 2263 5208 ter
2295 5153 2472 5223 justos
2502 5153 2717 5210 diversa
2758 5153 3043 5210 retributio
3066 5161 3179 5220 est,
3209 5153 3283 5208 ita
3317 5161 3376 5208 et
3409 5151 3558 5208 inter
3596 5164 3783 5222 peca-

2181 5255 2325 5301 tores
2355 5247 2570 5303 diversa
2604 5247 2872 5319 supplicia
2897 5255 3045 5304 sunt.
3207 5310 3217 5318 _

2253 5339 2389 5395 Ecce
2419 5358 2511 5412 ego
2557 5343 2706 5397 mitto
2750 5360 2836 5397 vos
2873 5343 3009 5398 sicut
3052 5359 3167 5398 oves
3214 5341 3270 5396 in
3315 5341 3494 5396 medio
3525 5339 3785 5411 lupam.

2181 5429 2344 5498 Ecce,
2386 5430 2578 5501 inquit,
2610 5447 2709 5505 ego
2733 5434 2889 5489 mitto
2912 5449 3032 5500 vos,
3060 5434 3114 5490 id
3136 5442 3238 5499 est,
3271 5448 3373 5504 ego
3397 5432 3495 5502 qui
3526 5446 3633 5487 vos
3665 5445 3790 5502 pm

2181 5529 2317 5582 scivi
2349 5537 2406 5584 et
2433 5529 2568 5600 elegi
2599 5530 2666 5585 de
2703 5533 2923 5597 mundo,
2957 5533 3050 5602 qui
3083 5547 3182 5587 vos
3217 5531 3400 5595 docui,
3439 5532 3538 5601 qui
3578 5545 3652 5584 ea
3681 5543 3791 5600 qua:

2179 5623 2332 5676 vobis
2363 5631 2586 5676 ventura
2614 5633 2757 5690 sunt,
2792 5626 2972 5680 omnia
3015 5625 3161 5692 novi,
3192 5625 3284 5695 qui
3311 5625 3483 5679 etiam
3525 5624 3686 5680 vobis
3717 5622 3793 5675 la-

2178 5712 2502 5768 borantibus
2539 5715 2864 5786 condignam
2907 5717 3213 5772 mercedem
3256 5717 3554 5771 restituam
3605 5717 3662 5770 in
3716 5711 3795 5766 fu-

2179 5811 2324 5890 turo,
2353 5805 2472 5880 ipse
2495 5822 2594 5870 vos
2620 5806 2921 5870 secundum
2946 5824 3147 5872 nomen
3172 5816 3419 5871 vestrum
3443 5824 3520 5871 ex
3552 5806 3798 5878 discipu-
