3914 6460
159 407 265 470 897

1148 391 1500 451 COMMENT.
1541 389 1610 446 IN
1647 389 2082 448 MATTHJEUM.
2123 381 2196 433 -Ᾱ-
2231 387 2359 448 LlB.
2400 390 2484 448 ΙΠ.

3330 347 3446 450 898.

160 530 231 584 Iis
261 523 461 582 missos
490 518 707 586 faciam,
739 513 967 589 apostoli
1015 513 1158 571 enim
1190 513 1342 569 missi
1387 511 1749 580 interpretan-
1777 514 1831 574 Α
1929 508 2041 564 Hoc
2063 510 2208 565 enim
2239 509 2456 580 proprie
2483 507 2916 565 Christianorum
2956 504 3148 574 est,'ut
3185 522 3284 580 per
3320 525 3439 580 poe-

162 629 293 677 tur:
327 617 482 680 Ecce,
529 615 622 678 ait,
660 613 806 667 mitto
854 627 942 664 vos
969 605 1121 663 sicut
1153 624 1267 661 oves
1302 607 1356 660 in
1399 605 1567 659 medio
1595 603 1746 673 lupo-

163 730 284 768 rum
307 728 326 777 ;
351 709 476 781 quia
504 721 634 776 ergo
660 720 789 762 oves
824 719 958 758 mea:
986 702 1137 766 estis,
1173 701 1295 756 volo
1338 709 1397 754 ut
1432 707 1748 754 mansuetu-

163 805 349 860 dinem
374 809 430 858 et
462 798 820 855 humilitatem
854 795 1117 859 habeatis,
1147 809 1248 849 nec
1277 802 1497 864 propter
1524 791 1748 848 seditio-

164 911 294 960 nem
303 902 358 949 et
370 893 546 948 minas
560 897 965 961 persecutorum
981 886 1294 956 patientiam
1315 894 1372 940 et
1392 885 1752 940 constantiam

165 995 408 1042 vestram
452 981 709 1054 perdatis.
758 978 1027 1050 (Ηὶενοη.)
1065 977 1245 1050 Lupos
1281 977 1489 1033 scribas
1529 985 1584 1032 ct
1612 977 1752 1032 Pha-

166 1081 358 1135 risaeos
399 1083 575 1141 vocat,
619 1073 711 1145 qui
762 1080 891 1128 sunt
934 1071 1118 1128 clerici
1170 1069 1495 1126 Judeorum.
1550 1066 1752 1141 (Greg.)

168 1169 473 1226 Notandum
506 1174 687 1222 autem
730 1164 875 1234 quod
902 1163 1171 1220 sententia
1214 1161 1428 1218 Domini
1459 1160 1755 1217 secundum

167 1263 486 1318 Matthasum
514 1258 767 1332 congruit
808 1256 884 1312 illi
933 1257 1213 1312 sententiae
1260 1256 1558 1312 secundum
1592 1254 1757 1309 Joan-

167 1371 316 1422 nem,
341 1370 444 1426 qua
475 1355 709 1410 dicitur:
745 1353 893 1411 Sicut
918 1352 1060 1406 misit
1085 1367 1168 1405 me
1197 1349 1375 1413 Pater,
1419 1358 1466 1402 et
1492 1365 1582 1420 ego
1608 1349 1756 1402 mitto

167 1465 258 1502 vos
295 1445 477 1518 (Joan.
505 1446 614 1517 v1);
640 1445 802 1500 Pater
824 1443 1022 1498 Filium
1050 1440 1220 1506 misit,
1251 1440 1340 1508 qui
1373 1440 1515 1493 hunc
1540 1453 1639 1508 pro
1668 1451 1756 1492 re-

169 1540 477 1609 demptione
499 1538 711 1613 generis
735 1535 957 1595 humani
983 1533 1250 1591 incarnari
1271 1531 1566 1598 constituit,
1583 1545 1757 1601 quem

170 1632 418 1693 videlicet
459 1637 517 1691 in
553 1635 813 1691 mundum
862 1632 1047 1688 venire
1091 1630 1158 1684 ad
1186 1628 1514 1698 'passionem
1563 1623 1754 1691 voluit,

172 1729 273 1784 sed
313 1737 491 1783 tamen
529 1726 731 1781 amavit
769 1723 987 1789 Filium,
1016 1736 1176 1792 quem
1211 1720 1279 1774 ad
1317 1717 1630 1789 passionem
1659 1715 1761 1770 mi-

171 1823 263 1876 sit.
292 1820 504 1876 Electos
530 1833 661 1873 vero
701 1815 971 1888 apostolos
1011 1813 1269 1868 Dominus
1317 1825 1426 1866 non
1465 1809 1534 1864 ad
1572 1807 1759 1862 mundi

1851 602 2091 657 nitentia:
2121 603 2436 657 stricturam
2479 613 2680 656 exuant
2713 611 2949 657 veterem
2997 601 3271 657 hominem
3310 620 3434 659 cum

1853 694 2062 749 actibus
2084 692 2220 762 ejus,
2263 694 2352 764 qui
2394 702 2538 749 tenet
2569 694 2625 748 in
2653 708 2709 748 se
2760 693 2967 762 lepram
3017 694 3228 763 peccati
3257 702 3312 748 et
3356 695 3437 750 in-

1853 788 2021 841 duant
2050 803 2268 852 novum,
2318 789 2407 858 qui
2435 788 2718 842 secundum
2743 787 2912 841 Deum
2941 797 3146 842 creatus
3173 796 3250 842 est
3276 788 3332 841 in
3349 788 3440 858 ju-

1854 878 1997 932 stitia
2027 887 2073 931 et
2089 877 2365 931 sanctitate
2391 878 2624 930 veritatis
2655 876 3095 949 (Ephes.lv),qui
3121 877 3295 932 nescit
3314 893 3436 934 cor-

1854 970 2158 1040 ruptionem
2203 969 2393 1040 culpae.
2442 969 2773 1040 Simplicitas
2811 969 3182 1024 columbarum
3213 983 3439 1040 expres-

1857 1062 1970 1116 sius
2002 1061 2175 1116 sancti
2216 1059 2395 1130 specie
2422 1061 2855 1127 demonstratur;
2890 1061 3033 1115 unde
3062 1061 3193 1115 dicit
3223 1069 3278 1115 et
3299 1064 3442 1130 Apo-

1857 1152 2064 1209 stolus:
2100 1151 2311 1207 Malitia
2357 1153 2564 1224 parvuli
2617 1162 2776 1208 estote
2814 1152 2865 1225 (Ι
2920 1151 3042 1208 Cor.
3091 1153 3225 1225 xxv),
3288 1154 3442 1223 cujus

1859 1245 2070 1314 species
2116 1243 2364 1314 genuinae
2429 1242 2787 1314 simplicitatis
2838 1244 2891 1298 in
2950 1244 3322 1314 superioribus
3372 1245 3441 1300 ad

1859 1335 2223 1391 moralitatem
2263 1334 2608 1404 interpretati
2640 1349 2844 1390 sumus.

1929 1429 2112 1483 Cavete
2175 1437 2348 1482 autem
2410 1427 2473 1480 ab
2526 1427 2839 1481 hominibus.
2901 1425 3055 1481 Nunc
3106 1428 3445 1484 demonstrat

1860 1535 1994 1592 quos
2032 1529 2194 1574 antea
2239 1519 2394 1590 lupos
2435 1519 2810 1590 appellaverit.
2857 1518 3115 1588 Homines
3145 1521 3290 1577 enim
3319 1529 3444 1577 sunt

1860 1613 2026 1668 iidem
2055 1613 2147 1683 qui
2171 1619 2227 1665 ct
2251 1611 2363 1682 lupi
2395 1630 2406 1666 :
2437 1612 2563 1682 quia
2598 1592 2920 1683 peccatores
2950 1620 3074 1667 sunt
3103 1621 3159 1668 et
3199 1612 3440 1685 fragiles,

1861 1707 1955 1761 sed
1981 1714 2166 1760 tamen
2196 1703 2428 1758 feroces.

1935 1795 2161 1849 Tradent
2189 1795 2324 1848 enim
2353 1809 2439 1848 vos
2461 1794 2516 1848 in
2545 1796 2800 1860 concutis,
2828 1803 2876 1849 et
2913 1795 2970 1849 in
3013 1811 3289 1866 synagogts
3333 1797 3443 1850 suis

171 1913 398 1985 gaudia,
429 1912 524 1969 sed
561 1911 705 1968 sicut
733 1909 846 1979 ipse
874 1907 1074 1963 missus
1115 1913 1219 1971 est,
1269 1903 1336 1958 ad
1383 1901 1663 1971 passiones
1700 1899 1754 1953 in
1782 1906 1830 1967 Β
1857 1890 2195 1964 ﬂagellabant
2216 1898 2386 1957 vos,et
2401 1889 2468 1948 ad
2481 1891 2728 1960 prwsides
2744 1899 2793 1945 et
2806 1889 2874 1943 ad
2892 1906 3032 1961 reges
3046 1889 3307 1945 ducemini
3326 1907 3447 1960 pro-

169 2007 434 2062 mundum
460 2004 627 2060 misit.
675 2001 828 2057 Sicut
863 2015 993 2074 ergo
1037 2006 1250 2054 amatur
1297 1995 1466 2051 Filius
1509 2010 1540 2049 a
1568 1993 1751 2060 Patre,

169 2108 232 2156 et
276 2107 456 2153 tamen
501 2096 568 2151 ad
615 2095 925 2167 passionem
977 2092 1228 2156 mittitur,
1286 2090 1362 2144 ita
1409 2095 1464 2144 et
1507 2085 1754 2157 discipuli

171 2200 427 2248 amantur
448 2206 479 2245 a
504 2189 752 2255 Domino,
781 2187 872 2258 qui
901 2195 1079 2241 tamen
1109 2185 1177 2239 ad
1200 2182 1509 2254 passionem
1532 2179 1756 2234 mittun-

169 2293 263 2338 tur
284 2285 337 2338 in
364 2281 644 2338 mundum.
680 2279 834 2347 Quod
861 2278 1006 2332 enim
1045 2275 1218 2331 dicit:
1252 2273 1388 2328 Ecce
1425 2289 1536 2344 ego,
1569 2263 1755 2326 aucto-

171 2381 308 2436 ritas
351 2387 408 2434 et
436 2377 695 2433 fortitudo
723 2375 951 2430 Deitatis
988 2372 1297 2429 hominibus
1324 2377 1426 2426 est.
1467 2369 1581 2441 Ego
1612 2367 1758 2424 enim

172 2475 315 2530 Deus
338 2488 433 2529 vos
472 2470 719 2527 homines
747 2470 923 2524 mitto.
967 2467 1069 2536 Qui
1114 2467 1260 2522 enim
1304 2466 1428 2522 misi
1468 2464 1760 2536 prophetas

173 2565 420 2637 patribus
441 2563 660 2628 vestris,
684 2577 779 2618 vos
819 2559 1018 2616 Iudaeis
1045 2568 1206 2630 atque
1236 2558 1526 2630 gentilibus
1554 2557 1762 2628 pariter

172 2658 350 2712 mitto.
396 2655 466 2710 Et
502 2655 799 2710 notandum
841 2651 985 2723 quod
1021 2665 1129 2706 uno
1169 2649 1466 2719 eodemque
1517 2655 1763 2717 tempore

177 2757 338 2819 atque
364 2755 631 2818 prtecepto
662 2748 1002 2802 instruuntur
1029 2742 1296 2814 quomodo
1333 2742 1473 2795 inter
1520 2739 1764 2795 inﬁdeles

175 2838 387 2896 Judteos
416 2847 577 2909 atque
604 2838 832 2911 gentiles
859 2843 1038 2907 agant.
1086 2833 1235 2890 Sicut
1264 2850 1378 2888 oves
1405 2833 1460 2886 in
1488 2832 1658 2886 medio
1683 2831 1766 2886 lu-

175 2950 382 3006 porum.
413 2933 697 2988 Contraria
737 2939 861 2987 sunt
887 2931 990 2986 ista
1029 2917 1134 2984 Sibi
1173 2927 1446 2994 animalia,
1470 2933 1532 2980 ut
1556 2925 1661 2980 alia
1693 2925 1762 2979 ab
1815 2956 1825 2966 -

177 3025 299 3080 aliis
328 3025 671 3081 devorentur.
710 3023 818 3079 Sed
845 3024 1020 3079 bonus
1046 3029 1228 3092 pastor
1279 3019 1432 3089 lupos
1473 3017 1620 3090 gregi
1667 3031 1766 3072 suo

176 3118 368 3172 timere
394 3131 501 3170 non
527 3115 696 3171 novit.
727 3114 959 3185 Ideoque
987 3113 1076 3169 isti
1120 3110 1368 3183 discipuli
1402 3125 1511 3164 non
1546 3110 1601 3164 in
1630 3122 1769 3177 prae-

176 3211 323 3276 dam,
357 3211 450 3266 sed
478 3209 544 3265 ad
567 3209 797 3281 gratiam
824 3208 1145 3278 diriguntur,
1182 3212 1448 3275 quatenus
1481 3209 1765 3258 servantes

176 3301 500 3357 innocentize
534 3315 774 3363 sensum,
819 3297 1042 3352 malitia:
1077 3309 1319 3350 morsum
1360 3309 1466 3349 non
1505 3293 1759 3347 habeant.

175 3390 313 3458 Quia
343 3391 435 3462 qui
461 3392 641 3446 locum
670 3388 1070 3461 prmdicationis
1099 3386 1346 3456 suscipit,
1389 3384 1534 3440 mala
1561 3383 1765 3439 inferre

174 3500 285 3540 non
311 3483 492 3550 debet,
530 3483 625 3540 sed
657 3483 906 3538 tolerare.

248 3576 430 3630 Estote
462 3591 583 3647 ergo
625 3575 905 3647 prudentes
945 3573 1080 3626 sicut
1107 3577 1388 3643 serpentes,
1418 3576 1468 3624 et
1506 3568 1767 3638 simplices

174 3665 308 3722 sicut
339 3665 608 3720 columbw.
646 3662 915 3736 (Hierom)
945 3662 1017 3718 Ut
1040 3677 1140 3732 per
1163 3660 1503 3732 prudentiam
1529 3660 1770 3714 devitent

175 3759 426 3823 insidias,
466 3772 565 3828 per
602 3755 1003 3826 simplicitatem
1049 3769 1157 3809 non
1210 3752 1432 3818 faciant,
1497 3753 1769 3822 serpentis

130 3908 136 3914 ,
178 3855 384 3908 astutia
423 3851 641 3922 ponitur
672 3851 724 3905 in
755 3849 1083 3918 exemplum.
1118 3847 1253 3916 Quia
1279 3853 1392 3902 toto
1418 3861 1644 3917 corpore
1679 3861 1771 3902 oc-

128 4003 130 4006 ,
176 3944 352 4000 euitat
373 3950 554 4014 caput,
589 3949 643 3997 et
669 3940 800 3995 illud
829 3940 884 3994 in
919 3953 1025 4010 quo
1051 3937 1162 3993 vita
1186 3944 1288 4003 est,
1320 3937 1585 4010 protegit;
1612 3937 1687 3992 ita
1715 3945 1769 3992 et

179 4049 280 4091 nos
306 4041 420 4088 toto
448 4031 690 4103 periculo
729 4029 971 4101 corporis
1009 4037 1173 4100 caput
1210 4034 1475 4094 nostrum,
1517 4029 1662 4099 quod
1687 4035 1770 4084 est

183 4125 455 4190 Christus,
486 4123 874 4179 custodiamus.
910 4120 1138 4194 (ΜΑωι.)
1168 4120 1300 4176 Item
1321 4121 1607 4192 prudentia
1641 4121 1772 4176 dici-

184 4227 274 4272 tur
310 4232 430 4272 esse
453 4217 744 4286 serpentis,
776 4217 920 4286 quod
949 4217 1167 4272 obturat
1209 4229 1368 4270 aures
1394 4229 1541 4282 suas,
1573 4228 1641 4268 ne
1669 4231 1769 4269 au-

183 4310 298 4364 diat
327 4310 684 4364 incantantes.
713 4307 971 4375 Quaerunt
1002 4308 1147 4362 enim
1178 4322 1385 4362 venena
1413 4321 1533 4377 qum
1560 4315 1686 4362 sunt
1713 4307 1768 4362 in

183 4403 452 4474 capitibus
480 4410 790 4473 serpentum
814 4404 880 4458 ad
910 4402 1365 4456 medicamentum
1392 4419 1404 4454 :
1437 4407 1494 4454 at
1523 4400 1632 4466 illa,
1666 4401 1769 4455 hoc

184 4497 564 4568 przesentiens,
611 4504 775 4567 caput
820 4496 960 4551 intra
1017 4495 1192 4565 spiras
1236 4494 1480 4565 corporis
1528 4494 1769 4548 volutum

183 4589 355 4655 abdit,
380 4597 434 4644 et
458 4604 622 4644 unam
651 4603 839 4644 aurem
866 4598 1034 4657 petrae
1057 4586 1297 4656 apponit,
1340 4585 1568 4640 alteram
1596 4585 1769 4640 cauda

184 4683 460 4740 occludit:
510 4683 588 4738 ita
633 4683 718 4737 vir
764 4681 1094 4753 apostolicus
1143 4694 1358 4735 omnem
1399 4679 1566 4733 vitam
1616 4693 1771 4733 suam

183 4776 342 4847 quasi
364 4777 418 4830 in
445 4775 662 4832 circulis
689 4782 995 4844 temporum
1021 4773 1378 4842 complexam,
1405 4771 1548 4826 circa
1572 4770 1774 4841 princi-

183 4871 364 4942 palem
403 4880 614 4942 partem
662 4869 857 4924 animae
883 4869 1068 4939 ponit:
1104 4876 1158 4922 et
1201 4875 1264 4920 ut
1290 4866 1406 4936 ipsa
1437 4865 1605 4920 illaesa
1655 4864 1771 4931 ﬁat,

182 4963 404 5020 Christo
429 4963 734 5033 adjuvante,
775 4962 868 5032 qui
898 4969 980 5017 est
1005 4968 1182 5032 petra,
1225 4967 1279 5014 et
1314 4958 1497 5014 subtili
1528 4957 1768 5028 Scriptua

183 5072 371 5112 rarum
396 5057 719 5112 documento
758 5070 880 5109 eam
906 5054 1205 5119 imbuente,
1238 5053 1384 5123 quod
1406 5051 1575 5106 cauda
1603 5051 1772 5123 signi-

183 5150 336 5218 ﬁcat,
367 5151 592 5205 nimium
624 5150 838 5221 satagit.

254 5242 600 5298 lncantantes
627 5249 808 5296 autem
857 5248 984 5297 sunt
1027 5239 1122 5311 qui
1175 5239 1478 5309 voluptates
1530 5239 1772 5309 corporis

181 5335 536 5408 persuadent,
577 5344 632 5389 et
664 5341 950 5404 peccantes
991 5331 1188 5388 blande
1231 5332 1532 5400 leniterque
1568 5331 1770 5398 fovent,

183 5436 246 5482 ut
280 5427 523 5498 vigorem
553 5425 751 5478 mentis
780 5423 834 5478 in
864 5423 997 5494 ipsis
1023 5423 1318 5480 emolliant.
1350 5423 1484 5478 Item
1512 5422 1616 5476 alia
1637 5439 1769 5493 pru-

186 5518 370 5575 dentia
390 5516 564 5571 fertur
594 5514 884 5586 serpentis,
915 5514 1057 5584 quod
1084 5514 1300 5586 quando
1329 5513 1567 5584 squamis
1594 5520 1648 5568 et
1676 5529 1773 5584 pu-

187 5609 402 5667 tredine
424 5623 490 5664 ac
529 5607 678 5679 lepra
708 5609 1049 5678 a’ggravatur,
1081 5605 1137 5660 in
1162 5614 1442 5673 petrarum
1478 5603 1774 5660 scissuram

187 5703 548 5773 ingrediatur,
587 5708 679 5755 aut
706 5715 803 5771 per
831 5697 1074 5753 foramen
1106 5707 1416 5767 angustum,
1447 5705 1506 5751 ut
1531 5703 1695 5751 exuat
1719 5711 1777 5751 se

191 5800 376 5854 tunica
396 5796 586 5861 veteri,
622 5804 676 5850 et
728 5809 849 5866 qua:
906 5791 982 5847 illi
1027 5799 1223 5846 nocent
1274 5792 1525 5862 deponat,
1592 5790 1778 5859 sicque

192 5909 324 5950 sana
365 5889 573 5946 evadat.

1855 1994 1968 2055 pter
1989 2000 2090 2049 me,
2128 1985 2182 2037 in
2211 1984 2561 2037 testimonium
2586 1982 2691 2037 illis
2723 1993 2769 2037 et
2792 1983 3049 2054 gentibus.
3095 1979 3296 2056 (Greg.)
3321 1982 3448 2044 Hazc

1858 2076 2052 2144 quippe
2065 2073 2301 2129 Judaica:
2316 2074 2461 2144 genti
2482 2073 2568 2127 vel
2597 2073 2712 2128 sola
2739 2073 2827 2127 vel
2853 2073 3088 2129 maxima
3113 2087 3274 2128 causa
3294 2072 3450 2127 exitii

1857 2166 2053 2230 fuerat,
2082 2166 2208 2236 quia
2233 2173 2354 2236 post
2381 2165 2592 2219 Domini
2619 2163 2916 2221 Salvatoris
2958 2165 3311 2230 occisionem,
3356 2179 3452 2217 no-

1858 2258 2020 2313 minis
2060 2272 2274 2326 quoque
2327 2255 2445 2326 ejus
2485 2269 2766 2325 praecones
2796 2255 2959 2310 simul
3005 2263 3060 2309 et
3109 2253 3450 2310 confessores

1861 2350 2026 2421 impia
2054 2349 2378 2404 crudelitate
2406 2348 2649 2403 vexavit.
2704 2347 2857 2414 Quod
2887 2353 3067 2401 autem
3111 2345 3288 2402 Lucas
3317 2345 3455 2400 dixit

1861 2443 2147 2498 Dominum
2177 2443 2379 2497 dixisse
2409 2442 2476 2496 ad
2506 2440 2778 2510 apostolos
2807 2459 2820 2493 :
2848 2438 3118 2510 Continget
3160 2447 3333 2492 autem
3362 2454 3450 2491 vo-

1864 2536 1940 2590 bis
1969 2537 2023 2590 in
2069 2535 2456 2600 testimonium;
2494 2542 2551 2587 et
2597 2532 2922 2588 Matthaeus:
2979 2531 3048 2586 In
3099 2530 3448 2586 testimonium

1863 2630 1970 2685 illis
2021 2639 2067 2684 et
2123 2631 2380 2701 gentibus,
2415 2629 2684 2699 signiﬁcat
2725 2628 3171 2700 persecutionem
3221 2625 3457 2680 nominis

1864 2721 2065 2777 Christi
2100 2737 2207 2776 non
2252 2721 2425 2776 solum
2455 2720 2655 2776 Judaeis
2689 2730 2746 2775 et
2786 2722 3038 2793 gentibus
3068 2735 3257 2775 eorum
3303 2717 3458 2773 mali-

1867 2813 1973 2878 tite,
2005 2813 2102 2867 sed
2137 2812 2303 2867 etiam
2346 2812 2476 2882 ipsis
2529 2810 2788 2882 apostolis
2830 2811 2952 2865 ﬁeri
2986 2811 3042 2865 in
3077 2809 3456 2864 testimonium

1867 2907 2106 2977 ipsorum
2133 2905 2474 2961 innocentiae.
2529 2904 2923 2960 Testimonium
2951 2901 3208 2958 videlicet
3229 2914 3459 2971 quorum

1869 3001 1949 3068 ﬁt,
1981 3002 2083 3057 nisi
2113 3016 2302 3056 eorum
2326 3001 2417 3071 qui
2443 3009 2535 3054 aut
2559 2998 2938 3070 persequendo
2963 3004 3170 3052 mortes
3197 2993 3458 3059 inferunt,

1870 3102 1963 3148 aut
1991 3094 2223 3149 videndo
2252 3107 2358 3147 non
2395 3091 2712 3146 imitantur?
2759 3088 2902 3144 Mors
2946 3089 3145 3158 quippe
3186 3083 3457 3154 iustorum

1871 3185 2025 3241 bonis
2055 3185 2108 3240 in
2139 3183 2465 3255 adjutorium
2515 3191 2619 3249 est,
2668 3181 2826 3236 malis
2874 3181 2927 3234 in
2972 3176 3367 3241 testimonium,
3403 3181 3461 3226 ut

1793 3259 1837 3324 Ο
1869 3279 1994 3335 inde
2029 3277 2275 3350 perversi
2313 3277 2429 3331 sine
2458 3273 2809 3329 excusatione
2845 3278 3092 3341 pereant,
3130 3268 3273 3322 unde
3299 3265 3460 3321 electi

1872 3370 2178 3440 exemplum
2210 3367 2430 3438 capiunt
2479 3375 2538 3419 ut
2579 3365 2780 3419 vivant.
2835 3362 2944 3418 Sed
2995 3360 3194 3416 auditis
3232 3367 3314 3414 tot
3355 3367 3461 3413 ter-

1871 3462 2086 3519 roribus
2125 3459 2330 3515 turbari
2376 3464 2629 3528 poterant
2671 3454 3017 3510 inﬁrmorum
3057 3451 3243 3517 corda,
3297 3459 3461 3519 atque

1872 3557 1996 3613 ideo
2047 3553 2345 3610 consolatio
2397 3549 2724 3620 adjungitur,
2775 3563 2900 3602 cum
2968 3544 3216 3617 protinus
3272 3542 3460 3600 subin-

1873 3657 2048 3714 fertur
2083 3677 2096 3711 :

1944 3751 2074 3806 Cum
2127 3759 2302 3804 autem
2349 3747 2554 3802 tradent
2599 3760 2702 3811 vos,
2742 3741 2902 3797 nolite
2941 3740 3168 3812 cogitare
3195 3735 3456 3809 quomodo

1873 3856 1962 3901 aut
2001 3845 2126 3916 quid
2151 3841 2455 3914 loquamini.
2496 3839 2723 3893 Dabitur
2756 3836 2892 3891 enim
2939 3833 3080 3889 vobis
3109 3833 3165 3886 in
3199 3829 3291 3884 illa
3333 3829 3464 3882 hora

1872 3940 1996 4012 quid
2026 3937 2331 4008 loquamini.
2359 3934 2483 3989 Non
2511 3934 2648 3988 enim
2674 3947 2762 3986 vos
2787 3931 2910 3986 estis
2939 3929 3027 4002 qui
3055 3923 3350 3999 loquimini,
3373 3922 3463 3977 sed

1824 4051 1831 4058 '
1876 4034 2105 4105 Spiritus
2141 4029 2320 4084 Patris
2377 4028 2529 4084 vestri
2571 4028 2660 4099 qui
2707 4026 2946 4097 loquetur
2984 4023 3039 4076 in
3091 4020 3250 4075 vobis.
3297 4016 3377 4072 Ac
3419 4015 3466 4072 si

1873 4132 2056 4195 aperte
2083 4123 2341 4179 membris
2367 4121 2479 4176 suis
2508 4117 2905 4174 inﬁrmantibus
2923 4114 3106 4173 dicat;
3140 4109 3320 4166 Nolite
3349 4116 3457 4163 ter-

1873 4219 2000 4285 reri,
2027 4217 2193 4272 nolite
2216 4215 2630 4285 pertimescere;
2654 4225 2750 4267 vos
2773 4211 2841 4265 ad
2875 4213 3151 4263 certamen
3177 4201 3460 4266 acceditis,

1875 4306 1967 4362 sed
1998 4322 2096 4378 ego
2122 4305 2337 4376 praelior
2372 4323 2383 4357 :
2425 4301 2695 4376 (Ηὶενοη.)
2720 4316 2815 4355 vos
2841 4300 3008 4354 verba
3031 4295 3213 4360 editis,
3242 4292 3335 4348 sed
3363 4305 3462 4362 ego

1874 4415 1991 4455 sum
2033 4399 2126 4468 qui
2155 4398 2363 4467 loquor.
2396 4396 2530 4451 Cum
2577 4409 2706 4465 ergo
2735 4400 2954 4462 propter
2982 4388 3257 4444 Christum
3296 4386 3464 4440 duca-

1874 4508 1995 4546 mur
2044 4491 2111 4545 ad
2153 4481 2386 4559 judices,
2438 4487 2773 4542 voluntatem
2827 4491 3034 4537 tantum
3079 4488 3321 4535 nostram
3363 4491 3462 4548 pro

1874 4583 2090 4639 Christo
2137 4582 2395 4636 debemus
2441 4577 2657 4633 offerre.
2713 4573 2982 4629 Caeterum
3029 4571 3145 4640 ipse
3195 4567 3466 4630 Christus,

1876 4676 1970 4747 qui
1994 4676 2048 4729 in
2072 4673 2230 4728 nobis
2248 4669 2478 4735 habitat,
2506 4668 2759 4737 loquetur
2776 4678 2877 4736 pro
2891 4661 2974 4747 se,
3000 4670 3057 4718 et
3076 4659 3312 4730 Spiritus
3340 4672 3465 4713 san—

1876 4739 1998 4822 ctus
2028 4766 2081 4820 in
2111 4759 2487 4833 respondendo
2518 4757 2750 4830 gratiam
2799 4739 3146 4810 ministrabit.

1951 4857 2146 4910 Tradet
2171 4864 2343 4908 autem
2384 4853 2548 4921 frater
2595 4851 2813 4920 fratrem
2860 4849 2918 4902 in
2955 4854 3195 4911 mortem,
3226 4852 3276 4898 et
3320 4851 3471 4914 pater

1876 4950 2066 5020 lilium,
2108 4956 2156 5002 et
2179 4947 2443 5014 insurgent
2470 4941 2568 5011 filii
2596 4943 2650 4996 in
2675 4947 2935 5012 parentes,
2962 4945 3010 4992 et
3032 4943 3197 4990 morte
3238 4950 3322 4988 eos
3357 4934 3466 5003 aﬁi-

1879 5042 2033 5103 cient,
2065 5047 2110 5092 et
2157 5036 2302 5091 eritis
2331 5033 2451 5089 odio
2485 5031 2724 5087 omnibus
2779 5040 2990 5100 propter
3034 5041 3223 5080 nomen
3271 5038 3464 5077 meum.

1881 5132 2084 5208 (Greg.)
2110 5131 2224 5185 Hoc
2251 5131 2306 5184 in
2340 5123 2811 5198 persecutionibus
2840 5120 2959 5175 ﬁeri
2984 5118 3176 5174 crebro
3198 5115 3466 5181 videmus,

1879 5207 1980 5282 nec
2001 5226 2140 5280 ullus
2164 5231 2248 5279 est
2273 5221 2415 5276 inter
2454 5235 2546 5274 eos
2579 5217 2717 5272 ﬁdus
2744 5213 2970 5269 affectus
2995 5224 3226 5281 quorum
3252 5207 3466 5263 diversa

1877 5328 1961 5377 est
2004 5319 2176 5374 ﬁdes:
2218 5315 2482 5370 minorem
2514 5321 2692 5365 tamen
2741 5306 2982 5362 dolorem
3027 5302 3166 5356 mala
3218 5299 3473 5372 ingerunt

1879 5429 1997 5486 quin
2023 5413 2091 5467 ab
2132 5407 2407 5466 extraneis
2448 5402 2756 5460 inferuntur
2785 5415 2799 5454 :
2831 5397 2953 5468 plus
2978 5409 3108 5451 vero
3135 5394 3190 5449 in
3218 5392 3376 5449 nobis
3403 5407 3470 5448 ea

1881 5513 2149 5581 tormenta
2192 5501 2420 5557 saeviunt
2446 5509 2566 5566 qua:
2593 5494 2660 5549 ab
2709 5491 2812 5547 illis
2853 5489 3092 5560 patimur
3129 5487 3195 5542 de
3237 5500 3465 5557 quorum

1881 5577 2153 5656 mentibus
2179 5590 2662 5664 praesumebamus,
2691 5583 2816 5654 quia
2847 5596 2969 5637 cum
2999 5580 3195 5635 damno
3225 5577 3470 5648 corporis

1882 5690 2025 5748 mala
2075 5703 2176 5741 nos
2213 5681 2486 5742 cruciant;
2535 5677 2662 5732 hinc
2705 5683 2787 5729 est
2828 5673 2975 5727 enim
3024 5669 3166 5740 quod
3217 5669 3283 5724 de
3332 5665 3469 5720 Juda

1885 5782 2144 5838 traditore
2171 5792 2268 5832 suo
2299 5789 2395 5845 per
2419 5769 2760 5826 Psalmistam
2789 5765 3047 5821 Dominus
3069 5761 3198 5818 dicit
3225 5779 3238 5814 :
3261 5759 3329 5813 Et
3350 5757 3470 5827 qui-

1888 5878 2008 5933 dem
2038 5875 2080 5930 si
2110 5871 2350 5927 inimicus
2371 5882 2514 5921 meus
2540 5861 2892 5918 maledixisset
2917 5856 3064 5924 mihi,
3085 5859 3472 5926 supportast
