3914 6490
442 466 549 526 899

1084 461 1143 515 Β.
1186 456 1443 515 RABAM
1480 450 1699 517 MAURI
1736 450 2057 516 ARCIIIEP.
2097 459 2407 516 MOGUNT.
2450 457 2735 515 OPERUM
2775 456 2955 513 PARS
2994 458 3034 513 l.

3650 454 3749 509 an

443 590 620 661 utique
647 585 710 641 ab
746 601 804 640 eo
833 599 851 637 :
884 597 941 637 tu
973 599 1088 637 vero
1117 582 1273 639 homo
1302 584 1609 649 unianimis,
1641 583 1751 638 dua;
1790 601 1956 650 meus,
1981 592 2029 638 et
2055 586 2107 644 Α
2134 585 2227 654 qui
2250 584 2436 654 utique
2460 583 2613 653 quasi
2642 582 2785 637 Deus
2828 582 3001 652 potui,
3031 580 3123 636 sed
3150 579 3300 635 nolui
3352 593 3523 634 meas
3574 576 3746 634 ultum

445 693 596 742 notus
623 697 788 750 meus,
944 674 1104 737 simul
1134 696 1335 735 mecum
1364 677 1542 734 dulces
1589 678 1826 749 cupiebas
1868 678 2026 744 cibos,

445 779 500 831 in
526 778 680 832 domo
724 774 935 830 Domini
985 772 1368 828 ambulavimus
1409 788 1527 826 cum
1574 788 1827 827 consensu
1854 768 2027 843 (Psal.

445 870 577 944 LIV).
607 870 674 924 Et
700 882 953 923 rursum:
992 864 1165 920 Homo
1182 865 1325 935 pacis
1346 881 1496 931 mete,
1525 864 1579 917 in
1602 879 1706 934 quo
1736 861 2027 947 sperabam,

446 964 534 1035 qui
578 961 757 1017 edebat
784 976 945 1031 panes
972 975 1137 1024 nteos,
1183 956 1453 1028 ampliavit
1482 956 1762 1011 adversum
1798 971 1879 1008 me
1903 970 2029 1025 sup-

446 1055 821 1126 plantationem
846 1049 1017 1124 (Psal.
1045 1049 1156 1121 XL).
1180 1048 1261 1105 Ac
1292 1049 1338 1104 si
1370 1049 1437 1104 de
1460 1047 1721 1103 traditore
1749 1061 1847 1102 suo
1876 1061 2035 1117 aper-

449 1147 519 1201 tis
548 1145 769 1200 vocibus
798 1144 941 1200 dicat
967 1163 978 1197 :
1026 1141 1532 1214 Transgressionem
1574 1139 1691 1210 ejus
1725 1147 1878 1194 tanto
1906 1153 2032 1209 gra-

450 1239 568 1292 vius
589 1236 807 1306 pertuli,
833 1243 1037 1306 quanto
1062 1236 1205 1291 hanc
1236 1235 1305 1290 ab
1333 1250 1398 1290 eo
1427 1233 1517 1304 qui
1550 1248 1703 1289 meus
1732 1248 1851 1289 esse
1880 1233 2034 1287 vide-

450 1329 612 1383 batur
640 1329 805 1383 sensi.
849 1324 1050 1384 Omnes
1089 1344 1218 1400 ergo
1243 1328 1422 1394 electi,
1456 1328 1581 1398 quia
1617 1327 1813 1383 summi
1844 1327 2034 1397 capitis

454 1421 695 1476 membra
742 1429 887 1487 sunt,
928 1430 1089 1490 caput
1130 1437 1343 1492 quoque
1390 1438 1546 1477 suum
1596 1422 1650 1476 in
1695 1422 2035 1493 passionibus

456 1519 777 1579 sequuntur,
815 1519 873 1565 ut
901 1512 1046 1581 ipsos
1086 1512 1427 1567 adversarios
1474 1513 1527 1565 in
1572 1528 1668 1567 sua
1711 1521 1884 1568 morte
1914 1528 2035 1567 sen—

459 1597 614 1666 tiant,
646 1598 712 1655 de
760 1614 987 1669 quorum
1019 1599 1129 1655 vita
1170 1601 1608 1671 praesumebant:
1661 1609 1716 1656 et
1763 1609 1912 1656 tanto
1956 1602 2036 1657 eis

457 1701 666 1747 crescat
705 1708 915 1748 merces
942 1694 1142 1763 operis,
1191 1704 1394 1764 quanto
1437 1695 1515 1748 eis
1562 1694 1778 1750 virtutis
1825 1695 2034 1751 lucrum

440 1786 667 1855 proﬁcit
712 1802 780 1842 ex
811 1786 1003 1842 aliena:
1033 1787 1231 1841 damno
1274 1787 1580 1842 charitatis.
1616 1787 1685 1841 Et
1732 1788 1897 1853 eritis,
1948 1788 2035 1841 in-

456 1878 593 1949 quit,
616 1878 735 1932 odio
756 1878 993 1933 omnibus
1018 1889 1229 1950 propter
1259 1894 1446 1932 nomen
1468 1895 1638 1932 meum
1661 1895 1679 1943 ;
1707 1879 1833 1949 quia
1859 1895 2035 1932 omnes

455 1979 714 2041 qutcrunt,
759 1986 877 2042 qua:
928 1987 1025 2026 sua
1051 1980 1195 2036 sunt,
1237 1987 1338 2024 non
1364 1988 1481 2042 qua:
1535 1970 1665 2025 Jesu
1705 1969 1942 2034 Christi;
1984 1978 2040 2027 et

457 2071 727 2120 amatores
752 2063 937 2120 mundi
978 2064 1107 2119 facti
1137 2073 1264 2120 sunt
1294 2065 1497 2119 inimici
1524 2064 1641 2120 Dei.

530 2150 633 2219 Qui
662 2162 835 2209 autem
861 2156 1259 2225 perseveraverit
1288 2172 1450 2226 usque
1488 2154 1557 2209 ad
1597 2154 1774 2224 linem,
1812 2155 1892 2208 hic
1932 2153 2039 2209 sal-

458 2266 549 2304 vus
577 2251 693 2305 erit.
760 2249 1038 2322 Praecepto
1073 2251 1218 2305 enim
1245 2251 1379 2323 legis
1426 2252 1597 2306 cauda
1643 2252 1834 2306 hostiam.
1865 2251 1916 2303 in
1948 2266 2035 2304 sa-

459 2341 663 2398 criﬁcio
702 2342 925 2413 jubetur
958 2341 1161 2399 offerri.
1221 2345 1280 2401 1n
1332 2346 1502 2400 cauda
1547 2346 1746 2415 quippe
1792 2345 1913 2399 linis
1957 2352 2039 2399 est

457 2434 720 2503 corporis,
750 2444 805 2489 et
834 2434 923 2489 ille
948 2435 1083 2489 bene
1120 2436 1383 2503 immolat,
1417 2437 1507 2507 qui
1550 2437 1876 2491 sacriﬁcium
1910 2436 2037 2490 boni

458 2524 640 2595 operis
690 2541 861 2596 usque
905 2526 974 2580 ad
1008 2526 1170 2582 ﬁnem
1235 2528 1433 2583 debitae
1482 2529 1731 2597 perducit
1788 2530 2034 2583 actionis.

460 2618 627 2673 Docet
661 2632 789 2689 ergo
816 2618 1074 2673 Dominus
1117 2620 1173 2673 in
1218 2620 1321 2674 hac
1348 2622 1728 2690 perseverandi
1774 2622 2040 2676 sententia

458 2710 717 2766 virtutem
767 2710 1221 2782 longanimitatis,
1276 2720 1331 2767 et
1377 2713 1679 2781 patientiae;
1739 2713 1884 2782 quod
1933 2727 2039 2767 non

459 2801 707 2870 coepisse,
735 2801 819 2856 vel
845 2800 1039 2869 facere,
1072 2802 1165 2858 sed
1192 2803 1454 2874 perﬁcere
1481 2804 1695 2860 virtutis
1715 2814 1816 2858 est.

528 2880 642 2947 Hoc
667 2892 808 2947 idem
836 2902 890 2948 et
916 2894 1245 2966 evangelista
1282 2895 1452 2951 Lucas
1488 2895 1641 2966 (Luc.
1686 2896 1801 2968 xxx)
1836 2897 1889 2951 in
1920 2897 2039 2952 aliis

454 2985 637 3041 verbis
664 2985 875 3041 Domini
919 2988 1191 3056 exprimit,
1225 2987 1410 3044 dicens
1438 3002 1452 3041 :
1503 2987 1571 3042 In
1596 2990 1849 3053 patientia
1872 3000 2041 3045 vestra

455 3062 779 3148 possidebitis
832 3079 1035 3132 animas
1079 3088 1296 3133 vestras.
1342 3075 1544 3152 (Greg.)
1597 3079 1838 3150 Denique
1886 3081 2040 3135 radix

456 3177 744 3239 custosque
782 3169 1022 3224 omnium
1048 3169 1308 3224 virtutum
1342 3170 1602 3239 patientia
1649 3181 1749 3224 est.
1803 3171 1906 3226 Per
1943 3187 2037 3241 pa-

457 3259 697 3314 tientiam
724 3274 854 3314 vero
883 3260 1221 3330 possidemus
1261 3261 1468 3315 animas
1516 3269 1751 3327 nostras,
1783 3260 1909 3315 dum
1944 3277 2039 3316 no-

455 3351 539 3407 bis
570 3352 701 3424 ipsis
727 3352 992 3409 dominari
1037 3352 1315 3419 discimus,
1353 3353 1455 3408 hoc
1502 3354 1677 3422 ipsum
1718 3353 2038 3423 incipiemus

452 3447 728 3516 possidere
760 3447 903 3517 quod
928 3463 1131 3502 sumus.

526 3534 658 3590 Cum
684 3550 858 3593 autem
886 3549 1257 3611 persequentur
1287 3554 1372 3592 vos
1411 3538 1466 3592 in
1497 3538 1702 3593 civitate
1728 3538 1852 3604 ista,
1878 3538 2040 3609 fugite

454 3627 510 3680 in
538 3628 718 3684 aliam.
749 3630 1015 3704 (Hieron.)
1048 3633 1159 3688 lloc
1187 3635 1257 3688 ad
1278 3632 1409 3688 illud
1439 3642 1651 3704 tempus
1690 3633 2038 3689 referendum

455 3728 561 3788 est,
594 3736 717 3776 cum
763 3723 830 3778 ad
880 3724 1321 3793 praedicationem
1374 3725 1616 3795 Apostoli
1664 3723 2034 3779 mittebantur.

456 3815 660 3884 Quibus
686 3824 739 3871 et
766 3818 981 3889 proprie
1021 3817 1227 3872 dictum
1270 3824 1353 3872 est
1382 3835 1394 3871 :
1439 3816 1507 3870 In
1552 3818 1687 3871 viam
1716 3817 1947 3888 gentium
1976 3835 2039 3872 ne

454 3904 703 3968 abieritis,
741 3914 788 3957 et
816 3904 867 3957 in
893 3905 1151 3959 civitatem
1181 3904 1639 3959 Samaritanorum
1668 3923 1730 3960 ne
1756 3906 2036 3959 intraveri-

454 3996 519 4050 tis
556 3994 774 4068 (Matth.
820 3997 896 4068 x).
929 3992 1080 4065 Quod
1116 3997 1543 4069 persecutionem
1590 3998 1781 4053 timere
1809 4013 1916 4053 non
1946 3997 2039 4052 de-

452 4078 637 4151 beant,
665 4092 720 4140 et
742 4078 973 4140 debeant
999 4086 1287 4143 declinare.
1314 4088 1466 4155 Quod
1488 4088 1704 4158 quidem
1728 4088 1959 4142 vidimus
1981 4088 2037 4143 in

453 4178 718 4250 principio
746 4177 937 4234 fecisse
967 4181 1271 4248 credentes,
1310 4181 1525 4252 quando
1565 4190 1686 4236 orta
1717 4180 2034 4252 Hierosoly-

454 4268 557 4321 mis
581 4269 955 4336 persecutione
985 4264 1213 4340 dispersi
1245 4273 1447 4327 suntin
1471 4279 1583 4327 tota
1610 4271 1815 4339 Judaea,
1846 4282 1906 4326 ut
1938 4272 2035 4328 tri-

453 4358 742 4415 bulationis
770 4360 986 4416 occasio
1013 4360 1168 4417 ﬁeret
1196 4361 1470 4432 Evangelii
1516 4361 1888 4417 seminarium.

522 4449 683 4504 Amen
696 4450 813 4506 dico
826 4451 988 4518 vobis,
1012 4468 1115 4506 non
1138 4452 1564 4507 consummabitis
1588 4453 1818 4509 civitates
1840 4452 2031 4522 Israel,

451 4542 614 4596 donec
640 4542 808 4597 veniat
837 4541 1012 4598 Filius
1062 4543 1307 4598 hominis.
1351 4540 1576 4615 (ΜΑυιι.)
1608 4544 1863 4601 Praedicit
1887 4546 2034 4600 enim

446 4634 593 4706 quod
619 4650 725 4690 non
757 4642 883 4691 ante
911 4626 1385 4707 prmdicationibus
1433 4638 1545 4692 suis
1586 4637 1654 4694 ad
1702 4632 1861 4692 ﬁdem
1912 4654 2033 4708 per-
2059 4664 2101 4708 χ

2059 4696 2112 4756 D

449 4726 710 4783 ducerent
753 4744 941 4784 omnes
972 4718 1219 4786 civitates
1264 4710 1449 4800 lsl'ael,
1496 4748 1655 4801 quam
1704 4733 2034 4787 resurrectio

449 4818 665 4875 Domini
707 4818 869 4900 fuerit
898 4829 1223 4892 perpetrata,
1266 4831 1321 4877 et
1350 4823 1403 4878 in
1447 4831 1559 4878 toto
1598 4823 1729 4900 orbe
1763 4834 2031 4879 terrarum

448 4892 777 4983 praedicandi
812 4902 1160 4984 Evangeliuiii
1184 4910 1425 4985 potestas
1450 4892 1728 4970 concessa.
1761 4913 2030 4987 (Πὶενοη.)

452 4998 780 5072 Spiritaliter
814 5010 994 5056 autem
1039 5019 1327 5073 possumus
1353 5004 1573 5061 dicere:
1608 5006 1739 5059 Cum
1779 5006 2032 5077 persecuti

449 5110 539 5149 vos
569 5093 763 5164 fuerint
796 5095 850 5149 in
877 5111 983 5148 una
1013 5094 1237 5161 civitate,
1268 5094 1320 5150 id
1346 5104 1450 5162 est,
1478 5095 1533 5151 in
1582 5114 1688 5153 uno
1719 5096 2031 5168 Scriptura-

449 5199 571 5240 rum
598 5184 756 5253 libro,
780 5185 866 5241 vel
910 5186 1218 5243 testimonio
1250 5203 1348 5244 nos
1387 5187 1654 5259 fugiamus
1685 5190 1753 5245 ad
1790 5191 1922 5244 alias
1951 5190 2030 5244 ci-

449 5268 666 5344 vitates,
695 5277 749 5333 id
769 5288 871 5345 est,
903 5278 970 5333 ad
992 5279 1097 5335 alia
1124 5279 1414 5347 volumina,
1450 5291 1506 5336 et
1526 5283 1774 5352 quamvis
1806 5292 2032 5337 conten-

452 5360 622 5421 tiosus
647 5366 808 5425 fuerit
854 5368 1189 5442 persecutor,
1231 5382 1355 5429 ante
1392 5372 1701 5445 praesidium
1732 5372 2032 5428 Salvatoris

451 5458 720 5537 adveniet,
748 5466 911 5533 quam
944 5462 1269 5521 adversariis
1301 5465 1524 5519 victoria
1550 5465 1899 5520 concedatur.

527 5546 648 5607 Non
677 5562 751 5608 est
779 5556 1068 5627 discipulus
1098 5552 1253 5629 super
1274 5558 1605 5628 magistrum,
1629 5572 1718 5611 nec
1744 5564 1919 5610 servus
1945 5573 2033 5610 su-

448 5649 541 5717 per
570 5644 839 5702 dominum
862 5666 1035 5702 suum.
1071 5647 1267 5719 Suﬁicit
1293 5648 1549 5719 discipulo
1578 5658 1630 5701 ut
1660 5649 1726 5702 sit
1757 5648 1889 5701 sicut
1918 5664 2030 5701 nta-

450 5732 609 5808 gister
632 5739 765 5809 ejus,
801 5750 847 5795 et
874 5758 1050 5795 servus
1093 5742 1225 5795 sicut
1258 5742 1499 5795 dominus
1530 5741 1661 5811 ejus.
1709 5742 1787 5795 Ac
1819 5741 1863 5795 si
1893 5740 2032 5794 dice-

453 5840 573 5887 ret:
610 5832 762 5902 Quod
796 5850 895 5905 cgo
918 5835 1173 5907 magister
1199 5845 1252 5891 et
1283 5836 1541 5891 Dominus
1585 5836 1783 5906 patior,
1816 5850 1910 5890 vos
1950 5834 2032 5889 di-

456 5920 647 5995 scipuli
690 5922 745 5981 et
791 5926 931 5983 servi
966 5942 1033 5983 ne
1080 5928 1430 5999 indignemini
1478 5928 1607 6001 pati.
1654 5928 1710 5983 Si
1755 5930 2029 6002 magister,

2134 676 2213 731 ire
2258 676 2505 747 injurias,
2537 676 2646 729 imo
2684 674 2851 729 malui
2899 689 3049 729 meos
3088 673 3459 728 insectatores
3514 670 3747 726 reddere

2132 769 2385 839 patiendo
2408 768 2670 833 mitiores,
2698 766 2945 823 eamdem
2972 782 3195 823 necesse
3216 776 3304 823 est
3328 781 3436 822 vos
3459 765 3743 836 discipuli,

2133 859 2226 930 qui
2256 860 2378 930 puri
2418 859 2664 915 homines
2690 860 2843 926 estis,
2868 859 3108 932 regulam
3139 859 3511 932 perfectionis
3552 874 3745 929 sequa-

2133 953 2284 1009 mini.

2207 1044 2265 1101 Si
2319 1045 2757 1117 patremfamilias
2806 1044 3091 1101 Beelzebub
3139 1056 3493 1113 vocaverunt,
3550 1056 3742 1118 qnam

2134 1137 2300 1207 magis
2324 1136 2630 1192 domesticos
2674 1138 2832 1209 ejus?
2869 1137 3010 1194 Ecce
3065 1138 3330 1194 Dominus
3374 1148 3440 1194 et
3482 1139 3741 1211 magister

2135 1229 2408 1299 discipulis
2440 1238 2493 1284 et
2520 1230 2694 1285 servis
2722 1230 2835 1286 suis
2859 1230 3162 1285 calumnias
3203 1246 3335 1286 suas
3381 1230 3658 1297 ostendit,
3684 1242 3737 1285 α

2136 1339 2233 1378 suo
2250 1322 2495 1393 exemplo
2520 1323 2747 1393 injurias
2773 1325 3082 1393 iniquorum
3102 1325 3383 1394 patienter
3400 1322 3561 1378 ferre
3582 1324 3742 1380 (ibes-

2137 1426 2280 1478 rent,
2304 1424 2358 1469 et
2396 1416 2539 1486 quod
2580 1417 2828 1486 superius
2873 1416 2968 1482 ait,
3016 1415 3211 1470 ﬁeret:
3244 1415 3465 1486 Suﬂicit
3490 1414 3741 1483 discipulo

2138 1518 2194 1562 ut
2242 1510 2307 1561 sit
2338 1509 2471 1562 sicut
2501 1510 2751 1579 magister
2792 1508 2929 1578 ejus,
2984 1519 3032 1562 et
3076 1525 3257 1563 servus
3311 1508 3459 1562 sicut
3511 1508 3740 1560 domins

2136 1601 2270 1671 ejus.
2298 1600 2434 1655 Nam
2459 1617 2515 1655 se
2536 1601 2983 1671 patremfamilias
3008 1600 3265 1672 appellat,
3295 1598 3390 1655 cui
3415 1599 3737 1660 cmicstim,

2138 1703 2191 1751 et
2223 1696 2580 1760 terrestrium,
2628 1703 2682 1749 et
2730 1693 3065 1749 infernorum
3093 1693 3317 1748 familia:
3352 1690 3737 1762 genuﬂectunt,

2138 1804 2296 1857 quem
2322 1788 2546 1857 perﬁdia
2587 1787 2895 1842 Judatorum
2924 1789 2979 1842 in
3011 1786 3303 1841 Beelzebub
3337 1786 3605 1856 principe
3643 1785 3735 1839 h-

2140 1881 2463 1945 moniorum,
2491 1878 2716 1946 eiecisse
2746 1880 3011 1935 dmmonia
3042 1878 3458 1949 blasphemavit
3481 1900 3498 1932 ;
3522 1892 3633 1931 non
3655 1877 3739 1931 mi-

2142 1990 2284 2039 rum,
2332 1974 2377 2029 si
2420 1973 2750 2028 domesticos
2794 1972 2934 2042 ejus,
2986 1972 3184 2041 quibus
3213 1985 3461 2041 regnum
3493 1970 3737 2024 caelorum

2140 2065 2254 2136 ipse
2299 2065 2572 2135 promisit,
2604 2065 2793 2119 eodem
2844 2064 3104 2119 instinctu
3145 2062 3379 2118 malitia:
3412 2062 3741 2118 calumnian-

2140 2166 2247 2211 tur.
2269 2155 2538 2229 (Hieron.)
2564 2155 2871 2211 Notandum
2900 2165 3084 2211 autem
3115 2154 3262 2227 quod
3290 2154 3621 2210 Beelzebub
3646 2153 3740 2207 ido-

2138 2252 2248 2306 lum
2276 2259 2359 2306 est
2384 2252 2652 2317 Accaron,
2689 2250 2833 2320 quod
2860 2257 3088 2305 vocatur
3123 2250 3178 2303 in
3225 2248 3456 2319 Regum
3488 2245 3741 2301 volumine

2139 2348 2340 2401 idolum
2370 2361 2591 2412 muscze,
2624 2344 2716 2399 Bel
2748 2346 2862 2414 ipse
2893 2353 2977 2399 est
3006 2342 3131 2397 Beel
3163 2343 3281 2397 sive
3328 2339 3539 2404 Bahal,
3587 2337 3738 2391 latrat

2138 2449 2318 2494 autem
2370 2456 2551 2494 musca
2596 2439 2812 2493 dicitur.
2866 2437 3177 2506 Principem
3227 2434 3647 2491 daemoniorum
3683 2448 3738 2485 es

2138 2530 2473 2602 spurcissimi
2529 2530 2657 2586 idoli
2710 2529 3055 2600 appellabant
3101 2526 3397 2589 vocabulo,
3438 2525 3543 2595 qui
3580 2539 3738 2580 musca

2140 2624 2360 2689 dicitur,
2390 2632 2611 2694 propter
2637 2621 3038 2677 immunditiam
3084 2636 3206 2692 qua:
3254 2618 3610 2675 exterminat
3652 2616 3739 2671 olei

2138 2715 2483 2785 suavitatem.

2140 2876 2147 2881 ν
2213 2806 2295 2859 Ne
2321 2822 2441 2877 ergo
2467 2793 2746 2859 timueritis
2769 2821 2876 2859 eos.
2907 2803 2965 2859 ln
3000 2803 3365 2873 sequentibus
3399 2802 3735 2857 demonstra—

2139 2897 2287 2951 bitur
2312 2911 2409 2950 cur
2457 2894 2750 2964 discipulos
2797 2893 3136 2965 prohibuerit
3182 2902 3594 2963 persecutores
3636 2906 3741 2945 suos

2140 2990 2355 3052 timere,
2386 2986 2511 3056 quia
2544 3003 2682 3042 vana
2712 2996 2767 3041 et
2796 2985 3001 3057 fragilis
3028 3001 3117 3041 res
3145 2978 3257 3041 cito
3285 2985 3537 3041 decidua
3564 2993 3661 3038 est.

2213 3080 2365 3136 Nihil
2397 3084 2534 3135 enim
2574 3089 2808 3151 opertum
2851 3079 2989 3151 quod
3034 3096 3137 3132 non
3179 3077 3542 3140 revelabitur,
3583 3088 3628 3130 et
3672 3093 3741 3129 or-

2141 3175 2340 3229 cultum
2371 3172 2509 3245 quod
2545 3189 2646 3226 non
2679 3172 2891 3226 scietur.
2947 3168 3219 3242 (IIieron.)
3268 3168 3341 3223 Et
3395 3168 3739 3238 quomodoiu

2142 3264 2394 3337 praesenti
2437 3262 2633 3319 sarculo
2668 3263 2958 3316 multorum
2988 3261 3118 3315 vitia
3166 3260 3529 3323 nesciuntur,
3575 3255 3665 3313 sed
3689 3255 3741 3310 de

2144 3361 2327 3416 futuro
2357 3369 2601 3428 tempore
2623 3358 2885 3429 scriptum
2912 3366 3015 3422 est,
3055 3356 3274 3427 quando
3309 3356 3598 3427 jndicabit
3623 3356 3739 3409 Deus

2144 3453 2457 3509 abscondita
2484 3449 2784 3517 hominum,
2809 3458 2864 3505 et
2890 3449 3214 3504 illuminabit
3238 3449 3469 3504 occulta
3508 3447 3736 3502 tenebra-

2143 3560 2281 3609 rum,
2314 3551 2370 3599 et
2411 3540 2699 3596 manifesta
2732 3539 2895 3595 faciet
2940 3539 3166 3595 consilia
3221 3539 3510 3595 cordium.
3570 3538 3633 3593 Et
3672 3550 3735 3593 eat

2142 3650 2371 3693 sensus:
2422 3633 2596 3689 Nolite
2638 3632 2831 3687 timere
2881 3632 3142 3687 sazvitiam
3195 3640 3651 3703 persecutorem,
3696 3641 3735 3684 et

2141 3726 2632 3799 blasphemantium
2659 3720 2888 3790 rabiem,
2928 3724 3055 3795 quia
3083 3723 3269 3779 veniet
3302 3723 3430 3777 dies
3454 3722 3665 3791 juelicii,
3692 3723 3733 3775 in

2140 3835 2248 3888 quo
2270 3826 2325 3873 et
2350 3825 2530 3871 vestra
2574 3815 2749 3870 virtus
2777 3822 2833 3870 et
2870 3830 3057 3870 eorum
3086 3814 3333 3886 nequitia
3389 3814 3726 3870 demonstra'

2140 3912 2303 3966 bitur.

2213 3984 2367 4067 Quod
2408 4017 2523 4054 atco
2560 4000 2699 4055 vobis
2745 3999 2801 4052 in
2842 3992 3085 4064 tenebris,
3116 3997 3274 4050 dicite
3317 3998 3377 4050 in
3422 3998 3655 4059 lumine;
3694 4005 3733 4047 et

2138 4093 2276 4166 quod
2302 4094 2357 4145 in
2384 4108 2510 4145 aure
2533 4091 2751 4154 auditis,
2772 4089 3055 4159 praedicata
3080 4104 3234 4157 super
3262 4097 3430 4141 tecta.
3471 4086 3627 4156 Quod
3652 4101 3733 4139 auc

2139 4185 2294 4241 distis
2318 4186 2371 4238 in
2403 4184 2686 4255 mysterio,
2715 4172 2954 4252 apertius
2983 4180 3308 4252 prmdicate;
3358 4181 3514 4249 quod
3544 4179 3733 4235 discitis

2139 4276 2421 4341 ahsconse,
2466 4274 2682 4347 publice
2738 4272 3040 4344 loquimini.
3094 4271 3248 4340 Quod
3300 4288 3401 4327 vos
3437 4272 3651 4327 erudiri
3689 4271 3733 4326 is

2137 4384 2307 4440 parvo
2356 4360 2553 4421 Iudaea:
2596 4365 2737 4431 loco,
2791 4366 2846 4420 in
2893 4365 3163 4420 universis
3218 4364 3478 4429 urbibus,
3531 4366 3591 4419 in
3640 4372 3736 4418 toto

2138 4454 2341 4512 mundo
2374 4458 2631 4511 audacter
2656 4455 2839 4511 dicite.
2859 4453 3071 4527 (Beda.)
3106 4452 3245 4508 Sane
3268 4454 3418 4524 quod
3450 4455 3531 4509 ait
3559 4474 3572 4509 :
3598 4454 3733 4509 Prc-

2138 4550 2306 4603 dicate
2331 4565 2486 4620 super
2514 4557 2668 4612 tecta,
2686 4547 2843 4618 juxta
2870 4561 3077 4601 morem
3106 4545 3405 4616 provinciae
3432 4546 3735 4601 Palaestina

2138 4640 2394 4712 loquitur,
2428 4639 2519 4695 ubi
2549 4638 2723 4695 solent
2752 4639 2806 4693 in
2836 4638 2993 4695 tectis
3043 4635 3300 4693 residere.
3337 4634 3463 4693 Non
3494 4638 3643 4694 enim
3666 4648 3735 4692 te.

2139 4742 2223 4788 cta
2256 4740 2443 4787 nostro
2490 4747 2641 4785 more
2689 4730 3017 4786 culminibus
3067 4724 3377 4795 sublimata,
3434 4727 3535 4785 sed
3590 4730 3733 4801 plano

2137 4816 2411 4882 schemate
2436 4823 2641 4879 faciunt
2664 4820 2927 4893 aequalia;
2960 4810 3103 4877 unde
3152 4816 3238 4876 lex
3276 4823 3539 4894 prmcipit
3564 4832 3623 4877 ut
3654 4824 3734 4893 qui

2135 4934 2331 4974 novam
2369 4917 2587 4972 domum
2634 4914 2949 4983 aediﬁcaret,
2997 4926 3213 4969 murum
3259 4916 3387 4970 tecti
3430 4926 3660 4986 poneret
3686 4917 3733 4971 in

2138 5025 2291 5083 gyro,
2323 5025 2391 5065 ne
2440 5008 2759 5064 funderetur
2803 5007 2877 5062 ibi
2923 5008 3145 5079 sanguis
3194 5008 3475 5071 innoxius,
3530 5008 3735 5063 labente

2138 5101 2318 5171 aliquo
2337 5107 2392 5155 et
2420 5099 2474 5154 in
2515 5114 2756 5170 praeceps
2786 5105 2999 5154 ruente.
3034 5092 3101 5153 Et
3151 5098 3203 5152 in
3253 5098 3443 5169 templi
3493 5107 3735 5153 constru-

2140 5195 2317 5249 ctione
2367 5192 2634 5264 legimus:
2691 5191 2839 5246 Teasit
2887 5207 3091 5263 quoque
3138 5191 3351 5243 domum
3402 5190 3733 5262 laquearibus

2139 5287 2389 5351 cedrinis,
2433 5293 2481 5341 et
2530 5283 2813 5352 a’diﬁcavit
2861 5282 3151 5337 tabulatum
3195 5300 3358 5354 super
3391 5300 3603 5338 omnem
3652 5284 3735 5335 dc-

2138 5394 2280 5432 mum
2306 5378 2530 5448 quinque
2557 5374 2744 5430 cubitis
2792 5372 3087 5428 altitudinis
3141 5370 3226 5445 (11
3282 5372 3412 5444 Reg.
3466 5373 3565 5447 γι).
3604 5372 3735 5444 Ergo

2136 5468 2519 5541 praedicabit'ur
2563 5468 2618 5521 in
2653 5465 2830 5533 tectis,
2857 5467 3001 5537 quod
3022 5465 3233 5521 cunctis
3267 5465 3624 5521 audientibus
3651 5480 3735 5536 pa—

2136 5561 2246 5616 lam
2290 5560 2518 5615 dicetur.

2210 5655 2276 5708 Et
2304 5653 2459 5707 nolite
2500 5653 2683 5706 timere
2722 5667 2811 5705 eos
2835 5653 2924 5723 qui
2956 5650 3199 5705 occidunt
3239 5666 3455 5719 corpus,
3501 5650 3733 5702 animum

2138 5754 2309 5800 autem
2348 5762 2451 5798 non
2480 5751 2694 5815 possunt
2741 5742 2992 5797 occidere.
3050 5740 3105 5797 Si
3158 5742 3301 5796 enim
3352 5750 3733 5811 persecutores

2139 5848 2450 5894 Sanctorum
2498 5836 2696 5891 occisis
2739 5835 3055 5906 corporibus
3104 5849 3210 5888 non
3251 5834 3451 5888 habent
3501 5832 3734 5905 amplius

2140 5932 2266 6001 quid
2292 5938 2481 5985 contra
2513 5928 2632 5985 illos
2673 5936 2855 6001 agant,
2886 5941 3016 6001 ergo
3046 5943 3379 6000 supervacua
3407 5926 3619 5983 furiunt
3650 5926 3731 5983 in-
