3914 6512
171 388 275 465 9m

1153 394 1505 453 COMMENI.
1548 393 1611 446 ιλ
1650 392 2084 450 MATTIMSUM.
2124 426 2195 437 —-
2230 397 2356 453 LIB.
2396 397 2480 454 ili.

166 521 347 584 itania,
371 518 462 589 qui
490 512 704 572 inurtua
748 522 1050 587 martyrum
1095 516 1338 570 membra
1368 514 1497 569 feris
1538 514 1755 566 avibus-
1784 516 1835 575 Α
1858 517 2157 587 evangelici
2203 521 2467 576 sermonis
2497 521 2709 592 corpori
2753 529 3057 593 coaptetur,
3102 538 3212 580 non
3258 540 3442 597 parvm

167 624 277 682 que
302 610 654 679 discerpenda
702 607 1014 678 projiciunt,
1059 606 1143 660 vel
1175 606 1227 660 in
1266 620 1427 661 auras
1452 605 1752 667 extenuari,

166 704 259 758 vel
304 703 358 757 in
401 701 576 756 undas
605 700 763 766 solvi,
793 699 876 755 vel
915 714 1012 771 per
1038 698 1285 755 ﬂammas
1315 701 1369 754 in
1398 700 1635 754 cinerem
1680 698 1759 751 fa-

164 799 325 852 ciunt
370 794 581 865 redigi:
626 806 751 849 cum
800 808 1137 863 nequaquam
1188 792 1590 863 omnipotentim
1637 791 1754 857 Dei,

163 890 301 959 quin
327 902 390 942 ea
415 886 787 943 resuscitando
821 886 1075 951 viviﬁcet,
1102 885 1369 941 obsistere
1398 885 1629 955 possint.

248 984 351 1039 Sed
376 984 546 1053 potius
575 992 691 1036 eum
724 982 895 1035 timete
927 981 1018 1053 qui
1043 991 1207 1052 potest
1238 992 1287 1037 et
1316 984 1545 1037 animam
1570 992 1619 1037 et
1643 998 1757 1037 cor-

161 1086 271 1143 pus
294 1073 509 1144 perdere
536 1072 593 1126 in
619 1070 925 1143 gehennam.
969 1072 1172 1127 Nomen
1217 1074 1477 1143 gehennae
1524 1074 1578 1127 in
1609 1081 1755 1129 vete-

161 1166 325 1221 ribus
359 1164 514 1221 libris
553 1178 661 1220 non
702 1166 993 1232 invenitur,
1027 1167 1120 1221 sed
1145 1167 1379 1237 primum
1420 1182 1450 1221 a
1478 1166 1758 1222 Salvatore

164 1258 414 1328 ponitur.
449 1258 767 1325 Quaeramus
823 1268 951 1328 ergo
997 1272 1117 1328 quae
1165 1259 1234 1313 sit
1282 1259 1548 1313 sermonis
1598 1258 1758 1329 hujus

162 1350 407 1404 occasio.
432 1342 635 1403 idolum
665 1348 789 1401 Baal
813 1346 979 1403 luisse
1008 1348 1162 1419 juxta
1188 1348 1547 1416 Hierusalem,
1577 1351 1643 1405 ad
1670 1362 1758 1405 ra-

166 1438 323 1494 dices
353 1440 552 1494 montis
579 1438 765 1502 Moria,
801 1439 855 1492 in
884 1439 1080 1509 quibus
1113 1440 1261 1495 Siloa
1288 1440 1423 1506 ﬁuit,
1457 1454 1564 1495 non
1591 1442 1756 1497 semei

169 1531 423 1601 legimus.
455 1531 581 1586 Haec
607 1529 761 1585 vallis
789 1540 844 1585 et
876 1545 1042 1601 parva
1066 1534 1241 1604 campi
1268 1535 1519 1604 planities
1552 1535 1755 1605 irrigua

169 1632 296 1677 erat
331 1632 386 1678 et
412 1638 717 1687 nemorosa,
762 1631 815 1677 et
858 1624 1017 1693 plena
1071 1624 1300 1691 deliciis,
1332 1635 1386 1679 et
1416 1626 1568 1681 lucus
1607 1628 1661 1681 in
1692 1642 1755 1682 ea

168 1711 318 1767 idolo
365 1720 732 1767 consecratos.
765 1712 824 1767 ln
853 1718 1057 1767 tantam
1103 1723 1280 1768 autem
1322 1716 1547 1786 populus
1593 1716 1755 1773 lsrael

167 1802 503 1859 dementiam
532 1811 771 1869 venerat,
824 1812 884 1858 ut
928 1805 1143 1859 deserta
1190 1804 1376 1877 templi
1416 1809 1632 1873 vicinia,
1680 1809 1753 1864 ibi

1858 607 2184 664 diﬁicultatis
2231 620 2333 666 est.
2381 611 2597 679 Quzeret
2650 612 2881 669 fortasse
2937 613 3134 684 aliquis
3169 617 3441 686 quomodo

1858 703 2002 758 dicat
2044 703 2328 774 Apostolus
2367 704 2683 777 :\Nunquid
2732 707 2795 761 de
2835 706 2993 761 bobus
3036 723 3162 763 cura
3199 716 3276 764 est
3327 708 3440 763 Deo

1859 795 1910 867 (I
1941 794 2065 850 Cor.
2090 798 2190 866 Ix),
2216 812 2338 851 cum
2368 798 2555 867 utique
2588 799 2685 853 bos
2729 813 2950 869 passere
2996 799 3283 868 pretiosior
3327 800 3444 855 exi-

1858 895 1981 942 stat.
2035 887 2142 942 Sed
2185 889 2328 943 aliud
2367 905 2528 956 cura,
2570 890 2715 946 aliud
2759 906 2886 947 vero
2926 898 3011 948 est
3052 892 3298 948 scientia.
3330 895 3430 949 De-

1858 980 2020 1049 nique
2067 996 2323 1037 numerus
2372 981 2727 1051 capillorum,
2768 983 2835 1039 de
2883 998 2992 1056 quo
3041 994 3441 1055 consequenter

1858 1072 1976 1126 ait:

1939 1160 2106 1215 Vestri
2151 1169 2328 1216 autem
2380 1172 2427 1217 et
2485 1162 2663 1233 capilli
2715 1164 2903 1234 capitis
2951 1178 3129 1219 omnes
3179 1163 3442 1221 numerati

1856 1264 1997 1310 sunt.
2029 1255 2242 1328 (Beda.)
2274 1256 2389 1312 Non
2415 1258 2470 1312 in
2501 1266 2627 1313 actu
2666 1258 3104 1328 computationis,
3134 1258 3230 1314 sed
3272 1258 3329 1313 in
3357 1257 3442 1312 fa-

1858 1350 2060 1405 cultate
2101 1351 2428 1419 cognitionis
2472 1351 2734 1420 accipitur
2768 1369 2782 1405 :
2822 1366 2932 1405 non
2960 1350 3106 1406 enim
3148 1350 3437 1422 sollicitam

1858 1442 1999 1496 Deus
2042 1458 2187 1496 cura:
2228 1442 2565 1497 numerantis
2596 1442 2828 1498 intendit
2856 1441 3171 1507 excubiam,
3214 1440 3308 1496 sed
3352 1438 3441 1495 cui

1857 1533 2071 1603 cognita
2115 1542 2241 1588 sunt
2284 1534 2493 1599 omnia,
2532 1534 2689 1604 quasi
2738 1540 3021 1589 numerata
3064 1539 3191 1586 sunt
3233 1532 3436 1586 omnia.

1860 1625 2127 1697 (Ηίετοη.)
2168 1625 2310 1680 Bene
2336 1633 2515 1680 tamen
2561 1631 2842 1680 numerata
2869 1624 3144 1688 dicuntur,
3169 1621 3294 1691 quia
3319 1635 3440 1691 qute

1857 1717 2109 1772 volumus
2150 1732 2392 1782 servare,
2439 1731 2826 1771 numeramus:
2860 1714 2951 1769 ubi
2980 1714 3300 1768 immensam
3343 1708 3440 1764 Dei

1857 1821 1983 1878 erga
2014 1807 2260 1862 homines
2307 1805 2545 1862 ostendit
2571 1804 2969 1876 providentiam
3015 1812 3073 1857 et
3118 1798 3441 1857 inetiabilem

168 1894 382 1950 hostias
407 1894 729 1959 immolaret,
759 1903 814 1949 et
846 1896 1077 1967 rigorem
1108 1896 1380 1968 religionis
1415 1898 1618 1954 deliciae
1637 1901 1754 1954 vin-
1782 1882 1831 1943 Β
1858 1894 2124 1965 signiﬁcat
2170 1891 2442 1948 allectum.
2474 1892 2628 1960 Quod
2673 1890 2808 1946 nihil
2852 1897 3097 1945 nostrum
3148 1887 3315 1941 Deum
3362 1884 3442 1939 la-

165 1993 381 2050 cerent,
416 1984 657 2055 ﬁliosque
692 1999 820 2039 suos
863 1986 1213 2040 incenderent
1252 1988 1479 2042 daemoni
1526 1990 1609 2044 vel
1647 1990 1750 2044 ini-

168 2078 396 2142 tiarent,
428 2085 482 2132 et
518 2077 886 2147 appellabatur
916 2078 1067 2133 locus
1099 2080 1189 2134 ille
1230 2080 1548 2149 Gehennon,
1581 2084 1633 2138 id
1672 2093 1754 2139 est

164 2169 329 2223 vallis
357 2168 587 2223 ﬁliorum
616 2169 822 2223 Ennou.
856 2168 967 2223 Iioc
990 2170 1195 2241 liegu'm
1220 2172 1468 2227 volumen
1499 2182 1555 2227 et
1588 2174 1750 2228 Para-

164 2258 499 2328 lipomenon,
524 2266 579 2313 et
602 2257 864 2315 Jeremias
890 2261 1132 2316 scribunt
1155 2263 1480 2331 plenissime.
1513 2266 1577 2319 Et
1602 2281 1750 2320 com-

166 2350 412 2407 minatur
450 2352 587 2405 Deus
616 2367 675 2406 se
699 2352 875 2407 locum
920 2353 1070 2407 illum
1096 2356 1442 2425 impleturum
1471 2360 1751 2413 cadaveri-

169 2443 275 2498 bus
322 2452 678 2509 mortuorum,
728 2455 786 2497 ut
832 2460 1174 2515 nequaquam
1205 2457 1425 2502 vo.ctur
1455 2449 1657 2520 'l'ophet
1701 2464 1755 2507 et

170 2534 325 2600 Baal,
357 2535 451 2590 sed
477 2544 700 2589 vocetur
726 2535 1105 2606 Polyandrum,
1138 2538 1191 2591 id
1212 2550 1315 2603 est,
1346 2541 1582 2596 tumulus
1613 2558 1759 2597 mor-

173 2636 414 2680 tuorum.
444 2624 642 2679 Futura
683 2640 812 2695 ergo
853 2625 1132 2695 supplicia,
1178 2636 1234 2682 et
1272 2644 1445 2698 preme
1482 2644 1756 2701 perpetua:

173 2718 373 2788 quibus
418 2727 731 2788 peccatores
773 2718 1046 2773 cruciandi
1092 2729 1239 2785 sunt,
1270 2720 1430 2788 hujus
1464 2722 1566 2778 loci
1597 2739 1757 2780 voca-

173 2807 305 2863 bulo
345 2807 687 2863 denotamur.
727 2807 1006 2878 Duplicem
1057 2817 1237 2864 autem
1268 2826 1389 2866 esse
1436 2813 1753 2881 gehennam,

176 2900 320 2970 ignis
344 2909 399 2955 et
421 2899 655 2969 frigoris,
687 2900 741 2954 in
767 2898 868 2954 Job
893 2901 1206 2970 plenissime
1228 2903 1470 2974 legimus.

255 2994 442 3050 Nonne
470 2995 575 3049 duo
600 3011 832 3064 passeres
879 3013 994 3050 asse
1022 3007 1260 3065 veneunt,
1304 3010 1351 3053 et
1380 3016 1515 3055 unus
1556 3017 1619 3055 ea:
1656 3002 1760 3057 illis

179 3102 283 3140 non
312 3086 459 3141 cadet
489 3103 645 3156 super
681 3096 874 3141 terram
899 3088 1011 3142 sine
1041 3087 1199 3143 Patre
1223 3099 1411 3145 vestro.
1446 3091 1624 3148 [iteret
1656 3094 1757 3149 sibi

178 3190 361 3232 sermo
395 3176 721 3241 Dominicus,
765 3184 822 3230 et
862 3177 1250 3245 consequentia
1292 3182 1530 3249 pendent
1567 3197 1634 3237 ex
1670 3194 1761 3238 su-

1863 1992 1993 2049 teat,
2028 1993 2083 2042 et
2123 2000 2289 2054 parva
2317 1986 2481 2040 etiam
2521 1984 2801 2053 otiosaque
2826 1982 2968 2037 dicta
2998 1980 3115 2050 ejus
3158 1978 3439 2035 scientiam

1858 2094 1966 2135 non
2018 2079 2243 2151 fugiant.
2283 2077 2466 2152 (Au9.)
2513 2080 2772 2135 Derident
2815 2076 3227 2149 intelligentiam
3264 2074 3440 2131 eccle-

1858 2173 2131 2227 siasticam
2161 2172 2214 2226 in
2245 2172 2347 2228 hoc
2374 2172 2509 2236 loco,
2541 2172 2632 2241 qui
2657 2170 2837 2226 carnis
2864 2168 3319 2225 resurrectionem
3343 2181 3438 2222 ne—

1859 2271 2022 2333 gant,
2062 2264 2213 2332 quasi
2263 2278 2361 2317 nos
2406 2263 2577 2332 ipsam
2612 2271 2888 2317 terrenam
2917 2270 3165 2326 matrem,
3195 2273 3315 2330 quas
3357 2256 3441 2312 di-

1859 2356 2111 2411 scedente
2139 2356 2318 2409 anima
2358 2355 2418 2409 tit
2461 2354 2711 2420 cadaver,
2750 2354 2824 2409 ita
2855 2352 3250 2408 resurrectione
3287 2366 3444 2421 repa-

1863 2449 2086 2502 randum
2132 2449 2375 2503 dicamus
2420 2455 2479 2502 ut
2507 2462 2569 2502 ea
2596 2462 2717 2516 qute
2746 2446 3080 2511 dilabuntur,
3116 2454 3173 2500 et
3218 2444 3273 2500 in
3305 2443 3442 2499 alias

1860 2547 2020 2609 atque
2046 2540 2178 2592 alias
2225 2539 2455 2594 aliarum
2501 2554 2683 2592 rerum
2732 2539 2939 2609 species
2982 2536 3291 2606 formasque
3324 2550 3447 2591 ver-

1862 2637 2049 2684 tuntur
2088 2628 2355 2700 (quamvis
2401 2631 2467 2683 ad
2510 2645 2707 2698 corpus
2759 2629 2983 2684 redeant
3028 2626 3172 2683 unde
3224 2626 3444 2696 delapsa

1862 2722 2040 2792 sunt),
2089 2724 2155 2777 ad
2186 2723 2402 2777 easdem
2449 2737 2662 2791 quoque
2708 2720 2950 2791 corporis
2983 2726 3163 2790 partes
3196 2716 3291 2773 ubi
3336 2716 3448 2772 fue-

1866 2824 1992 2869 runt
2020 2816 2196 2870 redire
2241 2829 2461 2870 necesse
2491 2822 2593 2869 est.
2640 2813 2854 2884 Alioqui
2901 2812 2947 2866 si
2996 2810 3206 2881 capillis
3254 2807 3449 2879 capitis

1866 2908 2003 2961 redit
2024 2907 2168 2975 quod
2196 2915 2302 2960 tam
2328 2907 2516 2960 crebra
2545 2914 2762 2960 tonsura
2790 2902 3046 2968 detraxit,
3076 2900 3121 2955 si
3148 2899 3443 2968 unguibus,

1864 2996 2005 3066 quod
2045 2996 2202 3050 toties
2246 2995 2476 3064 dempsit
2514 2994 2754 3049 exscctio
2791 2989 3147 3049 immoderata
3193 2995 3250 3042 et
3282 2986 3434 3040 inde‘

1866 3103 1995 3144 cens
2022 3088 2399 3158 cogitantibus,
2425 3096 2480 3142 et
2509 3087 2629 3142 ideo
2652 3084 3103 3141 resurrectionem
3130 3079 3311 3136 carnis
3336 3093 3443 3132 non

1866 3178 2229 3242 credentibus,
2273 3177 2512 3232 occurrit
2564 3174 2895 3231 formositas.
2944 3171 3051 3228 Sed
3092 3167 3445 3241 quemadmo-

176 3267 499 3339 perioribus.
527 3267 770 3324 Prudens
808 3267 995 3333 lector,
1022 3284 1155 3323 cave
1180 3285 1395 3342 semper
1421 3275 1758 3343 superstitio-
1788 3252 1835 3315 Ο
1869 3269 1994 3324 dum
2029 3268 2073 3322 si
2111 3276 2288 3321 statua
2332 3265 2616 3336 cujuslibet
2661 3264 2904 3320 solubilis
2951 3260 3151 3316 metalli
3183 3266 3275 3313 aut
3326 3257 3449 3328 igne

180 3377 299 3417 sam
348 3360 790 3432 intelligentiam,
829 3369 887 3414 ut
928 3376 1033 3414 non
1075 3370 1168 3416 tuo
1209 3365 1391 3419 sensui
1438 3375 1765 3437 attemperes

180 3452 515 3522 Scripturas,
540 3454 633 3508 sed
682 3453 977 3521 Scripturis
1000 3452 1197 3524 jungas
1225 3468 1444 3510 sensum
1485 3466 1636 3512 tuum
1659 3500 1672 3524 ,
1708 3469 1767 3515 et

179 3547 450 3618 intelligas
475 3547 603 3617 quid
646 3555 920 3615 sequatur.
956 3545 1129 3616 Supra
1176 3547 1387 3603 dixerat
1426 3566 1438 3602 :
1473 3548 1652 3606 Nolite
1690 3554 1760 3606 ti-

179 3657 319 3695 mere
363 3656 449 3694 eos
487 3640 576 3710 qui
623 3639 863 3693 occidunt
911 3654 1131 3707 corpus,
1171 3638 1401 3692 animam
1445 3650 1618 3695 autem
1663 3659 1767 3699 non

180 3743 401 3807 possunt
473 3733 728 3786 occidere.
803 3732 956 3786 Nunc
1023 3732 1258 3801 loquitur
1319 3744 1763 3803 consequenter;

185 3830 379 3883 Nonne
403 3827 508 3881 duo
535 3844 768 3898 passeres
797 3846 913 3882 asse
938 3837 1173 3888 veneunt.
1202 3837 1248 3881 et
1277 3844 1411 3882 unus
1439 3845 1503 3879 ετ
1532 3828 1637 3883 illis
1664 3846 1768 3885 non

182 3927 332 3981 cadet
358 3945 514 3997 super
539 3931 731 3981 terra».
768 3946 877 3982 sine
918 3921 1073 3982 i'airc
1107 3939 1286 3983 vestro.
1324 3934 1388 3984 Et
1423 3941 1503 3983 cst
1533 3937 1764 3983 sensus:

182 4020 240 4074 Si
274 4035 442 4089 parva
479 4021 730 4096 animalia
756 4031 813 4075 et
842 4022 967 4075 vilia
998 4022 1201 4093 absque
1240 4025 1346 4078 Deo
1392 4033 1618 4078 auctore
1662 4012 1780 4073 non'

184 4113 464 4179 decidunt,
501 4122 557 4169 et
603 4114 654 4167 in
683 4114 933 4169 omnibus
961 4124 1045 4170 est
1082 4116 1442 4184 providentia,
1474 4126 1530 4170 et
1562 4131 1681 4186 quae
1710 4133 1767 4171 ιη

183 4208 263 4262 eis
294 4216 421 4262 sunt
462 4208 724 4277 peritura,
753 4208 872 4262 sine
914 4209 1011 4263 Dei
1055 4209 1328 4264 voluntate
1365 4226 1473 4265 non
1505 4219 1762 4281 pereunt;

187 4314 281 4353 vos
303 4300 395 4369 qui
420 4300 607 4354 aeterni
635 4300 786 4365 estis,
816 4315 921 4354 non
949 4300 1159 4356 debetis
1184 4300 1375 4355 timere
1399 4302 1540 4370 quod
1563 4301 1768 4370 absque

188 4390 284 4445 Dei
322 4390 516 4446 vivatis
559 4390 916 4461 providentia.
955 4392 1060 4447 iste
1088 4407 1280 4447 sensus
1317 4403 1374 4448 et
1405 4408 1565 4463 supra
1591 4394 1769 4449 dictus

191 4491 294 4536 est.

260 4574 566 4630 Notandum
623 4582 804 4629 autem
860 4574 1001 4644 quod
1049 4589 1173 4630 cum
1231 4574 1512 4629 Matthaeus
1560 4583 1766 4644 ponat:

198 4665 382 4721 Nonne
410 4665 515 4720 duo
549 4682 781 4737 passeres
810 4683 925 4721 asse
956 4676 1202 4731 veneunt,
1234 4665 1406 4721 Lucas
1449 4680 1554 4721 non
1596 4681 1771 4722 assem

192 4761 287 4815 sed
312 4759 621 4829 dipondium
648 4768 932 4813 memorat.
959 4756 1170 4823 Nonne,
1196 4756 1388 4826 inquit,
1408 4757 1632 4828 quinque
1658 4774 1775 4827 pas-

192 4869 330 4905 seres
370 4859 585 4906 veneunt
627 4850 875 4920 dipondio
925 4849 1073 4921 (Luc.
1114 4846 1231 4919 xu).
1281 4847 1575 4916 Dipondius
1620 4861 1772 4917 ergo,

193 4962 302 5015 quo
335 4946 573 5013 quinque
618 4958 866 5014 passeres
908 4949 1173 5006 veneunt,
1217 4940 1271 4994 id
1315 4949 1397 4993 est
1443 4939 1772 5004 venduntur,

193 5053 364 5111 genus
388 5047 474 5093 est
498 5036 753 5107 ponderis
776 5035 1033 5091 levissimi
1061 5049 1123 5090 ex
1152 5033 1360 5089 duobus
1390 5033 1602 5088 assibus
1625 5048 1773 5088 com-

197 5132 379 5205 positi.
418 5128 528 5185 Nec
559 5128 787 5182 interest
827 5126 1021 5196 aliquis
1067 5138 1350 5189 numerus,
1377 5125 1470 5178 sed
1503 5124 1781 5193 proximus

195 5233 282 5279 est
310 5231 435 5294 post
459 5234 637 5276 assem
669 5218 981 5289 dipondius;
1010 5215 1331 5287 ponderales
1360 5216 1503 5270 enim
1534 5215 1637 5285 ipsi
1680 5230 1780 5269 nu-

198 5323 334 5378 meri
379 5328 506 5377 sunt
532 5326 587 5373 et
630 5317 697 5372 ad
729 5315 940 5385 pondus
979 5314 1270 5384 pertinent.
1314 5311 1481 5382 idque
1526 5311 1670 5380 quod
1722 5310 1778 5367 in

197 5411 461 5469 mirdinali
507 5422 734 5463 numero
780 5406 977 5460 dicitur
1018 5420 1215 5468 unum,
1255 5404 1360 5459 hoc
1406 5402 1460 5455 in
1496 5401 1777 5470 ponderali

199 5524 259 5560 as
290 5506 401 5559 sive
425 5500 586 5564 assis,
614 5506 667 5552 et
693 5496 836 5566 quod
864 5495 937 5550 ibi
963 5496 1088 5561 duo,
1119 5494 1206 5550 hic
1234 5494 1431 5559 dussis,
1463 5491 1549 5547 vel
1589 5491 1781 5560 dipon-

201 5598 323 5652 dius
368 5593 581 5649 dicitur.
613 5587 843 5656 Quidam
872 5595 1059 5641 coacte
1095 5585 1202 5640 duo
1246 5598 1494 5655 passeres
1542 5582 1780 5637 animam

204 5693 627 5759 interpretantur
648 5690 704 5738 et
728 5697 922 5751 corpus
952 5698 965 5733 :
998 5679 1232 5749 quinque
1269 5693 1482 5748 quoque
1510 5691 1775 5746 passeres,

204 5781 499 5837 secundum
533 5778 753 5842 Lucam,
786 5774 875 5843 qui
919 5773 1126 5827 duobus
1157 5771 1365 5825 assibus
1402 5779 1669 5833 veneunt,
1710 5766 1778 5821 ad

206 5887 398 5931 .‘kllSUS
458 5868 716 5927 referunt.
778 5865 886 5921 Sed
943 5861 1210 5936 quomodo
1277 5863 1363 5917 illa
1424 5859 1779 5934 intelligentia

1869 3359 2214 3428 liquesceret,
2239 3366 2332 3411 aut
2368 3364 2737 3411 contereretur
2779 3355 2832 3410 in
2869 3353 3167 3422 pulverem,
3202 3356 3294 3402 aut
3323 3362 3452 3402 con-

1869 3451 2186 3506 funderetur
2217 3450 2267 3503 in
2301 3465 2556 3515 massam,
2584 3456 2637 3503 et
2668 3463 2788 3502 eam
2827 3443 2985 3500 vellet
3023 3442 3217 3497 artifex
3265 3454 3453 3495 rursus

1869 3559 1937 3599 ex
1965 3543 2108 3597 illius
2144 3542 2383 3597 materiae
2421 3541 2725 3611 quantitate
2752 3552 3027 3610 reparare,
3055 3535 3191 3591 nihil
3221 3535 3449 3589 interes-

1870 3643 1953 3690 set
1980 3636 2050 3691 ad
2078 3632 2193 3702 ejus
2222 3632 2587 3705 integritatem
2624 3648 2744 3702 qua:
2777 3630 3043 3702 particula
3068 3626 3330 3692 materiae,
3360 3622 3450 3679 cui

1868 3726 2111 3781 membro
2155 3734 2346 3779 statua:
2392 3724 2732 3789 redderetur,
2762 3722 2888 3776 dum
2926 3718 3107 3775 tamen
3144 3726 3349 3782 totum,
3380 3728 3451 3769 ex

1867 3832 1975 3888 quo
2020 3817 2269 3871 restituta
2313 3814 2506 3880 fuerit,
2555 3822 2892 3870 resumeret:
2926 3814 2999 3867 ita
3028 3813 3194 3878 Deus,
3223 3807 3453 3867 mirabi-

1868 3908 1991 3963 liter
2032 3917 2192 3978 atque
2236 3908 2575 3963 ineii'abiliter
2626 3908 2847 3970 artifex,
2896 3908 2960 3962 de
3013 3914 3126 3961 toto
3173 3921 3280 3975 quo
3322 3923 3451 3964 caro

1868 4009 2055 4055 nostra
2098 4002 2446 4067 constiterat,
2490 4016 2606 4057 eam
2655 3999 2886 4061 mirabili
2922 4013 2976 4060 et
3019 3999 3274 4059 ineli‘abili
3309 4004 3449 4060 cele-

1871 4092 2029 4154 ritate
2060 4092 2324 4155 mstituCt.
2354 4098 2465 4154 Nec
2512 4100 2713 4169 aliqqu
2743 4096 2990 4151 attinebit
3018 4095 3085 4149 ad
3127 4095 3244 4173 ejus
3273 4094 3454 4151 redin—

1872 4191 2225 4263 tegrationem
2278 4200 2457 4245 utrum
2508 4188 2687 4260 capilli
2738 4188 2806 4242 ad
2851 4185 3076 4258 capillos
3131 4186 3353 4241 redeant
3400 4196 3456 4240 et

1871 4298 2074 4353 ungues
2100 4283 2170 4338 ad
2197 4298 2418 4353 ungues,
2448 4297 2517 4336 an
2547 4280 2807 4353 quidquid
2831 4294 3022 4335 eorum
3052 4278 3311 4349 perierat,
3343 4292 3455 4331 mu-

1872 4384 2014 4431 tetur
2051 4375 2107 4429 in
2134 4389 2353 4429 carnem
2384 4381 2440 4427 et
2473 4372 2525 4425 in
2564 4379 2748 4441 partes
2778 4369 2913 4424 alias
2954 4369 3200 4439 corporis
3239 4382 3458 4422 revoce-

1874 4482 1981 4540 tur,
2013 4480 2238 4528 curante
2277 4468 2505 4524 artiﬁcis
2539 4465 2900 4537 providentia,
2931 4479 2998 4520 ne
3031 4463 3160 4533 quid
3200 4461 3455 4517 indecens

1874 4566 1970 4622 ﬁat

1952 4656 2130 4712 Nolite
2156 4670 2278 4726 ergo
2314 4670 2400 4709 vos
2437 4653 2641 4718 timere,
2666 4651 2789 4723 quia
2818 4648 2995 4704 multis
3021 4648 3315 4720 passeribus
3352 4664 3460 4703 me-

1877 4751 2034 4803 liores
2061 4748 2184 4802 estis
2214 4763 2323 4801 vos.
2364 4743 2587 4816 (Μλωι.)
2631 4741 2880 4797 Meiiores
2906 4739 3038 4795 dicit
3066 4739 3193 4808 quia
3223 4739 3459 4795 rationa-

1880 4841 1974 4902 les,
2013 4840 2140 4909 quia
2170 4839 2239 4892 ad
2267 4835 2556 4906 imaginem
2585 4832 2683 4887 Dei
2707 4831 2899 4898 creati,
2926 4831 3052 4901 quia
3074 4830 3265 4886 :eterni
3290 4846 3306 4885 :
3334 4845 3461 4900 pro-

1879 4943 2001 5004 pter
2028 4932 2302 4985 hominem
2332 4928 2476 4982 enim
2505 4935 2689 4981 creata
2729 4933 2859 4980 sunt
2895 4925 3055 4980 bruta
3083 4923 3358 4990 animalia,
3397 4930 3458 4978 ut

1880 5024 2106 5078 haberet
2133 5020 2223 5075 ille
2250 5019 2640 5075 nutrimentum
2665 5024 2829 5087 atque
2856 5014 3160 5081 servitium,
3195 5029 3302 5069 non
3335 5028 3461 5084 pro-

1882 5127 2004 5186 pter
2026 5116 2293 5186 jumenta,
2327 5113 2509 5167 homo.

1955 5207 2139 5262 Omnis
2176 5219 2296 5275 ergo
2320 5202 2409 5275 qui
2445 5201 2771 5270 conﬁtebitur
2809 5213 2892 5251 me
2937 5211 3115 5250 coram
3142 5194 3457 5262 hominibus,

1883 5297 2165 5367 conﬁtebor
2208 5305 2255 5349 et
2293 5310 2385 5366 ego
2420 5309 2537 5347 eum
2580 5306 2757 5345 coram
2804 5284 2965 5341 Patre
3008 5300 3122 5359 meo
3168 5285 3257 5355 qui
3291 5296 3365 5339 est
3401 5286 3456 5340 in

1882 5392 2041 5448 ctzlis.
2067 5387 2292 5462 (Hilar.)
2323 5386 2604 5444 Confessio
2631 5386 2733 5440 hoc
2756 5383 2811 5436 in
2836 5381 2955 5436 loco
2984 5378 3328 5449 intelligenda
3354 5386 3459 5445 est,

1884 5486 1950 5540 de
1974 5499 2079 5555 qua
2112 5482 2244 5538 dicit
2265 5479 2553 5551 Apostolus
2580 5490 2594 5530 :
2624 5473 2795 5530 Corde
2830 5472 3062 5527 creditur
3083 5470 3152 5524 ad
3170 5470 3459 5542 justitiam,

1883 5592 1971 5629 ore
2000 5584 2174 5628 autem
2213 5569 2470 5640 confessio
2518 5566 2577 5635 [it
2621 5564 2689 5619 ad
2727 5561 2950 5617 salutem
2996 5558 3173 5633 (Rom.
3208 5558 3285 5633 x).
3325 5560 3462 5628 Quia

1882 5669 2025 5724 enim
2076 5666 2333 5721 Dominus
2375 5660 2620 5730 superius
2658 5654 2918 5728 praemisit
2952 5670 2967 5706 :
2999 5651 3134 5706 Ecce
3175 5667 3269 5722 ego
3313 5651 3462 5704 mitto

1883 5780 1967 5819 vos
1993 5764 2127 5816 sicut
2156 5776 2271 5814 oves
2298 5759 2353 5811 in
2384 5754 2551 5810 medio
2583 5752 2843 5823 luporum.
2874 5748 2941 5802 Et
2961 5747 3199 5802 iterum:
3235 5741 3463 5796 Tradent

1882 5856 2021 5910 enim
2061 5869 2146 5908 vos
2196 5852 2250 5904 in
2300 5846 2558 5912 conciliis,
2600 5855 2646 5899 et
2693 5844 2747 5897 in
2796 5842 3073 5911 synagogis
3123 5831 3463 5906 ﬂagellabant
