3914 6456
90 366 219 425 905

1092 361 1449 421 COMMENT.
1485 359 1555 418 IN
1599 357 2037 418 MATTHIEUM.
2078 391 2149 404 —
2182 361 2312 418 LIB.
2351 361 2438 419 Ill.

3301 371 3408 431 906

87 486 188 534 est
237 473 492 533 Ecclesia
533 475 830 546 primitiva,
858 491 980 546 quae
1006 483 1060 532 et
1089 489 1207 532 eam
1224 517 1240 543 ,
1281 476 1349 532 de
1385 491 1492 546 qua
1539 490 1709 547 genus
1735 481 1786 540 Α
1814 476 2010 542 amori,
2027 484 2083 532 et
2101 487 2322 548 propter
2342 475 2563 532 minima
2582 484 2638 532 et
2659 475 2860 534 caduca
2882 478 3118 537 maxima
3132 489 3191 538 et
3204 490 3408 543 aeterna

92 573 295 638 duxit,
333 571 672 643 Synagogam
720 570 843 626 ﬁdei
881 571 1304 641 persecutricem
1350 570 1626 636 sustinuit,
1663 579 1718 624 et

94 665 232 735 ipsa
263 664 446 718 eidem
495 662 794 734 Synagogae
820 661 945 717 ﬁdei
975 661 1202 718 veritate
1242 661 1589 718 contradixit.
1619 662 1719 716 So-

95 769 242 809 crus
271 753 575 826 Synagoga:
614 768 784 808 nurus
807 760 892 808 est
917 751 1159 807 Ecclesia
1188 754 1255 808 de
1281 752 1558 824 gentibus;
1591 753 1718 824 quia

95 861 358 916 sponsus
399 844 654 900 Ecclesiae
679 843 924 900 Christus
972 841 1114 899 ﬁlius
1157 851 1243 899 est
1290 843 1609 918 Synagogte,
1638 845 1720 900 di-

97 945 278 994 cente
307 936 563 1008 Apostolo
590 954 603 991 :
633 934 872 1002 Quorum
899 944 1074 1005 patres
1099 944 1147 990 et
1171 951 1236 990 ea:
1261 936 1450 1008 quibus
1475 935 1717 994 Christus

96 1031 414 1088 secundum
441 1047 652 1085 carnem
679 1028 855 1102 (Rom.
882 1029 982 1102 ιχ).

185 1122 402 1180 Socrus
436 1123 622 1195 igitur,
649 1121 704 1177 id
729 1129 813 1177 est
851 1129 1027 1177 mater
1055 1124 1261 1193 sponsi,
1295 1132 1352 1181 et
1403 1124 1458 1180 in
1496 1139 1717 1192 nurum,

101 1219 261 1274 sicut
289 1216 664 1288 praediximus,
695 1231 852 1271 suam
881 1224 938 1271 et
965 1216 1021 1271 in
1058 1217 1223 1273 ﬁliam
1253 1219 1426 1275 divisa
1451 1229 1558 1286 est,
1591 1219 1720 1290 quia

105 1314 412 1387 Synagoga
458 1314 694 1370 carnalis
738 1314 854 1370 sive
897 1315 964 1370 de
1007 1313 1445 1379 circumcisione,
1492 1313 1607 1368 sive
1652 1309 1722 1366 de

103 1407 412 1478 praeputio,
471 1409 754 1464 credentes
800 1408 1052 1479 persequi
1101 1424 1209 1463 non
1257 1415 1454 1463 cessat.
1509 1405 1616 1462 Sed
1663 1414 1722 1462 et

105 1497 254 1567 ipsa;
301 1499 359 1553 in
403 1512 620 1554 socrum
664 1507 1008 1571 matremque
1052 1507 1178 1555 sunt
1224 1499 1430 1565 divisae,
1475 1498 1723 1554 nolentes

109 1590 601 1647 circumcisionem
660 1590 902 1660 recipere
947 1589 1257 1655 carnalem,
1290 1597 1350 1644 ut
1389 1589 1559 1645 Actus
1593 1603 1723 1659 apo-

113 1679 396 1735 stolorum
446 1681 669 1748 docent,
711 1696 836 1736 cum
885 1682 1080 1751 quibus
1130 1690 1289 1736 antea
1331 1681 1722 1736 consuetudine

112 1772 436 1843 implicatus
462 1781 581 1828 erat
611 1791 624 1826 :
656 1773 800 1827 nulla
827 1774 972 1830 enim
1015 1773 1156 1844 apud
1187 1788 1281 1829 eos
1300 1772 1425 1844 jura
1454 1771 1719 1828 custodiri

110 1873 376 1936 possunt,
408 1865 549 1920 inter
571 1880 710 1936 quos
736 1865 862 1921 ﬁdei
888 1866 1090 1921 bellum
1115 1873 1220 1920 est.

195 1955 306 2021 Qui
335 1964 477 2010 amat
508 1966 710 2027 patrem
749 1965 842 2010 aut
872 1966 1094 2011 matrem
1130 1956 1248 2028 plus
1286 1971 1445 2028 quam
1476 1971 1578 2021 me,
1614 1971 1718 2010 non

111 2059 196 2106 est
227 2067 313 2103 me
337 2050 557 2120 dignus;
581 2051 672 2122 qui
711 2060 855 2106 amat
882 2051 1054 2120 filium
1092 2062 1183 2106 aut
1224 2049 1394 2120 ﬁliam
1430 2066 1590 2120 super
1612 2065 1716 2115 me,

111 2159 228 2197 non
263 2152 340 2197 est
374 2159 454 2197 me
484 2142 696 2214 dignus.
734 2141 1005 2216 (Hieron.)
1047 2142 1147 2210 Qui
1175 2150 1302 2198 ante
1334 2141 1716 2212 praemiserat:

115 2237 253 2293 Non
294 2238 413 2293 ueni
449 2255 630 2308 pacem
675 2238 896 2300 mittere,
944 2237 1036 2292 sed
1075 2237 1347 2307 gladium,
1388 2245 1444 2305 et
1479 2235 1722 2290 dividere

113 2327 376 2384 homines
404 2327 663 2382 adversus
686 2334 920 2395 patrem,
943 2334 994 2381 et
1023 2333 1274 2392 matrem,
1301 2333 1358 2381 et
1383 2338 1621 2389 socrum,
1651 2339 1723 2380 ne

116 2419 247 2490 quis
277 2417 537 2488 pietatem
584 2416 833 2488 religioni
862 2414 1182 2482 anteferret,
1229 2413 1460 2483 subjecit
1491 2415 1719 2472 dicens:

121 2510 233 2578 Qui
272 2519 417 2564 amat
444 2518 648 2581 patrem
685 2519 778 2564 aut
813 2518 1032 2563 matrem
1069 2507 1188 2581 plus
1225 2525 1386 2580 quam
1426 2525 1530 2564 me.
1563 2509 1630 2564 Et
1667 2509 1723 2564 in

120 2603 354 2659 Cantico
378 2603 611 2675 legimus
631 2602 968 2658 canticorum
994 2619 1008 2656 :
1036 2599 1293 2657 Ordinate
1314 2602 1371 2655 in
1391 2617 1475 2655 me
1497 2601 1725 2656 charita-

119 2705 228 2753 tem
266 2694 444 2768 (Cant.
468 2695 554 2767 ιι).
587 2694 686 2751 Hic
715 2695 848 2750 ordo
887 2694 941 2747 in
971 2693 1119 2748 omni
1155 2692 1350 2749 all‘ectu
1381 2693 1725 2749 necessarius

119 2794 230 2846 est.
245 2787 404 2854 Ama,
422 2794 549 2857 post
561 2785 728 2840 Deum
738 2825 754 2852 ,
768 2792 1002 2854 patrem,
1018 2798 1138 2838 ama
1156 2790 1407 2850 matrem,
1423 2796 1546 2836 ama
1560 2781 1721 2836 ﬁlios.

123 2875 192 2934 Si
235 2886 419 2933 autem
449 2876 750 2933 necessitas
784 2875 1017 2940 venerit,
1046 2883 1115 2937 ut
1135 2889 1292 2930 amor
1329 2880 1620 2944 parentum
1661 2887 1726 2929 ac

126 2970 366 3025 ﬁliorum
392 2968 488 3025 Dei
515 2969 688 3024 amori
714 2974 1079 3039 comparetur,
1105 2973 1160 3022 et
1187 2980 1296 3020 non
1322 2964 1494 3036 possit
1517 2973 1728 3018 utrum-

128 3076 238 3134 que
263 3061 494 3128 servari,
518 3060 702 3116 odium
727 3059 782 3114 in
811 3073 940 3114 suos
976 3057 1152 3128 pietas
1193 3056 1249 3112 in
1275 3057 1446 3112 Deum
1469 3064 1572 3112 est.
1605 3054 1725 3111 Non

127 3168 261 3224 ergo
288 3151 567 3224 prohibuit
591 3165 777 3206 amare
807 3157 903 3204 aut
931 3157 1168 3221 patrem,
1199 3157 1293 3203 aut
1324 3156 1555 3204 matrem
1573 3189 1587 3212 ,
1627 3147 1724 3203 sed

1819 581 2064 636 quaerere
2092 567 2332 640 negligit.

1891 659 1996 726 Qui
2020 661 2213 716 invenit
2239 661 2472 716 animum
2500 679 2675 730 suam,
2701 664 2879 735 perdet
2903 681 3039 724 eam.
3069 665 3281 742 (Beda.)
3308 667 3412 728 Hic

1817 765 1946 824 ergo
1992 751 2187 807 animae
2233 753 2450 809 nomine
2493 752 2602 809 vita
2637 769 2878 825 prasens
2925 755 3264 826 designatur,
3300 776 3410 832 qua

1817 846 2049 917 quisque
2097 845 2405 901 animaliter
2434 848 2583 916 cupit
2628 847 2830 904 vivere.
2876 848 2946 904 Et
2988 851 3199 907 duobus
3235 851 3415 910 modis

1817 936 1938 992 haec
1981 936 2246 992 sententia
2296 945 2442 992 recte
2477 945 2659 1006 potest
2701 937 2960 1010 intelligi,
3007 941 3101 996 sed
3146 941 3215 997 ad
3244 959 3412 1000 unum

1822 1027 2040 1084 omnino
2081 1027 2242 1084 ﬁnem
2277 1037 2506 1099 uterque
2535 1029 2838 1088 intellectus
2881 1031 3136 1100 refertur,
3163 1042 3223 1090 ut
3260 1036 3413 1094 vide-

1817 1116 1945 1173 licet
1987 1118 2215 1174 adversa
2254 1133 2354 1189 pro
2397 1119 2617 1176 Christo
2653 1122 2788 1192 pati,
2820 1122 2929 1177 imo
2975 1123 3151 1196 ipsam
3178 1135 3414 1183 mortem

1820 1223 1930 1265 non
1957 1210 2242 1266 timeamus
2262 1211 2416 1266 obire
2441 1229 2454 1265 :
2477 1211 2572 1281 qui
2597 1212 2744 1268 enim
2768 1213 3008 1271 minante
3037 1225 3268 1272 mortem
3297 1235 3418 1290 per-

1821 1310 2072 1358 secutore
2095 1302 2372 1374 negaverit
2395 1301 2696 1370 Christum,
2721 1305 2896 1377 magis
2921 1304 3074 1379 eligit
3099 1308 3168 1364 ad
3201 1318 3418 1381 tempus

1823 1394 2034 1450 salvare
2075 1396 2314 1452 animam
2341 1411 2493 1452 suam
2513 1437 2528 1464 ,
2576 1398 2826 1469 negando
2855 1399 2997 1455 hanc
3034 1403 3224 1470 procul
3252 1403 3418 1461 dubio

1823 1497 2039 1545 aeternae
2057 1491 2348 1560 perditioni
2372 1500 2671 1562 przeparat;
2699 1493 2828 1548 item
2849 1494 2942 1563 qui
2967 1493 3195 1549 salutem
3225 1497 3421 1554 animat

1825 1596 1938 1638 sua:
1961 1582 2158 1652 quaerit
2183 1590 2466 1648 aeternam,
2498 1584 2874 1654 temporaliter
2897 1600 3019 1642 eam
3062 1586 3206 1643 inter
3234 1603 3422 1659 perse-

1823 1684 2076 1731 cutorum
2119 1691 2311 1732 manus
2339 1677 2586 1746 perdere,
2619 1677 2723 1734 hoc
2749 1688 2834 1734 est
2877 1680 2932 1736 in
2982 1691 3215 1738 mortem
3262 1684 3414 1751 dare,

1824 1785 1934 1826 non
1985 1770 2220 1826 dubitat.
2261 1770 2492 1842 Utrique
2536 1780 2720 1828 autem
2768 1775 2954 1829 sensui
2999 1775 3250 1847 congruit
3293 1784 3421 1848 apte

1749 1869 1798 1930 Β
1827 1863 1971 1933 quod
1999 1864 2285 1936 sequitur:

1894 1953 1966 2008 Et
1993 1956 2083 2026 qui
2123 1955 2410 2026 perdiderit
2453 1957 2688 2013 animam
2719 1975 2872 2014 suam
2899 1971 3113 2033 propter
3137 1979 3239 2026 me.
3279 1980 3424 2020 mve-

1824 2047 1928 2102 niet
1949 2064 2087 2102 eam.
2119 2046 2177 2103 ld
2209 2056 2314 2113 est,
2341 2047 2435 2119 qui
2475 2049 2565 2105 hic
2589 2050 2910 2121 perdiderit,
2941 2052 3052 2108 illic
3080 2053 3418 2112 viviﬁcabit:

1823 2140 1918 2210 qui
1945 2148 2171 2211 propter
2196 2139 2474 2196 Christum
2501 2141 2664 2197 morti
2693 2142 2996 2210 tradiderit,
3025 2151 3138 2200 tota
3164 2145 3253 2202 die
3277 2146 3421 2202 aesti-

1823 2248 1984 2290 mans
2008 2249 2132 2289 eam
2169 2241 2231 2289 ut
2271 2248 2429 2290 ovem
2470 2234 2780 2302 occisionis,
2827 2245 3156 2311 exsurgente
3201 2247 3332 2296 tunc
3365 2248 3426 2296 et

1825 2324 2115 2396 adjuvante
2136 2323 2374 2391 Christo,
2404 2323 2632 2382 liberam
2658 2341 2779 2383 eam
2804 2328 3044 2384 inveniet
3070 2337 3295 2402 propter
3319 2345 3419 2386 no-

1825 2431 1950 2471 men
1977 2414 2204 2472 Christi.

1899 2504 2005 2573 Qui
2027 2506 2208 2578 recipit
2232 2521 2344 2574 vos,
2370 2524 2454 2563 me
2476 2509 2690 2580 recipit;
2711 2519 2758 2565 et
2783 2512 2874 2581 qui
2899 2528 2981 2566 me
3003 2513 3207 2583 recipit,
3235 2513 3417 2585 recipit

1824 2618 1946 2658 eum
1971 2603 2063 2673 qui
2088 2619 2171 2658 me
2199 2602 2362 2658 misit.
2396 2601 2625 2676 (Hilar.)
2651 2601 2818 2661 Docet
2843 2605 2900 2662 in
2928 2621 2989 2663 se
3021 2606 3186 2662 etiam
3209 2607 3420 2674 media-

1826 2694 1962 2750 toris
2027 2693 2263 2750 oilicium
2303 2711 2318 2748 :
2363 2695 2673 2766 quicunque
2733 2697 2805 2753 sit
2857 2706 3110 2768 receptus
3158 2714 3190 2754 a
3236 2699 3415 2766 nobis,

1827 2793 1993 2857 atque
2021 2785 2112 2841 ille
2135 2784 2412 2856 profectus
2433 2799 2499 2840 ex
2522 2785 2634 2842 Deo
2660 2787 2752 2854 sit,
2785 2787 2928 2844 Deus
2954 2804 3053 2860 per
3074 2788 3226 2844 illum
3249 2797 3426 2845 trans-

1826 2876 1983 2933 fusus
2012 2877 2068 2932 in
2112 2890 2212 2934 nos
2261 2877 2369 2943 sit;
2413 2884 2577 2947 atque
2619 2876 2698 2932 ita
2742 2878 2834 2948 qui
2875 2878 3150 2949 apostolos
3191 2879 3424 2951 recipit,

1827 2967 2105 3026 Christum
2155 2969 2386 3040 recipit:
2418 2969 2512 3041 qui
2550 2984 2682 3026 vero
2713 2969 2990 3027 Christum
3039 2971 3264 3044 recipit,
3315 2971 3420 3028 Pa-

1825 3069 1964 3118 trem
1993 3062 2166 3117 Deum
2198 3061 2443 3132 recipiet,
2479 3061 2608 3133 quia
2632 3077 2742 3118 non
2775 3062 2920 3119 aliud
2964 3063 3022 3119 in
3049 3063 3306 3135 apostolis
3335 3079 3423 3122 re-

1827 3153 1960 3224 cipit
2000 3167 2164 3224 quam
2205 3153 2349 3223 quod
2395 3153 2450 3208 in
2493 3151 2711 3208 Christo
2755 3162 2869 3220 est,
2914 3169 3089 3226 neque
3122 3155 3177 3211 in
3205 3155 3424 3214 Christo

131 3243 473 3314 δεεῖϐηθηιεΐ
497 3243 684 3298 add“:
720 3241 825 3309 Qui
850 3249 994 3295 0W"
1021 3249 1224 3311 Pamm
1245 3250 1335 3293 ααί
1363 3248 1584 3294 mairem
1604 3237 1722 3310 plus
1749 3234 1797 3299 C
1828 3247 1976 3304 aliud
2012 3257 2098 3304 est
2135 3264 2300 3321 quam
2337 3250 2483 3319 quod
2521 3251 2578 3305 in
2616 3249 2727 3305 Deo
2756 3256 2858 3302 est.
2900 3246 3114 3318 Perque
3146 3247 3290 3304 hunc
3327 3263 3422 3305 or-

125 3347 290 3408 quam
318 3350 422 3400 me,
453 3350 557 3388 non
579 3343 654 3388 est
683 3349 765 3387 me
797 3332 1007 3402 dignus.

205 3426 276 3482 Et
296 3429 386 3499 qui
425 3444 528 3481 non
572 3427 759 3498 accipit
801 3440 1009 3479 crucem
1043 3440 1229 3490 suam,
1267 3432 1315 3478 et
1352 3424 1588 3494 sequitur
1619 3439 1722 3491 me,

130 3533 241 3576 non
267 3528 342 3573 est
375 3535 458 3572 me
484 3517 696 3589 dignus.
733 3515 792 3570 In
823 3515 930 3572 alio
969 3515 1261 3586 Evangelio
1287 3515 1544 3570 scribitur
1570 3513 1722 3587 (Luc.

132 3608 216 3683 Ix)
239 3627 253 3662 :
281 3607 383 3674 Qui
411 3625 515 3663 non
539 3609 726 3678 accipit
755 3625 959 3662 crucem
993 3625 1144 3662 suam
1175 3608 1430 3679 quotidie.
1454 3606 1534 3663 Ne
1561 3605 1730 3663 semel

132 3711 386 3774 putemus
414 3701 665 3756 ardorem
691 3698 817 3754 ﬁdei
851 3715 1008 3770 posse
1047 3697 1315 3765 sullicere,
1339 3714 1554 3770 seraper
1595 3714 1730 3755 crux

135 3791 398 3864 portanda
427 3799 530 3856 est,
555 3800 617 3846 ut
642 3805 858 3861 semper
887 3806 985 3846 nos
1018 3791 1293 3846 Christum
1323 3806 1508 3846 amare
1539 3791 1732 3847 docea-

136 3896 282 3938 mur.
310 3879 522 3954 (Beda.)
551 3879 696 3936 Crux
725 3883 924 3952 quippe
950 3897 980 3936 a
1005 3882 1253 3937 cruciatu
1275 3881 1492 3948 dicitur,
1521 3891 1577 3936 et
1605 3880 1734 3936 duo-

139 3973 244 4031 bus
275 3973 446 4028 modis
471 3989 688 4028 crucem
725 3973 938 4029 Domini
973 3973 1276 4044 hajulamus
1301 3991 1314 4027 :
1345 3989 1468 4029 cum
1499 3981 1594 4028 aut
1635 3988 1735 4045 per

144 4064 521 4120 abstinentiam
555 4079 775 4120 carnem
820 4063 1102 4132 allicimus,
1131 4073 1223 4120 aut
1262 4080 1359 4135 per
1397 4065 1735 4137 compassio-

145 4171 267 4212 nem
294 4154 522 4226 proximi
561 4156 944 4212 necessitatem
973 4155 1118 4211 illius
1162 4163 1406 4210 nostram
1445 4145 1736 4226 putamus;

147 4249 238 4318 qui
264 4247 404 4302 enim
429 4247 673 4303 dolorem
705 4249 928 4305 exhibet
955 4249 1011 4303 in
1036 4239 1213 4304 aliena
1237 4249 1582 4316 necessitate,
1611 4265 1736 4306 cru-

149 4353 263 4394 cem
303 4347 478 4409 portat
504 4340 560 4394 in
591 4348 791 4395 mente.
827 4339 1118 4395 Sciendum
1147 4354 1280 4396 vero
1310 4351 1394 4396 est
1420 4342 1564 4412 quod
1609 4350 1736 4398 sunt

149 4433 383 4489 nonnulli
428 4435 520 4504 qui
566 4435 747 4490 carnis
797 4435 1182 4490 abstinentiam
1212 4451 1320 4490 non
1350 4451 1448 4506 pro
1477 4437 1612 4502 Deo,
1641 4435 1738 4491 sed

151 4540 246 4596 pro
272 4525 415 4580 inani
448 4525 617 4597 gloria
651 4526 928 4580 exhibent.
957 4525 1025 4579 Et
1050 4534 1178 4580 sunt
1204 4525 1448 4597 plerique
1471 4527 1562 4596 qui
1587 4542 1738 4583 com-

151 4619 448 4692 passionem
477 4620 726 4689 proximo
756 4635 865 4674 non
914 4619 1230 4691 spiritaliter
1279 4621 1626 4690 impendunt,
1676 4630 1736 4676 ut
1761 4600 1813 4660 D

152 4712 202 4768 ei
243 4727 345 4767 non
385 4712 453 4766 ad
481 4712 736 4768 virtutem
765 4714 860 4768 sed
903 4714 1056 4784 quasi
1105 4715 1413 4770 miserando
1440 4715 1507 4770 ad
1550 4714 1734 4786 culpas

153 4802 397 4860 faveant:
429 4802 485 4856 hi
528 4803 710 4873 itaque
753 4817 975 4859 crucem
1014 4804 1233 4876 quidem
1280 4805 1533 4861 videntur
1566 4803 1733 4872 ferre,

153 4893 245 4950 sed
270 4893 550 4949 Dominum
575 4909 679 4949 non
707 4904 1024 4964 sequuntur.
1053 4895 1206 4952 Unde
1231 4905 1379 4953 recte
1404 4897 1520 4952 hzec
1543 4897 1733 4953 eadem

156 4984 360 5043 Veritas
387 4985 558 5042 dicit:
599 4985 702 5051 Qui
746 5003 851 5040 non
890 4988 1078 5057 accipit
1115 5003 1322 5042 crucem
1348 5005 1531 5058 suam,
1571 5001 1618 5046 et
1645 5007 1731 5046 se-

155 5081 325 5152 quitur
352 5097 450 5147 me,
479 5097 584 5134 non
613 5091 688 5134 est
723 5098 804 5136 me
839 5081 1063 5152 dignus;
1107 5083 1356 5153 accipere
1381 5085 1583 5140 etenim
1613 5101 1737 5140 cru-

159 5190 290 5243 cem,
319 5184 372 5232 et
398 5185 522 5248 post
548 5177 717 5232 Deum
745 5178 844 5245 ire,
883 5187 967 5234 est
995 5178 1079 5234 vel
1115 5181 1298 5236 carnis
1325 5181 1734 5248 abstinentiam,

159 5269 242 5325 vel
261 5271 683 5341 compassionem
707 5272 954 5341 proximo
978 5273 1156 5328 studio
1177 5281 1395 5329 aeternae
1419 5273 1738 5330 intentionis

162 5366 406 5425 exhibere
428 5385 441 5420 :
466 5381 590 5421 nam
612 5365 857 5435 quisquis
877 5367 993 5422 haec
1013 5382 1112 5437 pro
1134 5366 1414 5437 temporali
1438 5368 1738 5423 intentione

165 5457 386 5526 exhibet,
425 5472 644 5514 crucem
671 5455 886 5525 quidem
917 5457 1134 5526 bajulat,
1176 5460 1272 5516 sed
1306 5460 1389 5515 ire
1416 5467 1538 5530 post
1566 5458 1735 5515 Deum

167 5558 382 5606 recusat.
412 5550 638 5624 (ΜΑυκ.)
684 5549 837 5618 Quod
882 5559 1062 5606 autem
1105 5554 1195 5609 hic
1225 5561 1282 5609 et
1322 5554 1592 5623 superius,
1632 5570 1737 5608 non

169 5653 239 5699 est
266 5659 340 5697 me
367 5643 576 5714 dignus,
605 5642 757 5708 dicit,
788 5641 1058 5712 signiﬁcat
1103 5644 1321 5714 quidem
1357 5645 1506 5700 illum
1555 5645 1737 5702 divino

173 5738 429 5794 consortio
458 5751 578 5793 esse
614 5735 910 5806 indignum,
939 5734 1032 5805 qui
1059 5735 1282 5793 delicias
1309 5739 1494 5794 mundi
1523 5747 1581 5794 et
1609 5753 1738 5794 con-

175 5829 534 5903 sanguinitatis
580 5827 852 5885 carnalem
900 5841 1141 5882 amorem
1193 5831 1457 5901 prmponit
1505 5830 1737 5902 spiritali

639 5922 916 5984 PATBOL.
962 5918 1150 5985 CVII.

1829 3339 2013 3396 dinem
2049 3341 2352 3413 gratiarum
2379 3357 2488 3397 non
2518 3341 2665 3398 aliud
2699 3349 2784 3398 est
2810 3339 3086 3410 apostolos
3127 3342 3425 3413 recepisse.

1829 3447 1994 3503 quam
2023 3432 2214 3499 Deum,
2252 3433 2382 3504 quia
2415 3441 2470 3488 et
2514 3433 2570 3488 in
2609 3431 2717 3488 illis
2741 3430 3012 3498 Christus,
3040 3439 3095 3486 et
3125 3431 3180 3487 in
3209 3430 3428 3489 Christo

1830 3527 1975 3582 Deus
2001 3527 2224 3582 habitet.
2255 3526 2394 3582 Ecce
2420 3525 2556 3582 ordo
2578 3523 2995 3596 pulcherrimus,
3024 3539 3149 3579 cum
3181 3525 3252 3580 ad
3289 3541 3428 3597 prte-

1833 3618 2160 3674 dicationem
2196 3617 2381 3683 mittit,
2415 3618 2574 3674 docet
2604 3615 2842 3688 pericula
2884 3631 2993 3671 non
3035 3616 3300 3684 timenda,
3345 3616 3429 3673 af-

1834 3709 2036 3768 fectum
2080 3709 2302 3781 subjicit
2344 3710 2508 3767 statui
2535 3709 2833 3780 religionis,
2875 3723 3069 3764 aurum
3098 3724 3259 3781 supra
3289 3711 3425 3768 tule-

1835 3814 1952 3871 rat,
1987 3820 2064 3860 res
2108 3804 2175 3860 de
2218 3819 2356 3859 zona
2401 3808 2753 3869 excusserat,
2798 3801 2932 3857 dura
2973 3800 3428 3873 evangelistarum

1837 3900 2098 3957 conditio.
3260 3886 3262 3888 ’

1912 3991 2066 4048 Unde
2115 4004 2246 4062 ergo
2306 3995 2584 4061 sumptus,
2629 3987 2776 4043 unde
2830 3985 3008 4041 victus
3077 3987 3434 4044 necessaria?

1835 4079 2224 4150 Austeritatem
2289 4079 2669 4134 mandatorum
2725 4093 2824 4148 spe
2872 4085 3142 4148 temperat
3191 4081 3432 4150 promis-

1839 4189 2063 4232 serum:
2098 4173 2204 4239 Qui
2243 4173 2453 4243 recipit,
2514 4171 2790 4242 inquiens,
2840 4186 2949 4237 vos,
2997 4185 3081 4224 me
3127 4171 3344 4241 recipit;
3383 4179 3434 4227 et

1836 4269 1929 4342 qui
1957 4268 2135 4339 recipit
2173 4282 2277 4332 me,
2306 4265 2483 4336 recipit
2514 4281 2634 4320 eum
2661 4264 2750 4337 qui
2780 4281 2862 4319 me
2892 4264 3052 4320 misit.
3081 4263 3152 4321 Ut
3180 4264 3234 4320 in
3260 4264 3436 4321 susci-

1836 4361 2050 4432 piendis
2096 4359 2356 4430 apostolis
2403 4357 2774 4428 unusquisque
2817 4356 3152 4412 credentium
3208 4372 3267 4413 se
3315 4373 3436 4414 sus-

1839 4455 2050 4526 cepisse
2103 4453 2383 4508 Christum
2456 4451 2771 4517 arbitretur,
2818 4458 2874 4506 et
2921 4450 2976 4504 in
3031 4452 3436 4507 resurrectione

1840 4545 2046 4601 Christi
2075 4544 2264 4600 credat
2294 4558 2354 4599 se
2384 4543 2555 4598 Deum
2592 4540 2811 4596 Patrem
2845 4540 3141 4610 accepisse,
3179 4540 3342 4598 talem
3373 4558 3436 4600 se

1840 4637 2028 4706 utique
2055 4652 2120 4691 ac
2150 4644 2360 4690 tantum
2402 4632 2521 4687 vult
2563 4631 2734 4698 credi,
2777 4631 2954 4703 qualis
2981 4641 3038 4688 et
3068 4642 3308 4704 quantus
3349 4643 3438 4690 est

1840 4729 2042 4784 Pater:
2069 4726 2253 4797 Usque
2280 4724 2417 4780 adeo
2442 4724 2610 4788 enim,
2654 4723 2848 4795 inquit,
2901 4724 3036 4780 nihil
3081 4727 3247 4783 distat
3288 4727 3436 4784 inter

1840 4834 1928 4875 me
1971 4827 2025 4875 et
2053 4832 2199 4884 eum,
2231 4825 2290 4872 ut
2317 4816 2410 4888 qui
2439 4830 2526 4870 me
2561 4815 2773 4886 recipit,
2802 4815 3030 4888 recipiat
3053 4833 3178 4875 eum
3219 4817 3313 4890 qui
3343 4832 3434 4875 me

1837 4914 2005 4970 misit.

1913 5004 2017 5070 Qui
2049 5002 2227 5071 recipit
2251 5001 2557 5072 prophetam
2589 5001 2646 5056 in
2671 5001 2879 5057 nomine
2915 5002 3202 5073 prophetat,
3229 5018 3430 5058 merce-

1839 5096 1956 5150 dem
1984 5094 2247 5166 propheta:
2275 5093 2540 5164 accipiet;
2584 5101 2634 5148 et
2659 5093 2751 5165 qui
2778 5093 2959 5164 recipit
2997 5094 3205 5164 justum
3235 5095 3290 5148 in
3333 5111 3432 5150 no-

1839 5188 1978 5242 mine
1997 5186 2154 5258 justi,
2205 5184 2494 5240 mercedem
2525 5185 2663 5255 justi
2697 5185 2939 5255 accipiet.
2985 5181 3190 5256 (Greg.)
3228 5185 3287 5240 In
3313 5187 3435 5257 qui-

1838 5281 1940 5336 bus
1967 5277 2146 5334 verbis
2181 5277 2476 5332 notandum
2500 5286 2583 5332 est
2605 5276 2732 5348 quia
2767 5291 2875 5330 non
2904 5275 3002 5340 ait,
3031 5275 3330 5332 Mercedem
3365 5278 3433 5334 de

1838 5372 2124 5443 propheta,
2165 5368 2274 5435 vel,
2328 5367 2629 5424 Mercedem
2676 5363 2930 5435 dejusto,
2977 5366 3095 5433 sed,
3139 5366 3434 5423 Mercedem

1840 5463 2126 5537 prophetae,
2167 5467 2242 5526 et,
2275 5458 2569 5515 Mercedem
2585 5457 2742 5528 justi.
2794 5456 2957 5512 Aliud
2997 5465 3082 5512 est
3116 5457 3260 5513 enim
3288 5473 3435 5515 mer-

1841 5570 1933 5612 ces
1961 5555 2030 5609 de
2048 5553 2337 5624 propheta,
2358 5549 2503 5606 aliud
2523 5564 2734 5606 merces
2752 5550 3029 5620 prophetae
3051 5566 3066 5616 ;
3091 5557 3256 5621 atque
3283 5549 3431 5606 aliud

1841 5663 2056 5703 merces
2094 5646 2161 5702 de
2182 5643 2351 5714 justo,
2403 5643 2548 5698 aliud
2571 5657 2781 5698 merces
2813 5640 2970 5711 justi.
3005 5641 3145 5710 Quid
3170 5649 3254 5698 est
3282 5641 3430 5697 eni

1841 5741 2128 5796 mercedem
2162 5738 2424 5812 propheta:
2453 5736 2688 5808 accipiet,
2722 5734 2824 5790 nisi
2854 5735 2982 5806 quia
3007 5735 3054 5789 is
3085 5734 3177 5805 qui
3201 5731 3431 5802 prophe-

1842 5842 1952 5891 tam
1979 5848 2075 5890 sua
2095 5832 2347 5905 largitate
2367 5837 2655 5898 sustentat,
2679 5827 2926 5899 quamvis
2952 5827 3069 5898 ipse
3092 5821 3428 5898 prophetiam
