3914 6462
1207 354 1563 414 ωωωτ.
1597 354 1669 413 1N
1702 355 2145 414 Harmon.
2182 387 2255 400 --
2287 357 2419 414 LIB.
2456 355 2542 415 IN.

3365 357 3470 416 σω

209 488 297 547 φη
339 460 472 527 ὠΐιᾶ
491 475 704 540 pm
724 466 909 523 eundi
944 464 1126 537 (Joau.
1149 473 1191 537 ι)
1223 482 1238 531 ;
1289 472 1348 523 et
1379 464 1560 527 Patris
1594 479 1785 521 vocem
1810 467 2202 534 Averitaten,
2246 469 2462 539 quando
2486 467 2667 525 omnis
2699 467 2845 541 apud
2865 481 2992 524 eum
3025 469 3117 539 qui
3142 468 3341 525 salvari
3370 486 3471 542 po;

212 567 512 625 ieiunantis
534 563 821 620 audierat:
855 560 959 615 Hic
982 568 1057 614 est
1083 556 1261 613 Filius
1289 573 1437 613 me
1463 556 1703 623 dilectus,
1732 558 1795 611 in

211 676 312 733 quo
337 657 466 711 mihi
500 653 791 726 complacui
822 651 1038 724 (Metili.
1065 648 1148 721 ill)
1176 666 1195 717 ;
1247 650 1342 705 sed
1363 648 1633 720 quomodo
1672 647 1793 702 Sal-

213 759 371 807 vator
393 750 690 821 interrogat
720 747 813 801 ubi
851 746 923 801 sit
944 745 1155 816 positus
1184 742 1447 808 Lazarus,
1493 751 1555 797 ut
1584 741 1679 813 qui
1712 741 1793 798 Ιο-

215 860 339 904 cum
386 844 618 915 sepulcri
647 841 957 901 indicabant
978 882 994 909 ,
1043 842 1233 897 saltem
1259 842 1341 897 sic
1363 849 1689 911 pararentur
1722 840 1797 895 ad

216 937 395 1002 ﬁdem,
447 944 503 991 et
548 934 796 991 viderent
824 940 1095 987 mortuum
1141 940 1517 1001 resurgentem
1552 948 1564 984 :
1612 929 1694 989 sic
1737 934 1796 984 et

214 1030 448 1088 hannes
497 1029 895 1085 interﬁciendus
944 1030 1016 1085 ab
1048 1028 1296 1094 Herode»,
1329 1028 1620 1098 discipulos
1667 1041 1795 1083 suos

215 1124 381 1181 mittit
409 1123 477 1179 ad
510 1121 804 1186 Christum,
854 1126 916 1175 ut
941 1135 1043 1191 per
1067 1120 1207 1175 hane
1231 1120 1575 1176 occasionem
1607 1119 1799 1174 viden-

215 1226 295 1274 tes
320 1219 473 1289 signa
499 1224 662 1289 atque
689 1217 937 1283 virtutes,
968 1216 1254 1272 crederent
1278 1214 1331 1269 in
1361 1229 1505 1278 eum,
1533 1221 1591 1269 et
1626 1213 1800 1284 magi-

218 1310 732 1381 atro-interrogante,
748 1307 846 1363 sibi
863 1308 1156 1363 discerent.
1173 1305 1407 1379 (Euan)
1420 1305 1562 1361 Misit
1581 1319 1796 1375 quoque

217 1400 284 1455 ad
304 1401 613 1466 Dominum,
656 1407 715 1454 ut
737 1398 1111 1454 auctoritatem
1132 1398 1295 1454 dictis
1327 1397 1442 1453 suis
1461 1396 1603 1453 illius
1633 1410 1803 1466 opera

216 1490 551 1559 conferrent,
588 1505 658 1547 ne
684 1490 933 1547 Christus
962 1490 1097 1547 alius
1144 1488 1587 1561 exspectiretur,
1636 1502 1805 1558 quam

217 1584 305 1639 cui
331 1584 695 1639 testimonium
724 1598 890 1654 opera
929 1582 1327 1653 praestitissent.
1382 1580 1489 1637 Sed
1527 1579 1805 1651 praebetur

217 1673 272 1730 in
299 1672 384 1729 bis
414 1687 535 1745 quas
556 1686 588 1728 a
610 1671 820 1729 Ioanne
840 1681 990 1745 gesta
1011 1681 1137 1727 sunt
1158 1671 1511 1743 intelligentia
1537 1670 1797 1740 amplior;

216 1777 273 1822 et
305 1781 429 1821 cum
460 1766 589 1822 facti
614 1764 917 1829 eﬂicientia,
952 1764 1125 1836 gratia
1151 1765 1205 1819 in
1244 1780 1309 1820 eo
1337 1778 1595 1835 expressa
1630 1764 1801 1819 senti-

1894 566 2003 617 test
2020 557 2242 628 aequalis
2270 566 2370 614 est.
2398 559 2551 627 Quod
2581 568 2761 615 autem
2791 560 2909 616 ait:
2940 559 3010 614 Et
3042 559 3222 615 beatus
3250 560 3341 631 qui
3369 576 3477 618 non

1895 651 2053 722 fuerit
2105 651 2497 707 scandalizatus
2532 653 2590 706 in
2638 668 2740 719 me,
2783 653 3001 709 interim
3032 653 3248 709 nuntios
3284 651 3478 725 [iam

1895 742 2139 816 nunties]
2184 744 2463 813 percutit,
2502 744 2641 799 siem
2673 744 2729 799 in
2771 743 3227 815 consequentibus
3253 744 3479 802 demon-

1897 838 2177 894 arabitur.

1967 930 2288 986 Abeuntibus
2315 940 2491 986 autem
2521 930 2651 997 illis,
2697 931 2847 1002 coepit
2875 930 3033 985 Iesus
3071 930 3242 986 dicere
3268 932 3337 986 ad
3359 939 3479 987 tur-

1898 1023 1991 1079 bas
2041 1024 2105 1079 de
2146 1024 2352 1079 Joanne
2379 1038 2398 1077 :
2451 1023 2592 1091 Quid
2639 1024 2818 1078 existis
2856 1025 2912 1077 in
2959 1024 3221 1078 desertum
3262 1021 3488 1083 viden?

1899 1114 2211 1171 arundinem
2242 1124 2391 1170 vento
2428 1117 2682 1186 agitatam
2705 1116 2730 1169 f
2757 1115 2862 1170 Sed
2894 1115 3021 1186 quid
3063 1116 3242 1171 existis
3263 1116 3436 1172 videre
3458 1116 3487 1173 2

1899 1203 2159 1260 honinem
2203 1204 2448 1261 mallibus
2480 1206 2764 1260 vestitum?
2812 1204 2947 1260 Ecce
2992 1206 3084 1276 qui
3122 1204 3367 1261 mollibus
3396 1222 3485 1262 oe-

1900 1300 2135 1352 stiuntur
2156 1300 2212 1353 in
2245 1297 2483 1352 domibus
2513 1313 2689 1368 regum
2721 1305 2864 1352 sunt.
2898 1296 2956 1352 Si
2991 1298 3238 1367 superior
3266 1307 3486 1354 senten-

1902 1390 1978 1445 tia
2012 1399 2202 1446 contra
2241 1390 2507 1446 Joannem
2544 1389 2757 1460 prolata
2793 1388 2986 1456 fuerat,
3032 1398 3092 1444 ut
3116 1389 3358 1461 plerique
3403 1404 3493 1444 ar-

1901 1483 2199 1549 bitrantur,
2226 1484 2279 1538 in
2317 1497 2382 1538 eo
2408 1482 2552 1553 quod
2585 1483 2661 1536 ait
2691 1499 2704 1535 :
2736 1481 2933 1536 Beatus
2971 1491 3045 1536 est
3071 1483 3161 1551 qui
3201 1497 3305 1535 non
3334 1480 3493 1551 fuerit

1904 1573 2299 1633 scandalizatus
2340 1577 2397 1631 in
2420 1592 2501 1630 me
2525 1616 2539 1642 ,
2576 1575 2847 1647 quomodo
2875 1589 3021 1630 nunc
3065 1572 3302 1630 Joannes
3329 1573 3493 1628 tantis

1903 1667 2155 1724 laudibus
2198 1667 2566 1739 praedicatur?
2618 1665 2724 1722 Sed
2772 1666 2897 1737 quia
2940 1666 3097 1721 turba
3135 1666 3497 1721 circumstans

1907 1757 2348 1831 interrogationis
2389 1758 2705 1831 mysterium
2758 1758 3053 1823 nesciebat,
3087 1757 3161 1811 ita
3195 1763 3257 1811 ut
3280 1764 3499 1826 putaret

219 1865 340 1912 tur:
373 1864 434 1912 ut
451 1857 712 1928 propheta
743 1857 879 1927 ipse,
931 1854 1048 1926 ipso
1070 1869 1285 1926 quoque
1324 1853 1650 1909 conditionis
1694 1867 1806 1909 suae
1833 1843 1882 1905 Β
1908 1849 2174 1907 Joannem
2195 1851 2443 1907 dubitare
2468 1851 2534 1905 de
2559 1849 2793 1915 Christo,
2821 1864 2979 1920 quem
3011 1849 3126 1920 ipse
3163 1854 3501 1903 monstrave-

219 1964 416 2020 genere
440 1950 811 2020 prophetaret,
852 1947 978 2017 quia
1008 1947 1063 2001 in
1090 1961 1155 2002 eo
1178 1945 1351 2001 forma
1374 1944 1509 2017 legis
1532 1944 1673 1999 elata
1702 1951 1804 1998 est.

219 2041 493 2097 Christum
516 2041 657 2096 enim
692 2036 777 2095 lex
801 2038 1161 2104 annuntiavit,
1195 2045 1249 2091 et
1280 2036 1654 2092 remissionem
1678 2048 1809 2105 pec-

221 2140 467 2187 catorum
489 2131 820 2201 praedicavit,
852 2139 910 2185 et
934 2142 1157 2199 regnum
1189 2126 1448 2183 coriorum
1479 2125 1763 2196 spopondit
1791 2142 1807 2179 :

220 2229 276 2277 et
303 2220 540 2277 Joannes
565 2221 669 2276 hoc
692 2236 828 2292 opus
851 2228 1022 2275 totum
1048 2218 1183 2289 legis
1212 2218 1466 2287 explevit.
1507 2216 1675 2288 igitur
1693 2230 1811 2270 ces-

223 2320 379 2368 sante
400 2313 517 2383 jam
549 2313 684 2383 lege,
723 2326 845 2381 qua)
872 2300 1113 2380 peccatis
1136 2308 1308 2378 plebis
1343 2308 1571 2374 inclusa,
1625 2314 1679 2361 et
1717 2320 1816 2375 po—

221 2398 341 2475 puli
362 2400 540 2458 vincta
561 2402 728 2467 vitiis,
773 2414 841 2456 ne
860 2400 1107 2456 Christus
1134 2405 1317 2469 posset
1340 2398 1585 2468 intelligi,
1614 2397 1812 2451 vincu-

222 2494 289 2552 lis
317 2504 371 2551 et
395 2508 615 2551 carcere
645 2494 1046 2549 continebatur.
1085 2490 1229 2561 Ergo
1259 2490 1326 2544 ad
1348 2488 1638 2559 Evangelia
1680 2500 1813 2542 eon-

224 2586 424 2643 tuenda
448 2587 533 2642 lex
567 2585 755 2649 mittit,
790 2590 849 2638 ut
882 2581 1173 2638 inﬁdelitas
1200 2582 1363 2637 ﬁdem
1380 2581 1650 2636 dictorum
1686 2570 1817 2634 mni-

225 2677 518 2749 templetur
549 2678 603 2732 in
630 2675 825 2731 factis:
878 2684 933 2730 et
960 2674 1104 2744 quod
1129 2674 1271 2729 intra
1317 2687 1437 2727 eam
1465 2678 1816 2742 peccatorum

226 2767 420 2825 fraude
482 2769 552 2824 sit
604 2768 846 2824 vinctum
875 2807 890 2833 ,
940 2779 1036 2837 per
1084 2765 1498 2835 intelligentiam
1550 2763 1819 2819 libertatis

212 2861 558 2934 evangelica:
585 2857 839 2915 abluatur
863 2858 996 2931 [Al.,
1029 2856 1381 2930 absolvatur].

298 2950 577 3027 [Hieron.]
607 2950 760 3019 Quod
787 2958 967 3006 autem
994 2947 1341 3019 superbirent
1378 2945 1631 3018 discipuli
1659 2940 1823 3000 Joan-

228 3047 313 3103 nis
353 3046 616 3102 adversus
642 3042 961 3110 Dominum,
1013 3048 1068 3098 et
1095 3041 1359 3097 haberent
1382 3038 1589 3110 aliquid
1611 3038 1824 3094 morda-

1912 1954 2019 2012 rat,
2052 1954 2112 2000 ut
2153 1944 2515 2015 intelligerent
2552 1943 2814 1999 Joannem
2846 1958 2951 1998 non
2984 1943 3085 1997 sibi
3115 1942 3497 2013 interrogasse,

1913 2039 2009 2095 sed
2036 2037 2315 2109 discipulis
2340 2040 2473 2094 suis.
2509 2038 2649 2105 Quid
2671 2039 2870 2103 existis,
2900 2037 3099 2107 inquit,
3124 2037 3178 2091 in
3204 2035 3498 2089 desertum:

1914 2132 2157 2201 nunquid
2184 2133 2252 2188 ob
2278 2132 2382 2188 hoc
2406 2140 2469 2186 ut
2513 2130 2787 2188 hominem
2824 2130 3080 2184 videretis
3108 2127 3320 2184 calamo
3350 2126 3505 2182 simi-

1915 2222 2043 2289 lem,
2090 2226 2181 2295 qui
2202 2226 2348 2280 omni
2372 2204 2532 2280 vento
2566 2224 2966 2291 circumfertur,
3004 2230 3063 2277 ut
3098 2222 3316 2277 levitate
3350 2235 3503 2275 men-

1917 2315 1989 2371 tis
2025 2316 2090 2370 de
2116 2331 2179 2371 eo
2204 2316 2521 2387 ambigeret,
2559 2330 2718 2385 quem
2747 2322 2905 2370 antea
2954 2311 3384 2385 praedicaverat?
3420 2310 3507 2366 An
3544 2326 3557 2339 ’

1916 2404 2147 2462 forsitan
2178 2407 2409 2462 stimulis
2439 2407 2651 2462 invidia:
2676 2404 2863 2462 contra
2892 2421 2980 2461 me
3006 2406 3250 2478 cogitur,
3277 2412 3334 2461 et
3370 2417 3509 2476 prae-

1919 2497 2121 2554 dicatio
2150 2498 2265 2567 ejus
2291 2514 2484 2553 vanam
2524 2507 2766 2554 sectatur
2791 2499 3039 2570 gloriam,
3077 2506 3137 2553 ut
3162 2514 3227 2554 ex
3273 2513 3339 2555 eo
3364 2511 3510 2568 quaa-

1916 2599 2008 2645 rat
2049 2590 2243 2646 lucra?
2281 2589 2391 2647 Cur
2438 2592 2654 2646 divitias
2704 2592 2906 2661 cupiat,
2955 2601 3013 2646 ut
3044 2590 3227 2647 adluat
3260 2591 3507 2661 dapibus.

1920 2681 2170 2738 Locustis
2190 2683 2428 2737 vescitur
2470 2691 2525 2739 et
2551 2682 2707 2738 melle
2736 2683 2991 2739 silvestri.
3050 2683 3135 2738 An
3176 2690 3234 2737 ut
3254 2680 3508 2738 mollibus
3607 2668 3619 2679 ’

1920 2772 2226 2827 vestiatur?
2262 2772 2361 2827 Pili
2385 2773 2715 2828 camelorum
2753 2781 2967 2843 tegmen
2996 2771 3113 2841 ejus
3143 2782 3285 2841 sunt.
3323 2771 3510 2828 Istius-

1913 2862 2069 2918 ‘modi
2094 2862 2247 2919 cibus
2272 2871 2329 2917 et
2352 2863 2517 2917 vestis
2550 2863 2785 2919 carceris
2813 2864 3050 2933 hospitio
3077 2862 3428 2933 recipiuntur,
3457 2870 3515 2918 et

1918 2956 2237 3029 przedicatio
2265 2955 2508 3011 veritatis
2531 2956 2641 3010 tale
2673 2957 2838 3012 habet
2861 2954 3249 3011 habitaculum.
3291 2954 3393 3023 Qui
3417 2970 3513 3008 au-

1928 3052 2035 3101 tem
2065 3044 2199 3111 falso
2218 3045 2515 3115 praedicant
2536 3045 2842 3101 adulatores
2868 3052 3014 3111 sunt,
3040 3051 3319 3100 sectantur
3337 3042 3509 3107 lucra,

230 3140 415 3196 citatis
454 3153 521 3194 ex
563 3136 734 3194 livore
759 3144 813 3192 et
855 3134 1078 3202 invidia,
1122 3132 1373 3205 superior
1399 3145 1615 3202 quoque
1648 3131 1817 3185 inter-

1928 3148 2183 3210 quterunt
2197 3139 2432 3206 divitias,
2457 3146 2513 3194 et
2539 3128 2745 3195 deliciis
2772 3137 3013 3204 aliluunt,
3062 3145 3116 3195 et
3150 3135 3405 3199 mollibus
3426 3149 3517 3189 ve-

230 3232 467 3309 pretatio
496 3229 907 3295 demonstravit,
949 3200 1278 3299 evangelista
1316 3200 1588 3282 referente
1621 3241 1636 3278 :
1672 3222 1818 3278 Tunc

1930 3234 2186 3298 stiuntur,
2233 3233 2321 3287 isti
2348 3232 2402 3287 in
2425 3232 2673 3290 domibus
2694 3247 2881 3302 regum
2904 3237 3046 3286 sunt.
3080 3230 3160 3284 Ex
3190 3244 3296 3301 quo
3332 3235 3518 3284 osten-

235 3332 568 3379 accesserunt
595 3320 847 3392 discipuli
864 3320 1089 3375 Ieannis
1128 3319 1357 3374 dicentes
1382 3331 1401 3370 :
1449 3316 1628 3382 Quare
1655 3331 1751 3370 nos
1774 3324 1823 3370 et

236 3414 505 3471 Pharistei
535 3416 843 3487 jejunamus
882 3412 1208 3485 frequenter,
1260 3408 1505 3481 discipuli
1533 3417 1710 3464 autem
1749 3408 1827 3462 tui

234 3522 343 3563 non
364 3508 611 3579 jejunant
631 3506 655 3559 7
677 3505 745 3560 Et
768 3503 898 3559 alibi
925 3521 939 3557 :
974 3500 1248 3573 Magister,
1274 3501 1361 3555 cui
1394 3508 1450 3554 tu
1476 3498 1826 3554 testimonium

236 3597 509 3677 prtebuisti
547 3596 623 3650 ad
643 3596 953 3661 Iordanem,
984 3612 1100 3650 ecce
1124 3592 1367 3665 discipuli
1392 3592 1507 3663 ejus
1537 3593 1825 3663 baptizant,

238 3697 289 3743 et
317 3688 494 3759 plures
517 3686 727 3743 veniunt
752 3688 820 3742 ad
842 3704 980 3741 eum.
1025 3686 1191 3755 Quasi
1230 3686 1467 3743 dixerint
1492 3704 1505 3741 :
1539 3685 1651 3741 Nos
1675 3684 1830 3741 dese-

239 3779 437 3845 rimur,
482 3780 570 3834 hic
605 3780 821 3847 raritas,
850 3786 907 3835 et
940 3782 1008 3835 ad
1037 3779 1189 3835 illum
1219 3779 1380 3835 turba
1410 3780 1703 3834 concurrit.
1750 3778 1829 3831 Tu

240 3886 317 3936 es,
355 3870 549 3941 inquit,
581 3871 672 3942 qui
712 3880 957 3926 venturus
1002 3888 1074 3938 es,
1124 3888 1193 3926 an
1231 3871 1397 3926 alium
1432 3872 1833 3942 exspectamus?

239 3959 360 4017 Non
393 3961 467 4015 ait
499 3979 511 4015 :
545 3960 623 4017 Tu
652 3978 711 4017 es
739 3963 831 4033 qui
855 3964 1072 4031 venisti,
1105 3964 1222 4030 sed,
1254 3962 1332 4018 Tu
1372 3982 1425 4020 es
1460 3966 1552 4036 qui
1580 3973 1830 4019 venturus

237 4068 314 4109 es.
348 4050 513 4123 Cujus
542 4055 823 4109 sententiae
853 4054 975 4110 talis
999 4070 1119 4110 esse
1146 4063 1325 4125 potest
1350 4070 1541 4112 sensus
1568 4073 1579 4109 :
1616 4054 1829 4120 Manda,

234 4144 444 4215 inquit,
498 4144 652 4212 mihi,
698 4143 826 4215 quia
880 4134 1205 4201 adinferna
1269 4145 1631 4201 descensurus
1688 4158 1828 4208 sum,

239 4244 426 4291 utrum
467 4244 520 4291 te
551 4243 604 4292 et
641 4235 829 4291 inferis
860 4236 1084 4291 debeam
1135 4238 1407 4302 nuntiare,
1453 4237 1545 4307 qui
1587 4234 1833 4290 nuntiavi

238 4329 455 4403 superis
482 4345 499 4386 :
535 4344 604 4384 an
632 4344 739 4385 non
772 4332 1057 4386 conveniat
1083 4329 1221 4385 Filio
1250 4330 1341 4385 Dei
1374 4339 1435 4384 ut
1462 4338 1644 4398 gustet
1688 4343 1836 4383 mor-

243 4431 376 4491 tem,
410 4431 465 4481 et
496 4423 660 4479 alium
689 4425 756 4479 ad
784 4424 899 4480 hac
922 4434 1260 4481 sacramenta
1287 4425 1553 4479 missurus
1588 4438 1668 4479 es.

311 4515 384 4570 Et
415 4515 728 4587 respondens
761 4513 916 4570 Iesus
946 4517 1019 4569 ait
1066 4515 1173 4569 illis
1212 4532 1231 4569 :
1282 4513 1593 4569 Renuntiate
1637 4512 1835 4567 Joanni

240 4621 361 4677 qua:
383 4580 607 4673 audistis
633 4615 682 4659 et
719 4606 938 4660 vidistis.
990 4602 1129 4660 Cteci
1164 4604 1334 4659 rident
1360 4644 1373 4665 ,
1432 4603 1607 4656 claudi
1646 4601 1833 4656 ambu-
1863 4580 1915 4641 D

242 4695 381 4765 lant,
403 4696 592 4768 leprosl
615 4696 956 4760 mandantur,
990 4695 1137 4750 surdi
1166 4694 1411 4761 audiunt,
1440 4693 1633 4746 mortui
1657 4707 1834 4745 resur-

243 4795 405 4861 gunt,
453 4797 502 4843 et
538 4803 788 4858 pauperes
826 4785 1278 4857 euangelizantur,
1333 4792 1381 4837 et
1422 4783 1600 4838 beatus
1631 4791 1705 4837 est
1750 4782 1837 4853 qui

249 4895 355 4934 non
395 4878 553 4949 fuerit
582 4878 973 4933 scandalizatus
1028 4878 1083 4931 in
1127 4894 1225 4931 me.
1277 4874 1548 4951 (Hieron)
1605 4873 1838 4931 Joannes

247 4971 679 5043 interrogaverat
723 4988 823 5043 per
876 4971 1205 5042 discipulos:
1254 4968 1332 5024 Tu
1363 4985 1416 5023 es
1445 4969 1536 5042 qui
1589 4977 1835 5023 venturus

249 5079 323 5129 es,
386 5079 456 5117 an
495 5064 657 5117 alium
709 5051 1112 5133 exspectamus?
1144 5060 1393 5117 Christus
1431 5060 1582 5133 signa
1616 5059 1837 5116 demon-

252 5162 413 5220 strat,
442 5169 547 5210 non
568 5154 636 5211 ad
657 5170 720 5211 ea
754 5156 1085 5227 respondens
1107 5171 1225 5225 qua:
1246 5156 1615 5226 interrogatus
1637 5154 1833 5220 fuerat,

252 5246 348 5304 sed
369 5247 439 5305 ad
469 5248 778 5305 scandalum
810 5248 1141 5304 nuntiorum.
1192 5247 1304 5313 Ite,
1353 5248 1548 5318 inquit,
1586 5257 1634 5302 et
1684 5248 1839 5302 dicite

252 5335 451 5394 Joanni
478 5339 629 5411 signa
672 5356 789 5409 qua:
820 5340 1061 5405 cernitis,
1096 5354 1267 5395 caecos
1296 5339 1563 5404 videntes,
1620 5338 1841 5395 claudos

256 5429 613 5494 ambulantes,
651 5437 783 5493 etc.,
808 5437 883 5496 et,
913 5431 1058 5500 quod
1092 5431 1177 5485 his
1208 5446 1317 5486 non
1362 5430 1539 5488 minus
1574 5439 1676 5495 est,
1708 5447 1843 5503 pau-

255 5534 414 5591 peres
447 5520 864 5592 evangelizatos.
897 5521 995 5576 Vel
1033 5537 1298 5593 pauperes
1326 5504 1541 5594 spiritu,
1584 5523 1667 5578 vel
1693 5530 1843 5579 certe

259 5613 450 5686 Opibus
477 5629 759 5687 pauperes,
794 5622 854 5667 ut
882 5614 1026 5668 nulla
1058 5615 1200 5669 inter
1228 5615 1437 5671 nobiles
1472 5624 1526 5669 et
1558 5616 1841 5687 ignobiles,

262 5705 403 5761 inter
432 5705 627 5762 divites
656 5720 707 5760 et
736 5722 929 5778 mgros,
960 5706 1013 5760 in
1042 5706 1428 5779 praedicatione
1470 5708 1721 5763 distantia
1751 5710 1841 5767 sit.

264 5798 390 5853 llaec
417 5800 660 5869 magistri
684 5799 937 5872 rigorem,
969 5800 1085 5855 haec
1108 5800 1461 5870 prmeeptoris
1488 5801 1848 5871 comprobant

1932 3325 2079 3381 ditur
2102 3323 2331 3396 rigidam
2363 3325 2527 3379 vitam
2554 3331 2609 3380 et
2646 3334 2917 3379 austeram
2962 3321 3403 3393 praedicationem
3432 3319 3514 3375 vi—

1928 3425 2050 3472 tare
2073 3415 2273 3471 debere
2299 3416 2451 3472 aulas
2501 3430 2708 3488 regum,
2756 3423 2811 3471 et
2838 3415 3080 3475 mollium
3110 3413 3390 3470 hominum
3418 3426 3518 3482 pa-

1930 3506 2061 3561 latia
2089 3506 2380 3574 declinare,
2414 3522 2535 3576 qua:
2558 3498 2902 3578 frequentant
2922 3506 3012 3577 qui
3043 3504 3226 3578 bysso,
3263 3503 3442 3560 serico
3464 3511 3521 3558 et

1933 3598 2185 3654 mollibus
2215 3598 2537 3654 vestiuntur.
2940 3590 2945 3595 ’

2006 3690 2115 3747 Sed
2164 3689 2289 3761 quid
2327 3689 2504 3757 existis
2542 3687 3085 3761 videre?propltetam
3111 3687 3138 3742 7
3180 3686 3361 3742 Etiam
3404 3686 3524 3741 dico

1934 3782 2076 3835 vobis
2118 3790 2167 3835 et
2210 3779 2487 3852 plusquam
2540 3780 2863 3850 prophetam.
2910 3777 3010 3833 Hic
3040 3786 3115 3834 est
3152 3779 3290 3833 enim
3324 3777 3389 3833 de
3419 3794 3523 3849 quo

1936 3874 2185 3942 scriptum
2226 3881 2341 3926 est:
2394 3870 2529 3925 Ecce
2568 3888 2659 3943 ego
2710 3871 2859 3924 mitto
2889 3867 3133 3941 angelum
3191 3884 3365 3922 meum
3404 3875 3525 3922 ante

1938 3962 2127 4034 faciem
2154 3972 2319 4029 tuam,
2342 3964 2433 4036 qui
2452 3962 2769 4034 prwparabt’t
2798 3963 2932 4018 viam
2959 3972 3103 4014 tuam
3127 3969 3248 4015 ante
3271 3969 3336 4015 te.
3362 3958 3421 4015 In
3457 3973 3523 4015 eo

1937 4052 2173 4109 Joannes
2193 4053 2471 4126 prophetis
2495 4055 2707 4109 caeteris
2732 4052 2905 4123 major
2926 4062 3027 4117 est,
3083 4053 3223 4123 quod
3254 4067 3415 4124 quem
3448 4050 3526 4108 illi

1937 4147 2363 4219 praedicaverant
2401 4160 2519 4201 esse
2539 4153 2845 4210 venturum,
2888 4146 2977 4200 hic
3004 4146 3219 4202 venisse
3244 4145 3412 4216 digito
3442 4146 3531 4202 de-

1939 4235 2259 4291 monstravit
2292 4236 2511 4291 diccns:
2556 4234 2693 4290 Ecce
2736 4237 2915 4308 Agnus
2964 4235 3076 4302 Dei,
3121 4251 3235 4291 ecce
3270 4236 3360 4309 qui
3390 4234 3526 4291 tollit

1937 4336 2150 4398 peccata
2178 4326 2377 4381 mundi.
2416 4327 2483 4382 Et
2508 4328 2593 4381 cui
2633 4327 2699 4381 ad
2732 4326 3001 4400 fastigium
3026 4327 3341 4398 prophetale
3362 4328 3527 4383 etiam

1939 4418 2195 4489 Baptistae
2240 4419 2469 4474 accessit
2501 4419 2878 4491 privilegium,
2931 4428 2989 4473 ut
3034 4434 3190 4474 suum
3235 4418 3523 4474 Dominum

1940 4512 2259 4581 baptizaret,
2296 4512 2436 4565 unde
2472 4511 2633 4565 infert
2660 4511 2973 4565 meritorum
3010 4508 3268 4584 [αὔξησιν]
3299 4511 3531 4566 mentio-

1940 4622 2065 4661 nem
2088 4604 2252 4678 [Del.,
2300 4602 2648 4676 mentionem]
2679 4603 2884 4658 faciens
2913 4605 2977 4657 de
3001 4602 3260 4658 Malachia
3290 4603 3532 4661 testimo-

1941 4698 2115 4763 nium,
2140 4698 2193 4751 in
2222 4711 2328 4766 quo
2357 4695 2518 4749 etiam
2546 4694 2765 4767 angelus
2789 4695 3114 4766 praedicatur
3142 4694 3399 4768 (Malaclt.
3440 4694 3524 4770 ιι).

1939 4787 2205 4860 Angelnm
2242 4796 2421 4841 autem
2449 4786 2536 4842 hic
2564 4786 2669 4841 dici
2713 4785 2975 4849 Joannem
3026 4801 3134 4855 non
3161 4795 3413 4859 putemus
3438 4802 3531 4845 na-

1941 4886 2077 4933 tur:e
2102 4877 2378 4940 societate,
2412 4876 2503 4932 sed
2527 4875 2689 4932 cilicii
2721 4876 3000 4949 dignitate,
3050 4877 3105 4932 id
3144 4883 3227 4933 est
3253 4877 3520 4945 nuntium,

1944 4971 2088 5044 quod
2126 4978 2413 5024 venturum
2460 4969 2629 5025 Deum
2683 4971 3047 5025 nuntiaverat.
3102 4965 3307 5044 (ϐπ-ες.)
3357 4967 3524 5026 Recte

1943 5052 2073 5137 ergo
2097 5064 2189 5137 qui
2214 5063 2464 5118 nuntiare
2493 5079 2783 5135 supernum
2806 5060 3043 5133 judicem
3080 5061 3332 5131 mittitur,
3365 5075 3530 5135 ange-

1945 5157 2027 5213 lus
2053 5165 2297 5223 vocatur,
2340 5163 2396 5210 ut
2426 5156 2740 5227 dignitatem
2778 5163 2957 5211 servet
3007 5155 3060 5210 in
3110 5152 3326 5210 nomine
3364 5168 3529 5226 quam

1946 5249 2127 5321 explet
2145 5248 2477 5322 operatione.
2509 5247 2691 5303 Altum
2717 5247 2932 5305 cuidem
2956 5262 3152 5302 nomen
3172 5254 3281 5333 est,
3300 5246 3398 5307 sed
3418 5245 3532 5306 vita

1947 5339 2167 5395 nomine
2193 5339 2417 5411 inferior
2444 5355 2547 5395 non
2576 5347 2673 5395 est.

2016 5433 2179 5487 Amen
2204 5432 2321 5489 dico
2348 5432 2508 5497 vobis,
2538 5448 2641 5485 non
2661 5431 2887 5487 surrexit
2913 5432 3049 5488 inter
3070 5438 3222 5489 natas
3244 5430 3530 5489 multarum

1945 5527 2121 5599 major
2139 5527 2345 5587 Joanne
2367 5525 2623 5599 Baptista.
2648 5525 2794 5582 inter
2806 5526 3111 5592 mulierum,
3128 5526 3325 5600 inquit,
3350 5533 3527 5583 natos.

1947 5618 2045 5675 His
2088 5634 2217 5693 ergo
2259 5619 2544 5690 praefertur
2595 5619 2901 5675 hominibus
2945 5619 3035 5697 qui
3102 5618 3171 5681 de
3209 5618 3530 5675 mulieribus

1949 5711 2059 5765 nati
2105 5720 2250 5776 sunt,
2283 5719 2337 5767 ct
2368 5711 2432 5767 de
2467 5711 2755 5767 concubitu
2800 5710 2923 5778 viri,
2953 5720 3009 5767 et
3050 5727 3158 5783 non
3207 5710 3258 5767 ei
3305 5710 3395 5783 qui
3445 5721 3531 5766 est

1947 5812 2109 5861 natus
2130 5820 2199 5861 ex
2224 5803 2448 5875 Virgine
2479 5814 2535 5859 et
2560 5803 2767 5873 Spiritu
2789 5814 2996 5862 sancto.
3031 5803 3351 5874 Quanquam
3380 5803 3437 5859 in
3463 5817 3531 5858 eo
