3914 6464
405 348 502 405 9H

1043 347 1106 400 Β.
1146 344 1400 401 BABANI
1436 345 1655 404 MAUBI
1690 343 2008 402 ARCHIEP.
2047 342 2354 401 MOGUNT.
2392 340 2676 400 OPERUM
2713 338 2891 396 PARS
2926 339 2970 395 1.

3535 339 3647 395 9B

401 461 543 532 quod
603 459 741 514 dixit
779 475 792 512 :
840 456 961 512 Non
1012 458 1236 511 surrexit
1306 457 1439 510 inter
1495 466 1643 511 natos
1694 456 1969 510 mulierum
1995 458 2327 519 Azeternam
2369 451 2616 522 percipit,
2655 450 2809 520 quasi
2856 449 2911 504 in
2963 448 3139 504 locum
3182 454 3434 519 peccator
3479 447 3652 502 intrat

400 555 576 626 major
621 553 823 607 Joanne
875 551 1151 621 Baptista,
1206 565 1312 603 non
1384 551 1597 604 czeteris
1645 549 1968 619 prophetis,

400 647 722 718 patriarchis
752 645 1064 713 cunctisque
1094 643 1399 698 hominibus
1424 640 1690 697 Joannem
1715 641 1967 711 praetulit,

401 738 498 792 sed
543 735 732 792 Joanni
789 742 1012 790 czeteros
1058 732 1358 802 exzequavit
1402 749 1414 786 :
1455 747 1561 787 non
1601 733 1747 785 enim
1791 730 1969 786 statim

402 827 663 898 sequitur,
691 825 820 881 utsi
842 824 930 878 alii
977 822 1210 892 majores
1236 839 1302 878 eo
1329 838 1436 878 non
1484 831 1632 888 sunt,
1663 822 1753 877 ille
1799 821 1972 891 major

400 917 627 971 aliorum
655 915 728 970 sit
765 923 1102 978 cunctorum,
1128 919 1190 966 ut
1221 911 1583 982 aequalitatem
1606 925 1730 966 cum
1758 910 1970 966 caneris

400 1009 602 1064 sanctis
631 1008 844 1062 haheat.
870 1055 876 1062 .

472 1099 575 1164 Qui
611 1107 782 1151 autem
823 1096 994 1151 minor
1016 1104 1089 1150 est
1127 1097 1181 1149 in
1215 1110 1372 1165 regno
1407 1093 1651 1148 caelorum
1675 1094 1850 1164 major
1891 1103 1968 1148 est

396 1188 508 1242 illo.
549 1187 696 1242 Multi
738 1187 804 1242 de
851 1185 1129 1242 Salvatore
1175 1185 1277 1240 hoc
1317 1183 1543 1256 intelligi
1591 1183 1795 1250 volunt,
1827 1184 1969 1254 quod

397 1281 488 1351 qui
542 1279 720 1333 minor
751 1286 836 1332 est
894 1286 1159 1346 tempore,
1192 1275 1364 1346 major
1407 1275 1479 1330 sit
1525 1275 1805 1346 dignitate.
1859 1273 1969 1330 Nos

397 1380 577 1426 autem
608 1370 926 1440 simpliciter
953 1366 1497 1438 intelligamusquod
1523 1366 1699 1421 omnis
1749 1375 1969 1422 sanctus

397 1464 489 1534 qui
525 1464 636 1533 jam
686 1477 806 1517 cum
861 1460 973 1514 Deo
1027 1467 1130 1522 est,
1168 1456 1339 1526 major
1395 1457 1466 1511 sit
1520 1455 1611 1510 illo
1655 1456 1744 1526 qui
1794 1454 1969 1510 adhuc

395 1554 643 1610 consistit
668 1553 720 1607 in
743 1551 943 1622 prtelio.
975 1549 1132 1604 Aliud
1153 1560 1239 1604 est
1265 1549 1410 1602 enim
1442 1561 1698 1602 coronam
1726 1547 1970 1602 victoria:

395 1644 694 1716 possidere,
735 1641 878 1696 aliud
907 1641 1083 1696 adhuc
1111 1641 1166 1695 in
1208 1641 1322 1695 acie
1371 1639 1651 1704 dimicare,
1677 1639 1801 1707 quia
1831 1638 1966 1711 [Al.,

397 1731 638 1804 quidam]
692 1731 1042 1788 novissimum
1097 1729 1348 1801 angelum
1413 1729 1468 1782 in
1527 1727 1682 1784 etelis
1740 1727 1968 1782 Domino

2072 544 2323 598 alienum.
2349 539 2618 614 (Hierom)
2644 540 2797 596 Unde
2818 540 2860 595 si
2888 539 3094 611 primus
3119 538 3376 603 Joannes,
3403 546 3468 591 ut
3484 553 3650 607 supra

2071 633 2336 698 diximus,
2385 631 2758 702 paenitentiam
2805 629 3015 700 populis
3059 629 3358 693 nuntiavit,
3409 628 3650 683 dicens:

2072 724 2436 781 Pamitentiam
2479 727 2636 798 agite,
2664 727 3043 797 appropinquat
3065 730 3199 778 enim
3232 739 3450 794 regnum
3499 721 3655 776 caio-

2072 834 2212 883 rum,
2269 827 2661 888 consequenter
2699 833 2730 872 a
2775 817 2966 872 diebus
2993 815 3097 870 illis
3135 831 3350 886 regnum
3399 813 3655 869 caelorum

2069 909 2171 961 vim
2197 908 2418 978 patitur,
2443 918 2493 962 et
2537 907 2743 963 uiolenti
2799 907 3054 978 diripiunt
3103 907 3258 960 illud.
3286 905 3533 960 Grandis
3577 916 3658 961 est

1973 1047 1977 1051 Α
2068 1001 2213 1057 enim
2261 1001 2553 1066 violentia,
2607 1001 2662 1056 in
2715 1010 2858 1056 terra
2905 1014 3005 1054 nos
3056 1014 3176 1054 esse
3228 1005 3564 1069 generatos,
3605 1007 3661 1052 et

2070 1091 2331 1148 caelorum
2375 1092 2557 1147 sedem
2601 1105 2878 1162 quaerere;
2921 1105 3018 1160 per
3065 1089 3322 1144 virtutem
3375 1087 3663 1159 possidere

2070 1184 2214 1254 quod
2241 1198 2348 1238 non
2378 1184 2648 1255 potuimus
2675 1183 2954 1254 possidere
2978 1197 3078 1253 per
3101 1191 3378 1236 naturam.

2142 1272 2332 1328 Omnes
2361 1274 2498 1328 enim
2547 1275 2832 1344 propheta,
2856 1285 2904 1328 et
2934 1272 3018 1328 lea:
3060 1289 3220 1343 usque
3268 1272 3341 1326 ad
3389 1271 3664 1326 Joannem

2069 1364 2523 1434 prophetarerunt.
2576 1363 2692 1418 Non
2732 1364 2873 1435 quod
2921 1371 3043 1434 post
3087 1361 3353 1417 Joannem
3403 1360 3664 1415 excludat

2067 1456 2376 1526 pr0phetas.
2395 1454 2647 1527 Legimus
2672 1454 2724 1509 in
2746 1453 2969 1511 Actibus
2993 1453 3360 1525 apostolorum
3386 1450 3538 1523 (Act.
3567 1453 3664 1521 x1),

2069 1557 2124 1604 et
2159 1549 2403 1620 Agabum
2445 1549 2798 1620 prophetasse
2820 1589 2835 1613 ,
2861 1555 2917 1604 et
2939 1555 3171 1618 quatuor
3214 1545 3462 1616 virgines
3526 1543 3666 1599 ﬁlias

2067 1637 2330 1708 Philippi;
2379 1639 2472 1694 sed
2513 1654 2620 1709 quo
2665 1637 2753 1694 lex
2809 1645 2864 1692 et
2909 1637 3182 1706 prophetae
3232 1649 3375 1704 quos
3421 1634 3662 1704 scriptos

2069 1727 2313 1800 legimus,
2345 1728 2604 1798 quidquid
2630 1728 3087 1799 prophetaverunt
3108 1727 3174 1782 de
3201 1726 3440 1781 Domino
3467 1725 3664 1779 vatici-

395 1824 791 1879 ministrantem
843 1821 1030 1876 volunt
1085 1819 1365 1874 meliorem
1425 1818 1699 1888 accipere
1725 1818 1970 1888 quolibet
1997 1809 2043 1869 B
2071 1819 2180 1872 nati
2211 1826 2354 1873 sunt.
2383 1817 2608 1884 Quando
2645 1833 2773 1889 ergo
2819 1816 3036 1881 dicitur,
3061 1831 3238 1869 omnes
3293 1814 3574 1885 ρτοριιεεετ
3620 1823 3664 1868 et

392 1914 569 1984 primo
601 1913 820 1967 homine
845 1911 937 1982 qui
960 1917 1211 1966 versatur
1243 1910 1297 1964 in
1329 1909 1512 1965 terris.

465 2007 510 2059 Α
563 2005 744 2060 diebus
798 2015 972 2059 autem
1021 2003 1245 2058 Joannis
1307 2003 1560 2074 Baptista:
1613 2020 1775 2074 usque
1830 2019 1967 2058 nunc

393 2114 609 2168 regnum
655 2096 898 2153 ctelorum
947 2097 1050 2150 vim
1103 2095 1320 2167 patitur,
1351 2105 1399 2150 et
1455 2094 1663 2150 uiolenti
1711 2096 1968 2166 diripiunt

388 2187 544 2241 illud.
572 2185 797 2260 (Hilar.)
819 2186 902 2241 Ire
924 2185 1180 2240 Dominus
1199 2185 1470 2256 apostolos
1489 2187 1556 2241 ad
1576 2200 1707 2241 oves
1725 2185 1968 2256 perditas

391 2279 559 2334 Israel
578 2277 821 2346 iusserat
851 2295 864 2331 :
903 2279 1048 2349 ipsos
1085 2277 1340 2332 constitui
1384 2277 1671 2348 oportebat
1696 2276 1750 2330 in
1777 2290 1966 2348 regno,

397 2377 452 2423 et
486 2369 539 2422 in
568 2367 822 2432 Abrahae,
852 2376 907 2423 et
953 2367 1007 2422 in
1054 2367 1221 2431 Isaac,
1251 2375 1308 2422 et
1347 2365 1514 2421 Jacob
1555 2365 1778 2432 familia,
1807 2376 1971 2437 atque

398 2461 681 2530 agnatione
712 2459 953 2514 retineri.
985 2457 1092 2512 Sed
1109 2458 1284 2511 omnis
1312 2458 1427 2512 haec
1451 2457 1761 2527 praedicatio
1787 2457 1967 2527 profe-

391 2557 535 2604 ctum
565 2548 870 2618 publicanis
915 2557 970 2600 et
1007 2547 1384 2618 peccatoribus
1430 2545 1706 2603 afferebat.
1761 2548 1841 2602 Ex
1885 2548 1970 2603 his

394 2641 538 2696 enim
561 2641 671 2711 jam
701 2641 1002 2707 credentes,
1029 2649 1083 2695 et
1106 2656 1172 2694 ex
1215 2642 1299 2695 his
1335 2640 1448 2708 jam
1495 2642 1742 2711 apostoli,
1779 2657 1845 2698 ex
1885 2641 1970 2698 his

385 2731 498 2802 jam
548 2743 770 2803 regnum
813 2731 1093 2786 caelorum.
1165 2731 1430 2786 Czeterum
1482 2730 1676 2788 Joanni
1743 2748 1774 2787 a
1816 2733 1971 2803 plebe

393 2839 500 2879 non
529 2823 787 2890 creditur,
811 2824 1186 2880 auctoritatem
1209 2817 1411 2880 Christi
1434 2838 1597 2896 opera
1622 2839 1730 2880 non
1756 2839 1971 2881 meren-

391 2923 501 2980 tur,
549 2930 682 2969 crux
739 2913 919 2970 futura
979 2923 1097 2971 erat
1163 2915 1434 2972 seandalo.
1495 2913 1615 2970 Jam
1681 2915 1968 2987 prophetia

388 3013 585 3068 cessat,
640 3003 752 3072 jam
793 3004 878 3061 lex
924 3005 1210 3076 expletur,
1262 2993 1372 3072 jam
1428 3006 1738 3075 praedicatio
1794 3006 1970 3060 omnis

389 3095 732 3162 excluditur,
789 3096 904 3167 jam
964 3096 1095 3150 Elia:
1160 3097 1381 3166 spiritus
1436 3097 1491 3150 in
1548 3095 1768 3151 Joannis
1833 3111 1966 3152 voce

389 3161 752 3256 praemittitur.
774 3161 910 3242 Aliis
931 3186 1006 3242 Ch
1017 3161 1540 3257 ustus-praedicatur,
1565 3187 1634 3241 ab
1660 3187 1781 3242 aliis
1802 3203 1964 3259 agno-
1991 3161 2038 3226 ο

389 3278 590 3343 scitur;
626 3277 746 3333 aliis
801 3277 1061 3343 nascitur,
1091 3278 1158 3332 ab
1207 3276 1326 3331 aliis
1380 3276 1639 3347 diligitur.
1687 3275 1782 3331 Sui
1839 3292 1964 3332 eum

390 3377 683 3440 respuunt,
733 3368 891 3424 alieni
947 3369 1276 3440 suscipiunt;
1329 3368 1531 3438 proprii
1592 3368 1963 3433 insectantur,

394 3462 823 3531 complectuntur
847 3461 1070 3516 inimici.
1105 3459 1483 3515 Haereditatem
1507 3459 1724 3529 adoptio
1741 3458 1964 3527 expetit,

391 3551 594 3606 familia
651 3549 841 3620 rejicit.
888 3551 1292 3607 Testamentum
1340 3550 1434 3604 lilii
1488 3550 1790 3620 repudiant,
1823 3549 1967 3604 servi

391 3651 801 3715 recognoscunt.
828 3642 1015 3712 Itaque
1052 3643 1160 3696 vim
1205 3657 1426 3712 regnum
1455 3641 1714 3697 caelorum
1741 3642 1965 3712 patitur,
2010 3657 2019 3663 ·

393 3735 792 3806 inferentesque
819 3735 1077 3806 diripiunt
1106 3753 1119 3790 :
1145 3736 1271 3806 quia
1292 3735 1458 3803 gloria
1483 3734 1647 3788 Israel
1673 3750 1704 3788 a
1724 3735 1969 3805 patribus

393 3827 594 3892 debita,
626 3843 656 3881 a
682 3825 958 3896 prophetis
981 3827 1249 3891 nuntiata,
1282 3841 1312 3880 a
1359 3823 1577 3880 Christo
1631 3824 1834 3890 oblata,
1863 3825 1969 3880 ﬁde

392 3922 628 3990 gentium
644 3930 936 3990 occupatur
951 3927 1004 3975 et
1024 3919 1247 3988 rapitur.
1266 3919 1393 3972 Item
1410 3916 1594 3971 aliter:
1619 3917 1969 3985 qmerendum

385 4020 469 4066 est
495 4010 759 4079 quomodo
785 4011 991 4080 perpeti
1036 4009 1143 4062 vim
1191 4023 1414 4077 regnum
1454 4007 1716 4060 cmlorum
1768 4005 1970 4073 possit?

393 4103 524 4169 Quis
553 4103 693 4156 enim
722 4101 860 4156 etelo
887 4101 1198 4155 violentiam
1231 4099 1471 4168 irrogat?
1495 4098 1562 4151 Et
1587 4113 1773 4151 rursus
1817 4112 1967 4166 quae-

389 4194 616 4248 rendum
646 4201 749 4256 est,
783 4193 831 4246 si
882 4193 993 4263 pati
1037 4192 1144 4245 vim
1195 4206 1420 4260 regnum
1467 4189 1727 4244 caelorum
1771 4197 1968 4258 potest,

391 4301 491 4339 cur
515 4282 758 4337 eamdem
787 4284 894 4338 vim
934 4299 964 4337 a
992 4284 1180 4338 diebus
1203 4280 1424 4336 Joannis
1465 4281 1736 4350 Baptistae,
1760 4291 1816 4336 et
1861 4298 1970 4338 non

390 4364 556 4428 etiam
588 4382 734 4439 ante,
764 4373 1067 4445 pertulerit.
1108 4373 1213 4428 Sed
1241 4388 1365 4428 cum
1413 4371 1497 4427 lex
1550 4371 1715 4438 dicat,
1747 4371 1804 4427 Si
1849 4374 1972 4442 quis

388 4467 501 4520 haec
529 4465 610 4520 vel
638 4465 724 4520 illa
759 4465 968 4530 fecerit,
1001 4475 1174 4520 morte
1200 4467 1482 4530 moriatur,
1509 4466 1718 4520 cunctis
1749 4465 1968 4536 legenti-

388 4559 486 4612 bus
516 4551 686 4627 liquet'
707 4559 832 4628 quia
870 4566 1186 4628 peccatores
1222 4573 1462 4626 quosque
1489 4573 1649 4629 poena
1671 4574 1782 4613 sua:
1807 4574 1963 4614 seve-

387 4650 569 4704 ritatis
595 4650 849 4720 perculit,
871 4664 978 4705 non
999 4658 1177 4704 autem
1201 4665 1297 4720 per
1313 4649 1686 4718 pamitentiam
1708 4650 1776 4704 ad
1799 4650 1963 4705 vitam

389 4741 604 4796 reduxit

457 4832 592 4887 Cum
613 4849 742 4888 vero
769 4831 1006 4888 Joannes
1033 4831 1296 4904 Baptista,
1330 4833 1704 4904 Redemptoris
1731 4834 1961 4903 gratiam

385 4938 739 4992 praecurrens,
771 4924 1142 4994 pcenitentiam
1189 4925 1464 4994 pnedicat,
1491 4933 1549 4978 nt
1571 4933 1839 4994 peccator,
1868 4924 1964 4994 qui

384 5031 452 5070 ex
487 5015 641 5086 culpa
673 5023 756 5071 est
778 5024 1043 5080 mortuus,
1078 5030 1180 5085 per
1209 5016 1613 5070 conversionem
1641 5017 1803 5076 vivat.
1837 5030 1964 5086 pro-

385 5106 526 5162 fecto
553 5123 584 5160 a
627 5105 816 5162 diebus
859 5105 1084 5161 Joannis
1131 5105 1386 5176 Baptista:
1432 5121 1656 5177 regnum
1704 5105 1964 5161 ctelorum

385 5199 496 5254 vim
525 5199 751 5268 patitur.
784 5197 922 5264 Quid
951 5205 1034 5252 est
1065 5207 1243 5251 autem
1277 5210 1500 5268 regnum
1550 5197 1832 5261 caelorum,
1863 5195 1968 5252 nisi

383 5289 541 5345 locus
576 5289 880 5357 iustorum?
922 5289 1050 5344 solis
1094 5290 1238 5344 enim
1287 5287 1451 5357 justis
1493 5290 1734 5345 cceleatis
1780 5289 1968 5359 patriae

386 5383 610 5456 praemia
669 5383 954 5448 debentur,
982 5391 1041 5437 ut
1095 5383 1348 5447 humiles,
1392 5381 1549 5445 casti,
1603 5382 1762 5436 mites
1808 5391 1969 5450 atque

390 5473 792 5538 misericordes,
831 5475 898 5528 ad
939 5474 1133 5544 gaudia
1186 5489 1416 5543 superna
1465 5473 1800 5542 perveniant.
1832 5471 1968 5527 Cum

388 5579 518 5620 vero
545 5565 666 5634 quis
693 5563 776 5620 vel
807 5565 1056 5635 superbia
1086 5565 1344 5629 tumidus,
1371 5563 1457 5618 vel
1504 5563 1686 5618 carnis
1731 5561 1972 5617 facinore

388 5655 644 5726 pollutus,
693 5652 779 5710 vel
824 5654 1103 5709 iracundia
1157 5668 1418 5709 accensus
1449 5693 1464 5716 ,
1520 5652 1605 5707 vel
1651 5651 1970 5708 crudelitate

388 5743 606 5818 impius,
636 5751 760 5817 post
788 5743 975 5812 culpas
1008 5744 1076 5798 ad
1097 5743 1474 5814 ptenitentiam
1506 5741 1664 5805 redit,
1696 5749 1751 5798 et
1800 5742 1967 5797 vitam

2069 1907 2153 1962 lea:
2179 1923 2340 1977 usque
2360 1907 2428 1960 ad
2453 1906 2714 1961 Joannem
2735 1907 3188 1976 prophetauerunt,
3211 1903 3425 1960 Christi
3449 1914 3666 1974 tempus

2069 2003 2396 2070 ostenditur,
2425 2011 2484 2056 ut
2538 2017 2700 2072 quem
2750 1999 2827 2055 illi
2877 2000 3132 2056 dixerunt
3156 2007 3457 2054 venturum
3521 2012 3662 2060 esse,

2068 2097 2302 2154 Joannes
2331 2097 2543 2152 venisse
2584 2095 2899 2151 ostenderit.

2141 2188 2210 2242 Et
2247 2189 2294 2243 si
2324 2187 2477 2243 uultis
2523 2187 2768 2257 recipere,
2794 2186 2901 2256 ipse
2947 2193 3024 2238 est
3072 2182 3221 2237 Elias
3268 2181 3361 2252 qui
3414 2189 3665 2235 ventum

2068 2289 2165 2336 est.
2216 2279 2320 2346 Qui
2374 2278 2526 2332 habet
2573 2293 2726 2331 aures
2776 2275 3048 2340 audiendi,
3095 2275 3302 2328 audiat.
3355 2271 3481 2328 Hoc
3527 2273 3666 2342 quod

2070 2374 2272 2428 dictum
2303 2379 2386 2426 est
2413 2389 2426 2425 :
2459 2369 2519 2426 Si
2562 2370 2716 2425 vultis
2745 2369 2986 2440 recipere,
3017 2369 3124 2438 ipse
3147 2377 3221 2422 est
3257 2365 3442 2429 Elias,
3477 2365 3666 2435 mysti-

2069 2479 2192 2519 cum
2255 2479 2396 2528 esse,
2440 2470 2496 2517 et
2547 2475 2708 2532 egere
2768 2459 3121 2531 intelligentia
3176 2473 3420 2528 sequens
3471 2471 3655 2512 sermo

2070 2553 2284 2607 Domini
2351 2553 2730 2617 demonstrat,
2803 2551 2989 2606 dicens
3038 2568 3050 2602 :
3106 2548 3210 2615 Qui
3273 2549 3435 2603 habet
3509 2564 3662 2601 aures

2070 2643 2340 2707 audiendi,
2369 2643 2574 2696 audiat.
2623 2640 2680 2696 Si
2727 2641 2871 2697 enim
2920 2641 3112 2712 planus
3154 2648 3305 2695 esset
3348 2655 3584 2702 sensus,
3615 2649 3664 2691 et

2070 2735 2358 2790 manifesta
2388 2733 2677 2799 sententia,
2703 2733 2832 2803 quid
2857 2747 3080 2788 necesse
3106 2730 3212 2786 fuit
3261 2745 3364 2786 nos
3417 2731 3490 2785 ad
3528 2731 3664 2785 illius

2070 2824 2478 2896 intelligentiam
2503 2824 2829 2895 praeparari?
2855 2824 3000 2879 Elias
3021 2837 3149 2894 ergo
3169 2821 3416 2878 Joannes
3446 2822 3662 2883 dicitur,

2070 2934 2177 2972 non
2238 2917 2535 2973 secundum
2599 2916 2792 2972 stultos
2857 2915 3207 2986 philosophos
3271 2923 3328 2968 et
3396 2912 3662 2982 quosdam

2069 3009 2374 3075 haereticos,
2417 3009 2511 3079 qui
2554 3008 2902 3063 introducunt
2949 3006 3157 3061 animas
3186 3005 3242 3061 in
3269 3019 3513 3074 corpora
3563 3005 3660 3058 alia

2070 3100 2269 3156 reverti
2297 3119 2308 3154 :
2333 3100 2428 3155 sed
2451 3100 2592 3168 quod
2610 3097 2766 3167 juxta
2791 3099 2938 3154 aliud
2959 3099 3332 3153 testimonium
3355 3097 3661 3169 Evangelii.

2068 3193 2277 3249 venerit
2301 3195 2356 3246 in
2379 3193 2567 3262 spiritu
2588 3202 2635 3247 et
2669 3195 2858 3249 uirtute
2899 3193 3060 3260 Elite,
3085 3202 3140 3249 et
3188 3194 3448 3252 eamdem
3482 3196 3658 3250 sancti

2069 3283 2304 3354 Spiritus
2342 3282 2426 3337 vel
2462 3283 2713 3338 habuerit
2759 3283 2989 3354 gratiam
3023 3283 3107 3338 vel
3155 3299 3506 3339 mensuram.
3556 3284 3662 3339 Sed

2069 3381 2124 3427 et
2148 3373 2270 3426 vitae
2302 3371 2588 3427 austeritas
2633 3373 2886 3443 rigorque
2934 3372 3129 3427 mentis
3157 3371 3290 3426 Elia:
3333 3381 3390 3427 et
3438 3370 3663 3427 Joannis

2070 3465 2222 3536 paria
2271 3463 2476 3538 [pares]
2524 3473 2651 3520 sunt
2705 3481 2720 3518 :
2789 3464 2880 3518 ille
2944 3464 3000 3518 in
3065 3479 3268 3528 eremo,
3323 3473 3379 3519 et
3457 3465 3560 3518 iste
3609 3466 3662 3518 in

2068 3573 2283 3624 eremo;
2311 3558 2398 3613 ille
2428 3573 2565 3612 zona
2612 3557 2837 3627 pellicea
2871 3556 3208 3624 cingebatur,
3241 3563 3297 3610 et
3332 3555 3440 3609 iste
3488 3555 3662 3608 simile

2069 3647 2260 3704 habuit
2313 3647 2610 3717 cingulum.
2667 3645 2758 3700 llle
2805 3645 3060 3715 quoniam
3126 3658 3306 3714 regem
3355 3643 3550 3697 Achab
3611 3652 3662 3696 et

2068 3737 2370 3796 Jesabelem
2401 3737 2691 3808 impietatis
2715 3738 2921 3808 arguit,
2957 3736 3143 3807 fugere
3192 3735 3513 3806 compulsus
3538 3744 3654 3798 est;

2071 3827 2175 3883 iste
2223 3827 2349 3897 quia
2398 3826 2625 3882 Herodis
2679 3835 2735 3880 et
2791 3825 3110 3881 Herodiadis
3167 3826 3385 3881 illicitas
3446 3825 3658 3896 nuptias

2071 3917 2267 3988 arguit,
2296 3917 2469 3986 capite
2505 3925 2802 3972 truncatur.
2836 3915 2973 3971 Sunt
2993 3915 3211 3986 quidam
3236 3917 3328 3987 qui
3359 3926 3650 3987 propterea

2069 4009 2329 4065 Joannem
2353 4009 2526 4064 Eliam
2547 4009 2727 4064 vocari
2745 4017 2950 4078 putent,
2977 4009 3245 4078 quomodo
3272 4009 3326 4062 in
3353 4007 3659 4062 Salvatoris

2072 4103 2306 4158 adventu
2364 4103 2639 4168 secundo,
2683 4100 2836 4171 juxta
2889 4101 3203 4156 Malachiam
3237 4099 3504 4173 (Halach.
3554 4102 3661 4168 ri),

2071 4209 2434 4266 praecesserus
2487 4203 2571 4249 est
2615 4193 2784 4259 Elias,
2817 4203 2872 4249 et
2898 4203 3184 4249 venturum
3228 4193 3471 4261 judiccm
3528 4210 3662 4246 nun-

2074 4285 2332 4350 tiaturus;
2363 4284 2442 4338 sic
2479 4283 2716 4338 Joannes
2741 4284 2795 4338 in
2845 4285 3020 4354 primo
3057 4284 3291 4338 adventu
3339 4283 3566 4348 fecerit;
3609 4291 3662 4337 et

2072 4385 2301 4445 uterque
2326 4377 2395 4432 sit
2422 4376 2645 4431 nuntius
2673 4375 2756 4429 vel
2800 4375 2958 4446 primi
3015 4375 3278 4430 adventus
3309 4374 3552 4438 Domini,
3578 4371 3664 4427 vel

2073 4466 2318 4522 secundi.

2145 4561 2243 4614 Cui
2271 4569 2444 4615 autem
2482 4559 2704 4615 similent
2745 4561 3013 4615 mstimabo
3043 4561 3427 4630 generationem
3467 4560 3666 4616 istam!

2073 4651 2273 4706 Similis
2299 4662 2372 4706 est
2399 4651 2575 4722 pueris
2613 4650 2909 4706 sedentibus
2948 4653 3001 4706 in
3044 4652 3159 4722 foro
3179 4692 3195 4718 ,
3221 4654 3312 4724 qui
3370 4652 3664 4706 clamantes

2071 4740 2424 4812 cowqualibus
2448 4741 2627 4795 dicunt
2650 4754 2668 4792 :
2697 4738 2991 4796 Cecinimus
3013 4741 3172 4808 vobis,
3193 4752 3241 4796 et
3264 4759 3370 4797 non
3391 4743 3663 4806 sallastis;

2071 4835 2468 4890 lamentauimus
2495 4874 2510 4900 ,
2549 4845 2599 4888 et
2653 4850 2759 4888 non
2807 4833 3102 4904 plaua‘istis.
3139 4833 3321 4906 (Aug.)
3367 4835 3662 4890 Generatio

2071 4926 2378 4982 Judzeorum
2419 4933 2768 4996 comparatur
2815 4927 3000 4994 pueris
3047 4925 3358 4981 sedentibus
3387 4926 3441 4979 in
3501 4926 3660 4979 foro:

2071 5018 2198 5088 quia
2223 5017 2474 5072 doctores
2495 5017 2623 5071 olim
2647 5025 2701 5071 et
2719 5017 3012 5086 prophetas
3037 5015 3440 5085 accipiebat,de
3464 5018 3664 5084 quibus

2070 5107 2268 5163 dicitur
2297 5125 2310 5160 :
2342 5106 2427 5160 Ea:
2465 5123 2555 5160 ore
2600 5106 2883 5176 infantium
2930 5115 2978 5160 et
3031 5106 3333 5161 lactentium
3394 5108 3660 5177 perfecixti

2071 5197 2278 5251 laudem
2308 5193 2479 5267 (Psal.
2534 5195 2690 5268 vm);
2725 5204 2780 5250 et
2808 5195 2934 5250 alibi
2966 5214 2979 5250 :
3012 5197 3310 5251 Declaratio
3358 5213 3662 5251 unaunam

2071 5299 2281 5343 tuorum
2309 5287 2575 5341 illuminat
2598 5301 2704 5352 me,
2723 5295 2770 5340 et
2800 5285 3112 5341 intellectum
3128 5286 3217 5340 dat
3231 5287 3465 5354 paruulis
3480 5284 3659 5357 (Psal.

2073 5379 2268 5452 cxvrn)
2297 5420 2311 5445 ,
2349 5379 2404 5434 id
2457 5387 2560 5444 est,
2615 5377 2906 5432 humilibus
2957 5377 3170 5447 spiritu.
3223 5375 3429 5434 Forum
3474 5387 3662 5431 autem

2071 5472 2411 5527 Dominicum
2442 5469 2528 5525 vel
2552 5468 2835 5540 Synagoga
2861 5468 2948 5522 vel
2986 5469 3100 5538 ipsa
3129 5477 3214 5524 est
3240 5466 3572 5532 Jerusalem,
3605 5469 3659 5521 in

2071 5577 2175 5632 qua
2225 5567 2619 5630 praeceptorum
2667 5556 2971 5612 etelestium
3016 5555 3140 5626 jura
3193 5557 3656 5621 recondebantur,

2070 5651 2162 5705 ubi
2219 5650 2287 5704 ad
2340 5649 2571 5703 invicem
2625 5645 2783 5716 juxta
2843 5645 3068 5712 Lucam,
3115 5646 3230 5702 sive
3280 5647 3440 5717 juxta
3514 5647 3660 5701 hunc

2074 5742 2403 5808 Matthaeum,
2437 5740 2504 5796 ad
2535 5738 2857 5812 coaequales
2905 5753 3032 5796 suos
3092 5737 3455 5812 loquebantur
3484 5757 3498 5792 :
3531 5739 3654 5811 quia
