3914 6456
239 389 340 446 915

1226 389 1576 449 COMMENT.
1619 388 1686 445 IN
1725 385 2157 448 MATTHIEUM.
2196 423 2266 434 —
2301 393 2428 450 LIB.
2466 395 2550 452 lV.

3391 405 3492 461 illi

241 505 452 579 generis
472 506 754 577 gentisque
778 522 888 564 suae
910 508 1124 581 populis
1167 513 1343 583 patria
1389 511 1631 584 quotidie
1675 525 1806 567 voce
1832 511 1886 572 Α
1909 513 2172 582 sapientia
2195 518 2393 590 quippe
2421 535 2529 574 non
2558 522 2752 592 qucerit
2779 523 2928 580 vocis
2976 525 3370 595 testimonium,
3401 533 3495 587 sed

240 598 485 656 solebant
503 599 830 669 exprobrare
853 601 997 671 quod
1028 617 1130 658 nec
1154 603 1379 675 psalmis
1396 604 1572 674 primo
1592 604 1810 660 Davidi-

239 693 316 748 cis
365 689 577 756 allecti,
616 707 716 747 nec
762 693 969 748 threnis
1003 703 1192 765 postea
1247 697 1481 766 correpti
1527 697 1813 752 voluerunt

239 797 476 839 annuere
502 784 851 854 propheticis.
891 784 1112 852 Quoties
1135 786 1362 843 victoria
1408 789 1475 843 de
1528 789 1684 844 hoste
1728 789 1812 843 vel

237 873 417 929 futura
451 874 870 944 praeeinebatur,
899 875 984 930 vel
1018 875 1159 932 facta
1202 878 1576 946 recolebatur,
1614 894 1717 935 nec
1744 878 1814 934 ad

236 963 443 1029 laudes,
461 979 561 1019 nec
584 964 652 1020 ad
663 965 876 1020 virtutis
895 981 1057 1036 opera
1078 969 1810 1042 eonsentiebantassurgere.

235 1053 368 1110 Nam
401 1055 702 1112 saltationis
723 1059 888 1115 verbo
914 1075 1022 1116 non
1046 1061 1347 1118 histrionici
1394 1073 1592 1130 motus,
1616 1064 1813 1120 sinuati

236 1149 481 1218 corporis
530 1156 758 1217 rotatus,
813 1151 908 1207 sed
967 1152 1181 1224 impigri
1237 1155 1452 1210 devotio
1508 1154 1708 1222 cordis,
1760 1163 1816 1210 et

235 1239 485 1311 religiosa
533 1243 899 1298 membrorum
944 1241 1261 1314 designatur
1307 1246 1542 1317 agilitas.
1594 1244 1816 1312 Quoties

233 1333 445 1390 excidia
474 1333 560 1388 vel
592 1332 735 1389 facta
758 1334 844 1390 vel
868 1333 1119 1408 fugienda
1151 1337 1534 1407 prophetarum
1579 1335 1816 1392 lamenta

235 1429 604 1495 resonabant,
631 1439 686 1484 et
723 1445 823 1484 nec
868 1430 946 1486 sic
978 1430 1253 1488 auditores
1291 1433 1358 1487 ad
1397 1432 1648 1487 salutaris
1694 1446 1815 1502 poe-

234 1522 479 1577 nitentiae
519 1521 754 1578 remedia
795 1521 1084 1595 confugere
1131 1524 1413 1580 curabant.
1462 1523 1620 1580 Canit
1669 1523 1819 1578 Psal-

232 1614 396 1670 mista
436 1611 609 1686 (Psal.
639 1613 804 1686 Lxxx)
839 1632 852 1668 :
881 1613 1158 1670 Exsultate
1185 1614 1296 1669 Deo
1334 1615 1570 1686 adjutori
1617 1625 1813 1680 nostro,

226 1705 454 1776 jubilate
481 1705 590 1760 Deo
609 1704 800 1770 Iacob,
814 1706 1001 1760 sumite
1012 1704 1293 1776 psalmum,
1307 1716 1355 1760 et
1380 1706 1500 1760 date
1513 1716 1817 1776 tympanum

231 1808 338 1855 etc.
403 1798 509 1855 Sed
564 1800 693 1869 quid
745 1798 990 1868 sequitur
1029 1799 1143 1853 :Et
1201 1817 1303 1853 non
1351 1799 1550 1853 audivit
1594 1797 1817 1869 populus

1915 618 2159 672 operum.

1987 695 2098 770 [IL]
2159 699 2302 755 Tunc
2345 713 2491 775 coepit
2534 708 2846 777 exprobrare
2877 710 3170 766 civitatibus
3212 712 3269 767 in
3306 713 3495 784 quibus

1916 791 2071 860 facta:
2133 804 2300 849 essent
2349 796 2589 867 plurima!
2644 799 2856 856 virtutes
2880 841 2895 868 ,
2944 804 3070 874 quia
3131 821 3234 860 non
3275 806 3496 877 egissent

1913 885 2286 955 paenitentiam.
2315 887 2585 962 (Uieron.)
2630 891 2986 962 Exprobratio
3031 895 3312 952 civitatum
3349 895 3496 954 Cho-

1915 975 2122 1041 rozain,
2153 986 2207 1032 et
2231 976 2539 1047 Bethsaida,
2568 989 2622 1036 et
2650 981 3048 1053 Capharnaum,
3077 989 3297 1059 capituli
3335 987 3497 1060 hujus

1917 1065 2072 1122 titulo
2112 1070 2384 1139 panditur.
2438 1073 2592 1139 Quod
2647 1075 2769 1132 ideo
2811 1077 3221 1148 exprobraverit
3240 1080 3339 1146 eis,
3367 1080 3496 1152 quia

1915 1167 2038 1229 post
2087 1160 2256 1217 factas
2308 1164 2538 1220 virtutes
2589 1173 2642 1221 et
2692 1167 2844 1240 signa
2909 1169 3304 1240 quamplurima
3383 1187 3493 1228 non

1915 1264 2140 1324 egerunt
2165 1256 2554 1323 paenitentiam.

1998 1344 2086 1400 Va:
2122 1347 2235 1412 tibi,
2263 1345 2556 1404 Cliorozain
2583 1390 2599 1417 ,
2642 1367 2720 1406 vae
2764 1353 2898 1419 tibi,
2959 1353 3263 1408 Bethsaida.
3312 1353 3493 1425 (Aug.)

1916 1433 2236 1502 Chorozain,
2271 1454 2390 1508 qiue
2441 1439 2830 1510 interpretatur
2871 1443 3173 1513 mysterium
3217 1460 3410 1507 meum,
3441 1450 3496 1498 et

1916 1527 2224 1592 Bethsaida,
2251 1546 2370 1600 qua:
2383 1530 2570 1586 domus
2597 1532 2865 1601 fructuum
2894 1533 2975 1589 vel
2990 1522 3176 1589 domus
3190 1543 3495 1588 venatorum

1918 1620 2134 1686 dicitur,
2161 1621 2300 1677 sicut
2337 1632 2391 1676 et
2419 1623 2795 1693 Capharnaum
2815 1667 2831 1692 ,
2856 1634 3016 1696 atque
3075 1626 3335 1689 Tiberias,
3362 1641 3499 1696 quas

1916 1711 2151 1769 Joannes
2204 1717 2466 1782 nominat,
2495 1717 2742 1772 civitates
2785 1728 2911 1774 sunt
2968 1719 3220 1783 Galilzeae,
3269 1719 3388 1775 sitae
3439 1719 3495 1774 in

1918 1805 2099 1862 littore
2120 1805 2223 1862 laci
2246 1806 2640 1871 Gennesareth,
2655 1809 2745 1879 qui
2769 1809 3001 1866 Jordane
3018 1810 3214 1866 fluente
3227 1810 3459 1867 efﬁcitur
3476 1850 3495 1876 ,

231 1909 407 1946 vocem
453 1909 643 1959 meam,
695 1903 742 1947 et
791 1891 963 1947 Israel
1011 1910 1114 1946 non
1167 1893 1388 1947 intendit
1419 1894 1546 1947 mihi
1592 1892 1812 1965 (Ibid.).
1846 1880 1974 1951 Bet
2015 1897 2085 1952 ab
2125 1899 2471 1969 evangelistis
2521 1901 2681 1954 etiam
2736 1917 2884 1956 mare
2933 1902 3184 1968 Galilaxe,
3218 1901 3302 1957 vel
3349 1915 3500 1957 mare

231 1984 444 2041 Clamat
467 1986 764 2056 propheta:
799 1984 930 2041 Haec
957 1986 1085 2040 dicit
1112 1986 1369 2041 Dominus
1396 1999 1415 2038 :
1445 1984 1817 2041 Convertimini

230 2077 300 2131 ad
338 2094 418 2132 me
445 2079 500 2131 in
535 2087 642 2131 toto
695 2077 850 2132 corde
905 2087 1097 2143 vestro,
1134 2078 1189 2131 in
1232 2076 1462 2148 jejunio,
1496 2085 1543 2130 et
1589 2077 1735 2146 ﬂetu,
1769 2085 1817 2129 et

229 2166 476 2238 planctu;
511 2178 560 2222 et
585 2169 804 2223 scindite
837 2169 998 2223 corda
1029 2178 1219 2235 vestra,
1261 2178 1308 2222 et
1358 2185 1463 2222 non
1518 2169 1820 2222 vestimenta

231 2269 402 2314 vestra
429 2259 588 2332 (Joel.
621 2260 705 2334 ιι).
735 2260 804 2315 Ει
829 2261 1062 2316 iterum:
1111 2258 1349 2314 Ventrem
1385 2276 1578 2324 meum,
1595 2267 1820 2314 ventrem

231 2364 401 2402 meum
427 2348 599 2413 doleo,
624 2367 806 2404 sensus
833 2351 1004 2404 cordis
1027 2350 1128 2404 mei
1154 2349 1451 2404 conturbati
1477 2358 1599 2403 sunt
1629 2349 1776 2402 inme
1797 2363 1817 2402 :

228 2457 332 2495 non
380 2442 578 2508 tacebo,
609 2444 735 2514 quia
764 2459 937 2497 vocem
967 2443 1200 2497 buccina:
1225 2441 1426 2497 audivit
1465 2443 1645 2496 anima
1672 2459 1814 2508 mea,

227 2533 510 2589 clamorem
538 2535 707 2605 praelii
732 2535 864 2608 (Jcr.
889 2535 990 2607 ιν).
1014 2535 1081 2590 Et
1109 2535 1269 2606 paulo
1286 2542 1431 2606 post,
1462 2533 1602 2600 Quia
1628 2535 1819 2588 stultus

223 2624 452 2696 populus
475 2643 620 2682 meus
643 2645 722 2682 me
752 2643 856 2683 non
885 2627 1142 2700 cognovit,
1170 2627 1272 2697 ﬁlii
1324 2626 1629 2698 insipientes
1673 2635 1816 2693 sunt,

229 2726 276 2772 et
302 2720 570 2775 vecordes.
601 2720 652 2794 (Ι
657 2720 791 2788 bid.)

307 2853 466 2911 Venit
520 2857 657 2912 enim
707 2856 979 2925 Joannes,
1027 2875 1190 2929 neque
1238 2856 1566 2912 manducans
1596 2896 1609 2918 ,
1659 2869 1822 2925 neque

227 2952 444 3020 bibens,
505 2964 554 3010 et
601 2955 1196 3013 dicunt:Da:monium
1251 2954 1422 3008 habet.
1477 2951 1628 3006 Venit
1679 2950 1822 3020 ﬁlius

225 3043 478 3113 hominis,
505 3045 833 3101 manducans
862 3056 910 3101 et
937 3046 1112 3101 bibens
1130 3087 1144 3112 ,
1173 3055 1219 3100 et
1249 3046 1426 3100 dicunt
1459 3061 1476 3098 :
1507 3043 1644 3098 Ecce
1669 3049 1822 3096 homo

226 3151 415 3202 vorax,
445 3148 495 3192 et
533 3147 742 3209 potator
770 3139 895 3205 vini,
939 3139 1342 3210 publicanorum
1389 3147 1438 3191 et
1490 3145 1823 3208 peccatorum

227 3230 452 3284 amicus.
491 3228 664 3296 Sicut,
698 3231 890 3300 inquit,
922 3239 1072 3296 tunc,
1123 3231 1202 3285 sic
1245 3238 1302 3286 et
1345 3245 1490 3284 nunc
1535 3237 1821 3297 utramque
1848 3246 1894 3308 ρ

229 3320 421 3376 salutis
441 3320 582 3375 viam
595 3321 868 3390 respuitis.
899 3319 1035 3374 Nam
1057 3321 1200 3390 quod
1230 3321 1305 3375 ait
1331 3339 1344 3374 :
1376 3319 1814 3383 Lamentavimus,

229 3423 277 3467 et
303 3431 408 3469 non
428 3417 693 3486 plorastis,
711 3416 776 3470 ad
797 3414 1062 3470 Joannem
1085 3414 1338 3485 pertinet,
1361 3415 1515 3484 cujus
1538 3413 1816 3467 abstinen-

231 3503 306 3558 tia
330 3520 360 3558 a
391 3505 526 3561 cibis
557 3514 612 3561 et
638 3513 766 3577 potu
809 3505 1014 3561 luctum
1068 3504 1403 3575 poenitentia:
1453 3502 1814 3575 signiﬁcabat.

229 3600 384 3667 Quod
412 3612 592 3658 autem
619 3603 729 3657 ait:
756 3601 1050 3656 Cecinimus
1075 3602 1236 3667 vobis,
1268 3611 1314 3655 et
1342 3617 1444 3654 non
1466 3598 1721 3664 saltastis,
1750 3599 1818 3655 ad

231 3693 408 3762 ipsum
435 3695 604 3750 Deum
639 3695 902 3764 pertinet,
931 3694 1022 3764 qui
1060 3694 1260 3749 utendo
1288 3708 1412 3748 cum
1456 3691 1669 3748 caeteris
1698 3690 1820 3746 cibo

230 3794 287 3839 et
313 3795 464 3855 potu,
487 3787 727 3844 laetitiam
753 3782 904 3858 regni
921 3788 1205 3860 ﬁgurabat.
1233 3786 1303 3842 At
1329 3787 1401 3841 illi
1423 3802 1524 3842 nec
1544 3783 1819 3840 humiliari

230 3891 356 3932 cum
407 3877 636 3948 Joanne,
662 3894 764 3936 nec
795 3897 918 3936 cum
967 3879 1186 3936 Christo
1231 3881 1466 3952 gaudere
1509 3878 1817 3944 voluerunt,

229 3970 472 4029 dicentes
501 3973 650 4029 illum
691 3975 1015 4031 daemonium
1051 3975 1283 4041 habere;
1332 3974 1494 4030 istum
1542 3986 1816 4036 voracem,

228 4071 285 4118 et
307 4066 607 4132 ebriosum,
621 4075 674 4121 et
690 4067 925 4122 amicum
945 4066 1354 4137 publicanorum
1375 4076 1430 4122 et
1450 4073 1816 4138 peccatorum.

230 4153 384 4222 Quod
424 4168 605 4212 autem
626 4157 902 4229 subjungit
938 4173 954 4212 ':

298 4269 368 4324 Et
399 4271 698 4341 justiﬁcata
751 4280 827 4326 est
882 4273 1202 4343 sapientiaa
1251 4270 1376 4342 ﬁliis
1425 4272 1558 4338 suis,
1605 4270 1658 4326 id
1713 4278 1818 4338 est,

226 4359 321 4415 Dei
349 4363 617 4433 sapientia
642 4371 804 4434 atque
833 4363 1098 4418 doctrina.
1129 4363 1209 4418 Ac
1255 4364 1302 4419 si
1339 4371 1525 4433 aperte
1573 4363 1818 4418 diceret:

225 4451 338 4523 Ego
360 4456 459 4525 qui
484 4471 603 4510 sum
633 4455 728 4509 Dei
758 4455 950 4530 virtus,
973 4463 1028 4509 et
1057 4453 1151 4508 Dei
1183 4453 1470 4523 sapientia,
1496 4454 1598 4508 ista
1627 4452 1823 4508 fecisse

224 4545 292 4602 ab
313 4547 576 4618 apostolis
604 4547 738 4602 meis
766 4546 1149 4618 comprobatus
1173 4562 1313 4611 sum,
1346 4545 1542 4615 quibus
1567 4542 1824 4598 rcvelavit

222 4634 384 4694 Pater
449 4655 568 4710 quae
619 4655 649 4694 a
712 4638 1046 4710 sapientibus
1112 4636 1510 4700 absconderat,
1563 4643 1726 4706 atque
1787 4650 1820 4689 a

223 4729 587 4796 prudentibus
623 4729 764 4800 apud
787 4728 1126 4798 semetipsos.

295 4841 488 4913 (Aug)
509 4841 765 4909 Ostendit
793 4840 933 4896 ﬁlios
969 4840 1245 4911 sapientia:
1283 4838 1581 4909 intelligere
1613 4853 1716 4894 nec
1763 4837 1820 4894 in

226 4935 609 4992 manducando
632 4949 731 4989 nec
771 4933 828 4988 in
875 4932 1193 4990 abstinendo
1235 4946 1358 4987 esse
1398 4930 1687 5000 justitiam,
1725 4931 1823 4985 sed

224 5021 281 5082 in
310 5027 721 5099 aaquanimitate
756 5026 1021 5082 tolerandi
1067 5025 1328 5096 inopiam,
1355 5031 1409 5079 et
1460 5023 1823 5094 temperantia

225 5130 325 5189 per
401 5118 786 5174 abundantiam
859 5133 968 5172 non
1039 5132 1100 5172 se
1169 5113 1592 5185 corrumpendi,
1655 5121 1819 5182 atque

231 5219 536 5280 opportune
592 5209 837 5265 sumendi
877 5208 962 5264 vel
1018 5223 1127 5263 non
1174 5207 1419 5262 sumendi
1475 5222 1539 5262 ea
1586 5220 1820 5277 quorum

233 5316 339 5356 non
393 5317 557 5368 usus,
585 5302 678 5356 sed
724 5300 1161 5372 concupiscentia
1225 5296 1666 5369 reprehendenda
1713 5304 1815 5352 est.

240 5392 362 5451 Non
416 5406 492 5452 est
556 5396 692 5449 enim
745 5411 960 5465 regnum
1021 5394 1122 5449 Dei
1190 5410 1310 5448 esca
1369 5401 1419 5447 et
1483 5401 1636 5463 potus
1659 5433 1674 5459 ,
1728 5389 1820 5446 sed

232 5484 463 5553 justitia,
505 5495 555 5540 et
604 5502 729 5556 pax,
773 5497 820 5540 et
863 5487 1136 5556 gaudium.
1189 5486 1517 5560 (Rom.x1v).
1567 5487 1636 5541 Et
1690 5486 1820 5557 quia

241 5584 416 5640 solent
467 5583 714 5638 homines
778 5582 1005 5636 multum
1073 5585 1309 5654 gaudere
1379 5586 1445 5638 de
1511 5582 1820 5638 carnalibus

243 5676 430 5745 epulis,
479 5675 685 5731 addidit
733 5720 743 5729 .
797 5674 864 5729 In
919 5673 1120 5745 Spiritu
1177 5687 1378 5742 sancto,
1431 5676 1482 5730 in
1536 5691 1645 5746 quo
1692 5691 1819 5730 vera

245 5770 464 5826 satietas
507 5769 784 5826 tribuitur.
834 5767 890 5822 ln
940 5769 1262 5838 quibusdam
1333 5781 1462 5839 ergo
1517 5770 1822 5841 Evangeliis

245 5860 482 5935 legitur:
509 5861 816 5935 Justiﬁcata
853 5873 929 5920 est
981 5863 1238 5935 sapientia
1281 5864 1346 5920 ab
1383 5864 1624 5936 aperibus
1668 5866 1819 5933 suis;

1921 1992 2225 2048 Tiberiadis
2251 1993 2565 2064 appellatur.
2584 1993 2796 2065 Plangit
2818 2010 2948 2064 ergo
2973 1996 3232 2050 Dominus
3253 1995 3500 2049 civitates

1918 2100 2040 2154 qua:
2065 2085 2332 2154 quondam
2361 2085 2675 2155 mysterium
2703 2085 2795 2140 Dei
2825 2093 3136 2150 tenuerunt,
3163 2092 3218 2139 et
3236 2085 3498 2139 virtutum
3562 2099 3567 2106 ’

1912 2175 2028 2245 jam
2059 2175 2290 2230 fructum
2319 2176 2536 2247 gignere
2557 2175 2896 2230 debuerunt:
2921 2176 2974 2230 in
2997 2192 3130 2246 quas
3150 2183 3199 2230 et
3230 2172 3502 2244 spiritales

1919 2273 2204 2321 venatores
2259 2266 2406 2321 missi
2477 2275 2624 2332 sunt,
2663 2267 2803 2336 quod
2856 2276 2976 2336 post
3041 2275 3189 2321 tanta
3237 2263 3500 2321 miracula

1919 2365 2082 2428 atque
2115 2358 2344 2412 virtutes
2377 2373 2484 2413 non
2510 2359 2902 2428 pmnituernnt,
2934 2358 3256 2429 pejoresqne
3284 2355 3500 2428 gentili-

1918 2446 2020 2502 bus
2046 2448 2136 2516 qui
2181 2448 2428 2502 naturale
2472 2447 2809 2504 solummodo
2855 2448 2944 2516 jus
2998 2448 3350 2519 dissipabant,
3381 2455 3504 2517 post

1919 2539 2203 2609 descripta:
2227 2538 2359 2610 legis
2385 2545 2772 2608 contemptum,
2804 2537 2998 2593 Filium
3023 2553 3236 2609 quoque
3257 2538 3354 2593 Dei
3374 2553 3505 2593 eon-

1920 2629 2136 2685 culcare
2165 2630 2502 2701 gratiamque
2528 2630 2727 2701 ingrati
2757 2645 3013 2700 spernere
3039 2645 3146 2685 non
3179 2629 3496 2684 timuerunt.

1921 2719 2226 2787 Quzerimus
2256 2735 2384 2791 ergo
2411 2720 2503 2775 ubi
2528 2721 2790 2791 scriptum
2818 2722 2890 2776 sit
2917 2721 3060 2791 quod
3111 2723 3166 2776 in
3195 2721 3503 2777 Chorozain

1920 2825 1977 2872 et
2002 2816 2290 2872 Bethsaida
2319 2817 2582 2873 Dominus
2609 2819 2762 2889 signa
2785 2817 2993 2873 fecerit.
3028 2818 3203 2886 Supra
3231 2815 3460 2884 legimus
3486 2833 3500 2868 :

1921 2907 1989 2962 Et
2021 2909 2326 2964 circumibat
2354 2910 2510 2965 Jesus
2541 2911 2772 2965 civitates
2797 2918 2847 2964 et
2897 2926 3074 2964 omnes
3122 2907 3284 2972 vicos,
3310 2923 3504 2960 curans

1922 3017 2125 3054 onmem
2162 3001 2542 3070 inﬁrmitatem,
2574 3011 2628 3056 et
2655 3001 2882 3072 reliqua.
2912 3002 3056 3056 Inter
3094 3010 3320 3056 caeteras
3367 3013 3499 3069 ergo

1923 3092 2085 3146 urbes
2108 3100 2162 3146 et
2185 3092 2334 3146 vicos
2365 3092 2738 3147 aestimandum
2766 3099 2849 3147 est
2875 3092 2929 3148 in
2957 3089 3263 3147 Chorozain
3283 3104 3514 3160 quoque

1924 3193 1980 3238 et
2007 3183 2294 3240 Bethsaida
2323 3185 2607 3240 Dominum
2635 3185 2847 3241 fecisse.

1998 3278 2135 3344 Quia
2163 3279 2210 3332 si
2253 3279 2309 3333 in
2357 3277 2494 3349 Tyro
2532 3287 2580 3332 et
2629 3277 2826 3333 Sidone
2883 3276 3038 3346 factis
3083 3285 3250 3330 essent
3293 3275 3507 3329 virtutes

1920 3385 2038 3440 qua!
2078 3369 2233 3438 {actia
2277 3378 2399 3424 sunt
2441 3370 2498 3422 in
2545 3369 2708 3432 vobis,
2762 3367 2886 3422 olim
2935 3369 2989 3422 in
3037 3366 3209 3421 cilicio
3265 3373 3313 3420 et
3334 3365 3506 3418 cinere

1919 3460 2280 3532 paenitentiam
2330 3462 2573 3532 egissent.
2623 3459 2867 3533 (Aug.)-
2915 3461 3156 3529 Denique
3222 3458 3504 3528 impletum

1920 3551 2169 3606 videmus
2233 3551 2392 3607 hodie
2443 3551 2644 3607 dictum
2701 3550 3018 3607 Salvatoris.
3082 3550 3223 3617 Quia
3294 3549 3505 3604 scilicet

1926 3641 2232 3697 Chorozain
2264 3651 2319 3697 et
2352 3641 2665 3706 Bethsaida,
2691 3650 2957 3711 praesente
3006 3640 3256 3707 Domino,
3281 3639 3506 3696 credere

1922 3734 2239 3801 noluerunt;
2297 3735 2473 3805 Tyrus
2529 3741 2709 3790 autem
2762 3750 2826 3790 ac
2878 3733 3047 3790 Sidon
3097 3741 3154 3789 et
3223 3733 3502 3804 quondam

1921 3826 2092 3882 David
2118 3842 2182 3882 ac
2217 3825 2492 3882 Salomoni
2540 3827 2728 3883 amicae
2777 3827 2950 3891 fuere,
2981 3834 3037 3881 et
3061 3833 3184 3896 post
3229 3823 3504 3896 evangeli-

1924 3921 2174 3976 zantibus
2199 3919 2401 3976 Christi
2422 3921 2705 3977 credidere
2727 3921 3003 3991 discipulis
3029 3939 3040 3974 :
3069 3929 3324 3989 tantaque
3344 3920 3507 3974 ﬁdem

1924 4012 2210 4067 devotione
2233 4021 2607 4082 susceperunt,
2638 4021 2698 4066 ut
2741 4011 2964 4066 Paulum
3015 4010 3318 4081 apostolum
3365 4009 3513 4081 Tyro

1925 4102 2237 4167 abeuntem,
2261 4102 2443 4158 cuncti
2471 4101 2618 4158 cives
2642 4117 2765 4157 cum
2792 4100 3056 4156 uxoribus
3089 4108 3144 4154 ct
3189 4097 3316 4154 ﬁliis
3338 4113 3513 4168 usque

1923 4193 2072 4249 foras
2127 4201 2586 4264 prosequerentur
2633 4191 2774 4260 (Act.
2840 4192 2990 4260 XXI);
3034 4191 3514 4264 pulcherrimoque

1924 4282 2233 4355 Spectacula
2292 4293 2441 4339 tanta
2487 4283 2767 4338 hominum
2816 4283 3104 4339 multitudo
3150 4283 3514 4353 paucissimos

1924 4375 2183 4446 hospites,
2211 4376 2303 4430 sed
2330 4391 2428 4446 pro
2453 4374 2654 4431 Christi
2684 4373 2788 4429 ﬁde
2825 4374 3198 4439 charissimos,
3231 4374 3300 4430 ad
3347 4389 3516 4429 naves

1925 4482 2097 4537 usque
2123 4465 2454 4522 valefactura
2477 4466 2788 4521 deduceret.
2818 4464 2925 4520 Sed
2946 4480 3114 4534 quare
3136 4483 3243 4521 non
3267 4466 3396 4521 olim
3423 4466 3511 4520 his

1928 4564 2020 4634 qui
2042 4565 2263 4619 credere
2315 4568 2648 4632 potuerunt,
2677 4573 2867 4614 verum
2909 4558 3109 4614 Judaais
3155 4560 3249 4630 qui
3290 4560 3516 4615 credere

1926 4655 2238 4718 noluerunt,
2270 4652 2340 4707 sit
2366 4649 2820 4721 evangelizatum,
2851 4649 3022 4719 ipsius
3042 4657 3126 4704 est
3165 4649 3307 4705 scire
3353 4648 3514 4719 cujus

1925 4744 2180 4799 universa:
2217 4742 2312 4799 via:
2365 4741 2727 4797 misericordia
2786 4751 2834 4795 et
2883 4741 3091 4795 veritas.
3129 4737 3302 4812 (Psal.
3337 4739 3514 4810 ΠΝ.)

1997 4837 2336 4908 Propositum
2370 4851 2606 4907 namque
2641 4834 2818 4890 fuerat
2857 4833 3087 4889 Domino
3136 4832 3332 4889 Iudaeae
3378 4833 3517 4888 ﬁnes

1927 4947 2034 4987 non
2061 4931 2346 4996 excedere,
2374 4946 2444 4985 ne
2464 4928 2669 5000 justam
2707 4927 2999 4982 Phariszeis
3039 4935 3095 4981 et
3139 4927 3516 4982 sacerdotibus

1926 5024 2270 5081 occasionem
2291 5021 2682 5093 persecutionis
2705 5021 2880 5075 daret.
2915 5019 3059 5074 Sane
3086 5019 3228 5090 quod
3252 5018 3517 5074 Dominus

1930 5114 2008 5169 ait
2041 5133 2051 5166 :
2083 5112 2148 5168 In
2179 5113 2348 5168 cilicio
2385 5122 2432 5167 et
2455 5114 2626 5168 cinere
2649 5112 2950 5183 poeniterent
2987 5125 3004 5162 :
3036 5111 3091 5165 in
3132 5109 3332 5176 cilicio,
3367 5110 3514 5181 quod

1930 5209 1996 5264 de
2016 5209 2140 5278 pilis
2163 5223 2452 5278 caprarum
2480 5207 2701 5272 texitur,
2727 5221 2975 5276 asperam
2990 5204 3198 5274 peccati
3220 5203 3516 5274 pungentis

1929 5301 2272 5367 memoriam,
2321 5315 2426 5370 qua
2478 5299 2533 5353 in
2589 5299 2676 5353 die
2727 5297 2921 5367 judicii
2971 5296 3192 5352 sinistra
3248 5311 3380 5366 pars
3432 5305 3522 5351 est

1928 5394 2220 5460 induenda,
2248 5392 2549 5464 signiﬁcat;
2583 5391 2637 5445 in
2667 5389 2850 5445 cinere
2877 5396 3057 5444 autem
3087 5388 3287 5443 mortis
3331 5387 3521 5443 consi—

1929 5489 2284 5552 derationem,
2315 5501 2412 5556 per
2436 5498 2600 5555 quam
2637 5491 2747 5538 tota
2792 5480 3014 5536 humani
3061 5480 3280 5552 generis
3331 5492 3515 5536 masaa

1930 5584 1984 5639 in
2013 5584 2286 5655 pulverem
2311 5588 2394 5636 est
2418 5578 2726 5650 redigenda,
2755 5577 3118 5631 demonstrat.

2001 5675 2308 5732 Notandum
2385 5680 2566 5727 autem
2629 5670 2774 5740 quod
2835 5668 3013 5738 Tyrus
3067 5664 3383 5736 metropolis
3431 5670 3518 5718 est

1930 5769 2224 5833 thnicis,
2259 5769 2311 5822 in
2339 5767 2482 5820 tribu
2503 5761 2871 5834 Nephthalim.
2895 5761 3021 5818 Haec
3041 5761 3313 5832 quondam
3339 5755 3516 5813 insula

1929 5863 2034 5920 fuit
2054 5860 2232 5934 posita
2253 5858 2365 5914 alto
2387 5857 2546 5926 mari,
2574 5855 2670 5912 sed
2690 5868 2834 5912 nunc
2855 5853 3115 5924 contigua
3130 5860 3313 5907 terrae.
3344 5846 3514 5908 Sidon
