3914 6476
418 419 525 480 snt
1073 422 1136 478 Β.
1173 410 1429 478 uanam
1466 408 1689 479 nsum
1721 418 2040 476 ARCHIEP.
2078 402 2388 474 uocum.
2426 414 2717 475 omnem
2752 417 2933 475 psus
2963 416 3005 472 ι.
3584 414 3695 473 eis

409 539 785 612 quoquam
817 545 901 595 est
933 535 1208 594 Phoenicis
1252 538 1511 609 insignis,
1554 536 1683 593 olim
1734 536 1995 591 terminus
2021 538 2072 600 Α
2099 532 2724 606 (Hieron.)Blandientis
2749 532 2947 589 aﬁ‘ectti
2958 533 3217 604 loquitur
3248 530 3609 598 ad'Patrem,
3636 545 3698 589 nt

412 631 873 696 Chananatorum,
921 631 989 686 ad
1014 631 1320 702 aquilonem
1348 631 1668 702 respiciens,
1722 636 1782 684 et
1804 635 1993 699 postea
2095 634 2329 695 ereptum
2360 626 2412 680 in
2454 626 2725 695 apostolos
2747 626 3073 682 beneﬁcium
3095 618 3456 696 compleatur.
3487 624 3695 698 (Greg.)

410 725 652 799 legionis
706 722 920 782 Jndaaae.
972 723 1181 780 Cecidit
1234 734 1415 780 autem
1464 724 1521 778 in
1573 732 1776 779 sortem
1819 722 1993 777 tribus
2096 713 2191 770 llis
2211 715 2423 770 Domini
2446 716 2628 771 verbis
2655 716 2903 787 exempla
2932 714 3253 771 humilitatis
3290 717 3601 787 accipimus
3629 732 3699 772 ne

408 814 569 885 Aser,
590 816 689 872 sed
716 830 827 871 non
854 831 976 872 eam
1000 815 1258 886 possedit,
1284 817 1409 887 quia
1438 817 1624 872 hostes
1649 826 1991 885 nequaquam

411 907 580 964 valuit
590 906 882 979 expﬂere.
896 907 1329 979 interpretantur
1346 916 1528 962 autem
1541 907 1715 980 Tyrus
1726 907 1990 978 angustia,

398 1005 467 1056 et
492 997 664 1056 Sidon
686 1000 917 1066 uenatio,
946 1006 1002 1054 et
1030 996 1341 1070 significant
1366 1006 1556 1070 gentes
1592 998 1731 1069 quas
1769 1002 1994 1054 venatur

406 1090 658 1147 diabolus
704 1091 762 1146 in
820 1091 1072 1163 angustia
1129 1092 1337 1161 peccati
1400 1091 1811 1161 comprehendit
1835 1132 1849 1156 ,
1898 1088 1994 1146 sed

404 1181 664 1238 Salvator
684 1182 846 1239 Je'sns
870 1197 968 1253 per
992 1183 1344 1254 Evangelium
1371 1182 1602 1238 absolvit

481 1272 550 1327 Et
600 1282 677 1338 tu,
725 1271 1132 1345 Capharnaum,
1183 1273 1416 1345 nunquid
1472 1288 1636 1343 usque
1684 1271 1754 1326 ad
1808 1271 1993 1325 emittm

408 1364 720 1419 exaltaberis
744 1365 771 1419 ἵ
808 1378 886 1418 'an
935 1368 1096 1436 usque
1133 1367 1189 1419 in
1249 1365 1513 1433 infernum
1568 1362 1886 1418 descendes.’
1937 1363 1994 1416 In

409 1455 584 1512 altero
637 1457 933 1528 exemplari
990 1459 1291 1528 reperimus
1329 1477 1342 1511 ε
1375 1457 1441 1511 Et
1490 1467 1568 1523 tu,
1596 1457 1992 1527 Capharuaum,

409 1565 530 1620 qua:
554 1565 716 1620 usque
760 1549 829 1603 ad
866 1549 1056 1604 cretam
1108 1549 1339 1604 excitata
1365 1565 1440 1614 es,
1465 1565 1628 1620 usque
1666 1548 1738 1601 ad
1788 1547 1995 1617 inferna

410 1640 742 1695 descendisti.
773 1640 841 1695 Et
866 1648 952 1694 est
988 1640 1184 1709 duplex
1234 1639 1627 1710 intelligentia:
1652 1638 1736 1692 vel
1762 1637 1882 1691 ideo
1927 1635 1996 1689 ad

410 1729 622 1785 inferna
654 1730 972 1795 desceudes,
994 1729 1121 1798 quia
1143 1737 1332 1784 contra
1352 1728 1795 1798 praedicationem
1818 1740 1994 1779 meam

409 1821 797 1891 superbissime
844 1821 1127 1888 restitisti,
1179 1821 1261 1877 vel
1310 1822 1433 1877 ideo
1474 1822 1604 1890 quia
1652 1819 1888 1875 exaltata
1935 1833 1996 1873 es

2097 813 2304 861 temere
2324 808 2600 863 discutere
2629 824 2864 879 superna
2900 806 3125 864 consilia
3156 807 3223 863 de
3252 806 3494 864 aliorum
3532 822 3700 865 voca-

2091 898 2242 954 ﬁone
2265 900 2561 955 aliorumve
2588 899 2895 971 repulsionc
2920 894 3333 971 praesumamus.
3378 899 3527 957 Cum
3555 900 3703 958 enim

2093 990 2367 1048 intulisset
2419 1002 2732 1063 utrumque,
2786 1008 2896 1050 non
2938 1008 3069 1049 mox
3106 996 3381 1049 rationem
3430 993 3697 1062 reddidit,

2092 1085 2192 1139 sed
2214 1085 2295 1139 sic
2336 1084 2449 1139 Deo
2473 1084 2731 1155 placitum
2757 1085 2892 1141 dixit
2917 1099 2934 1140 :
2980 1086 3081 1142 hoc
3108 1085 3373 1142 videlicet
3398 1085 3705 1143 ostendens

2092 1180 2221 1248 quia
2247 1178 2506 1249 injustum
2552 1193 2674 1235 esse
2726 1195 2833 1235 non
2862 1189 3044 1251 potest
3088 1179 3233 1251 quod
3285 1179 3507 1250 placuit
3540 1178 3704 1248 justo.

2088 1267 2255 1323 Unde
2278 1280 2337 1323 et
2374 1270 2430 1322 in
2456 1270 2613 1323 vinea
2662 1271 2973 1325 mercedem
3018 1266 3393 1326 laborantibus
3444 1270 3707 1337 reddens,

2090 1364 2221 1416 cum
2246 1362 2507 1431 quosdam
2534 1363 2814 1432 operarios
2842 1361 3137 1433 inmquaies
3164 1363 3219 1417 in
3244 1376 3420 1434 opere
3458 1373 3709 1432 aequaret

2098 1453 2153 1507 in
2175 1453 2415 1522 praemio,
2442 1461 2502 1506 et
2544 1452 2664 1522 plus
2716 1453 2768 1506 iu
2819 1452 3073 1507 mercede
3098 1458 3380 1522 quaereret
3410 1452 3515 1521 qui
3544 1451 3709 1505 labori

2099 1544 2329 1615 amplius
2372 1544 2700 1605 insudasse't,
2737 1545 2850 1598 ait:
2906 1545 3097 1599 Nonne
3134 1558 3201 1598 ex
3242 1544 3478 1599 denario
3533 1560 3711 1597 com—

2100 1636 2223 1688 niin
2244 1651 2446 1688 mecum
2474 1632 2631 1689 Nolo
2658 1644 2834 1688 autem
2858 1645 2905 1689 et
2935 1636 3057 1689 huic
3086 1636 3378 1689 novissimo
3418 1633 3565 1687 dare
3585 1635 3711 1687 sicut

2100 1738 2147 1781 et
2166 1728 2280 1781 tibi.
2310 1727 2411 1780 Aut
2445 1742 2550 1781 non
2575 1726 2692 1780 licet
2712 1727 2850 1780 mihi
2885 1727 3027 1797 quod
3066 1727 3181 1781 uoto
3216 1726 3454 1796 facere?
3490 1724 3707 1795 (Haut.

2100 1820 2217 1890 xx).
2236 1820 2295 1874 In
2335 1821 2544 1875 cunctis
2567 1834 2695 1891 ergo
2718 1834 2839 1889 qua:
2860 1819 3103 1874 exterius
3122 1820 3511 1889 disponuntur
3535 1826 3710 1886 aperte

410 1928 579 1983 usque
601 1915 669 1969 ad
697 1913 897 1970 coelum
921 1929 1042 1969 meo
1065 1915 1302 1985 hospitio
1325 1924 1379 1969 et
1406 1915 1542 1969 meis
1566 1915 1754 1982 signis,
1787 1920 1994 1967 tantum
2022 1925 2072 1984 Β
2098 1926 2262 1967 causa
2286 1911 2514 1966 rationis
2550 1920 2656 1976 est,
2686 1911 2909 1966 occulte
2926 1898 3139 1980 justitia
3167 1910 3503 1965 voiumatis.

406 2011 617 2066 habens
637 2010 977 2081 privilegium
1004 2051 1019 2075 ,
1047 2009 1348 2079 majoribus
1392 2011 1649 2080 plecteris
1693 2008 1993 2079 suppliciis,

410 2099 551 2169 quod
586 2099 673 2154 bis
702 2115 917 2169 quoque
943 2099 1166 2155 credere
1215 2101 1459 2155 noluisti.
1510 2101 1567 2154 In
1613 2100 1994 2169 Capharnaum

402 2199 613 2255 autem,
658 2206 777 2261 quae
826 2191 1217 2262 interpretatur
1263 2192 1389 2246 villa
1431 2192 1809 2263 pulcherrima,
1863 2206 1993 2246 con-

404 2282 696 2338 demnatur
743 2283 1021 2339 incredula
1086 2282 1424 2339 Hierusalem
1455 2326 1469 2348 ,
1515 2284 1602 2340 cui
1652 2284 1853 2339 dicitur
1898 2296 1997 2353 per

408 2373 746 2431 Ezechielem
775 2394 788 2429 :
818 2375 1123 2444 Justiﬁcata
1145 2385 1219 2428 est
1246 2374 1501 2439 Sodoma,
1528 2390 1678 2429 soror
1697 2384 1809 2440 tua,
1833 2390 1898 2428 ea.
1922 2382 1991 2427 te.

406 2466 625 2540 (Επειδὴ.
651 2466 784 2539 XVI).
817 2466 970 2522 Unde
998 2477 1055 2522 et
1080 2476 1478 2537 consequenter
1499 2466 1748 2521 subditur
1776 2483 1790 2519 :

476 2556 621 2623 Quia
661 2559 708 2612 si
757 2560 814 2611 in
864 2557 1109 2613 Sodomis
1161 2557 1317 2627 facta:
1376 2557 1600 2626 fuissent
1641 2558 1854 2610 uirtutes
1876 2572 1995 2626 qua:

413 2650 570 2721 facta
591 2660 711 2704 sunt
738 2652 792 2705 in
820 2659 889 2715 te,
917 2650 1052 2720 forte
1074 2650 1383 2704 mansissent
1396 2651 1457 2703 in
1487 2650 1625 2703 hunc
1646 2665 1809 2719 usque
1831 2649 1990 2702 diem.

408 2738 701 2813 (Manlius)
733 2739 955 2796 Minoris
977 2756 1105 2813 ergo
1152 2739 1428 2811 injustitias
1475 2740 1711 2795 Sodoma
1753 2748 1807 2793 et
1839 2739 1992 2809 quasi

407 2832 551 2903 inata
576 2846 700 2889 esse
718 2832 929 2889 'dicitur
957 2833 1013 2888 in
1034 2834 1445 2904 comparatione
1470 2832 1695 2903 majoris
1716 2830 1994 2900 injustitite

409 2924 769 2991 Hierusalem,
798 2940 921 2981 cum
952 2925 1042 2980 illa
1070 2924 1335 2995 exemplis
1363 2924 1462 2980 Lot
1484 2940 1592 2979 non
1624 2924 1785 2978 fuerit
1810 2936 1995 2978 corre-

400 3025 519 3081 ‘cta,
551 3017 734 3071 etista
766 3016 895 3071 Filii
944 3015 1041 3072 Dei
1097 3018 1281 3072 verbis
1342 3025 1397 3072 et
1438 3016 1723 3071 miraculis
1776 3030 1993 3085 semper

408 3107 683 3162 exstiterit
712 3108 944 3177 ingrata.
972 3106 1086 3161 lmo
1117 3107 1415 3177 prophetas
1438 3116 1544 3160 nec
1573 3120 1681 3161 non
1730 3113 1785 3160 et
1814 3106 1991 3176 ipsum

411 3195 752 3253 Salvatorem
808 3197 1047 3265 occidit,
1101 3206 1159 3252 et
1212 3196 1487 3267 apostolos
1534 3193 1654 3264 ejus
1702 3202 1989 3266 persecuta

408 3298 860 3436 emVerumtamen
906 3381 1026 3434 dico
1077 3380 1218 3435 vobis
1255 3380 1381 3451 quia
1438 3389 1593 3434 teme
1646 3377 1995 3433 Sodomorum

404 3473 678 3529 remissius
705 3474 803 3528 erit
830 3489 989 3544 quam
1021 3472 1134 3527 tibi.
1166 3471 1468 3527 Remissior
1508 3485 1640 3542 ergo
1671 3482 1860 3525 eorum
1891 3470 1999 3524 erit

398 3574 591 3638 Pptena,
615 3581 847 3636 quorum
892 3566 1069 3621 minor
1104 3574 1194 3622 est
1232 3566 1421 3636 culpa;
1451 3574 1506 3621 et
1553 3566 1609 3620 in
1652 3581 1748 3620 eos
1804 3565 1998 3620 fortior

402 3659 728 3729 procederet
756 3659 1012 3723 vindicta,
1043 3670 1275 3729 quorum
1301 3657 1479 3728 major
1507 3665 1592 3714 est
1617 3672 1777 3712 noxa.

485 3766 618 3845 [λιιι]
656 3770 724 3825 Ὶη
748 3770 841 3827 illo
870 3781 1097 3844 tempore
1124 3772 1441 3843 respondens
1467 3770 1623 3827 Iesus
1654 3771 1786 3825 dixit
1817 3785 1835 3823 :
1860 3768 1996 3824 Con-

402 3862 563 3935 ‘ﬂteor
585 3860 697 3929 tib‘i,
723 3861 905 3931 Pater,
932 3863 1153 3919 Domine
1174 3862 1288 3920 cwli
1312 3872 1359 3919 et
1390 3874 1562 3918 terrm.
1587 3862 1868 3918 Confessio
1888 3876 1996 3917 non

412 3954 628 4025 sculper
677 3955 1073 4026 ptenitentiam,
1107 3957 1203 4012 sed
1252 3964 1308 4012 et
1367 3957 1669 4026 gratiarum
1724 3955 1996 4009 actionem

414 4048 702 4116 significat,
726 4058 786 4103 ut
812 4049 867 4103 in
897 4050 1127 4104 Psalmis
1155 4049 1454 4119 saepissime
1471 4050 1726 4119 legimus.
1758 4048 1997 4102 Audiant

414 4140 508 4209 qui
532 4137 873 4195 Salvatorem
904 4156 1012 4195 non
1044 4149 1229 4195 natum
1259 4142 1352 4196 sed
1384 4150 1628 4197 creatum
1658 4140 1997 4197 calumnian-

404 4239 522 4295 ‘tur,
549 4230 692 4300 quod
722 4228 940 4287 Patrem
966 4246 1119 4287 suum
1145 4242 1323 4299 vocet,
1349 4233 1471 4290 C(eli
1501 4242 1680 4290 autem
1710 4233 1996 4288 Dominum

415 4333 471 4379 et
497 4320 675 4378 terra}.
709 4322 769 4379 Si
791 4324 931 4379 enim
965 4334 1020 4379 et
1051 4325 1165 4396 ipse
1213 4335 1463 4382 creatura
1508 4335 1613 4393 est,
1644 4334 1700 4383 et
1747 4334 1997 4382 creatura

416 4415 751 4473 conditorem
780 4431 936 4472 suum
964 4416 1181 4474 Patrem
1213 4418 1463 4475 similiter
1498 4419 1766 4490 appellare
1792 4426 1993 4490 potest,

415 4506 640 4565 Stultum
666 4506 766 4564 fuit
790 4524 896 4565 non
942 4519 996 4567 et
1026 4511 1106 4566 sui
1138 4519 1193 4566 et
1217 4512 1363 4579 cteli,
1395 4520 1450 4569 et
1503 4524 1659 4568 terrae
1705 4513 1995 4568 Dominum

411 4598 497 4656 vel
530 4596 748 4655 Patrem
772 4599 1021 4656 similiter
1048 4600 1338 4672 appellare.

2173 2002 2366 2059 Omnia
2396 2005 2524 2058 mihi
2567 2004 2779 2071 tradita.
2803 2015 2923 2058 sunt
2951 2020 2983 2056 a
3027 2000 3190 2057 Patre
3214 2018 3356 2058 nteo.
3396 2002 3469 2057 Et
3492 2002 3711 2057 trades»

2100 2104 2208 2151 tem
2234 2096 2473 2160 Palrem,
2515 2102 2573 2148 et
2601 2094 2954 2164 accipientem
3000 2092 3219 2158 Filium,
3270 2094 3521 2165 mystice
3558 2094 3704 2148 intel-

2099 2187 2222 2258 lige.
2253 2185 2530 2255 Alioquin,
2555 2187 2601 2240 si
2642 2185 2798 2254 juxta
2843 2184 3191 2256 fragilitatem
3218 2192 3483 2239 nostram
3514 2185 3708 2239 mire

2093 2282 2365 2342 volumus,
2400 2295 2523 2334 cum
2546 2280 2779 2349 coeperit
2813 2279 3015 2333 habere
3066 2278 3158 2347 qui
3207 2277 3441 2346 accipit,
3496 2277 3710 2346 incipiet

2097 2391 2209 2430 non
2234 2373 2436 2428 habere
2482 2373 2830 2442 quirdederit.
2879 2371 3012 2427 Cum
3056 2372 3233 2425 omnia
3266 2371 3435 2443 legis,
3468 2372 3707 2441 omnipa-

2098 2475 2302 2523 tentem
2356 2466 2629 2538 agnoscis,
2685 2480 2789 2519 non
2828 2464 3152 2529 decoiorem,
3208 2478 3319 2517 non
3379 2463 3705 2532 degenerem

2096 2558 2286 2624 Patri;
2313 2574 2435 2613 cum
2480 2556 2682 2611 tradita
2720 2555 2880 2627 legis,
2926 2554 3125 2610 Filium
3148 2554 3464 2617 conﬁteris,
3505 2555 3595 2609 cui
3623 2568 3707 2623 per

2098 2658 2348 2705 naturam
2375 2649 2555 2703 omnia
2581 2648 2741 2703 unius
2789 2646 3106 2702 substantiae
3145 2645 3273 2715 jure
3298 2653 3441 2700 sunt
3464 2646 3701 2715 propria,

2098 2760 2207 2800 non
2234 2744 2376 2799 dono
2401 2742 2596 2807 collata
2647 2755 2745 2811 per
2794 2740 3048 2811 gratiam.
3099 2736 3322 2793 Tradita
3379 2746 3576 2793 autem
3614 2738 3705 2793 sibi

2098 2838 2299 2905 omnia,
2332 2853 2438 2892 non
2461 2835 2683 2901 coelum,
2708 2843 2765 2890 et
2786 2842 2956 2900 terra,
2982 2842 3039 2889 et
3055 2832 3325 2909 elementa
3352 2832 3705 2904 intelligentia

2097 2939 2244 2994 sunt,
2272 2939 2327 2983 et
2347 2936 2544 2984 canere
2573 2942 2693 2996 quae
2717 2928 2831 2996 ipse
2858 2923 3065 2980 fecitet
3090 2924 3361 2989 condidit,
3412 2924 3515 2979 sed
3542 2925 3598 2979 bi
3618 2922 3705 2993 qui

2096 3037 2195 3092 per
2222 3021 2416 3077 Filium
2463 3036 2741 3077 accessum
2773 3021 2976 3077 habent
3001 3021 3070 3075 ad
3117 3019 3362 3087 Patrem,
3390 3030 3455 3075 et
3478 3028 3610 3076 ante
3628 3035 3705 3074 ne-

2094 3113 2285 3179 belles,
2314 3113 2482 3169 Deum
2510 3121 2700 3183 postea
2723 3113 2926 3167 sentire
2946 3120 3251 3182 coeperunt.

2170 3208 2396 3280 (Hitar.)
2428 3207 2647 3264 Tradita
2671 3215 2853 3261 autem
2876 3222 2984 3261 non
3011 3205 3115 3261 alia
3142 3214 3271 3260 sunt
3299 3221 3483 3274 quam
3504 3222 3629 3278 qua
3652 3206 3701 3261 in

2024 3293 2070 3356 C
2098 3300 2239 3357 Filio
2262 3299 2360 3355 soli
2384 3308 2509 3354 nota
2552 3306 2679 3354 sunt
2707 3298 2857 3354 Patri
2882 3315 2898 3365 ;
2948 3307 3074 3352 nota
3104 3312 3234 3352 vero
3281 3296 3434 3353 Filio
3462 3298 3570 3353 soli
3596 3313 3703 3355 esse

2100 3406 2221 3462 quae
2246 3390 2425 3445 Patris
2450 3398 2613 3444 sunt:
2643 3397 2806 3459 atque
2836 3388 2911 3442 ita
2938 3387 2992 3441 iu
3020 3388 3129 3443 hoc
3154 3394 3357 3441 mutua:
3380 3389 3704 3459 cognitionis

2099 3490 2311 3539 secreto
2336 3480 2652 3552 intelligitur
2694 3494 2801 3534 non
2839 3476 2984 3533 aliud
3026 3477 3081 3532 in
3105 3475 3243 3533 Filio
3271 3491 3451 3547 quam
3477 3477 3538 3533 in
3560 3477 3705 3533 Patre

2100 3572 2406 3643 ignorabile
2435 3571 2729 3627 exstitisse.

2168 3664 2236 3719 Et
2260 3682 2419 3720 nemo
2446 3666 2583 3719 novit
2629 3661 2829 3718 Filium
2876 3662 2977 3717 nisi
3026 3660 3228 3729 Pater;
3284 3678 3460 3733 neque
3498 3661 3704 3717 Pam

2097 3762 2214 3833 quis
2239 3761 2376 3814 novit
2410 3759 2510 3812 nisi
2540 3756 2589 3810 F
2593 3757 2737 3824 ilius,
2769 3766 2819 3812 et
2844 3758 2928 3812 cui
2972 3755 3193 3811 voluerit
3238 3752 3430 3812 Filius
3459 3760 3695 3814 reuelare.

2098 3851 2217 3908 Non
2248 3852 2324 3906 ita
2366 3850 2773 3921 intelligendum
2801 3858 2885 3904 est
2911 3849 3067 3919 quasi
3090 3848 3264 3904 Filius
3290 3865 3323 3904 a
3358 3850 3522 3906 nullo
3546 3851 3699 3921 possit

2098 3946 2227 4001 sciri
2256 3945 2360 4001 nisi
2388 3960 2419 3999 a
2443 3944 2604 4001 Patre
2632 3946 2768 4011 solo,
2808 3945 2971 4002 Pater
2999 3954 3181 4002 autem
3207 3962 3316 4002 non
3356 3947 3544 4002 solum
3571 3962 3601 4000 a
3623 3945 3698 3999 Fi-

2097 4037 2191 4104 lio,
2225 4040 2320 4094 sed
2359 4038 2523 4093 etiam
2551 4037 2619 4093 ab
2644 4039 2723 4093 eis
2765 4038 2960 4109 quibus
2991 4038 3319 4094 revelaverit
3367 4039 3590 4095 Filius:
3615 4038 3697 4093 sed

2097 4130 2165 4185 ad
2202 4137 2493 4199 utrumque
2520 4128 2863 4185 referendum
2913 4138 2999 4185 est
3040 4130 3181 4201 quod
3219 4131 3337 4186 ait:
3376 4129 3455 4187 Et
3484 4133 3573 4185 cui
3620 4148 3697 4185 u-

2098 4221 2255 4276 luerit
2291 4219 2464 4276 Filius
2492 4220 2738 4288 revelare,
2789 4229 2849 4276 ut
2875 4228 2931 4277 et
2979 4220 3199 4277 Patrem
3249 4222 3626 4294 intelligamus
3651 4231 3698 4277 et

2098 4312 2275 4384 ipsum
2315 4310 2509 4367 Filium
2554 4326 2653 4384 per
2696 4311 2893 4366 Filium
2940 4312 3213 4368 revelari:
3271 4313 3405 4383 quia
3454 4314 3576 4381 ipse
3620 4320 3698 4367 est

2080 4406 2297 4461 'mentis
2320 4413 2521 4460 nostra“:
2556 4404 2759 4460 lumen.
2794 4403 2972 4460 Verbo
3011 4405 3157 4461 enim
3197 4419 3297 4460 suo
3326 4420 3384 4460 se
3414 4404 3585 4460 Pater
3609 4407 3699 4460 de-

2098 4497 2553 4563 clarat,Verbum
2590 4508 2769 4553 autem
2815 4514 2923 4553 non
2969 4497 3142 4553 solum
3169 4498 3223 4553 id
3247 4497 3393 4569 quod
3433 4513 3535 4569 per
3565 4496 3697 4552 Ver-

2084 4589 2225 4644 ‘bum
2254 4588 2577 4653 declaratur,
2608 4588 2703 4643 sed
2724 4588 2888 4644 etiam
2924 4589 3157 4659 seipsum
3196 4588 3460 4643 declarat.
3496 4588 3701 4645 Emba-

476 4690 622 4758 Quia
650 4690 942 4747 absconditi
979 4653 1440 4763 htecrrsapientibus
1469 4702 1516 4747 et
1545 4690 1910 4763 prudentibus,
1943 4698 1992 4744 et

2100 4687 2216 4734 scat
2244 4680 2563 4744 Eunomius,
2593 4688 2796 4734 tantam
2845 4679 2947 4734 sibi
2974 4653 3220 4735 notitiam
3248 4677 3436 4737 Patris
3475 4691 3530 4736 et
3554 4680 3695 4743 Filii,

388 4781 654 4837 'revelasti
682 4800 743 4837 ea
768 4783 1020 4853 parvulis.
1049 4781 1266 4839 Gratias
1287 4783 1469 4853 agitet
1494 4780 1728 4837 emultat
1753 4781 1808 4834 in
1829 4779 1993 4834 Patre

409 4873 554 4944 quod
586 4872 847 4943 apostolis
888 4873 1147 4928 adventus
1177 4873 1259 4928 sui
1311 4871 1584 4943 aperuerit
1627 4879 1989 4937 sacramenta,

392 4974 529 5034 'quae
572 4964 960 5037 ignoraverunt
1006 4964 1200 5021 scribae
1255 4974 1310 5021 et
1372 4965 1673 5031 Pharisaei,
1734 4966 1825 5035 qui
1887 4966 1991 5023 sibi

388 5055 683 5127 “sapientes
706 5054 963 5111 videntur
986 5064 1040 5111 et
1084 5057 1139 5112 in
1185 5066 1481 5127 conspectu
1521 5072 1619 5112 suo
1676 5058 1987 5128 prudentes.

405 5143 712 5216 Jastiﬁcata
739 5147 1001 5219 sapientia
1030 5165 1061 5201 a
1089 5147 1215 5217 [iliis
1241 5150 1370 5203 suis.
1397 5146 1499 5204 Ubi
1523 5148 1748 5218 pulchre
1771 5150 1988 5221 sapien-
2016 5212 2025 5221 ο

396 5234 556 5288 tibus
583 5235 1017 5307 et-prndeutibus
1042 5252 1148 5293 non
1172 5237 1492 5309 insipientes
1521 5247 1575 5293 et
1603 5240 1848 5305 hebetes,
1894 5240 1990 5297 sed

388 5327 685 5398 portulae,
709 5330 761 5386 iii
801 5340 883 5387 est
927 5331 1183 5397 humiles,
1207 5334 1477 5404 opposuit,
1515 5341 1574 5387 ut
1624 5335 1882 5403 probaret
1930 5348 1991 5389 se

388 5424 677 5475 'tumorem
706 5420 992 5479 damnasse
1015 5441 1121 5481 non
1148 5439 1373 5480 acumen
1406 5443 1417 5478 :
1452 5424 1577 5494 quia
1603 5424 1718 5479 haec
1766 5433 1848 5479 est
1874 5425 1987 5479 cla~

404 5508 497 5565 vis
519 5508 587 5564 de
613 5520 721 5580 qua
740 5511 876 5568 alibi
902 5514 1033 5569 dicit
1052 5532 1075 5569 ‘:
1112 5514 1326 5569 Tulistis
1347 5514 1545 5568 clavem
1573 5514 1803 5569 scientiae
1832 5512 1985 5585 (Luc.

407 5599 514 5676 χι),
542 5600 598 5657 id
622 5609 724 5668 est,
750 5603 1110 5661 humilitatem
1152 5606 1271 5661 fidei
1297 5605 1522 5670 Christi,
1553 5620 1658 5677 qua
1704 5605 1767 5659 ad
1797 5605 1989 5659 divini—

386 5684 543 5752 ‘tltis
562 5693 681 5767 eius
729 5697 1056 5768 agnitionem
1094 5699 1380 5769 pervenire
1418 5700 1700 5768 poteratis,
1726 5714 1987 5768 spernen-

387 5786 519 5854 ‘bs,
548 5787 784 5861 abjicere
817 5788 1104 5843 maluistis.
1584 5852 1587 5855 _

391 5880 401 5911 .-
468 5877 821 5949 .Iu’.tpa¢er,
873 5880 1123 5952 quoniam
1173 5897 1248 5935 ste
1298 5880 1399 5952 fuit
1450 5880 1700 5951 placitum
1748 5890 1871 5937 ante
1919 5892 1986 5937 te.

2097 4777 2354 4838 quantam
2391 4768 2713 4822 alterutrum
2744 4768 2886 4823 inter
2908 4783 2970 4823 se
3012 4768 3234 4835 habent,
3270 4768 3514 4838 jactans.
3543 4769 3696 4838 Quod

2097 4861 2145 4915 si
2176 4861 2300 4915 inde
2328 4861 2606 4916 contendit
2629 4870 2685 4915 et
2713 4876 2866 4915 suam
2909 4861 3223 4917 consolatur
3256 4862 3532 4918 insaniam
3571 4863 3695 4933 quia

2096 4955 2378 5024 sequitur:
2415 4954 2482 5007 Et
2518 4955 2602 5007 cui
2633 4953 2851 5008 voluerit
2903 4951 3079 5009 Filius
3114 4953 3371 5019 reuelare,
3422 4955 3576 5011 aliud
3616 4966 3696 5011 est

2080 5053 2306 5101 maturae
2335 5044 2640 5115 aequalitate
2678 5060 2840 5101 nosse
2878 5046 3022 5116 quod
3058 5054 3306 5111 noverat,
3349 5045 3505 5101 aliud
3542 5060 3695 5102 nevo-

2088 5137 2265 5193 Alantis
2292 5136 2601 5206 dignatione

2171 5229 2309 5303 [lV.]
2345 5228 2523 5283 Venite
2551 5228 2619 5282 ad
2647 5244 2748 5293 me,
2789 5243 2966 5281 omnes
2991 5227 3081 5297 qui
3118 5226 3373 5281 laboratis
3410 5236 3466 5281 et
3492 5225 3695 5281 onerati

2086 5324 2240 5388 estis,
2269 5335 2316 5376 et
2354 5338 2446 5392 ego
2470 5322 2702 5390 reficiam
2742 5336 2855 5375 nos.
2902 5320 3100 5375 Gravia
3128 5334 3296 5376 onera
3329 5335 3455 5375 esse
3480 5320 3692 5388 peculi

2084 5421 2152 5469 et
2189 5412 2481 5467 Zacharias
2518 5412 2786 5481 propheta
2828 5419 3082 5476 testatur,
3125 5412 3311 5467 dicens
3356 5412 3691 5481 iniquitas:

2082 5505 2274 5560 pedere
2294 5520 2453 5575 super
2486 5503 2737 5557 talentum
2770 5502 2968 5573 plumbi
2999 5502 3306 5575 (Zaehuv):
3356 5502 3427 5557 Et
3463 5502 3691 5558 Psalmi-

2092 5606 2175 5655 eta
2205 5597 2534 5667 complorat:
2569 5596 2882 5669 Iniquitates
2902 5613 3034 5651 mete
3062 5605 3362 5667 aggravatw
3382 5604 3513 5650 sunt
3532 5610 3691 5666 super

2086 5704 2174 5744 me
2204 5688 2375 5761 (Psat.
2402 5690 2629 5760 xxxvn).
2680 5689 2773 5745 Vel
2806 5698 2955 5745 certe
2982 5704 3077 5744 eos
3111 5689 3203 5758 qui
3232 5688 3363 5760 jugo
3404 5688 3689 5759 legisgn-

2086 5784 2314 5839 vissimo
2360 5783 2741 5852 premebantur
2784 5784 2852 5839 ad
2878 5782 3160 5853 Evangelii
3212 5782 3402 5839 invitat
3426 5781 3683 5854 gum

2095 5878 2250 5935 Unde
2277 5884 2333 5932 et
2357 5876 2601 5946 sequitur
2626 5896 2640 5930 :
