3914 6448
187 384 299 442 917

1195 379 1552 440 COMMENT.
1593 379 1662 435 ΙΝ
1697 379 2141 438 ΜΑΤΤΗᾸΕΠΜ.
2183 413 2250 423 -—
2291 379 2420 437 LIB.
2461 381 2549 439 ιν.

3379 393 3481 445 υἷ8

260 503 453 558 Tollite
467 505 661 575 jugum
692 519 863 556 meum
889 519 1043 574 super
1068 519 1171 566 vos,
1208 513 1254 556 et
1285 502 1465 556 discite
1491 519 1524 554 a
1545 519 1631 557 me
1656 502 1781 572 quia
1810 518 1864 575 Α
1887 503 2003 558 haec
2029 504 2297 562 sententia
2322 519 2429 575 qua
2451 505 2712 562 Dominus
2735 506 2868 562 dicit
2893 525 2906 560 ε
2931 505 3130 577 Iugum
3153 509 3289 563 enim
3311 525 3481 564 mcmn

183 597 332 650 mitis
381 612 497 649 sum
544 604 591 648 et
643 593 854 648 humilis
903 595 1078 648 corde.
1129 593 1324 666 Jugum
1380 595 1524 649 enim
1577 594 1780 652 Christi

179 685 541 760 Evangelium
584 694 667 740 est
697 686 921 751 Christi,
967 686 1109 756 quod
1154 685 1367 744 Judaeos
1412 694 1466 742 et
1511 695 1698 755 gentes
1725 685 1784 742 in

179 779 398 833 unitate
431 778 551 833 ﬁdei
578 777 854 850 coniungit
880 789 934 834 et
962 779 1131 834 sociat
1157 798 1168 832 :
1196 780 1297 835 hoc
1323 778 1466 836 enim
1495 793 1658 847 super
1687 792 1784 837 nos

173 867 443 940 jubemur
469 886 700 938 sumere,
733 871 784 925 id
810 879 914 938 est,
950 871 1002 926 in
1034 873 1239 928 honore
1265 872 1485 937 habere,
1531 887 1600 928 ne
1645 869 1785 929 forte

179 964 378 1018 subtus
406 973 688 1034 ponentes,
723 965 775 1019 id
811 973 912 1029 est,
957 979 1129 1036 prave
1175 964 1304 1020 illud
1347 970 1780 1025 contemnentes,

177 1054 466 1112 lutulentis
513 1058 741 1130 pedibus
800 1058 1052 1114 vitiorum
1104 1056 1503 1114 conculcemus.
1563 1054 1783 1110 Discere

177 1145 310 1201 item
361 1145 622 1218 jubemur
669 1147 738 1204 ab
792 1146 908 1218 ipso
965 1149 1090 1218 quia
1139 1146 1282 1204 mitis
1319 1156 1419 1211 est,
1467 1154 1513 1199 et
1567 1141 1782 1198 humilis

175 1237 360 1293 corde.

247 1351 368 1410 Hoc
411 1354 575 1409 etiam
627 1353 681 1408 in
719 1353 988 1424 baptismo
1031 1351 1148 1421 ejus
1196 1352 1432 1423 Spiritus
1474 1357 1694 1406 sanctus
1722 1349 1784 1404 in

173 1445 450 1502 columbae
475 1447 655 1517 specie
678 1461 841 1516 super
862 1445 1034 1515 ipsum
1060 1446 1391 1502 descendens
1419 1443 1782 1516 signiﬁcabat,

171 1536 302 1606 quia
331 1545 658 1606 potestatem
681 1535 799 1606 ejus
818 1537 1174 1594 mansuetudo
1195 1537 1551 1606 temperabat.
1580 1536 1654 1592 De
1676 1550 1784 1604 quo

163 1629 445 1698 propheta
471 1631 635 1686 dicit:
679 1629 804 1684 Non
833 1629 1105 1694 clamabit,
1153 1647 1314 1699 neque
1341 1629 1559 1698 accipiet
1603 1643 1783 1699 perso-

169 1739 322 1788 nam,
363 1740 528 1795 neque
555 1725 802 1780 audietur
841 1725 971 1794 foris
1005 1741 1104 1778 uox
1131 1724 1264 1793 ejus.
1307 1724 1584 1781 Calamam
1623 1741 1782 1794 quas-

169 1825 357 1868 satum
402 1832 506 1870 non
537 1825 766 1870 conteret
793 1826 846 1870 .et
876 1815 1074 1885 lignum
1127 1815 1392 1886 funtigans
1438 1832 1539 1870 non
1585 1817 1782 1870 exstin-

1889 611 2047 648 suave
2069 604 2163 658 est,
2191 604 2237 648 et
2263 611 2394 648 onus
2426 612 2592 649 meum
2619 595 2723 650 leve
2764 607 2859 662 est,
2887 597 3020 652 satis
3055 599 3375 668 quibusdam
3407 601 3486 654 vi-

1886 686 2042 742 detur
2065 688 2351 744 advcrsum
2398 687 2470 742 illi
2519 691 2800 744 sententia:
2831 706 2993 760 quam
3041 691 3228 744 eadem
3271 691 3485 747 Veritas

1885 777 2008 832 alibi
2035 779 2295 849 protulit:
2324 780 2577 850 Angusta,
2623 781 2820 852 inquit,
2865 781 2943 836 uia
2985 791 3058 835 est
3092 799 3209 852 qua:
3241 782 3383 836 ducit
3413 783 3483 835 ad

1885 869 2062 922 vitam.
2092 869 2163 926 Et
2208 869 2479 940 Propheta
2526 872 2754 930 Domino
2800 873 2910 926 ait:
2955 871 3178 943 Propter
3223 875 3377 928 verba
3404 874 3484 927 la-

1843 1031 1846 1034 .
1887 959 2088 1018 biorum
2117 971 2328 1016 tuorum
2375 979 2465 1033 ego
2512 964 2764 1017 custodivi
2794 965 2900 1018 vias
2947 965 3110 1019 duras
3145 963 3317 1037 (Psal.
3343 966 3481 1036 xw).

1887 1051 2092 1126 Quippe
2123 1070 2244 1110 cum
2272 1055 2563 1124 Apostolus
2593 1055 2737 1112 dicat
2766 1075 2777 1109 :
2829 1057 3020 1112 Omnes
3063 1061 3153 1129 qui
3195 1059 3370 1113 volunt
3400 1061 3482 1130 pie

1886 1145 2050 1200 vivere
2083 1146 2135 1199 in
2158 1147 2384 1214 Christo,
2411 1152 2791 1218 persecutiones
2812 1152 3076 1221 patientur
3100 1151 3183 1224 (11
3214 1151 3347 1206 Tim.
3375 1153 3480 1224 tu).

1886 1238 2157 1310 Quidquid
2196 1249 2377 1296 autem
2409 1242 2602 1298 durum
2627 1251 2680 1298 et
2709 1245 3176 1312 persecutionibus
3197 1245 3482 1312 refertum,

1885 1346 1987 1386 nec
2017 1330 2130 1386 leve
2160 1342 2340 1404 potest
2368 1349 2485 1387 esse
2517 1350 2618 1388 nec
2645 1350 2832 1388 suave.
2861 1334 2965 1388 Sed
3000 1335 3337 1390 verissimam
3375 1336 3484 1388 Do-

1885 1421 2017 1476 mini
2050 1436 2113 1477 ac
2157 1422 2454 1478 Salvatoris
2483 1425 2654 1479 nostri
2681 1440 2802 1480 esse
2827 1427 3174 1492 sententiam,
3203 1428 3485 1496 experien-

1886 1513 1975 1570 tia:
2021 1514 2190 1584 ipsius
2238 1515 2586 1586 probabimus
2639 1515 2983 1572 documento.
3027 1516 3085 1570 Si
3139 1517 3486 1586 perfectionis

1885 1606 2028 1660 viam
2053 1606 2293 1677 legitime
2322 1615 2377 1661 et
2405 1605 2699 1662 secundum
2743 1607 3075 1663 voluntatem
3111 1608 3313 1664 Christi
3361 1609 3479 1662 l'ue-

1885 1697 2058 1752 rimus
2106 1697 2368 1770 aggressi,
2423 1707 2478 1752 et
2537 1698 2928 1753 mortiﬁcantcs
2982 1699 3163 1752 omnia
3220 1699 3485 1756 desideria

1854 1797 2072 1856 nostra
2120 1806 2184 1845 ac
2224 1789 2529 1845 voluntates
2565 1791 2758 1845 noxias
2802 1792 3206 1858 abscindcntes,
3253 1809 3358 1846 non
3399 1808 3487 1848 ειυ-

163 1917 294 1978 gue‘
319 1921 338 1960 ..
387 1908 441 1960 in
481 1909 668 1964 vim“
717 1881 1228 1977 'edmt'judicihm.
1265 1881 1408 1962 ’Νοη
1445 1907 1542 1960 erit
1587 1907 1775 1973 (mm,
1808 1897 1856 1957 Β
1887 1881 1997 1936 lum
2027 1882 2157 1938 nihil
2203 1883 2441 1937 residere
2486 1883 2642 1938 nobis
2671 1885 2734 1938 de
2771 1881 2930 1950 hujus
2962 1884 3144 1938 mundi
3193 1885 3487 1955 cupiditate

165 2016 340 2070 neque
369 1999 720 2065 turbulentus,
751 2000 916 2054 donec
952 2009 1110 2070 ponat
1149 2001 1204 2054 in
1229 2009 1371 2055 terra
1407 1999 1698 2069 judicium,
1723 2008 1772 2054 et

169 2091 344 2162 legem
373 2091 488 2161 ejus
519 2091 706 2148 insulse
731 2092 1103 2162 exspectabant
1131 2090 1268 2163 (Ira.
1299 2091 1453 2162 xur).

241 2202 575 2258 Discendum
617 2220 747 2275 ergo
775 2204 929 2260 nobis
971 2212 1054 2259 est
1103 2222 1132 2259 a
1187 2203 1467 2260 Salvatore
1502 2213 1690 2260 nostro
1719 2213 1776 2258 ut

165 2295 345 2350 simus
374 2297 536 2351 mites
584 2299 826 2354 moribus
857 2307 910 2352 et
937 2299 1170 2354 humiles
1200 2299 1491 2364 mentibus,
1521 2306 1579 2351 ut
1606 2298 1777 2353 nemi-

165 2403 292 2441 nem
347 2387 630 2453 laedamus,
686 2391 957 2444 neminem
1005 2400 1442 2453 contemnamus,
1503 2391 1774 2445 neminem

163 2479 378 2533 frustra
408 2480 710 2547 irritemus,
756 2496 853 2550 per
895 2480 1098 2535 fastum
1143 2464 1415 2535 neminem
1460 2493 1775 2535 contemna-

160 2584 323 2623 mus:
356 2580 417 2625 et
461 2571 688 2626 virtutes
737 2587 874 2640 quas
921 2571 1059 2627 foris
1109 2574 1445 2626 ostendimus
1485 2573 1538 2626 in
1589 2588 1772 2642 Opere,

159 2663 311 2718 intus
344 2665 622 2719 veraciter
645 2673 928 2720 teneamus
959 2667 1012 2720 in
1062 2667 1243 2721 corde.
1289 2666 1391 2732 Qui
1438 2667 1580 2720 enim
1622 2666 1776 2736 lingit

159 2769 219 2809 se
250 2770 372 2810 esse
427 2764 520 2810 aut
565 2757 772 2821 mitem,
831 2766 923 2811 aut
965 2758 1243 2823 humilem,
1294 2766 1349 2812 et
1403 2773 1507 2812 non
1537 2774 1604 2813 ex
1642 2773 1775 2827 pum

155 2851 494 2916 intentione,
528 2851 626 2905 sub
647 2851 808 2905 ovina
830 2850 969 2920 pelle
997 2850 1178 2921 lupum
1204 2851 1354 2922 tegit,
1385 2861 1439 2904 et
1473 2852 1573 2905 sub
1597 2852 1775 2919 specie

159 2941 433 2996 columbae
459 2940 532 2996 fel
581 2943 950 3011 serpentiuum
991 2943 1146 2997 celat.
1203 2941 1317 2998 Non
1369 2943 1513 2997 enim
1558 2954 1643 2998 est
1674 2944 1776 2998 iste

161 3033 468 3104 discipulus
499 3035 724 3100 Christi,
763 3035 856 3090 sed
905 3035 1142 3091 imitator
1183 3036 1401 3091 diaboli.
1457 3036 1522 3090 Et
1571 3035 1774 3091 frustra

163 3123 380 3182 laborat
434 3127 562 3196 quia
611 3143 719 3182 non
767 3127 834 3183 ad
883 3140 1139 3182 aeternam
1188 3129 1451 3198 requiem,
1509 3131 1604 3184 sed
1647 3146 1773 3200 per-

164 3229 388 3291 petuum
422 3221 599 3276 tendit
641 3221 709 3276 ad
755 3222 955 3294 ignem,
1005 3238 1134 3276 vera
1194 3223 1339 3277 enim
1400 3223 1616 3293 requies
1666 3232 1769 3288 est,

165 3305 329 3383 quam
378 3312 632 3370 Salvator
675 3302 1224 3384 sequenti'sermone
1280 3315 1617 3370 demonstrat
1689 3315 1772 3370 di-

165 3421 297 3462 cens
325 3421 342 3462 Ξ

238 3523 310 3578 Et
342 3525 612 3592 invenietis
654 3526 883 3596 requiem
927 3525 1203 3579 animabus
1249 3524 1451 3578 vestris.
1498 3523 1598 3590 Qui
1627 3523 1775 3579 enim

164 3613 371 3672 Christi
399 3616 644 3686 sequitur
675 3616 920 3688 vestigia,
955 3623 1008 3670 et
1043 3616 1510 3671 mansuetudinem
1556 3614 1693 3684 ejus,
1723 3624 1778 3670 et

164 3706 554 3774 humilitatem,
579 3707 1041 3780 longanimitatem
1071 3719 1125 3764 et
1158 3708 1475 3778 patientiam
1510 3717 1772 3777 quantum

164 3800 430 3870 praevalet
459 3799 722 3868 imitatur,
749 3801 837 3862 hic
867 3801 1047 3856 anima
1075 3801 1190 3871 ejus
1209 3801 1321 3872 jam
1347 3801 1559 3856 tutatur
1585 3799 1638 3852 in
1660 3814 1771 3868 spe,

165 3900 223 3947 et
274 3892 327 3946 in
381 3891 562 3950 futuro
622 3894 673 3948 in
733 3904 994 3965 perpetua
1053 3893 1304 3967 gaudebit
1353 3893 1562 3962 requie,
1617 3900 1779 3964 atque

167 3992 376 4040 aeterna
405 4002 527 4042 cum
565 3987 766 4042 sanctis
823 3987 1028 4057 angelis
1062 3985 1368 4056 perfruetur
1418 3985 1776 4054 beatitudine,

169 4075 310 4130 sicut
345 4091 443 4147 per
476 4075 767 4132 Jeremiam
799 4077 1118 4148 prophetam
1151 4077 1262 4148 ipse
1303 4084 1532 4131 testatur
1554 4075 1774 4131 dicens:

173 4165 323 4224 State
352 4184 510 4242 super
538 4169 666 4234 vias,
708 4180 754 4221 et
805 4168 971 4222 videte
1023 4176 1071 4221 et
1116 4168 1430 4238 interrogate
1478 4166 1540 4221 de
1583 4167 1777 4220 semitis

172 4264 426 4333 antiquis,
455 4279 570 4334 qua:
596 4263 660 4318 sit
689 4264 773 4317 via
799 4261 957 4330 bona,
998 4271 1044 4316 et
1071 4261 1334 4314 ambulate
1360 4261 1410 4313 in
1443 4278 1524 4326 ea,
1567 4270 1613 4314 et
1642 4262 1779 4314 inve-

174 4354 322 4410 nietis
349 4353 682 4426 refrigerium
705 4354 982 4408 animabus
1008 4353 1193 4408 vestris
1225 4351 1358 4423 (Jer.
1390 4351 1487 4424 γι).

241 4467 446 4540 Iugum
495 4469 634 4524 enim
677 4484 852 4522 meum
895 4484 1054 4524 suave
1096 4475 1272 4532 est,“
1299 4484 1432 4526 onus
1461 4483 1636 4522 meum
1663 4467 1777 4522 leue

173 4572 268 4620 est.
307 4562 584 4636 (Hierom)
609 4561 896 4630 Quomodo
918 4562 1089 4620 levius
1111 4561 1228 4632 lege
1253 4561 1624 4631 Evangelitun,
1651 4575 1774 4616 cum

1881 1973 2188 2039 siverimus,
2215 1989 2312 2044 per
2342 1990 2504 2044 quam
2543 1975 2728 2044 utique
2775 1993 2895 2030 cum
2944 1975 3154 2030 libitan
3195 1975 3357 2030 fuerit
3388 1993 3482 2030 va-

1880 2065 2058 2119 standi
2093 2081 2190 2119 nos
2217 2081 2280 2120 ac
2325 2066 2653 2120 dilaceraudi
2681 2076 3005 2134 potestatem
3054 2067 3310 2122 inimicus
3336 2070 3486 2122 inve-

1879 2155 2014 2221 niet,
2043 2155 2139 2212 sed
2188 2156 2351 2210 etiam
2397 2158 2571 2212 nostri
2617 2157 2717 2226 ipsi
2776 2174 2878 2212 non
2921 2174 3040 2214 esse
3091 2175 3187 2213 nos
3229 2159 3482 2214 dominos

1883 2247 2260 2302 senserimus:
2291 2247 2417 2301 illud
2464 2249 2823 2318 apostolicum
2863 2250 2917 2304 in
2954 2251 3180 2306 veritate
3211 2250 3487 2320 complen-

1881 2349 1982 2404 tes,
2025 2339 2149 2395 Vivo
2177 2352 2353 2396 autent
2409 2359 2512 2395 non
2543 2359 2657 2414 ego,
2691 2343 2811 2396 vicit
2857 2360 2975 2398 vero
3023 2345 3076 2397 in
3123 2361 3203 2398 me
3247 2343 3486 2399 Christus

1883 2433 2034 2505 (Gal.
2060 2433 2144 2505 ιι).
2192 2433 2330 2502 Quid
2360 2435 2505 2490 etiim
2535 2451 2698 2506 grave
2725 2452 2844 2491 esse
2867 2437 3088 2505 poterit,
3119 2437 3247 2506 quid
3291 2437 3485 2493 durum

1879 2527 1929 2582 ei
1957 2527 2048 2598 qui
2069 2525 2255 2597 jugum
2288 2526 2491 2582 Christi
2516 2536 2626 2582 tota
2650 2539 2833 2585 mente
2877 2530 3200 2599 susceperit,
3226 2529 3319 2600 qui
3360 2546 3489 2586 vera

1880 2617 2185 2674 humilitate
2235 2616 2512 2683 fundatus,
2563 2633 2883 2690 semperque
2927 2618 2994 2675 ad
3042 2620 3256 2676 Domini
3311 2622 3489 2690 respi-

1879 2709 2028 2766 ciens
2055 2710 2360 2778 passiones,
2392 2710 2448 2763 in
2486 2711 2737 2764 omnibus
2774 2726 2893 2779 quae
2937 2710 3039 2764 sibi
3089 2710 3292 2766 fuerint
3339 2713 3484 2768 irro-

1878 2807 2019 2870 gatae
2043 2799 2255 2854 itL‘l'dllll‘
2277 2797 2509 2867 injuriis,
2535 2799 2720 2854 dicens
2747 2818 2758 2852 :
2788 2797 3010 2870 Propter
3031 2801 3169 2871 quod
3193 2801 3489 2872 complaceo

1879 2893 2008 2948 mihi
2038 2893 2091 2946 in
2135 2892 2558 2962 inﬁrmitatibus,
2603 2894 2657 2946 in
2703 2893 3056 2959 contumeliis,
3105 2895 3158 2948 in
3211 2896 3490 2948 necessita-

1875 2985 2036 3048 tibus,
2077 2986 2131 3039 in
2179 2985 2650 3055 persecutionibus,
2701 2987 2753 3038 in
2806 2987 3062 3056 angustiis
3104 3002 3202 3058 pro
3256 2984 3486 3040 Christo.

1879 3075 2011 3132 Cum
2041 3079 2178 3132 enim
2221 3078 2485 3149 inﬁrmor,
2535 3090 2658 3133 tunc
2703 3089 2885 3149 potens
2931 3095 3049 3134 sum
3093 3079 3180 3150 (Il
3213 3078 3336 3136 Cor.
3366 3079 3484 3149 xu).

1877 3169 1978 3224 Via
2007 3185 2136 3240 ergo
2185 3169 2376 3225 salutis
2426 3181 2655 3242 angusta
2699 3171 2919 3235 dicitur,
2953 3171 3104 3242 quia,
3131 3170 3270 3226 sicut
3300 3172 3492 3226 beatus

1802 3263 1848 3328 C
1879 3261 2044 3318 Pater
2068 3269 2256 3320 noster
2277 3259 2602 3324 Benedictus
2627 3262 2720 3332 ait,
2751 3277 2857 3320 non
2885 3268 2969 3316 est
2997 3260 3102 3318 nisi
3131 3271 3362 3331 angusto
3386 3259 3490 3316 ini-

1885 3353 1961 3408 tio
1992 3352 2321 3424 incipienda,
2368 3367 2628 3423 processu
2654 3368 2784 3408 vero
2815 3352 3246 3408 conversationis
3281 3360 3336 3406 et
3362 3351 3490 3405 ﬁdei

1883 3443 2109 3500 dilatato
2140 3443 2323 3507 corde,
2353 3442 2704 3499 inenarrabili
2723 3442 3032 3501 dilectionis
3057 3441 3342 3504 dulcedine
3367 3458 3490 3498 cur-

1881 3533 2022 3588 ritur
2044 3533 2129 3587 via
2157 3533 2539 3594 mandatorum
2579 3534 2698 3590 Dei.

1955 3627 2186 3700 (ιιιιιιν.)
2236 3628 2374 3696 Quid
2427 3629 2574 3684 enim
2619 3628 2751 3702 jugo
2804 3629 3006 3688 Christi
3060 3631 3306 3697 suavius,
3361 3630 3491 3700 quid

1881 3735 2047 3778 onere
2095 3721 2318 3777 levius?
2364 3721 2704 3791 probabilem
2751 3721 2895 3788 ﬁeri,
2943 3723 3010 3778 ab
3059 3721 3264 3776 scelere
3317 3721 3488 3776 absti-

1871 3829 2034 3879 nere,
2076 3815 2278 3872 bonum
2333 3813 2495 3882 velle,
2549 3814 2755 3872 malum
2813 3813 2986 3879 nolle,
3049 3828 3237 3872 amare
3275 3827 3488 3876 omnes,

1881 3906 2064 3964 odisse
2118 3905 2347 3971 nullum,
2386 3915 2586 3962 attenta
2629 3907 2927 3976 consequi,
2979 3905 3342 3980 prtesentibus
3379 3920 3491 3958 non

1877 4001 2024 4069 .capi,
2065 4000 2210 4056 nolle
2249 3999 2452 4056 inferre
2490 4000 2647 4058 alteri
2687 3999 2831 4076 quod
2890 3998 2990 4058 sibi
3033 3998 3129 4068 ipsi
3171 3999 3377 4070 perpeti
3422 3998 3493 4053 sit

1877 4093 2192 4152 molestum.

2494 4185 2720 4258 CAPUT
2766 4185 2876 4246 xu.

1877 4297 2140 4369 Discipuli
2164 4301 2336 4370 spicas
2373 4300 2588 4354 vellunt.
2630 4299 2785 4354 .Icsus
2819 4310 2971 4354 sanat
3011 4316 3222 4370 manum
3255 4302 3488 4367 aridam,

1953 4381 2000 4423 et
2031 4368 2421 4426 ’dwmom'acum
2447 4389 2642 4424 cu'cum
2683 4382 2729 4426 et
2777 4382 2979 4426 mutum
3011 4387 3032 4425 :
3075 4368 3364 4427 l’hariswis
3409 4374 3486 4428 si-

1953 4457 2112 4511 gnum
2139 4439 2292 4495 Jona;
2327 4442 2440 4507 dat,
2482 4451 2586 4496 clc.

1953 4556 2042 4629 [1.]
2071 4556 2138 4610 In
2179 4556 2272 4614 illo
2313 4568 2542 4627 tempore
2587 4557 2713 4611 abiit
2759 4557 2916 4616 locus
2957 4557 3175 4612 sabbato
3209 4575 3302 4628 per
3347 4570 3488 4624 sata,

176 4655 232 4712 in
251 4633 374 4727 ac
389 4633 770 4718 homicidium,
795 4655 852 4708 in
882 4653 1174 4723 Evangelia
1219 4653 1291 4707 ita
1321 4651 1627 4708 damnetur.
1663 4650 1778 4719 Qua
1806 4633 1859 4692 ί)
1883 4649 2136 4721 discipuli
2161 4661 2336 4704 autent
2366 4650 2480 4719 ejus
2501 4651 2785 4704 esurientes
2815 4661 3075 4720 creperum
3118 4651 3299 4706 vellere
3318 4653 3490 4720 spicas

178 4749 382 4806 ratione
407 4747 693 4817 Evangelii
723 4748 901 4818 gratia
945 4746 1181 4812 facilior,
1228 4762 1352 4802 cum
1403 4747 1458 4802 in
1489 4746 1605 4816 lege
1631 4747 1784 4804 adul-

177 4843 391 4909 teeium,
429 4844 499 4898 in
546 4843 837 4913 Evangelio
889 4841 1325 4911 concupiscentia
1373 4842 1667 4910 puniatur?
1723 4842 1783 4898 in

179 4931 293 5006 lege
322 4936 494 4992 multa
519 4945 788 5006 praecepta
835 4944 962 4991 sum
989 4950 1110 5004 quae
1157 4933 1445 5003 Apostolus
1485 4950 1593 4990 non
1623 4949 1783 5002 posse

165 5027 434 5102 .compleri
482 5027 795 5098 plenissime
835 5029 1009 5083 docet.
1062 5028 1118 5082 lu
1149 5027 1265 5098 lege
1307 5043 1472 5098 opera
1503 5029 1786 5097 requirun-

183 5123 290 5185 tur,
317 5135 438 5189 quae
486 5120 580 5190 qui
611 5119 802 5176 fecerit
847 5121 994 5178 vivet
1039 5120 1094 5174 in
1143 5121 1240 5175 eis.
1279 5121 1339 5174 In
1369 5121 1663 5192 Evangelio
1690 5138 1784 5175 vo-

182 5205 359 5267 luntas
380 5211 674 5283 quaeritur:
707 5227 828 5281 quae
851 5212 895 5266 si
908 5212 1079 5267 etiam
1101 5210 1352 5266 eﬂ'ectum
1376 5227 1483 5266 non
1507 5212 1781 5287 habuerit,

185 5309 364 5358 tamen
402 5302 687 5374 pmmium
734 5319 841 5358 non
883 5304 1101 5358 amittit.
1137 5303 1491 5374 Evangelth
1535 5318 1599 5358 ea
1643 5320 1784 5375 prae-

188 5390 318 5463 cipit
367 5411 493 5465 quae
539 5409 866 5464 possumus:
917 5411 986 5451 ne
1033 5396 1244 5452 scilicet
1285 5397 1775 5466 concupiscamus;

190 5480 292 5539 hoc
324 5487 377 5540 in
404 5486 632 5542 arbitrio
651 5494 842 5541 nostro
869 5496 972 5543 est.
997 5487 1132 5550 Lex,
1161 5504 1285 5543 cum
1313 5488 1645 5544 voluntatem
1670 5504 1775 5543 non

192 5577 396 5646 puniat,
427 5579 584 5650 punit
597 5577 852 5634 allectum
879 5598 890 5632 :
923 5595 993 5635 ne
1031 5581 1356 5637 adulterium
1396 5581 1582 5635 facias.
1611 5580 1782 5651 Finge

196 5663 249 5718 in
275 5671 643 5737 persecutione
672 5671 905 5740 aliquam
955 5672 1217 5743 virginem
1253 5674 1597 5744 prostitutam
1626 5692 1638 5727 :
1670 5675 1785 5728 haec

196 5760 332 5826 apud
355 5761 724 5834 Evangelium,
754 5766 878 5835 quia
907 5765 1183 5822 voluntate
1208 5783 1313 5822 non
1345 5767 1612 5836 peccavit,
1638 5768 1788 5837 virgo

196 5851 517 5922 suscipitur:
551 5858 606 5913 in
649 5858 767 5934 lege
807 5859 964 5934 quasi
993 5872 1262 5933 corrupta
1291 5862 1628 5936 repudiatur.
1653 5861 1790 5919 item

1891 4752 1941 4798 et
1968 4743 2306 4797 manducare.
2325 4740 2595 4814 (υἱέι-οη.)
2627 4742 2695 4800 Ut
2725 4745 2775 4797 in
2799 4744 3136 4814 unoquoque
3158 4747 3491 4816 evangelista

1891 4835 2138 4907 legimus,
2180 4845 2398 4906 propter
2430 4836 2654 4894 nimiam
2690 4837 3156 4906 importunitatem
3187 4837 3303 4906 eius
3347 4839 3488 4910 lbet.

1889 4930 2052 5002 eius],
2087 4946 2190 4986 nec
2227 4931 2470 4988 vescendi
2500 4931 2717 5000 quidem
2751 4932 3026 4988 habebant
3051 4931 3257 4996 locum,
3288 4941 3343 4986 et
3371 4932 3491 4988 ideo

1885 5027 2046 5098 quasi
2093 5027 2340 5082 homines
2369 5027 2704 5084 esuriebant.
2751 5027 2912 5094 Quod
2955 5035 3137 5082 autem
3185 5027 3362 5094 spicas
3407 5043 3489 5082 se-

1887 5130 2073 5190 getum
2127 5120 2377 5176 meatibus
2414 5119 2852 5191 conlriugebant,
2898 5129 2952 5174 et
3009 5119 3244 5176 inediam
3297 5135 3493 5176 corusc-

1888 5210 2090 5276 lantur,
2136 5211 2259 5268 vita:
2312 5214 2630 5271 austerioris
2676 5213 2934 5270 indicium
2969 5221 3072 5277 est,
3128 5229 3235 5268 non
3279 5227 3490 5283 praepa-

1886 5313 2034 5359 ratas
2061 5303 2272 5372 epulas,
2314 5305 2408 5360 sed
2649 5303 2971 5372 singulidter
3001 5301 3319 5375 [ωημυεθε]
3341 5319 3492 5373 qua)...

1881 5397 2140 5452 nantium.

1957 5487 2221 5542 Pltariswi
2262 5496 2439 5542 autem
2467 5487 2694 5544 videntes
2729 5487 2983 5546 dicterqu
3010 5486 3100 5540 ei:
3144 5484 3285 5542 Esse
3323 5483 3486 5540 disci-

1885 5579 1998 5652 puli
2030 5581 2106 5634 tui
2129 5581 2329 5650 faciunt
2357 5580 2496 5650 quod
2522 5597 2624 5634 non
2670 5579 2786 5634 licet
2829 5578 3002 5648 facere
3045 5578 3295 5632 sabbatis.
3348 5576 3486 5632 Nota

1891 5675 2036 5744 quod
2063 5673 2224 5742 primi
2274 5673 2502 5742 apostoli
2549 5672 2843 5728 Salvatoris
2877 5672 3112 5726 litteram
3156 5669 3367 5726 sabbati
3397 5670 3489 5721 de-

1889 5775 2128 5830 struunt,
2168 5766 2453 5819 ath-rsutn
2489 5766 2788 5832 Ebionitas,
2825 5767 2937 5835 qui,
2982 5782 3104 5822 cum
3140 5773 3367 5820 cmtcros
3408 5777 3491 5818 re—

1879 5862 2100 5947 cipiant
2121 5860 2423 5934 apostolos,
2448 5860 2676 5942 Paulum
2697 5862 2856 5935 quasi
2871 5872 3332 5934 transgressum
3356 5855 3491 5928 legis
