3914 6478
452 431 557 484 919

1121 429 1182 482 Β.
1226 427 1478 484 RABANI
1515 426 1733 484 MAURI
1771 426 2089 484 ARCHIEP.
2131 429 2438 486 MOGUNT.
2480 430 2760 488 OPERUM
2799 430 2977 485 PARS
3015 431 3048 489 Ι.

3620 428 3720 484 930

453 543 754 612 repudiarit.
778 541 999 613 Mystice
1017 548 1195 596 autem
1218 541 1442 612 apostoli
1464 557 1560 611 per
1580 549 1696 596 sata
1718 550 2019 610 transeunt,
2047 546 2102 608 Α
2126 545 2276 600 hant.
2309 544 2461 601 Sicut
2479 547 2620 601 enim
2642 547 2932 616 asperitate
2955 546 3271 613 aristarum,
3306 561 3430 616 quae
3460 545 3722 613 horae-nt,

449 639 540 692 illa
571 637 816 693 videlicet
837 636 906 693 de
947 636 1142 708 quibus
1180 636 1437 692 Dominus
1473 636 1587 691 ait:
1633 634 1821 691 Levate
1849 635 2026 691 oculos

450 739 667 794 vestros,
713 738 761 783 et
807 729 975 783 videte
1011 729 1263 799 regiones,
1304 728 1427 798 quia
1475 727 1608 782 alba
1647 736 1770 782 sunt
1809 728 1927 797 jam
1956 727 2026 781 ad

449 837 679 886 messem,
700 829 747 875 et
775 822 864 892 qui
884 821 1052 887 metit,
1072 821 1355 875 mercedem
1379 821 1614 890 accipiet,
1636 835 1760 875 cum
1778 819 2028 876 doctores

448 913 619 968 sancti
643 927 737 968 eos
770 928 907 983 quos
945 913 997 968 in
1034 912 1138 968 ﬁde
1166 913 1412 967 veritatis
1435 913 1716 968 instituere
1756 920 2024 982 qumrunt,

444 1018 576 1058 cura
611 1003 715 1073 piae
754 1003 1126 1060 sollicitudinis
1153 1003 1463 1074 inspiciunt,
1491 1013 1545 1060 et
1571 1003 1803 1075 qualiter
1828 1019 2026 1058 unum-

443 1108 713 1165 quemque
739 1111 912 1166 quove
943 1095 1132 1150 ordine
1165 1095 1232 1150 ad
1283 1095 1509 1150 salutem
1550 1095 1824 1151 attrahere
1871 1095 2028 1150 debe-

443 1195 562 1252 ant,
592 1185 776 1242 sedula
799 1187 1226 1242 consideratione
1271 1186 1647 1256 perpendunt:
1696 1195 1857 1256 atque
1903 1187 2025 1242 ideo

441 1277 577 1332 nihil
605 1277 798 1333 melius
825 1278 1050 1343 esurire,
1099 1293 1263 1347 quam
1303 1278 1528 1333 salutem
1574 1278 1877 1349 intelligunt
1923 1279 2025 1334 ho-

442 1369 669 1423 minum.
698 1367 871 1435 Quam
899 1367 1011 1438 ipse
1033 1382 1330 1423 messorum
1358 1369 1566 1438 primus
1585 1369 1855 1437 quondam
1885 1367 2026 1423 inter

439 1475 632 1530 preces
659 1460 925 1526 esuriens,
961 1475 1083 1514 mox
1121 1459 1314 1514 oblatis
1351 1460 1450 1514 sibi
1498 1459 1596 1525 eis,
1641 1474 1778 1530 quas
1817 1459 2026 1515 deside-

439 1551 614 1617 rabat,
642 1551 886 1622 dapibus,
909 1550 1131 1616 audivit,
1163 1549 1350 1622 Surge,
1394 1549 1571 1617 Petre,
1602 1551 1776 1606 occide
1801 1560 1848 1606 et
1875 1568 2026 1606 man-

439 1641 576 1696 duca
604 1641 738 1712 (Act.
783 1640 862 1713 x).
899 1640 966 1696 Et
1010 1641 1143 1696 mira
1185 1642 1508 1697 sacramenti
1544 1643 1850 1698 concordia.
1884 1643 2024 1711 Quia

437 1741 494 1788 et
519 1733 592 1788 ibi
621 1732 848 1787 mactari
877 1748 942 1787 ac
970 1733 1282 1788 manducari
1322 1733 1579 1803 jubentur
1618 1731 1870 1787 animalia
1911 1747 2024 1788 cte-

436 1823 566 1880 litus
608 1825 794 1891 missa,
825 1832 881 1880 et
907 1824 998 1880 hic
1039 1825 1216 1895 spicas
1253 1825 1478 1881 Domino
1523 1825 1785 1882 lustrante
1823 1842 2020 1882 conse-

2130 636 2374 692 velantur
2415 653 2581 708 grana
2629 638 2793 692 tritici
2834 653 2953 707 qua:
2991 637 3261 704 reﬁciunt,
3305 637 3382 692 ita
3441 653 3596 708 saepe
3627 637 3723 692 snb

2129 739 2192 780 ea
2221 741 2340 794 quae
2364 725 2644 780 videbatur
2665 726 2870 781 vilitate
2913 726 3125 793 litterae,
3169 735 3428 798 teguntur
3473 729 3621 781 dona
3651 727 3727 781 di-

2127 818 2267 873 vina:
2308 818 2642 884 dilectionis,
2694 834 2812 888 quae
2857 829 3066 875 mentes
3116 819 3353 875 ﬁdelium
3410 820 3727 874 esurientes

2127 908 2475 978 sitientesque
2495 909 2758 978 justitiam
2789 911 3068 965 suavitatis
3113 913 3342 966 internae
3371 912 3615 982 dapibus
3637 928 3722 982 pa-

2125 1009 2300 1054 scant.
2330 1001 2528 1056 Verum
2558 1002 2673 1055 haec
2715 1003 2972 1056 mentium
3018 1002 3242 1058 refectio
3268 1003 3459 1060 stultis
3506 1006 3722 1075 quidem

2127 1091 2334 1146 sabbati
2363 1092 2732 1148 defensoribus
2755 1094 3020 1164 displicet,
3053 1095 3144 1150 sed
3168 1112 3199 1149 a
3228 1096 3468 1152 Domino
3507 1097 3718 1153 sabbati

2125 1183 2422 1252 probatur:
2469 1183 2595 1253 quia
2645 1183 2736 1254 qui
2777 1184 2946 1240 solam
2998 1185 3191 1243 littera:
3229 1188 3593 1258 superﬁciem
3640 1206 3722 1244 se-

2126 1283 2386 1343 quuntur,
2414 1289 2515 1331 nec
2540 1289 2726 1331 veram
2746 1277 3005 1331 mentium
3033 1277 3388 1334 refectionem
3411 1296 3608 1342 nosse,
3635 1297 3723 1337 nec

2125 1368 2194 1423 ad
2220 1368 2486 1423 internam
2531 1369 2812 1438 pervenire
2843 1370 3147 1425 animarum
3195 1373 3453 1441 requiem
3506 1383 3719 1427 norunt.

2125 1461 2280 1517 Unde
2309 1461 2586 1516 temeritas
2622 1476 2806 1517 eorum
2833 1461 3026 1518 merito
3067 1461 3326 1518 Veritatis
3356 1477 3462 1518 ore
3495 1461 3719 1518 confan-

2124 1553 2292 1618 ditur,
2315 1553 2443 1608 dum
2467 1553 2712 1609 subditur
2740 1573 2754 1608 :

2193 1642 2372 1697 Atille
2394 1643 2526 1698 dixit
2550 1645 2624 1699 eis
2654 1659 2673 1698 :
2721 1643 2844 1699 Non
2888 1643 3085 1716 legistis
3129 1645 3256 1716 quid
3284 1645 3481 1714 fecerit
3534 1644 3716 1712 Das-id,

2121 1736 2330 1806 quando
2351 1736 2553 1802 esuriit,
2579 1747 2626 1791 et
2655 1736 2744 1806 qui
2767 1753 2885 1790 cum
2905 1753 2965 1790 eo
2991 1744 3181 1791 erant:
3208 1736 3489 1806 quomodo
3511 1737 3716 1790 intrarit

2121 1829 2177 1881 in
2205 1829 2414 1882 domum
2443 1827 2560 1892 Dei,
2591 1837 2641 1882 et
2682 1845 2842 1899 panes
2882 1829 3250 1900 propositionis
3295 1830 3561 1894 comedit,
3604 1847 3715 1900 quas

434 1928 614 1976 cratas
635 1919 894 1976 evulsisse
921 1919 1187 1990 discipuli,
1217 1929 1376 1990 atque
1390 1919 1544 1990 juxta
1572 1921 1796 1977 aliorum
1824 1938 2017 1977 narra-
2043 1931 2093 1992 Β
2122 1936 2224 1974 non
2252 1921 2438 1974 licebat
2466 1922 2514 1974 ei
2533 1921 2870 1986 manducare,
2909 1937 3070 1991 neque
3093 1922 3174 1976 his
3198 1925 3288 1994 qui
3316 1939 3444 1976 cum
3469 1941 3535 1977 eo
3560 1934 3714 1984 erant,

434 2015 636 2070 tionem
659 2015 1129 2086 evangelistarum,
1165 2015 1510 2086 confricantes
1532 2016 1771 2071 manibus
1795 2016 2024 2071 mandu-

431 2123 585 2164 casse
608 2109 978 2178 perhibentur.

503 2199 619 2256 Hoc
669 2209 752 2256 est
793 2200 938 2256 enim
992 2203 1136 2272 quod
1180 2203 1258 2256 ait
1309 2201 1638 2274 Apostolus:
1702 2201 2022 2272 Mortiﬁcate

431 2291 663 2346 membra
689 2302 860 2347 uestra
895 2309 1014 2365 quin
1040 2302 1162 2347 sunt
1203 2309 1359 2364 super
1390 2305 1606 2359 terram,
1642 2302 1690 2348 et
1733 2295 1906 2348 exuite
1933 2308 2019 2347 vos

429 2393 649 2438 veterem
677 2383 936 2440 hominem
961 2403 1078 2440 cum
1106 2387 1307 2441 actibus
1333 2386 1448 2456 ejus
1477 2385 1701 2457 (Coloss.
1729 2385 1835 2454 Ill).
1883 2384 2019 2451 Quia

430 2489 540 2528 non
587 2473 746 2529 aliter
782 2476 974 2530 transit
1018 2475 1245 2546 quisque
1298 2477 1352 2530 in
1401 2491 1596 2545 corpus
1638 2476 1859 2541 Christi,
1910 2491 2019 2530 non

430 2564 588 2621 aliter
613 2565 890 2621 doctorem
925 2556 1198 2636 profectus
1221 2565 1302 2621 sui
1346 2564 1609 2621 fructibus
1629 2565 1827 2635 pascit,
1855 2579 2018 2634 quam

431 2655 500 2720 si,
550 2655 824 2712 veteribus
871 2657 1321 2728 concupiscentiis
1368 2656 1653 2723 abdicatis,
1702 2671 1841 2712 novo
1888 2655 2020 2711 dile-

428 2745 625 2802 ctionis
651 2747 907 2804 mandato
934 2763 1106 2804 novus
1148 2749 1311 2804 homo
1352 2747 1514 2804 fuerit
1561 2746 1755 2804 factus.
1807 2746 2018 2803 Vellere

427 2839 610 2910 itaque
635 2841 814 2912 spicas
845 2849 932 2896 est
957 2841 1203 2897 homines
1229 2856 1260 2895 a
1297 2850 1513 2896 terrena
1563 2839 1883 2905 intentione,
1909 2854 2016 2909 qua

427 2929 603 2986 solum
648 2931 847 2986 mentis
885 2931 1041 3000 quasi
1078 2932 1314 2987 radicem
1362 2931 1612 2995 ﬁxerant,
1649 2945 1859 2986 eruere.
1892 2929 2015 2984 Fri-

426 3037 556 3078 care
591 3030 776 3078 autem
824 3022 1093 3089 manibus,
1151 3023 1411 3096 exemplis
1463 3024 1723 3078 virtutum
1776 3023 1844 3077 ab
1898 3022 2014 3090 ipsa

426 3113 592 3167 etiam
635 3112 816 3168 carnis
861 3114 1316 3184 concupiscentia,
1367 3114 1519 3184 quasi
1569 3111 1819 3168 folliculis
1853 3120 2016 3180 atque

424 3217 494 3258 ex
530 3202 857 3274 tegumentis
885 3203 1171 3260 aristarum
1213 3205 1502 3276 puritatem
1551 3205 1749 3260 mentis
1789 3217 2008 3258 exuere.

2126 2011 2228 2066 nisi
2275 2011 2400 2066 solis
2450 2011 3134 2085 sacerdotibus?(IIieron.)
3187 2015 3270 2069 Ad
3326 2015 3713 2071 confutanda

2123 2100 2446 2157 calumniam
2493 2100 2911 2168 Pharisaeorum,
2953 2103 3152 2159 veteris
3187 2107 3529 2160 recordatur
3560 2109 3715 2162 histo-

2121 2197 2217 2252 ria:
2246 2215 2260 2251 :
2295 2197 2509 2266 quando
2532 2196 2701 2252 David
2740 2194 2952 2268 fugiens
2995 2196 3212 2253 Saulem
3241 2200 3402 2254 venit
3447 2201 3508 2254 in
3559 2200 3712 2265 Nolae,

2124 2298 2178 2346 et
2219 2290 2287 2345 ab
2329 2288 2680 2345 Achimelech
2733 2289 3012 2346 sacerdote
3054 2297 3370 2361 susceptus,
3427 2293 3713 2362 postulavit

2121 2380 2270 2436 cibos
2298 2397 2312 2446 ;
2345 2381 2437 2450 qui
2469 2395 2591 2436 cum
2620 2396 2786 2452 panes
2833 2381 3004 2437 laicos
3045 2396 3155 2437 non
3199 2381 3462 2447 haberet,
3496 2383 3646 2437 dedit
3669 2384 3711 2438 ei

2120 2479 2482 2536 consecratos,
2503 2472 2698 2540 quibus
2719 2487 2825 2526 non
2846 2455 3041 2527 licebat
3069 2469 3214 2528 vesci
3237 2471 3344 2527 nisi
3379 2470 3522 2527 solis
3549 2488 3712 2527 sacer-

2119 2565 2333 2620 dotibus
2353 2572 2407 2620 et
2432 2564 2632 2620 Levitis
2658 2562 2710 2636 (Ι
2742 2563 2867 2636 Reg.
2891 2564 3030 2636 χχι).
3079 2563 3146 2619 Et
3172 2564 3278 2621 hoc
3305 2571 3533 2620 tantum
3565 2565 3711 2620 inter-

2119 2655 2347 2732 rogavit,
2381 2656 2427 2710 si
2467 2655 2649 2710 mundi
2680 2659 2861 2710 essent
2893 2655 3040 2726 pueri
3081 2672 3114 2708 a
3155 2654 3493 2720 mulieribus,
3550 2665 3608 2710 et
3633 2656 3709 2709 illo

2119 2748 2478 2818 respondente
2506 2749 2571 2802 ab
2611 2749 2724 2803 heri
2762 2757 2810 2802 et
2848 2747 3038 2804 nudius
3079 2748 3287 2814 tertius,
3334 2763 3452 2805 non
3498 2748 3705 2803 dubita-

2115 2841 2254 2896 verit
2297 2856 2466 2912 panes
2517 2840 2667 2906 dare,
2715 2839 2909 2896 melius
2953 2839 3266 2904 arbitratus,
3314 2839 3597 2910 pmpheta
3638 2839 3707 2894 di-

2115 2941 2274 2989 cente
2302 2947 2316 2987 :
2349 2931 2765 2987 Misericordiam
2807 2930 2940 2997 colo,
2973 2942 3022 2986 et
3047 2947 3148 2986 non
3182 2931 3517 3000 sacriﬁcium
3561 2931 3698 3002 (σεε.

2114 3022 2214 3093 Vl),
2239 3023 2306 3078 de
2333 3022 2494 3077 famis
2545 3021 2785 3091 periculo
2831 3021 3080 3076 homines
3120 3019 3358 3076 liberare
3407 3035 3579 3090 quam
3611 3021 3707 3074 Deo

2115 3113 2310 3171 otl‘erre
2334 3113 2680 3170 sacriﬁcium.
2725 3111 2910 3168 Hostia
2951 3113 3095 3168 enim
3131 3111 3242 3167 Deo
3293 3111 3592 3182 placabilis
3613 3113 3705 3166 ho-

2114 3208 2320 3263 minum
2366 3207 2510 3263 salus
2545 3214 2646 3262 est.
2693 3204 2925 3278 Opponit
2947 3219 3077 3275 ergo
3121 3204 3407 3268 Dominus,
3457 3214 3517 3260 et
3545 3204 3702 3258 dicit:

425 3293 604 3350 Grana
630 3309 762 3351 vero
794 3296 1122 3353 manducare
1164 3306 1248 3354 est
1295 3298 1644 3353 emundatum
1689 3311 1957 3368 quemque
1985 3311 2017 3350 a
2045 3290 2091 3354 C
2125 3300 2182 3355 Si
2209 3307 2264 3356 et
2310 3299 2480 3354 David
2519 3305 2740 3354 sanctus
2766 3306 2870 3363 est,
2902 3305 2959 3351 et
2998 3295 3344 3352 Achimelech
3395 3293 3644 3365 pontifex
3675 3308 3702 3346 a

425 3388 676 3445 sordibus
716 3388 974 3445 vitiorum
1026 3405 1127 3462 per
1170 3405 1266 3446 ora
1312 3390 1718 3460 praedicantium
1759 3387 2013 3444 Ecclesia:

426 3482 685 3538 membris
731 3482 1085 3554 incorporari.
1114 3482 1182 3537 Et
1210 3482 1346 3538 bene
1373 3483 1489 3538 haec
1511 3480 1754 3550 discipuli
1779 3495 2014 3552 praegre-

425 3573 636 3630 dientes
656 3583 781 3630 ante
811 3574 1095 3630 Dominum
1119 3573 1313 3630 fecisse
1340 3576 1850 3628 commemorantur.
1875 3569 2013 3637 Quia

425 3671 665 3726 doctoris
691 3685 912 3726 necesse
953 3679 1036 3724 est
1063 3683 1242 3725 sermo
1284 3668 1573 3740 praecedat,
1603 3676 1660 3721 et
1687 3665 1766 3720 sic
1791 3680 1886 3720 cor
1912 3680 2012 3719 au-

425 3761 617 3818 ditoris
659 3760 994 3832 subsequens
1034 3761 1209 3834 gratia
1250 3774 1498 3830 supernae
1533 3756 1856 3814 visitationis
1890 3754 2013 3811 illu-

425 3863 580 3911 stret.
615 3855 760 3912 Bene
781 3853 1040 3920 sabbatis,
1071 3854 1197 3924 quia
1236 3853 1409 3909 sancti
1440 3852 1689 3907 doctores
1731 3851 1786 3906 in
1811 3849 2011 3922 praedi-

425 3947 598 4003 cando
638 3956 694 4003 et
735 3946 837 4018 ipsi
880 3961 982 4018 pro
1026 3961 1123 4016 spe
1170 3945 1366 4000 futura:
1412 3945 1612 4015 quietis
1654 3943 1920 4008 laborant,
1955 3950 2012 3999 et

425 4039 702 4094 auditores
719 4052 872 4108 aeque
905 4053 1034 4094 suos
1059 4037 1349 4094 admonent
1373 4052 1481 4092 non
1526 4046 1747 4108 propter
1767 4051 2011 4092 amorem

425 4129 610 4184 saeculi
635 4129 982 4200 supervacuis
1010 4127 1258 4184 insistere
1299 4129 1548 4198 negotiis,
1577 4128 1671 4184 sed
1701 4127 1880 4200 potius
1911 4143 2010 4199 pro

425 4228 630 4275 eterna
655 4217 844 4288 requie
863 4217 1020 4274 bonis
1057 4217 1310 4274 insudare
1337 4219 1632 4274 laboribus.

495 4307 632 4364 Item
668 4322 766 4379 per
803 4318 922 4364 sata
950 4306 1226 4362 ambulant
1262 4322 1388 4363 cum
1417 4306 1644 4363 Domino
1671 4308 1785 4378 qui,
1810 4307 2008 4365 divinis

424 4401 802 4471 obtemperare
849 4398 1129 4454 studentes
1177 4397 1450 4469 imperiis,
1507 4398 1737 4454 solerter
1788 4399 2006 4470 eloquia

424 4506 583 4549 sacra
609 4490 858 4547 meditari
892 4488 1249 4545 delectantur.
1297 4488 1558 4544 Esuriunt
1597 4489 1653 4543 in
1701 4488 1854 4554 satis,
1881 4503 2006 4544 cum

424 4588 480 4645 in
508 4586 710 4644 eisdem
735 4585 904 4642 sacris
931 4583 1182 4655 eloquiis,
1203 4598 1325 4654 qua:
1351 4582 1574 4654 legendo
1601 4588 2001 4652 pertranseunt,

2119 3393 2272 3450 vobis
2299 3407 2406 3448 non
2432 3389 2862 3462 reprehenditur,
2902 3388 2998 3445 sed
3042 3386 3171 3458 legis
3209 3393 3449 3456 uterque
3479 3386 3698 3440 manda-

2117 3496 2228 3543 tum
2258 3485 2522 3557 probabili
2549 3481 2895 3540 excusatione
2924 3479 3240 3550 transgressi
3265 3486 3421 3541 sunt,
3450 3486 3508 3532 et
3542 3476 3703 3531 fames

2116 3581 2171 3636 in
2191 3596 2352 3636 causa
2381 3586 2480 3643 est,
2533 3593 2632 3634 cur
2679 3576 2926 3632 eamdem
2977 3572 3172 3628 famem
3218 3586 3329 3627 non
3378 3571 3635 3641 probatis
3656 3571 3700 3623 in

2114 3670 2393 3742 apostolis,
2414 3684 2578 3740 quam
2596 3667 2837 3739 probatis
2857 3666 2912 3720 in
2937 3664 3147 3720 caneris
3167 3663 3193 3716 ?
3217 3661 3551 3732 Quanquam
3578 3670 3631 3716 et
3657 3662 3699 3714 in

2113 3763 2217 3818 hoc
2247 3761 2415 3816 multa
2442 3759 2697 3815 distantia
2723 3757 2812 3813 sit.
2842 3755 2934 3812 Isti
2978 3755 3155 3825 spicas
3183 3753 3236 3808 in
3281 3754 3520 3808 sabbato
3547 3768 3698 3806 manu

2113 3852 2437 3918 confricant,
2476 3850 2553 3905 illi
2581 3863 2749 3922 panes
2774 3846 3129 3904 comederunt
3152 3845 3456 3900 Leviticos.

2183 3942 2395 4016 (Beda.)
2447 3941 2828 4013 Coquebantur
2889 3939 3035 3995 enim
3091 3952 3258 4007 panes
3307 3937 3695 4008 propositionis

2110 4045 2238 4092 ante
2279 4034 2583 4100 sabbatum,
2626 4040 2682 4089 et
2717 4031 2943 4088 sabbato
2986 4044 3144 4085 mane
3190 4028 3359 4084 oblati
3391 4045 3567 4099 super
3607 4043 3692 4082 sa-

2111 4145 2261 4186 cram
2315 4143 2557 4184 mensam
2610 4125 2973 4198 ponebantur,
3025 4123 3228 4180 bisseni
3283 4123 3353 4178 ad
3407 4124 3698 4179 alterutrcs

2109 4220 2379 4285 conversi,
2421 4219 2628 4274 duabus
2674 4216 2872 4288 patinis
2910 4215 3089 4271 aureis
3130 4215 3514 4286 superpositis,
3547 4216 3699 4268 thure

2108 4311 2302 4384 plenis,
2333 4326 2454 4382 qua:
2490 4309 2878 4380 permanebant
2905 4321 3076 4377 usque
3117 4307 3186 4361 ad
3211 4306 3360 4362 aliud
3385 4307 3699 4368 sabbatum,

2108 4409 2165 4457 et
2191 4409 2320 4456 tunc
2355 4416 2454 4472 pro
2475 4400 2579 4456 illis
2605 4398 2696 4453 alii
2730 4398 3184 4468 deportabantur:
3229 4396 3306 4452 illi
3348 4411 3488 4452 vero
3515 4412 3697 4452 sacer-

2109 4492 2322 4548 dotibus
2341 4491 2754 4554 exhibebantur,
2787 4498 2843 4544 et
2869 4490 3029 4544 thure
3047 4489 3269 4544 incenso
3306 4489 3363 4543 in
3393 4487 3525 4560 igne
3547 4503 3700 4544 sacm

2109 4580 2164 4636 in
2189 4597 2296 4650 quo
2324 4581 2504 4637 omnia
2550 4579 2864 4636 holocausta
2909 4577 3026 4635 ﬁeri
3074 4578 3343 4644 solebant,
3394 4578 3547 4634 aliud
3581 4581 3700 4633 thas

421 4642 795 4754 panemvitze
848 4642 1093 4733 invenire
1136 4642 1466 4738 desiderant,
1522 4642 1625 4730 hoc
1671 4683 1757 4730 est
1803 4674 1870 4730 ad
1918 4642 2086 4728 illaD
2111 4642 2272 4747 super
2297 4674 2432 4730 alios
2458 4673 2740 4729 duodecim
2770 4687 2937 4743 panes
2982 4642 3375 4740 adﬁciebatur;
3421 4686 3536 4740 qua
3568 4670 3695 4725 hora

422 4781 617 4830 curant
648 4771 813 4828 verba
852 4769 1137 4841 pervenire
1163 4766 1359 4840 quibus
1398 4766 1711 4837 ampliorem
1743 4766 1797 4820 in
1830 4780 1889 4820 se
1921 4766 2006 4820 sui

421 4863 728 4920 Conditoris
767 4875 1006 4916 amorem
1053 4860 1362 4916 incendant.
1409 4857 1477 4912 Et
1505 4857 1609 4912 hoc
1643 4857 1699 4911 in
1743 4853 2004 4923 sabbatis,

421 4970 567 5023 cum,
594 4954 770 5027 sopita
797 4961 980 5009 mente
1007 4966 1041 5006 a
1081 4949 1406 5006 turbulentis
1432 4947 1867 5019 cogitationibus,
1909 4961 2006 5002 va-

419 5063 547 5106 care
586 5047 824 5121 gaudent
852 5054 909 5103 et
950 5045 1135 5102 videre
1178 5058 1339 5115 quam
1379 5041 1554 5097 suavis
1594 5051 1670 5096 est
1719 5039 1998 5107 Dominus,

418 5155 688 5214 quamque
712 5140 892 5196 beatus
932 5139 1014 5194 vir
1052 5137 1143 5210 qui
1170 5144 1344 5208 sperat
1376 5136 1434 5189 in
1469 5151 1529 5189 eo
1574 5131 1748 5206 (Psal.
1776 5131 1998 5205 χχχιιι),

417 5243 800 5306 assumptoque
845 5231 1064 5304 pietatis
1109 5243 1166 5287 et
1213 5228 1535 5286 humilitatis
1563 5227 1772 5293 habitu,
1818 5227 1886 5281 ad
1915 5241 2002 5282 re-

417 5327 601 5399 quiem
654 5327 961 5384 animarum
1011 5338 1235 5381 suarum
1289 5320 1556 5391 attingere
1620 5316 1995 5372 contendunt:

415 5415 623 5474 vellunt
645 5418 825 5490 spicas
852 5432 974 5489 quae
1001 5414 1140 5471 forte
1159 5419 1474 5475 occurrunt,
1499 5416 1556 5462 et
1577 5405 1763 5460 tandiu
1783 5411 2003 5459 versant

415 5510 666 5570 manibus
694 5513 1060 5581 contritasque
1084 5512 1338 5578 purgant,
1367 5502 1538 5558 donec
1575 5497 1643 5552 ad
1671 5510 1853 5552 escam
1876 5509 2000 5563 per-

412 5601 668 5658 veniant:
708 5616 832 5656 cum
873 5599 1179 5658 testimonia
1218 5595 1641 5666 Scripturarum,
1670 5589 1737 5645 ad
1769 5603 1888 5658 quae
1924 5585 2002 5641 le-

413 5705 604 5766 gentes
647 5693 984 5764 perveniunt,
1033 5688 1345 5746 meditando
1382 5692 1688 5747 assumunt,
1729 5689 1785 5736 et
1813 5677 1998 5733 tandiu

415 5783 957 5860 scrutationesedula
978 5782 1290 5843 discutiunt,
1321 5779 1491 5834 donec
1521 5777 1573 5831 in
1612 5775 1692 5830 eis
1713 5769 1999 5826 medullam

417 5877 744 5946 dilectionis,
773 5889 897 5947 qua:
941 5872 1112 5932 latere
1134 5871 1434 5938 videbatur,
1466 5867 1800 5926 invenientes
1820 5871 2002 5922 extra-

2108 4767 2492 4838 superveniens
2516 4765 2686 4820 David
2728 4778 2895 4834 panes
2922 4770 3264 4818 consecratos
3305 4762 3544 4832 accepit.
3591 4761 3696 4817 Nec

2107 4873 2215 4913 non
2250 4857 2317 4912 ad
2352 4854 2532 4912 abbati
2568 4853 2960 4910 solemnitatem
2997 4851 3323 4908 accedebant
3375 4850 3697 4908 Neomenia—

2105 4965 2227 5004 rum
2249 4949 2384 5014 dies,
2410 4946 2606 5019 quibus
2642 4946 2700 5001 in
2739 4944 2987 5002 convivio
3022 4943 3315 5015 requisitas
3339 4941 3446 4999 fuit
3476 4961 3548 5001 ex
3575 4943 3694 4999 aula

2103 5057 2272 5097 ιειιια.

2166 5057 2355 5201 ῗῗιίρ.)
2383 5127 2641 5199 Figurate
2670 5133 2871 5190 autem,
2899 5125 3042 5196 quod
3083 5124 3254 5181 David
3292 5133 3351 5180 et
3375 5125 3540 5196 pueri
3579 5127 3694 5196 eius

2095 5234 2263 5293 panes
2283 5233 2542 5289 accepere
2585 5217 2976 5284 sanctiﬁcatos,
3016 5217 3251 5272 ostendit
3296 5217 3696 5272 sacerdotalem

2097 5315 2276 5370 cibum
2316 5313 2385 5367 ad
2411 5327 2568 5367 usum
2608 5311 2964 5367 transiturum
3011 5323 3129 5366 esse
3159 5307 3484 5380 populorum
3514 5328 3530 5363 :
3580 5310 3694 5364 sive

2097 5403 2241 5473 quod
2277 5418 2464 5458 omnes
2503 5401 2667 5456 vitam
2722 5399 3111 5457 sacerdotalem
3155 5399 3420 5455 debemus
3465 5399 3690 5462 imitari,

2101 5495 2214 5552 sive
2233 5495 2376 5564 quod
2395 5507 2584 5552 omnes
2605 5492 2700 5547 ﬁlii
2725 5491 2981 5548 Ecclesiae
3005 5490 3316 5548 sacerdotes
3339 5496 3491 5545 sunt.
3526 5489 3690 5559 Ungi-

2101 5601 2226 5641 mur
2248 5585 2394 5642 enim
2426 5585 2483 5640 in
2511 5583 2873 5639 sacerdotium
2920 5589 3186 5647 sanctum,
3233 5579 3534 5636 offerentes
3569 5594 3691 5634 nos-

2100 5675 2360 5745 metipsos
2381 5673 2494 5729 Deo
2514 5672 2722 5728 hostias
2757 5670 3047 5742 spiritales.

2169 5767 2274 5821 Aut
2301 5781 2405 5819 non
2433 5763 2627 5834 legistis
2654 5763 2712 5816 in
2753 5761 2864 5831 lege
2898 5761 3022 5830 quia
3051 5764 3281 5814 sabbatis
3302 5759 3605 5814 sacerdota
3631 5760 3688 5814 ia

2099 5857 2288 5929 templo
2299 5857 2572 5916 sabbatum
2593 5854 2784 5912 violant
2804 5861 2852 5910 et
2871 5853 2984 5910 sine
3001 5851 3216 5908 crimine
3234 5862 3355 5907 sunt
3372 5852 3398 5908 2
3414 5850 3690 5928 (ﬂiam)
