3914 6466
151 425 257 482 921

1160 425 1511 485 COMMENT.
1551 427 1616 482 IN
1657 426 2092 487 MATTHAZUM.
2130 460 2200 474 --
2236 431 2362 487 LIB.
2398 431 2484 488 IV.

3308 431 3415 489 929

151 540 612 611 Calumniamini,
650 544 844 617 inquit,
875 544 1165 616 discipulos
1208 561 1357 600 meos
1389 560 1486 599 cur
1528 558 1625 612 per
1651 559 1737 598 se-
1766 544 1818 604 Δ
1843 561 1972 600 num
2005 546 2235 602 habebat
2263 547 2473 602 aridam
2497 586 2512 612 ,
2557 546 2849 601 humanum
2886 559 3056 619 genus
3103 544 3308 601 indicat
3355 546 3412 601 in

150 642 313 702 getes
340 641 686 692 transeuntes
710 637 888 707 spicas
918 636 1184 701 triverint,‘
1207 645 1262 691 et
1283 636 1384 690 hoc
1419 635 1644 690 fecerint
1667 634 1745 688 fa-

151 723 262 777 mis
293 726 628 781 necessitate
652 738 895 796 cogente,
945 743 1067 782 cum
1107 727 1208 797 ipsi
1233 727 1511 782 sabbatum
1538 725 1747 780 violetis

150 815 207 870 in
237 817 450 886 templo
479 818 818 873 immolantes
843 819 1108 884 victimas,
1136 819 1399 872 caedentes
1426 826 1628 878 tauros,
1652 817 1748 870 ho-

151 906 415 962 locausta
469 924 632 978 super
684 909 945 981 lignorum
985 919 1185 964 struem
1230 908 1476 964 incendio
1523 921 1745 963 concre-

149 1008 401 1066 mantes,
423 1007 498 1064 et,
521 998 675 1069 juxta
702 1000 920 1055 alterius
952 1000 1221 1070 Evangelii
1250 999 1427 1066 fidem,
1473 999 1762 1054 circumci-.

151 1091 342 1144 dentes
377 1091 622 1161 parvulos
650 1093 704 1146 in
731 1092 980 1146 sabbato:
1013 1101 1070 1147 ut
1097 1094 1220 1148 dum
1251 1093 1409 1147 aliam
1433 1093 1605 1163 legem
1637 1107 1749 1147 ser-

150 1199 286 1237 vare
332 1185 554 1256 cupitis,
601 1186 880 1241 sabbatum
911 1187 1218 1242 destruatis.
1255 1185 1540 1256 Nunquam
1565 1197 1747 1240 autem

151 1279 305 1348 leges
338 1280 438 1334 Dei
465 1281 566 1335 sibi
591 1281 875 1336 contrariae
907 1289 1048 1335 sunt.
1074 1280 1140 1334 Et
1162 1279 1451 1350 prudenter
1471 1278 1561 1333 ubi
1583 1278 1748 1332 disci-

150 1371 267 1441 puli
299 1372 390 1427 sui
422 1373 844 1445 transgressione
865 1372 1014 1444 argui
1039 1380 1301 1443 poterant,
1331 1371 1496 1426 David
1520 1379 1572 1425 et
1591 1370 1752 1424 Achi-

151 1461 376 1516 inelecb
405 1462 535 1517 dicit
558 1462 798 1532 exempla
826 1474 1077 1528 secutos;
1105 1478 1289 1517 verum
1331 1470 1512 1516 autem
1541 1469 1593 1515 et
1623 1459 1750 1514 abs-

151 1569 263 1623 que
296 1555 643 1610 necessitatis
668 1557 888 1611 obtentu
934 1555 1139 1610 sabbati
1171 1553 1666 1623 praivaricationem
1695 1551 1749 1606 in

151 1645 309 1716 ipsos
338 1646 534 1713 refert,
561 1648 653 1718 qui
679 1649 1001 1706 calumniam
1026 1649 1287 1706 fecerant.

233 1735 371 1790 Dico
406 1747 581 1793 autem
608 1741 748 1795 vobis
770 1742 893 1812 quia
919 1741 1109 1812 templo
1138 1741 1311 1810 major
1330 1734 1749 1810 esthic.(llaun.)

149 1827 210 1882 In
239 1830 352 1885 hac
380 1832 647 1888 sententia
678 1833 952 1903 Evangelii
987 1832 1248 1903 particula
1275 1832 1358 1886 hic
1381 1847 1488 1886 non
1511 1838 1595 1885 est
1622 1843 1750 1899 pro-

1846 637 2173 694 fecunditate
2199 640 2325 694 boni
2345 639 2527 708 operis
2550 638 2868 704 arefactum,
2893 640 2987 694 sed
3014 637 3227 694 Domini
3253 637 3415 694 mise-

1847 733 2056 789 ratione
2084 742 2354 790 curatum.
2389 734 2552 805 Cujus
2577 736 2818 800 dextera,
2850 751 2971 804 qua:
3016 736 3070 790 in
3113 735 3289 806 primo
3320 750 3418 806 pa-

1844 840 1999 887 rente
2019 833 2144 888 dum
2169 835 2348 888 vetitae
2374 833 2584 888 arboris
2605 848 2760 903 poma
2797 834 3139 902 decerperet,
3173 839 3414 898 arnerat,

1845 937 1943 992 per
1987 922 2364 994 Redemptoris
2405 925 2656 995 gratiam,
2689 923 2816 977 dum
2859 923 3101 978 insontes
3133 937 3326 977 manus
3360 921 3418 976 in

1847 1014 2040 1067 arbore
2069 1014 2247 1068 crucis
2273 1015 2533 1077 tenderet,
2565 1015 2828 1069 bonorum
2869 1029 3090 1083 operum
3132 1013 3307 1068 succis
3333 1019 3417 1067 est

1848 1104 2094 1158 restituta
2117 1105 2295 1159 saluti.
2345 1105 2411 1159 Et
2454 1106 2590 1160 bene
2639 1105 2690 1160 in
2744 1120 3010 1177 synagoga
3061 1118 3252 1157 manus
3300 1109 3419 1157 erat

1846 1196 1996 1250 arida
2029 1197 2190 1266 :quia
2222 1197 2310 1250 ubi
2347 1197 2584 1250 scientiae
2610 1197 2806 1250 donum
2840 1194 3016 1265 majus
3042 1235 3056 1260 ,
3088 1194 3159 1249 ibi
3198 1193 3417 1266 gravius

1847 1295 1931 1342 est
1955 1287 2332 1343 inexcusabilis
2354 1303 2505 1342 noxae
2536 1287 2850 1357 periculum.

1919 1376 1988 1430 Et
2031 1378 2416 1449 interrogabant
2451 1395 2568 1433 eum
2597 1379 2824 1432 dicentes
2862 1393 2880 1432 :
2925 1376 2983 1432 Si
3037 1378 3152 1432 licet
3191 1375 3418 1431 sabbatis

1849 1485 2036 1523 curare
2056 1470 2081 1522 ?
2114 1481 2169 1524 ut
2196 1479 2500 1525 accusarent
2525 1487 2662 1525 eum.
2691 1470 2827 1538 Quia
2851 1470 3269 1525 destructionem
3297 1470 3421 1524 sab-

1850 1559 1992 1624 bati,
2017 1574 2177 1629 quam
2207 1559 2462 1614 Pharisaei
2505 1560 2560 1615 in
2588 1560 2866 1631 discipulis
2909 1563 3203 1632 arguebant
3229 1602 3242 1626 ,
3295 1575 3420 1629 pm-

1849 1650 2013 1706 babili
2040 1651 2287 1722 exemplo
2316 1661 2707 1717 excusaverat,
2757 1653 2929 1721 ipsum
2971 1651 3289 1706 calumniari
3326 1666 3420 1707 vo-

1854 1742 2002 1809 lunt;
2051 1750 2106 1798 et
2149 1743 2554 1813 interrogabant
2579 1751 2759 1797 utrum
2784 1742 2942 1797 liceat
2970 1758 3161 1797 curare
3197 1744 3250 1797 in
3299 1744 3421 1800 sab-

1853 1837 1996 1892 batis
2024 1854 2037 1890 :
2063 1845 2121 1891 ut
2159 1836 2202 1890 si
2255 1851 2362 1892 non
2404 1836 2714 1901 curaverit,
2758 1835 3093 1891 crudelitatis
3127 1841 3221 1887 aut
3251 1834 3420 1889 imbe-

149 1934 387 1987 nomen,
419 1922 511 1977 sed
541 1924 853 1979 adverbium
880 1923 1002 1988 loci,
1029 1930 1084 1979 et
1121 1921 1389 1994 significat
1415 1920 1559 1990 quod
1606 1927 1743 1973 tem-
1773 1914 1821 1974 Β
1849 1928 2122 1995 cillitatis;
2185 1927 2233 1982 si
2279 1928 2580 1992 curaverit,
2633 1935 3088 1998 transgressorem
3142 1932 3416 1981 accusent.

149 2011 244 2078 plo
294 2013 476 2084 major
506 2014 576 2068 sit
610 2014 762 2070 locus
788 2015 878 2084 qui
906 2015 1189 2070 Dominum
1225 2013 1408 2083 templi
1442 2021 1650 2077 teneat;
1681 2026 1747 2066 ac

148 2102 198 2156 si
255 2103 477 2160 diceret
521 2124 534 2159 :
579 2104 635 2161 Si
667 2106 892 2176 figurale
930 2106 1186 2177 templum
1235 2106 1410 2176 potuit
1459 2104 1747 2161 defendere

149 2194 484 2250 sacerdotes
528 2195 630 2250 sibi
677 2196 994 2263 servientes,
1026 2212 1124 2252 cur
1158 2195 1398 2266 spiritale
1430 2188 1537 2250 non
1567 2199 1746 2264 potest

145 2281 458 2340 defendere
507 2287 796 2356 discipulos
823 2287 925 2343 sibi
951 2287 1265 2344 credentes?
1305 2284 1530 2359 (Hilar.)
1556 2285 1748 2341 Osten-

151 2373 233 2428 dit
263 2375 420 2430 enim
445 2376 569 2444 quia
599 2392 696 2446 per
729 2393 788 2432 se
827 2377 1000 2448 ipsum
1035 2378 1088 2432 in
1132 2377 1424 2449 apostolica
1452 2377 1698 2432 doctrina
1727 2415 1743 2441 ,

150 2464 362 2534 pOpulo
392 2466 528 2538 legis
551 2467 840 2523 infideliter
861 2467 1082 2536 otiante,
1105 2469 1251 2525 salus
1275 2469 1526 2541 gentibus
1554 2467 1741 2522 datur:

152 2557 286 2625 quia
314 2557 496 2628 major
527 2559 644 2629 ipse
673 2561 745 2614 sit
764 2561 988 2616 sabbato
1012 2602 1027 2628 ,
1056 2570 1111 2617 et
1143 2561 1344 2632 absque
1374 2561 1587 2616 violatae
1613 2559 1746 2631 legis

149 2648 346 2720 culpa,
396 2651 709 2723 evangelica
751 2653 885 2709 ﬁdes
911 2661 1167 2724 operetur
1208 2655 1263 2710 in
1291 2654 1527 2710 Christo.
1567 2653 1746 2722 Atque

149 2751 212 2796 ut
244 2744 570 2800 ostenderet
614 2760 828 2800 omnem
882 2762 1062 2802 rerum
1117 2745 1462 2802 efficientiam
1509 2745 1762 2817 speciem

152 2833 323 2889 futuri
359 2835 546 2906 operis
572 2837 868 2904 continere,
893 2839 1115 2910 adjecit:

225 2925 286 2982 Si
318 2937 502 2982 autem
533 2929 737 2984 sciretis
778 2931 903 3001 quid
941 2943 1035 2997 est,
1080 2931 1498 2987 Mtsericordiam
1525 2947 1660 2997 voto,
1698 2939 1747 2986 et

152 3033 258 3071 non
285 3019 640 3087 sacriﬁcium,
665 3037 932 3092 nunquam
960 3023 1398 3079 condemnassetis
1425 3025 1742 3078 innocentes.

153 3107 436 3182 (Hieron.)
464 3110 603 3178 Quid
630 3112 702 3168 sit
719 3111 1136 3169 Misericordiam
1169 3113 1313 3182 volo,
1339 3125 1385 3170 et
1408 3131 1513 3170 non
1532 3115 1744 3183 sacriﬁ-

152 3205 295 3258 cium
319 3245 334 3272 ,
387 3220 556 3275 supra
579 3205 834 3262 diximus.
863 3207 1016 3275 Quod
1042 3215 1222 3264 autem
1257 3207 1500 3279 sequitur
1525 3248 1539 3272 ,
1587 3206 1744 3260 Nun-

153 3314 317 3365 quam
364 3298 807 3353 condemnassetis
846 3299 1168 3365 innocentes,
1194 3300 1261 3354 de
1282 3299 1540 3371 apostolis
1558 3307 1642 3353 est
1663 3299 1746 3352 in-

157 3387 532 3458 telligendum,
562 3397 618 3444 et
643 3401 726 3444 est
766 3405 955 3446 sensus
986 3409 998 3421 ο
1032 3390 1458 3446 Misericordiam
1499 3406 1748 3461 compro-

156 3479 302 3535 batis
329 3481 678 3538 Achimelecb
715 3498 780 3538 eo
807 3483 947 3552 quod
975 3481 1119 3538 fame
1149 3482 1548 3552 periclitantem
1575 3480 1747 3538 David

159 3570 496 3628 refocillaret
525 3580 582 3627 et
607 3588 806 3642 pueros
843 3573 959 3642 ejus
1004 3572 1056 3641 (1
1083 3571 1210 3643 Reg.
1235 3572 1314 3645 xi)
1333 3614 1349 3638 ,
1399 3588 1566 3642 quare
1595 3591 1748 3632 meos

156 3663 457 3733 discipulos
498 3664 910 3730 condemnatis,
961 3664 1053 3735 qui
1097 3664 1232 3719 nihil
1283 3665 1394 3719 tale
1455 3664 1748 3722 fecerunt?

231 3751 494 3806 Dominus
519 3752 655 3805 enim
676 3761 751 3806 est
779 3752 921 3821 ﬁlius
946 3754 1170 3808 hominis
1195 3755 1352 3808 etiam
1376 3755 1596 3809 sabbati.
1643 3755 1700 3812 Si
1726 3797 1742 3822 ,

158 3843 366 3912 inquit,
397 3845 565 3900 David
597 3861 692 3900 rex
730 3846 1052 3902 sacerdotali
1090 3847 1214 3902 cibo
1255 3857 1442 3917 pastus
1469 3850 1749 3905 excusabi-

159 3935 230 3990 lis
255 3945 362 4004 est,
396 3947 451 3992 et
473 3936 628 4007 juxta
673 3939 894 3996 alterius
941 3941 1290 4012 evangelista:
1327 3945 1693 4000 narrationem
1729 3986 1744 4012 ,

161 4029 482 4085 sacerdotes
525 4031 809 4086 sabbatum
846 4048 944 4103 per
990 4033 1171 4103 templi
1224 4035 1587 4092 ministerium
1634 4037 1749 4092 vio-

161 4124 336 4180 lantes
382 4135 572 4181 carent
619 4127 864 4193 crimine,
897 4137 1100 4198 quanto
1129 4129 1300 4200 magis
1329 4128 1469 4185 filius
1489 4131 1746 4199 hominis,

163 4221 255 4290 qui
280 4236 448 4278 verus
487 4236 582 4277 rex
609 4232 712 4289 est,
735 4231 790 4279 et
812 4239 975 4278 verus
1019 4224 1292 4289 sacerdos,
1318 4233 1374 4280 et
1412 4225 1534 4281 ideo
1567 4225 1748 4282 Domi-

162 4329 263 4370 nus
297 4323 384 4370 est
414 4315 646 4381 sabbati,
695 4317 1002 4374 evulsarum
1032 4320 1258 4374 sabbato
1289 4321 1562 4389 spicarum
1607 4336 1747 4377 noxa

159 4418 266 4459 non
310 4406 564 4459 tenetur?
624 4407 860 4461 maxime
911 4424 1034 4464 cum
1096 4409 1239 4464 idem
1280 4408 1447 4464 Filius
1489 4411 1584 4466 Dei
1624 4426 1746 4466 cum

157 4492 320 4550 Patre
359 4504 422 4552 et
470 4495 674 4568 Spiritu
703 4509 893 4556 sancto
915 4517 1022 4555 non
1057 4501 1228 4557 solum
1257 4512 1474 4557 creator
1511 4504 1581 4570 sit
1623 4504 1750 4560 sab-

1851 2019 2101 2075 Sabbatis
2132 2019 2398 2090 praecipue
2428 2019 2687 2073 Dominus
2715 2017 2770 2071 in
2802 2031 3070 2089 synagoga
3098 2017 3254 2072 docet
3288 2031 3418 2086 ope—

1848 2123 2106 2184 raturque
2132 2112 2360 2166 virtutes
2395 2126 2500 2166 non
2538 2109 2712 2165 solum
2761 2117 2981 2180 propter
3035 2107 3416 2162 insinuandnm

1848 2207 2093 2278 spiritale
2118 2206 2400 2262 sabbatum
2430 2247 2444 2270 ,
2489 2205 2581 2260 sed
2627 2212 2683 2260 et
2725 2213 2944 2274 propter
2978 2201 3328 2277 celebriorem
3355 2215 3420 2258 eo

1847 2300 1935 2354 die
1962 2299 2138 2370 populi
2173 2306 2514 2354 conventum.
2544 2295 2642 2352 Cui
2672 2306 2802 2351 tunc
2827 2310 2894 2350 ex
2938 2295 3157 2366 antiqua
3205 2303 3419 2364 patrum

1846 2393 2188 2449 institutione
2217 2391 2386 2447 moris
2410 2398 2547 2455 erat,
2577 2389 2704 2460 quia
2733 2403 2926 2444 vacare
2959 2403 2990 2442 a
3017 2387 3200 2442 labore
3224 2402 3322 2457 per
3345 2386 3421 2441 le—

1846 2501 1966 2557 gem
2008 2483 2340 2554 jnbebatur,
2393 2481 2632 2552 legendis
2682 2479 3068 2549 audiendisque
3127 2477 3421 2549 Scripturis

1845 2592 2066 2646 operam
2113 2577 2260 2630 dare.
2311 2573 2473 2628 Juxta
2515 2571 2659 2642 quod
2689 2571 2745 2625 in
2792 2569 3018 2625 Actibus
3058 2569 3421 2638 apostolorum

1846 2667 2078 2723 Jacobus
2128 2667 2366 2736 loquitur
2397 2683 2410 2718 :
2447 2664 2654 2735 Moyses
2703 2663 2839 2717 enim
2880 2680 2914 2716 a
2955 2661 3135 2716 diebus
3191 2658 3418 2729 antiquis

1845 2764 2017 2830 habet,
2053 2763 2143 2833 qui
2167 2778 2285 2815 eum
2315 2759 2595 2831 prwdicent
2623 2758 2678 2811 in
2705 2757 2983 2826 synagogis
3008 2795 3023 2820 ,
3050 2754 3138 2807 ubi
3159 2769 3250 2823 per
3271 2766 3420 2806 omne

1843 2853 2117 2908 sabbatum
2140 2850 2330 2920 legitur
2353 2847 2494 2920 (Act.
2527 2847 2641 2918 xv).
2668 2841 2803 2900 Nam
2842 2845 2981 2899 sicut
3017 2843 3074 2897 bi
3111 2841 3302 2911 quibus
3333 2854 3426 2894 ve-

1845 2943 2007 2999 nandi
2055 2957 2145 2998 ars
2193 2949 2314 3004 est,
2359 2939 2452 2994 ubi
2485 2937 2665 3003 feras,
2719 2936 2900 3006 pisces
2927 2942 2984 2988 et
3019 2932 3264 2987 volucres
3303 2930 3424 3000 plus

1847 3035 2124 3090 abundare
2150 3032 2476 3096 didicerint,
2508 3030 2582 3084 ibi
2610 3043 2708 3084 sua
2733 3026 2968 3083 maxime
2990 3024 3126 3080 retia
3152 3024 3381 3078 tendunt
3406 3038 3420 3075 :

1845 3128 1922 3184 ita
1949 3134 2005 3182 et
2044 3125 2306 3181 Dominus
2354 3136 2570 3191 semper
2603 3119 2786 3175 docuit
2836 3118 2890 3172 in
2943 3129 3212 3187 synagoga
3267 3121 3324 3166 et
3368 3110 3422 3164 in

1848 3218 2051 3290 templo
2110 3233 2218 3288 quo
2283 3229 2474 3270 omnes
2524 3211 2694 3268 Judaei
2751 3207 3185 3269 conveniebant,
3237 3202 3424 3256 volens

1850 3326 2040 3368 omnes
2059 3310 2234 3365 salvos
2248 3307 2386 3372 fieri,
2405 3313 2461 3360 et
2491 3305 2559 3359 ad
2585 3301 2915 3374 agnitionem
2936 3296 3182 3352 veritatis
3207 3293 3421 3347 venire.

1927 3403 2043 3474 Ipse
2076 3411 2249 3456 autem
2294 3399 2427 3452 dixit
2465 3395 2571 3449 illis
2609 3410 2627 3448 :
2668 3391 2802 3459 Quis
2841 3391 2940 3444 erit
2973 3403 3038 3443 ex
3058 3386 3199 3441 vobis
3228 3385 3382 3437 homo
3406 3422 3424 3448 ,

1847 3473 2155 3566 quiihabeat
2187 3505 2348 3544 unam
2391 3503 2554 3551 ovem,
2590 3495 2639 3540 et
2684 3483 2730 3539 si
2767 3479 3008 3536 ceciderit
3051 3478 3162 3532 hcce
3200 3473 3426 3530 sabbatis

1848 3564 1904 3638 in
1936 3583 2160 3652 foveam,
2183 3595 2352 3633 nonne
2380 3579 2558 3631 tenens
2589 3573 2775 3629 levabit
2809 3587 2922 3625 eam
2947 3570 2972 3623 ?
2998 3567 3211 3633 Quanto
3254 3564 3421 3635 magis

1848 3672 2032 3726 melior
2059 3679 2133 3725 est
2155 3671 2312 3725 homo
2336 3669 2466 3722 ove!
2492 3665 2679 3738 Itaque
2709 3663 2823 3718 licet
2849 3662 3077 3717 sabbatis
3104 3657 3424 3728 benefacere.

1849 3761 2120 3834 (Ηὶενοη.)
2156 3759 2248 3816 Sic
2275 3759 2434 3815 solvit
2484 3756 2813 3828 propositam
2842 3751 3218 3822 quaestionem,
3250 3755 3310 3802 ut
3346 3747 3426 3802 in-

1849 3863 2186 3928 terrogantes
2201 3851 2441 3908 avaritiae
2470 3850 2873 3906 condemnaret.
2909 3843 2964 3899 Si
2988 3859 3107 3909 vos,
3130 3839 3325 3910 inquit,
3372 3837 3429 3892 in

1850 3951 2076 4006 sabbato
2107 3961 2264 4003 ovem
2293 3953 2348 4000 et
2383 3943 2527 3999 aliud
2553 3940 2831 4012 quodlibet
2872 3935 3072 3992 animal
3114 3935 3169 3988 in
3214 3932 3428 3986 foveam

1849 4041 2106 4098 decidens
2126 4039 2340 4108 eripere
2367 4033 2637 4089 festinatis
2657 4071 2672 4096 ,
2698 4046 2808 4086 non
2835 4026 3070 4091 animali,
3105 4026 3203 4080 sed
3235 4030 3429 4079 vestrae

1849 4129 2089 4186 avaritia:
2131 4125 2480 4184 consulentes
2504 4164 2520 4189 ,
2549 4130 2752 4194 quanto
2783 4119 2955 4191 magis
2980 4133 3080 4189 ego
3103 4115 3381 4171 hominem
3411 4153 3428 4179 ,

1848 4223 1941 4292 qui
1971 4220 2139 4276 multo
2172 4218 2364 4274 melior
2390 4225 2474 4273 est
2513 4231 2614 4272 ove
2642 4256 2657 4282 ,
2687 4213 2858 4270 debeo
2902 4211 3137 4267 liberare
3162 4209 3174 4262 !
3223 4206 3430 4262 Praeve-

1848 4313 2003 4368 niens
2038 4310 2299 4367 Dominus
2334 4308 2659 4364 calumniam
2709 4304 3018 4360 Iudaeorum
3044 4343 3060 4368 ,
3108 4315 3272 4371 quam
3327 4297 3431 4354 sibi

1847 4405 2054 4477 perfida
2102 4412 2286 4458 mente
2337 4409 2702 4473 paraverant,
2755 4397 2934 4468 arguit
2967 4410 3078 4458 eos,
3116 4394 3244 4463 quia
3287 4390 3425 4460 legis

1845 4505 2115 4568 prtecepta
2146 4512 2313 4565 prava
2342 4493 2791 4563 interpretatione
2832 4488 3118 4551 violarent,
3151 4485 3429 4540 aestiman-

158 4586 296 4689 bati,
319 4587 429 4689 sed
443 4589 606 4645 etiam
630 4591 873 4646 omnium
896 4601 1197 4663 temporum
1221 4601 1276 4648 et
1314 4594 1479 4649 totius
1502 4595 1706 4649 mundi.
1770 4630 1826 4689 D
1851 4589 1918 4643 do
1958 4588 2012 4642 in
2057 4588 2281 4642 sabbato
2332 4585 2494 4640 etiam
2537 4599 2568 4638 a
2617 4581 2774 4689 bonlis
2799 4579 3054 4689 operibus
3076 4574 3382 4689 feziandum
3414 4612 3430 4639 ,

229 4679 340 4754 [IL]
371 4680 449 4735 Et
472 4699 590 4736 eum
613 4685 882 4738 transisset
906 4685 1196 4749 inde,venit
1223 4686 1276 4739 in
1307 4684 1638 4756 Synagogam
1661 4703 1749 4740 eo-

162 4788 295 4840 rum,
332 4783 382 4828 et
433 4790 546 4828 ecce
565 4775 718 4830 homo
752 4793 966 4831 manum
988 4778 1180 4832 habens
1205 4777 1432 4833 aridam.
1459 4777 1644 4849 (Aug.)
1673 4777 1749 4834 De

163 4863 264 4920 isto
293 4865 521 4921 homine
549 4868 642 4938 qui
674 4883 893 4923 manum
918 4871 1153 4925 habebat
1175 4870 1381 4924 aridam
1411 4871 1572 4924 etiam
1608 4869 1748 4925 Mar-

165 4971 256 5012 cus
283 4967 337 5014 et
361 4959 546 5014 Lucas
576 4975 682 5015 non
718 4968 898 5016 tacent
927 4959 1119 5032 (Marc.
1151 4977 1240 5024 Ill;
1272 4959 1401 5014 Luc.
1428 4961 1526 5030 γι).
1557 4960 1748 5018 Posset

167 5057 342 5106 autem
376 5051 560 5123 putari
590 5066 656 5108 eo
697 5052 785 5106 die
828 5050 1029 5106 factum
1073 5052 1220 5106 etde
1261 5052 1421 5122 spicis
1462 5061 1517 5107 et
1545 5053 1608 5107 de
1631 5053 1747 5123 ipso

171 5151 377 5209 sanato,
424 5143 681 5214 quoniam
724 5145 1007 5199 sabbatum
1042 5149 1099 5197 et
1130 5143 1221 5197 hic
1269 5151 1745 5209 commemoratur,

171 5231 272 5287 nisi
307 5233 486 5290 Lucas
522 5234 826 5306 aperuisset
865 5234 972 5290 alio
1031 5233 1256 5289 sabbato
1292 5232 1491 5288 factum
1526 5248 1648 5288 esse
1682 5232 1750 5289 de

175 5326 402 5382 sanitate
441 5327 606 5382 aridae
649 5343 860 5382 manus.
911 5326 1150 5383 Proinde
1209 5325 1384 5396 quod-
1423 5324 1747 5393 Matthazus,

176 5424 364 5471 etcum
396 5418 518 5472 inde
553 5417 822 5471 transisset
850 5458 865 5483 ,
917 5418 1052 5471 venit
1094 5418 1148 5471 in
1194 5433 1512 5487 synagogam
1547 5433 1748 5482 eorum,

180 5521 282 5562 non
329 5510 550 5580 quidem
585 5509 734 5564 venit
787 5507 892 5562 nisi
943 5523 1063 5563 cum
1107 5508 1233 5562 inde
1280 5507 1607 5571 transisset;
1657 5505 1753 5560 sed

183 5608 298 5666 post
330 5610 464 5671 quot
486 5601 604 5656 dies
632 5601 684 5654 in
717 5614 1045 5670 synagogam
1072 5613 1260 5654 eorum
1307 5596 1524 5652 venerit
1563 5605 1752 5666 postea

183 5704 336 5758 quam
373 5709 403 5747 a
446 5701 627 5764 segete
674 5692 762 5747 illa
806 5691 1018 5745 transiit
1059 5706 1167 5744 non
1204 5705 1519 5759 expressum
1546 5697 1644 5743 est.
1676 5688 1755 5744 Ac

183 5794 276 5848 per
302 5783 404 5838 hoc
433 5785 583 5840 locus
607 5785 766 5840 datur
810 5782 1106 5838 narrationi
1152 5782 1329 5847 Lucae,
1360 5784 1450 5852 qui
1487 5782 1620 5837 dicit
1647 5781 1753 5837 alio

142 5910 144 5916 τ
186 5872 408 5932 sabbato
433 5875 596 5949 hujus
621 5892 840 5934 manum
857 5882 1124 5934 sanatam.
1158 5872 1332 5931 Homo
1362 5888 1492 5932 sane
1516 5873 1609 5944 qui
1635 5888 1753 5928 ma-

1853 4694 1975 4734 cum
2000 4678 2086 4733 lex
2112 4692 2144 4730 a
2177 4675 2333 4730 malis
2359 4674 2632 4728 abstinere
2654 4670 2862 4740 jnbeat,
2893 4669 3099 4732 dicens,
3119 4664 3284 4720 Omne
3304 4681 3431 4735 opus

1851 4770 2036 4826 servile
2062 4786 2165 4824 non
2189 4767 2391 4840 facietis
2415 4767 2471 4820 in
2489 4782 2548 4820 eo
2573 4763 2758 4837 (Leuit.
2792 4761 2950 4832 xxiii)
2977 4772 3003 4826 ,'
3034 4759 3087 4814 id
3113 4767 3215 4825 est,
3243 4770 3434 4828 pecca-

1854 4872 2010 4918 tum:
2048 4859 2230 4916 Omnis
2300 4858 2445 4913 enim
2501 4856 2590 4928 qui
2641 4854 2768 4925 facit
2822 4862 3090 4925 peccatum
3128 4866 3306 4905 servus
3357 4855 3434 4902 est

1851 4955 2044 5026 peccati
2071 4953 2250 5023 (Joan.
2281 4950 2399 5021 vui)
2433 4950 2658 5004 :eodem
2697 4954 2967 5018 praecepto
2993 4943 3151 5001 simul
3172 4952 3228 4998 et
3263 4941 3430 4996 futuri

1853 5045 2035 5100 saeculi
2079 5042 2307 5097 formam
2335 5041 2386 5094 in
2413 5038 2769 5109 praesentibus
2812 5035 3160 5100 adumbrans,
3203 5032 3293 5088 ubi
3340 5031 3434 5102 qui

1854 5157 1952 5212 per
1979 5149 2092 5194 tres
2119 5137 2299 5192 Steculi
2323 5133 2482 5203 hujus
2503 5142 2691 5188 anates
2718 5132 2859 5186 bona
2885 5128 3144 5191 fecerunt,
3180 5127 3234 5180 in
3271 5125 3435 5194 septi-

1856 5247 1943 5285 ma
1972 5230 2154 5301 quiete
2183 5227 2448 5282 malorum
2479 5221 2869 5283 tantummodo,
2904 5233 3011 5272 non
3040 5225 3219 5270 autem
3261 5213 3433 5268 bono-

1855 5340 2000 5389 rum,
2023 5322 2134 5376 sint
2160 5320 2323 5376 ferias
2355 5318 2623 5382 habituri;
2649 5331 2775 5369 nam
2804 5313 2932 5368 licet
2960 5310 3237 5368 saecularia
3268 5325 3433 5380 opera

1857 5415 2268 5484 conquiescant,
2314 5425 2422 5464 non
2472 5409 2678 5463 otiosus
2708 5415 2888 5460 tamen
2918 5403 3043 5460 boni
3076 5403 3254 5474 operis
3285 5411 3435 5458 actus

1855 5518 1938 5564 est
1967 5509 2020 5562 in
2049 5507 2143 5561 Dei
2173 5505 2330 5558 laude
2355 5502 2632 5570 quiescere

1929 5599 2072 5653 Tunc
2102 5599 2175 5650 ait
2200 5595 2398 5650 homini
2438 5607 2456 5645 :
2503 5592 2741 5646 Extende
2781 5607 2994 5644 manum
3045 5599 3211 5655 tuam,
3250 5598 3297 5642 et
3339 5603 3433 5642 ex-

1853 5690 2038 5743 tendit.
2073 5687 2321 5741 Sananda
2363 5699 2552 5738 manus
2580 5682 2729 5735 arida
2768 5681 2990 5749 jubetur
3031 5680 3282 5744 extendi,
3311 5677 3433 5746 quia

1856 5780 2204 5835 infructuosae
2251 5775 2502 5830 debilitas
2561 5774 2752 5826 animm
2803 5772 2949 5826 nullo
3007 5772 3200 5827 melius
3247 5769 3434 5824 ordine

1853 5888 2020 5946 quam
2039 5871 2504 5951 eleemosynarum
2533 5867 2786 5941 largitate
2821 5875 3063 5925 curatur.
3089 5860 3244 5921 Unde
3273 5857 3426 5919 Joan-
