3914 6476
469 448 593 511 928

1122 451 1184 507 Β.
1225 434 1479 508 RABANI
1518 452 1737 509 mum
1771 450 2089 508 ARCHHSP.
2126 449 2434 507 uocum.
2476 451 2760 510 orenuu
2793 453 2980 537 rans
3017 454 3058 509 1.

3662 456 3763 511 92b

473 578 580 623 'ncs
609 548 879 635 Mm,
912 565 1086 621 turbis
1118 564 1521 619 sciscitantibus
1568 564 1697 635 quid
1743 563 1982 619 facerent
2005 573 2063 617 ut
2098 567 2141 627 Α
2167 580 2342 617 versus
2364 580 2479 617 eum
2505 564 2763 635 quomodo
2787 582 2902 618 eum
2928 566 3219 634 perderent.
3259 565 3497 639 (Μιιῖιι.)
3538 567 3735 622 Exeat:

474 668 591 713 non
618 655 765 711 veiut
787 655 1011 711 arbores
1039 655 1204 709 arida:
1228 655 1574 709 mitterentur
1606 655 1661 708 in
1691 655 1867 724 ignem
1892 695 1906 720 ,
1961 653 2065 708 hoc

474 748 658 804 solum
701 747 960 818 pemcepit
1000 764 1015 801 :
1066 745 1171 812 Qui
1220 746 1373 800 habet
1419 746 1554 801 duas
1596 747 1803 799 tunicas
1837 746 1919 799 det
1960 762 2064 799 non

473 838 711 906 Mirati,
742 847 792 897 et
816 839 911 911 qui
944 838 1100 893 habet
1137 855 1284 894 escas
1306 838 1553 894 similiter
1593 841 1755 910 faciat
1781 839 1933 911 (Luc.
1959 840 2062 910 tu).

474 928 550 987 Bt
570 932 627 985 in
650 929 1036 986 Ecclesium
1059 928 1295 985 dicitur:
1326 928 1439 983 Fili
1464 970 1479 996 ,
1513 946 1617 985 non
1661 933 1729 987 sit
1756 947 1944 984 manus
1975 942 2067 984 tua

472 1023 552 1078 ad
576 1022 941 1095 accipiendam
970 1031 1216 1094 porrecta
1236 1033 1287 1077 st
1306 1023 1377 1077 ad
1411 1023 1649 1078 dandum
1696 1023 1915 1079 collecta
1944 1022 2068 1095 (Ec-

468 1113 574 1168 ett.
610 1112 707 1187 tv).
735 1113 964 1176 Frustra
988 1113 1138 1170 enim
1173 1128 1365 1169 manus
1390 1113 1460 1168 ad
1500 1114 1670 1169 Deum
1696 1129 1795 1184 pro
1829 1113 2071 1184 peccatis

471 1212 773 1279 rogantum
812 1204 1093 1275 expandit,
1120 1204 1218 1273 qui
1240 1218 1353 1260 non
1393 1204 1493 1260 bas
1522 1203 1594 1258 ad
1624 1203 1843 1259 viduam
1870 1217 2068 1273 rogan-

486 1303 597 1352 tem
641 1294 964 1352 beneﬁcium
1017 1296 1226 1353 laturus
1264 1296 1605 1362 extendet-it;
1657 1297 1801 1352 unde
1848 1295 2070 1366 pulchre

472 1384 828 1458 subiungitur
856 1402 873 1443 :

556 1480 630 1534 Et
654 1482 895 1536 restituta
934 1487 1019 1535 est
1057 1480 1297 1549 sanitati,
1348 1482 1486 1537 sicut
1532 1481 1719 1537 altera.
1766 1480 2070 1536 Humanum

476 1570 687 1642 quippe
734 1587 903 1644 genus
948 1580 1075 1629 ante
1108 1574 1398 1630 adventum
1438 1575 1741 1631 Salvatoris
1790 1575 2069 1630 dexteram

478 1674 710 1715 uanum
734 1660 923 1716 habuit
946 1662 1277 1733 languidam,
1309 1673 1366 1720 et
1396 1665 1669 1721 sinistram
1708 1682 1919 1731 sanam,
1947 1665 2072 1736 quia

474 1750 730 1808 mrcide
753 1752 1001 1824 torpebat
1027 1756 1097 1810 ab
1123 1755 1587 1828 eleemosyuarum
1640 1772 1822 1827 opere,
1865 1767 1919 1812 et
1962 1772 2073 1812 suae

474 1847 700 1897 tantum
726 1842 932 1898 intenta
952 1853 1080 1899 emt
1101 1847 1321 1901 studere
1345 1847 1584 1901 utilitati.
1615 1846 1724 1902 Sed
1755 1847 2073 1902 adveniente

2170 664 2251 710 tes
2278 671 2406 727 ergo
2432 672 2526 711 eos
2551 657 2700 722 dicit,
2729 670 2834 710 non
2876 658 3153 721 adeuntes,
3200 659 3284 713 vel
3315 660 3767 731 appropinquan-

2169 756 2250 805 tes
2282 791 2296 814 ,
2352 751 2474 819 quia
2534 764 2719 804 eorum
2772 764 2925 804 tuens
2966 765 3129 819 prava
3178 768 3392 823 semper
3439 768 3474 807 a
3534 754 3768 809 Domino

2169 850 2357 895 arersa
2384 840 2503 904 fuit,
2535 856 2635 895 nec
2659 841 3002 911 pertinebant
3026 842 3092 895 ad
3117 858 3303 897 eorum
3333 852 3547 899 sortem
3574 846 3767 915 quibus

2170 929 2450 1000 Scriptura
2491 932 2620 986 dicit
2651 950 2663 985 :
2698 933 2939 987 Accedite
2978 933 3047 986 ad
3090 950 3227 999 eum,
3277 946 3327 988 et
3354 935 3762 1001 illuminamitu',

2169 1031 2224 1077 et
2268 1023 2478 1091 reiiqua
2535 1021 2707 1095 (Psal.
2736 1022 2953 1095 χχχιιι).
3001 1023 3273 1080 Exeuntes
3327 1025 3604 1079 videlicet
3655 1042 3760 1082 cum

2170 1114 2428 1183 magistro
2457 1130 2553 1169 suo
2580 1114 2792 1171 diabolo
2821 1155 2836 1181 ,
2888 1117 2955 1171 de
2989 1130 3096 1186 quo
3127 1117 3392 1187 scriptum
3422 1127 3520 1172 est
3546 1135 3561 1171 :
3599 1116 3759 1174 Exim

2168 1200 2333 1257 δαίσῃ
2360 1220 2393 1258 a
2415 1204 2550 1274 facie
2577 1204 2791 1260 Domini
2824 1204 2967 1279 (Iob.
3012 1222 3049 1272 ι,
3085 1206 3168 1279 ιι),
3199 1208 3502 1263 consilium
3527 1208 3760 1267 fecerunt

2170 1295 2437 1363 quomodo
2463 1295 2629 1350 vitam
2654 1297 2965 1366 perderent,
2997 1312 3101 1352 non
3133 1300 3409 1369 quomodo
3455 1301 3567 1372 ipsi
3611 1301 3758 1354 titan

2168 1384 2493 1441 invenirent.
2524 1385 2675 1454 Quod
2725 1397 2905 1442 autem
2952 1388 3180 1445 Domino
3232 1390 3409 1458 iniqui
3476 1390 3759 1445 moliuntur

2172 1476 2396 1532 insidias
2440 1476 2578 1531 livor
2614 1479 2668 1533 in
2713 1494 2873 1534 causa
2917 1487 3001 1535 est
3030 1498 3043 1533 :
3076 1481 3204 1551 quid
3246 1482 3397 1536 enim
3456 1481 3671 1536 fecerat
3714 1493 3760 1535 ut

2172 1566 2472 1623 Pharisaeos
2499 1568 2565 1623 ad
2590 1569 3020 1626 interfectionem
3061 1573 3144 1628 sui
3173 1583 3519 1644 provocaret
3543 1615 3557 1637 ,
3588 1589 3757 1643 nempe

2173 1660 2315 1727 quod
2370 1661 2533 1716 homo
2581 1663 2897 1718 extenderat
2946 1679 3165 1719 manum
3203 1681 3385 1721 suam.
3440 1665 3589 1733 Quis
3634 1668 3755 1720 enim

2173 1748 2565 1807 Pharisaeorum
2595 1753 2650 1808 in
2675 1755 2763 1810 die
2789 1755 2997 1811 sabbati
3024 1773 3132 1812 non
3158 1760 3496 1814 extenderat
3529 1775 3751 1822 manum,

2173 1850 2395 1911 portans
2443 1843 2630 1910 cibos,
2672 1844 2895 1901 calicem
2950 1850 3232 1920 porrigens
3288 1859 3346 1904 et
3403 1860 3618 1906 caetera
3662 1868 3757 1920 qua

476 1930 717 1990 Desino
763 1933 893 1991 Jesu
932 1935 1194 2005 Christo,
1241 1939 1465 1994 dextera
1516 1940 1592 1994 an
1635 1947 1861 1995 sanatur
1901 1948 1960 1994 ut
2000 1940 2073 1995 si-
2100 1942 2149 2003 Β
2176 1932 2340 1987 νίαυὶ
2387 1934 2694 1988 necessaria
2731 1944 2857 1990 sunt
2888 1954 2901 1989 =
2932 1938 2980 1993 si
3010 1954 3139 2009 ergo
3187 1956 3414 1995 manum
3456 1942 3753 2007 extendens.

476 2025 662 2085 sistra
692 2043 707 2079 ε
737 2026 863 2097 quia
890 2028 1035 2098 quod
1063 2037 1190 2085 ante
1222 2037 1649 2103 congregaverat
1674 2031 1835 2086 avide
1859 2071 1874 2096 ,
1926 2045 2069 2085 nonne

480 2125 820 2187 mceptum
845 2126 937 2174 est
956 2119 1013 2175 ei
1040 2126 1104 2175 ut
1148 2121 1354 2176 tribuat
1381 2121 1558 2193 large;
1591 2130 1649 2176 et
1677 2122 1737 2175 tit
1765 2121 1898 2177 illud
1929 2122 2074 2192 quod

475 2212 746 2283 scriptum
770 2221 877 2280 est,
898 2220 966 2269 ut
1009 2216 1099 2286 qui
1138 2224 1364 2271 utuntur
1413 2216 1510 2270 hoc
1552 2216 1770 2282 mundo,
1822 2226 2074 2287 tanquam

476 2316 593 2358 non
617 2312 817 2363 utentes
839 2305 943 2361 sint
973 2304 1027 2378 (Ι
1044 2304 1172 2361 Cor.
1201 2307 1346 2378 vn);
1375 2314 1431 2361 et
1458 2325 1471 2360 :
1504 2306 1613 2373 Qui
1642 2307 1869 2362 multum
1890 2308 2073 2362 habuit

476 2410 594 2450 non
669 2397 1001 2464 abundabit,
1066 2406 1118 2452 et
1168 2399 1260 2469 qui
1306 2398 1573 2453 modicum
1642 2415 1750 2454 non
1790 2398 2073 2453 minorabit

478 2484 575 2558 (:11
597 2484 722 2542 Cor.
746 2488 890 2560 ηιιι).

556 2576 834 2651 (Ηὶοωη.)
882 2577 1193 2635 Notandum
1239 2592 1456 2651 quoque
1493 2579 1638 2650 quod
1679 2579 1735 2634 in
1780 2579 2075 2651 Evangelio

480 2670 786 2725 secundum
816 2670 1105 2739 Hebraeos,
1134 2688 1243 2744 quo
1260 2680 1497 2729 utuntur
1534 2670 1815 2727 Nazareni
1838 2680 1895 2727 et
1916 2672 2075 2727 Ebie-

481 2760 616 2817 πίω
641 2802 656 2828 ,
685 2769 744 2818 et
766 2764 917 2832 quod
948 2774 1179 2821 meatur
1217 2780 1248 2819 a
1288 2765 1562 2836 plerisque
1586 2764 1825 2820 Mattbrei
1847 2766 2076 2820 authen-

488 2852 699 2917 ticum,
737 2853 902 2909 homo
926 2854 1038 2910 iste
1061 2895 1076 2922 ,
1114 2855 1217 2925 qui
1252 2855 1462 2910 aridam
1514 2854 1676 2910 habet
1710 2869 1949 2919 manum,
1970 2868 2077 2909 cat-

476 2945 788 3001 mentarius
826 2944 1086 3001 scribitur
1109 2986 1124 3013 ,
1181 2945 1485 3002 istiusmodi
1538 2945 1762 3001 vocibus
1812 2945 2076 3000 auxilium

478 3042 716 3105 precaris
750 3054 764 3090 :
792 3034 1182 3093 Camentarius
1198 3052 1382 3105 eram,
1419 3037 1667 3092 manibus
1690 3038 1892 3093 victum
1924 3052 2073 3107 qua-

478 3124 690 3193 !itans;
722 3140 920 3198 precor
942 3137 1021 3194 te,
1050 3127 1202 3195 Iesu,
1232 3135 1295 3184 ut
1322 3128 1453 3185 mihi
1474 3129 1729 3184 restituas
1758 3130 2071 3195 sanitatem,

475 3222 555 3280 ne
578 3224 813 3295 turpiter
852 3225 1154 3281 mendicem
1188 3225 1361 3282 cibos.
1410 3224 1653 3294 Denique
1681 3239 1854 3296 usque
1881 3224 1950 3281 ad
1978 3224 2075 3279 ad-

2168 2030 2229 2076 et
2268 2021 2520 2077 alimenta
2548 2022 2834 2079 sublevare
2859 2025 2943 2081 vel
2969 2035 3179 2096 potum,
3206 2029 3263 2083 in
3287 2030 3537 2085 sabbato
3566 2047 3669 2085 non
3695 2046 3757 2086 est

2172 2115 2440 2182 criminis,
2470 2131 2568 2170 cur
2594 2117 2696 2172 hoc
2724 2117 2852 2172 mali
2875 2128 3106 2189 arguant
3132 2121 3277 2190 quod
3299 2122 3409 2192 ipsi
3461 2121 3652 2178 facere
3688 2140 3757 2179 co-

2173 2214 2407 2277 guntur;
2446 2207 2751 2276 praesertim
2780 2224 2901 2264 cum
2944 2210 3049 2265 iste
3077 2213 3475 2268 caementarius
3513 2215 3650 2268 nihil
3678 2215 3755 2269 tale

2173 2298 2474 2366 [mrtaverit
2500 2339 2514 2363 ,
2545 2300 2640 2355 sed
2663 2301 2731 2354 ad
2757 2310 3083 2371 praeceptum
3112 2303 3327 2358 Domini
3352 2305 3580 2360 salvam
3608 2316 3757 2362 extm-

2164 2388 2316 2442 ‘derit
2354 2403 2594 2443 manum.
2646 2388 2834 2461 Neque
2879 2392 3024 2446 enim
3074 2393 3183 2459 ille,
3231 2396 3324 2466 qui
3371 2397 3546 2461 dixit,
3578 2400 3757 2467 ettanta

2177 2490 2301 2533 sunt
2342 2478 2514 2552 (Psat.
2584 2484 2760 2555 xxxn)
2807 2487 2989 2540 omnia
3021 2527 3036 2555 ,
3085 2487 3312 2543 sabbato
3367 2489 3641 2548 laborare
3683 2509 3754 2564 po-

2173 2580 2317 2629 terat
2343 2576 2611 2634 convinci.

2244 2667 2404 2723 .lesus
2444 2679 2619 2724 autem
2646 2687 2815 2728 setens
2840 2714 2856 2738 ,
2907 2676 3118 2730 secessit
3143 2676 3285 2731 inde.
3318 2675 3532 2734 Sciens
3568 2680 3757 2737 insidias

2172 2772 2383 2823 eorum,
2418 2761 2561 2829 quod
2590 2761 2787 2818 vellent
2829 2765 3055 2834 perdere
3086 2764 3441 2823 Salvatorem
3470 2785 3671 2836 suum,
3694 2788 3754 2828 tc-

2174 2851 2341 2906 cessit
2364 2852 2509 2919 inde,
2535 2860 2594 2907 ut
2620 2852 2908 2911 Pharisasis
2930 2858 3282 2913 occasionem
3326 2859 3646 2930 impietatis
3683 2879 3756 2917 ae-

2174 2942 2363 3000 ferret.
2397 2945 2610 3019 (Beda.)
2640 2945 2887 3003 Secessit
2930 2949 3085 3019 quasi
3139 2951 3305 3004 homo
3343 2949 3581 3023 fugiens
3608 2967 3759 3023 perse-

2175 3037 2456 3106 quentium
2490 3037 2732 3103 insidias,
2775 3038 2902 3108 quia
2953 3055 3128 3109 neque
3179 3041 3359 3096 adhuc
3390 3053 3631 3097 venerat
3654 3045 3757 3100 bon

2172 3129 2448 3198 passionis
2475 3130 2593 3201 ejus
2621 3171 2635 3196 ,
2681 3146 2861 3202 neque
2905 3141 3057 3187 extra
3098 3132 3453 3189 Hierusalem
3492 3136 3601 3190 fuit
3636 3137 3758 3191 locus

2174 3220 2464 3292 passionis.
2504 3220 2749 3288 Secessit,
2792 3221 3006 3294 fugiens
3032 3237 3151 3278 sese
3176 3224 3304 3279 odio
3336 3238 3755 3297 persequentes.

482 3323 710 3372 ventum
738 3314 1039 3375 salvatoris
1050 3333 1272 3383 manus,
1303 3318 1388 3374 cui
1413 3317 1673 3389 spiritalis
1701 3318 1913 3374 aediﬁcii
1938 3333 2071 3373 eum
2098 3314 2143 3377 C
2172 3311 2270 3366 sed
2298 3326 2363 3366 eo
2391 3312 2621 3367 accessit
2650 3313 2741 3367 ubi
2770 3313 2949 3383 plures
2976 3314 3183 3369 invenit
3226 3330 3353 3372 sese
3386 3332 3497 3387 per
3540 3334 3756 3375 amorem

476 3404 733 3477 «detegam
752 3404 959 3472 fuerat,
989 3408 1139 3463 arida
1169 3408 1223 3462 in
1255 3406 1539 3480 Synagoga
1562 3405 1873 3463 Iudaeorum
1915 3406 2021 3480 iuit
2049 3447 2065 3475 ,

475 3504 543 3553 et
566 3496 672 3554 Dei
700 3512 866 3569 opera
893 3514 1001 3556 non
1018 3499 1226 3555 ﬁebant
1266 3499 1324 3554 in
1348 3515 1419 3555 ea
1453 3514 1469 3554 :
1496 3507 1784 3571 postquam
1806 3500 1952 3555 enim
1980 3499 2070 3555 iile

479 3587 636 3643 venit
664 3588 719 3644 in
745 3596 946 3658 terras,
984 3590 1200 3647 reddita
1226 3599 1313 3647 est
1342 3591 1397 3645 in
1442 3591 1699 3661 apostolis
1729 3591 2071 3648 credentibus

479 3676 714 3740 dextera
740 3691 796 3740 et
820 3684 972 3756 operi
995 3686 1226 3757 pristino
1253 3686 1527 3743 restituta.

562 3773 746 3849 (Αυθ.)
800 3774 909 3832 Sed
946 3784 1125 3848 potest
1164 3791 1386 3833 movere
1443 3776 1713 3847 quomodo
1781 3774 2071 3831 Mattiacas

476 3864 685 3923 dixerit
708 3867 852 3939 quod
894 3866 1001 3940 ipsi
1025 3868 1477 3940 interrogaverint
1504 3868 1814 3932 Dominum,
1855 3864 1918 3923 Si
1950 3864 2070 3920 licet

487 3959 704 4016 sabbato
731 3977 918 4017 curare
944 3961 971 4015 9
1013 3960 1257 4018 volentes
1297 3961 1541 4017 invenire
1583 3957 1870 4016 accusandi
1915 3973 2073 4014 occa-

484 4052 729 4120 sionem;
754 4054 876 4124 ipse
900 4069 1034 4110 vero
1056 4054 1170 4111 illis
1202 4055 1268 4111 de
1296 4070 1397 4110 ove
1429 4052 1776 4125 pmpesuetit
1810 4051 2069 4106 similitu-

476 4142 690 4209 dinem,
715 4142 903 4200 dicens
932 4161 946 4198 :
970 4141 1109 4210 Quis
1142 4145 1239 4198 erit
1266 4161 1333 4199 ea:
1361 4145 1502 4199 vobis
1547 4144 1701 4198 homo
1754 4142 1845 4213 qui
1881 4142 2072 4196 habent

487 4248 632 4288 ovem
662 4249 828 4288 unam
850 4273 866 4301 ,
905 4242 956 4289 et
1000 4235 1048 4289 si
1082 4234 1320 4290 ceciderit
1349 4236 1460 4291 lucc
1483 4234 1715 4290 sabbatis
1742 4234 1799 4288 in
1826 4233 2029 4304 foveant
2054 4276 2071 4302 ,

484 4342 661 4383 nonne
674 4327 872 4384 tenebit
890 4339 940 4384 et
958 4329 1156 4385 ‘ievabit
1176 4347 1290 4386 eam
1313 4332 1339 4385 ?
1364 4330 1575 4398 Quanto
1603 4329 1790 4386 melior
1817 4338 1892 4385 est
1916 4330 2070 4383 homo

484 4434 600 4476 ore.
633 4420 823 4493 Itaque
845 4420 968 4478 iicet
995 4423 1227 4479 sabbatis
1263 4424 1584 4496 benefacere,
1616 4440 1739 4481 cum
1767 4423 1981 4480 Marcus
2018 4431 2073 4480 et

476 4511 662 4570 Lucas
684 4512 812 4571 illos
834 4514 1006 4572 toties
1035 4532 1065 4571 a
1095 4516 1322 4573 Domino
1349 4517 1709 4589 interrogatos
1741 4531 1862 4572 esse
1883 4514 2071 4586 perhi-

478 4607 650 4664 'b‘eant
676 4648 691 4675 ,
722 4604 866 4664 Licet
895 4609 1111 4664 sabbato
1134 4609 1437 4680 benefacere
1462 4650 1477 4676 ,
1510 4626 1578 4662 an
1621 4608 1756 4663 male
1778 4609 1803 4661 ?
1840 4608 2073 4661 animam

2171 3414 2478 3476 sequentes.
2513 3405 2648 3461 Nam
2673 3408 2922 3463 subditur
2963 3428 2975 3463 :

2242 3498 2312 3553 Et
2325 3499 2487 3554 secuti
2501 3510 2621 3554 sunt
2641 3517 2759 3555 eum
2780 3501 2950 3567 multi,
2980 3513 3029 3556 et
3056 3504 3254 3558 curavit
3282 3520 3372 3559 eos
3407 3522 3618 3561 omnes.
3644 3506 3755 3561 Em

2166 3589 2449 3657 Pharisazi,
2485 3592 2733 3664 magistri
2762 3593 3011 3649 videlicet
3049 3594 3241 3664 plebis,
3278 3598 3559 3653 unanimo
3604 3599 3756 3653 Domi—

2164 3698 2300 3738 num
2331 3684 2556 3739 consilio
2587 3686 2817 3755 perdere
2855 3694 3131 3756 quaerunt;
3168 3696 3225 3741 at
3265 3688 3433 3742 turba
3469 3690 3683 3744 indocta
3713 3699 3753 3742 et

2162 3776 2363 3846 uulgus
2384 3778 2740 3848 undecunque
2765 3777 3050 3832 collectum
3080 3779 3335 3833 unanima
3370 3796 3509 3834 cum
3539 3782 3756 3837 dilectio-

2158 3879 2241 3920 ne
2272 3874 2587 3937 sequuntur.
2626 3864 2707 3920 llli
2750 3867 2997 3922 videntes
3034 3882 3196 3939 opera
3234 3869 3513 3923 virtutum
3541 3870 3684 3940 ejus,
3715 3882 3757 3926 et

2164 3957 2337 4010 -verba
2388 3955 2647 4009 doctrina:
2696 3956 2978 4012 audientes
3012 3998 3026 4023 ,
3087 3957 3221 4012 nihii
3269 3958 3520 4029 amplius
3574 3960 3759 4015 discere

2168 4059 2335 4117 quam
2364 4054 2425 4101 ut
2451 4061 2575 4101 eum
2602 4055 3059 4118 persequerentur
3070 4048 3324 4104 valebant
3350 4068 3363 4102 :
3391 4051 3513 4117 isti,
3531 4053 3760 4123 opinione

2164 4146 2384 4193 tantum
2429 4139 2574 4194 ducti
2606 4139 2868 4194 virtutum
2906 4139 3053 4209 ejus,
3095 4150 3358 4212 congesto
3394 4144 3624 4213 agmine
3656 4160 3759 4214 per—

2160 4231 2432 4298 mai-mo,
2457 4232 2681 4287 veniunt
2702 4233 2773 4286 ad
2801 4232 3127 4290 audiendum
3142 4248 3266 4287 eum
3286 4247 3571 4305 opemque
3588 4236 3759 4289 salutis

2164 4319 2539 4391 ﬂagitandam.
2572 4322 2727 4378 Unde
2766 4339 2894 4379 mox
2935 4338 3048 4379 suae
3076 4324 3374 4380 voluntatis
3404 4342 3475 4380 ac
3520 4326 3757 4382 desiderii

2162 4416 2433 4484 consequi
2458 4422 2741 4470 merentur
2761 4415 3013 4471 eﬂ‘ectum
3039 4458 3054 4483 ,
3081 4416 3330 4486 plurimis
3354 4432 3386 4471 a
3418 4418 3665 4473 Domino
3693 4436 3759 4475 sa-

2164 4506 2336 4571 natis,
2356 4515 2423 4560 [ut
2446 4506 2506 4560 in
2532 4509 2884 4577 sequentibus
2915 4508 3131 4579 legitur,
3162 4508 3252 4563 ubi
3281 4510 3608 4581 exemplum
3635 4510 3761 4566 dedit

2174 4596 2318 4663 suis,
2365 4597 2411 4652 si
2456 4598 2511 4652 in
2557 4613 2661 4654 una
2687 4600 2906 4654 civitate
2932 4602 3366 4670 persecutionem
3400 4615 3757 4673 paterentur.

484 4673 685 4755 solvant
721 4699 920 4771 facere,
947 4716 1016 4755 an
1040 4673 1561 4774 perdere-(Marum,
1586 4697 1716 4753 Luc.
1743 4697 1819 4769 vr)
1838 4698 1862 4751 ?
1882 4696 2070 4766 itaque
2094 4673 2149 4734 Ῑ)
2168 4686 2230 4742 in
2258 4689 2482 4745 alteram
2511 4690 2771 4761 fugiendi.
2814 4685 3056 4763 Denique
3088 4693 3286 4750 Paulus
3314 4736 3328 4761 ,
3363 4697 3623 4767 exemplo
3672 4699 3758 4751 Do—

474 4791 893 4865 'intelligendum
926 4801 1008 4849 es:
1037 4793 1179 4863 quod
1203 4793 1278 4848 illi
1306 4793 1457 4864 prius
1498 4789 1947 4862 interrogaverint
1970 4786 2070 4841 Do-
2172 4780 2305 4835 mini
2341 4782 2499 4836 simul
2532 4790 2592 4836 et
2630 4792 2901 4854 praecepto
2937 4785 3159 4840 edoctus
3185 4826 3199 4851 ,
3222 4785 3362 4858 fugit
3401 4801 3433 4841 e
3484 4788 3754 4843 Damasci.

484 4885 716 4953 minum,
744 4886 790 4940 si
816 4884 935 4941 licet
962 4886 1175 4941 sabbato
1204 4886 1431 4941 curare?
1458 4886 1663 4941 Deinde
1689 4884 1832 4954 quod
1868 4881 2066 4937 intelii-
2168 4879 2262 4933 ubi
2308 4879 2517 4935 insidiis
2554 4880 2909 4951 appetebatur
2960 4897 3286 4953 pravorum;
3351 4882 3450 4940 sed
3522 4886 3653 4940 inde
3691 4885 3754 4937 (ﬁ-

478 4996 620 5053 gens
640 4979 996 5052 cogitationes
1025 4995 1209 5035 eorum
1230 5021 1245 5046 ,
1285 4980 1489 5035 aditum
1519 4979 1807 5035 accusandi
1830 4992 2069 5048 quaeren-
2164 4985 2389 5042 gressus
2408 5013 2422 5038 ,
2473 4972 2785 5030 innumeros
2819 4975 2946 5029 alibi
2975 4976 3067 5045 qui
3095 4990 3153 5032 se
3182 4975 3248 5031 ad
3271 4976 3542 5047 pietatem
3584 4990 3756 5046 seque-

478 5072 622 5128 tium
649 5112 666 5138 ,
695 5071 1040 5129 constituerit
1080 5072 1134 5126 in
1175 5071 1356 5128 medio
1382 5071 1529 5126 illum
1552 5086 1713 5141 quem
1750 5068 1924 5125 fuerat
1974 5083 2066 5122 sa-
2164 5073 2361 5118 rentur
2388 5065 2591 5121 invenit
2609 5069 2835 5139 populos
2859 5068 2945 5139 (II
2971 5069 3093 5124 Cor.
3126 5070 3226 5142 ιι).

486 5171 713 5220 naturus
737 5203 753 5231 ,
793 5170 849 5220 et
890 5163 1307 5234 interrogaverit
1351 5164 1494 5233 quod
1546 5161 1760 5218 Marcus
1806 5169 1860 5216 et
1894 5160 2068 5215 Lucas

488 5269 611 5312 eum
658 5258 1021 5329 interrogasse
1072 5264 1515 5313 commemorant.
1567 5256 1637 5312 At
1673 5264 1801 5311 tunc
1844 5253 1951 5310 illis
1984 5261 2068 5308 ta-

489 5347 737 5404 centibus
758 5348 1106 5421 proposuisse
1131 5348 1536 5405 similitudinem
1567 5350 1633 5403 de
1665 5362 1765 5403 ove
1790 5388 1808 5416 ,
1838 5352 1894 5402 et
1936 5360 2069 5401 con-

488 5434 712 5493 clusisse
739 5439 882 5509 quod
922 5437 1083 5496 liceat
1127 5439 1353 5494 sabbato
1383 5438 1720 5495 benefacere.

559 5527 840 5587 Postremo
863 5531 1271 5602 circumspectis
1297 5531 1375 5587 eis
1405 5548 1521 5585 cum
1552 5532 1633 5584 ira
1650 5572 1664 5597 ,
1689 5534 1829 5585 sicut
1857 5529 2071 5584 Marcus

489 5619 644 5688 dicit,
674 5622 1047 5681 contristatum
1090 5638 1254 5693 super
1290 5624 1592 5679 caecitatem
1646 5623 1825 5678 cordis
1883 5638 2070 5676 eorum

489 5710 692 5770 dixisse
734 5712 985 5780 homini,
1039 5712 1279 5769 Extende
1330 5730 1544 5768 manum
1591 5724 1754 5768 tuam.
1816 5712 2072 5782 Sequitur

478 5801 793 5874 ‘llatthaeus,
820 5804 902 5861 ita
925 5813 1220 5862 contexens
1249 5806 1619 5861 narrationem
1647 5821 1817 5861 suam.

2248 5152 2319 5207 Et
2330 5158 2573 5226 prtecepit
2594 5159 2667 5211 eis
2686 5175 2751 5212 ne
2764 5159 3102 5230 manifestum
3125 5177 3243 5215 eum
3262 5161 3523 5230 facerent.
3542 5162 3752 5233 (lam)

2175 5245 2442 5317 Praecepit
2470 5250 2613 5303 enim
2644 5249 2748 5305 hoc
2777 5266 2883 5306 non
2912 5261 3132 5323 propter
3156 5253 3409 5307 timorem
3436 5254 3639 5309 mortis
3667 5297 3679 5315 .
3704 5268 3755 5306 uc

2168 5339 2316 5395 forte
2344 5341 2591 5409 proditus
2608 5340 2722 5411 jam
2750 5344 3120 5408 occideretur,
3148 5345 3233 5399 cui
3262 5353 3380 5399 erat
3408 5344 3464 5399 in
3495 5356 3753 5416 potestate

2180 5432 2360 5487 anima
2399 5447 2521 5498 sua,
2566 5432 2661 5488 sed
2694 5435 2964 5505 parcendo
3012 5432 3241 5501 Judzeis,
3294 5449 3362 5489 ne
3410 5437 3521 5507 ipsi
3566 5437 3751 5492 invidia

2178 5522 2579 5578 trucidarentur
2608 5524 2947 5580 innocentem
2995 5526 3410 5596 persequendo;
3458 5526 3533 5582 de
3574 5529 3753 5598 quibus

2174 5614 2301 5669 alibi
2332 5615 2528 5670 dicitur
2557 5633 2568 5667 :
2607 5613 2738 5669 Vere
2762 5614 2946 5669 stultos
2967 5616 3211 5684 inter/icit
3230 5616 3542 5682 iracundia,
3575 5628 3629 5671 et
3649 5631 3751 5686 perv

2174 5708 2319 5764 culos
2350 5708 2537 5763 occidit
2563 5708 2760 5763 invidia
2788 5706 2931 5777 (Job.
2962 5708 3038 5779 v).
3072 5708 3180 5763 Nos
3210 5716 3394 5763 autem
3426 5707 3751 5779 tropologicc

2172 5803 2429 5871 instruit,
2472 5809 2531 5856 ut
2569 5819 2689 5859 cum
2716 5802 2918 5873 aliquid
2946 5802 3125 5878 magni
3164 5801 3461 5861 fecerimus
3487 5842 3507 5871 ,
3552 5801 3753 5860 laudem

504 5910 507 5915 ‘
554 5893 825 5958 iam
848 5900 1031 5957 ustas
1060 5892 1327 5955 Pharis“
1354 5893 1629 5953 comitium
1672 5895 1934 5970 faciebant
1972 5895 2072 5981 ade
2162 5893 2475 5958 forinsecus
2504 5907 2614 5958 non
2642 5907 2967 5969 quaeramus.
