3914 6462
127 362 233 425 925

1102 382 1456 443 MENT.
1496 382 1564 441 IN
1600 382 2036 443 MAT’I‘HIEUI.
2076 416 2148 431 -
2176 384 2311 443 LIB.
2346 383 2436 445 Π.

177 496 249 561 lit
275 504 649 578 Werns-
674 501 821 578 quod
842 502 1049 558 dictum
1077 512 1155 558 est
1200 520 1293 575 per
1320 502 1522 558 Isaiam
1568 494 1771 575 pro-'35
1792 502 1929 559 mini
1978 502 2275 559 Salvatoris
2299 518 2517 574 ,mquem
2544 503 2693 559 venit
2714 504 2931 559 mittere
2969 516 3133 573 super
3168 509 3375 560 terram

106 596 317 673 putant
342 634 361 666 ,
395 599 652 655 dicentem
699 610 723 651 ι
766 597 904 651 Ecce
928 610 1060 668 puer
1087 613 1231 651 meus
1253 612 1406 668 quem
1429 596 1580 668 elegi,
1609 596 1695 651 di-

110 691 273 747 lectus
306 706 489 761 meus,
544 692 603 746 in
652 708 763 765 quo
813 688 1289 760 bene‘cemplacuit
1332 689 1523 744 animae
1568 706 1699 745 mete

110 778 267 855 (lui.
299 780 458 855 xm).
497 780 653 851 Quod
702 780 857 837 enim
907 780 1168 850 propheta
1198 779 1266 834 de
1313 778 1404 835 illo
1455 778 1699 834 futurum

110 871 382 944 puduit,
410 886 633 931 necesse
654 882 774 929 erat
811 871 870 929 in
890 872 1018 943 ipso
1048 871 1279 943 impleri,
1300 881 1365 927 nt
1390 871 1700 929 innocentia

108 971 169 1019 et
184 966 545 1024 mansuetudo
563 968 681 1040 ejus
706 980 899 1022 verum
919 967 1297 1037 comprobaret
1314 966 1700 1037 prophetarum

108 1055 408 1114 oraculum.
436 1057 580 1115 Puer
604 1073 735 1130 ergo
763 1056 979 1113 Domini
1005 1065 1088 1113 est
1121 1056 1295 1120 Jesus,
1324 1058 1449 1127 quia
1475 1056 1701 1126 formam

108 1149 246 1203 serti
267 1150 551 1221 aecepit,et
573 1151 755 1206 habitu
780 1160 855 1205 est
876 1149 1123 1205 inventus
1140 1158 1199 1203 ut
1220 1150 1374 1204 homo
1397 1146 1563 1221 (Phil.
1581 1147 1697 1220 tu);

106 1242 209 1299 sed
230 1249 422 1301 tamen
447 1243 653 1299 electus
681 1262 695 1299 :
722 1244 851 1315 quia
884 1236 1026 1314 ipse,
1052 1242 1196 1299 sicut
1220 1240 1500 1313 Scriptura
1526 1240 1661 1296 dicit
1682 1281 1699 1308 ,

104 1332 305 1389 electos
328 1340 409 1390 est
430 1350 499 1390 ea:
512 1334 754 1391 millibus
774 1334 957 1409 (Cant.
980 1332 1035 1406 ν)
1052 1377 1067 1402 ,
1092 1349 1255 1390 verus
1270 1333 1481 1390 scilicet
1509 1331 1700 1397 David,

112 1423 192 1481 vir
223 1426 512 1482 secundum
552 1444 644 1482 cor
686 1426 899 1481 Domini
927 1427 1188 1493 inventus,
1241 1425 1331 1498 qui
1375 1425 1496 1497 fecit
1526 1441 1703 1480 omnes

110 1516 404 1574 voluntates
433 1518 550 1587 ejus
570 1516 744 1589 (Psal.
777 1517 1065 1591 Lxxxvm).
1097 1516 1315 1573 Electus
1343 1525 1427 1572 est
1459 1515 1604 1571 enim
1648 1516 1703 1569 in

112 1620 251 1676 opus
269 1605 412 1677 quod
443 1620 603 1661 nemo
630 1607 767 1662 alius
796 1607 923 1663 fecit
947 1649 963 1673 ,
996 1618 1061 1663 ut
1096 1608 1387 1663 redimeret
1413 1621 1581 1678 genus
1606 1605 1706 1660 hu—

111 1713 336 1755 manum
364 1707 421 1755 et
467 1700 785 1771 paciﬁcaret
832 1703 1098 1757 mundum
1135 1716 1255 1757 cum
1292 1699 1406 1755 Deo
1440 1718 1453 1753 :
1488 1696 1705 1769 quando

112 1790 258 1846 enim
279 1790 394 1861 ipse
410 1791 650 1864 eligitur,
677 1793 841 1849 homo
867 1801 979 1860 est;
1008 1794 1224 1864 quando
1246 1791 1415 1863 eligit,
1438 1791 1579 1847 Deus
1599 1799 1701 1847 est.

1801 594 1953 666 (an.
1982 596 2106 663 tm).
2140 596 2267 652 Sive
2289 596 2487 653 aliter:
2525 597 2617 667 qui
2666 596 2941 667 peccaturi
2994 610 3102 653 non
3149 596 3382 667 porrigit

1800 700 2042 755 manum,
2084 703 2185 745 nec
2211 699 2395 760 portat
2413 704 2552 745 onus
2579 688 2765 744 fratris
2792 689 2900 754 sui,
2935 688 3378 759 isteuquassatum

1801 778 2068 836 calamum
2096 780 2425 852 confringit:
2452 790 2507 837 et
2531 782 2623 852 qui
2653 780 2920 837 modicam
2940 779 3231 837 scintillant
3253 794 3383 836 etm-

1798 871 1997 925 temnit
2027 870 2080 926 in
2111 870 2373 942 parvulis,
2398 872 2489 927 hic
2520 871 2693 926 linum
2740 872 3038 942 exstinguit
3064 869 3339 940 funtigans
3362 908 3380 938 ,

1796 962 1945 1032 quod
1973 961 2220 1020 Christus
2245 973 2538 1033 utrumque
2563 979 2673 1020 non
2700 961 2861 1029 fecit;
2892 964 2962 1017 ad
2992 963 3100 1017 hoc
3123 962 3271 1017 enim
3298 974 3385 1017 ve-

1800 1065 1959 1111 nerat
2010 1065 2070 1112 ut
2112 1059 2327 1114 salvum
2375 1059 2580 1116 faceret
2612 1060 2761 1129 quod
2808 1060 3100 1130 perierat,
3130 1067 3193 1114 et
3224 1072 3386 1115 ouem

1802 1161 2085 1206 en'oneam
2110 1150 2181 1205 ad
2208 1164 2427 1223 gregem
2456 1151 2509 1205 in
2539 1152 2653 1207 suis
2680 1151 2854 1207 sacris
2902 1151 3151 1207 humeris
3200 1164 3389 1222 repor-

1800 1249 1943 1296 taret
1977 1240 2129 1312 (Luc.
2150 1242 2288 1316 nx).
2334 1244 2487 1300 Unde
2510 1252 2567 1299 et
2592 1245 2842 1316 seqqu
2872 1261 2886 1298 :

1874 1334 2052 1389 Donec
2084 1335 2261 1405 ejiciat
2307 1336 2376 1390 ad
2413 1338 2684 1392 victoriam
2722 1336 3011 1408 judicium.
3068 1335 3176 1392 Iste
3206 1341 3389 1390 autem

1806 1425 1900 1496 qui
1948 1428 2271 1482 arundinem
2301 1437 2615 1498 quassatam
2643 1441 2754 1483 non
2776 1427 3040 1483 contrivit
3061 1467 3078 1494 ,
3117 1436 3174 1483 et
3220 1424 3392 1480 linum

1806 1517 2076 1592 fumigans
2114 1535 2221 1576 non
2269 1520 2568 1586 exstinxit,
2597 1520 2861 1591 judicium
2886 1532 3102 1591 quoque
3138 1516 3396 1590 perduxit

1806 1610 1875 1665 ad
1909 1610 2217 1666 victoriam.
2250 1609 2419 1682 Cujus
2456 1611 2661 1678 judicia
2705 1627 2827 1665 vera
2859 1617 2987 1666 sunt
3339 1607 3396 1662 in

1804 1702 2094 1772 semetipsis
2124 1701 2301 1773 (Psal.
2331 1703 2485 1772 svnt)
2515 1741 2529 1769 ,
2560 1702 2747 1758 tandiu
2782 1701 2966 1757 lumen
2992 1698 3399 1771 traiectionis

1809 1790 1928 1860 ejus
1961 1792 2017 1846 in
2052 1793 2254 1848 mundo
2281 1791 2610 1862 resplendet,
2628 1791 2939 1862 nulliusque
2963 1796 3277 1845 conteretur
3296 1801 3400 1842 nec

110 1880 170 1935 In
196 1881 410 1938 duabus
430 1882 650 1952 quidem
684 1884 901 1939 naturis
926 1900 1033 1938 una
1059 1898 1292 1955 persona
1323 1892 1404 1937 est
1433 1882 1701 1938 Christus.
1724 1897 1784 1958 Β
1811 1885 2160 1954 superabitur
2186 1886 2424 1950 insidiis,
2459 1886 2632 1940 donec
2654 1891 2824 1955 ponat
2865 1884 2922 1939 in
2948 1892 3101 1939 terra
3131 1879 3399 1953 judicium

110 1971 169 2026 in
214 1972 335 2043 ipso
366 1973 505 2028 bene
540 1973 867 2045 complacuit
902 1975 1006 2030 sibi
1056 1976 1237 2029 anima
1278 1973 1392 2036 Dei,
1426 1974 1551 2043 quia
1590 1973 1705 2044 ipse

113 2062 265 2117 solus
309 2069 396 2119 est
425 2078 595 2135 agnus
624 2065 743 2121 sine
764 2067 977 2138 peccati
1006 2066 1216 2122 macula
1236 2108 1251 2132 ,
1282 2066 1347 2121 de
1375 2080 1481 2136 quo
1509 2073 1563 2121 et
1608 2081 1707 2136 pa-

112 2162 273 2210 terna
296 2171 403 2212 vox
422 2156 556 2213 dicit
584 2173 598 2212 :
629 2156 734 2213 Hic
762 2169 836 2215 est
870 2158 1040 2215 Filius
1068 2177 1214 2215 meus
1251 2158 1494 2217 dilectus.
1520 2159 1575 2214 in
1602 2176 1705 2225 quo

108 2247 245 2301 mihi
276 2247 404 2303 bene
429 2249 738 2321 commacui.

187 2338 399 2394 Ponam
451 2339 708 2411 Spiritum
757 2356 929 2396 manu
966 2359 1126 2414 super
1160 2359 1311 2409 eum,
1352 2351 1404 2397 et
1440 2341 1707 2413 judicium

111 2426 355 2498 gentibus
376 2431 661 2484 nuntiabit.
693 2429 965 2504 (Πίθωνι.)
1003 2432 1083 2487 Ex
1113 2447 1353 2504 persona
1388 2429 1571 2486 Patris
1604 2432 1709 2486 hoc

108 2533 216 2589 per
258 2520 583 2591 prophetam
610 2521 832 2577 dicitur.
868 2522 1103 2591 Spiritus
1129 2524 1329 2595 quippe
1354 2524 1577 2594 ponitur
1598 2537 1708 2578 non

112 2628 284 2686 super
307 2614 404 2671 Dei
429 2616 665 2672 Verbum
697 2625 751 2673 et
770 2630 941 2688 super
971 2616 1341 2688 Unigenitum,
1372 2616 1465 2686 qui
1496 2615 1562 2670 de
1588 2615 1710 2670 sinu

110 2708 301 2767 Patris
327 2712 633 2781 processit,
665 2711 757 2766 sed
788 2724 951 2782 super
978 2726 1101 2767 eum
1137 2710 1204 2765 de
1231 2726 1337 2781 quo
1367 2710 1570 2765 dictum
1605 2716 1708 2773 est,

112 2801 261 2859 Ecce
284 2819 419 2876 puer
440 2820 585 2859 meus
609 2803 744 2876 (Isa.
771 2802 939 2874 xui);
984 2811 1039 2859 et
1062 2803 1195 2858 item
1223 2844 1236 2867 ,
1265 2801 1568 2873 Requiescet
1590 2842 1604 2867 ,
1632 2801 1713 2855 in-

116 2896 263 2967 quit,
306 2912 468 2969 super
504 2913 626 2952 eum
676 2898 891 2968 spiritus
924 2894 1157 2961 Domini,
1198 2895 1414 2965 spiritus
1442 2893 1713 2964 sapientia:

117 2998 167 3046 et
188 2988 510 3058 intellectus,
530 2992 755 3063 spiritus
785 2989 990 3046 consilii
1018 2999 1067 3045 et
1098 2988 1428 3062 fortitudinis
1454 3028 1468 3054 ,
1497 2987 1713 3058 spiritus

1802 1987 1863 2031 et
1890 1976 2183 2047 impleatur
2203 1975 2335 2031 illud
2365 1977 2511 2048 quod
2549 1978 2816 2047 scriptum
2844 1983 2929 2031 est
2959 1993 2973 2029 :
3001 1973 3130 2028 Fiat
3159 1971 3400 2027 voluntas

1806 2078 1922 2136 tua,
1963 2070 2098 2124 sicut
2125 2071 2182 2123 in
2208 2068 2337 2125 cauo
2363 2079 2411 2124 et
2445 2070 2504 2124 in
2536 2079 2678 2124 terra
2718 2067 2935 2141 (Hann.
2962 2066 3063 2139 v1).
3090 2064 3284 2130 Aliter,
3310 2062 3402 2119 hic

1802 2160 2125 2231 patientiam
2188 2168 2247 2216 et
2319 2162 2793 2216 mansuetudinem
2862 2175 3016 2215 suam
3073 2157 3404 2227 Redemptor

1808 2262 1995 2309 noster
2018 2268 2191 2324 usque
2228 2252 2296 2308 ad
2326 2261 2560 2309 mortem
2603 2251 2863 2317 servavit,
2892 2251 3065 2306 donec
3104 2247 3238 2304 illud
3260 2244 3404 2316 judi-

1809 2346 1955 2400 cium
1983 2346 2128 2414 quod
2159 2344 2215 2399 in
2249 2359 2317 2399 eo
2350 2345 2611 2415 agebatur
2630 2343 2705 2398 ad
2740 2342 3028 2398 victoriam
3065 2338 3399 2411 perveniret.

1808 2437 1949 2504 Quia
1974 2445 2262 2506 postquam
2292 2444 2525 2491 mortem
2558 2436 2742 2491 carnis
2769 2448 2906 2501 suae,
2933 2448 3097 2504 quam
3127 2445 3226 2502 pro
3240 2428 3405 2486 nobis

1808 2530 2110 2586 clementer
2154 2529 2415 2600 suscepit,
2445 2537 2698 2599 potenter
2731 2528 3066 2597 resurgendo
3086 2524 3367 2597 superavit
3386 2564 3403 2590 ,

1811 2623 2037 2694 expulso
2075 2623 2319 2695 principe
2368 2622 2529 2693 hujus
2560 2622 2745 2679 mundi
2775 2622 2951 2678 victor
2972 2621 3043 2676 ad
3070 2633 3299 2690 regnum
3327 2632 3409 2673 re-

1814 2715 1913 2771 diit
1934 2756 1949 2780 ,
1993 2715 2175 2785 ibique
2220 2715 2276 2770 in
2304 2714 2487 2770 Patris
2516 2716 2741 2772 dextera
2772 2715 2972 2771 sedens
3014 2712 3286 2784 regnabit,
3313 2710 3410 2766 do-

1812 2824 1916 2865 nec
1954 2818 2121 2880 ponat
2165 2823 2356 2865 omnes
2384 2808 2637 2865 inimicos
2680 2822 2813 2865 suos
2866 2809 2969 2863 sub
3015 2807 3242 2878 pedibus
3288 2804 3409 2875 ejus

1817 2898 1991 2973 (Psal.
2018 2901 2155 2973 eux).
2644 2940 2647 2943 .

1890 2992 1959 3047 Et
1982 2993 2042 3046 in
2063 2991 2272 3046 nomine
2296 2991 2412 3060 eius
2438 3001 2616 3063 gentes
2648 2990 2955 3063 sperabunt.
2982 2989 3180 3045 Merito
3198 3001 3332 3061 ergo
3352 3002 3411 3043 tn

108 3082 355 3137 scientiis
382 3090 434 3137 et
464 3083 676 3153 pietatis
697 3124 710 3147 ,
746 3091 793 3138 et
834 3081 1051 3156 replebit
1103 3099 1223 3137 eum
1257 3082 1470 3153 spiritus
1511 3079 1714 3133 timoris
1814 3086 2040 3140 nomine
2061 3084 2179 3155 ejus
2202 3092 2390 3154 gentes
2419 3084 2749 3155 sperabunt,
2794 3085 2922 3151 quia
2958 3082 3073 3154 ipse
3097 3090 3181 3139 est
3225 3095 3411 3137 semen

367 3171 504 3248 (Ita.
534 3175 668 3248 ιιι).
696 3174 964 3232 Iudicium
990 3191 1120 3249 ergo
1146 3174 1244 3230 Dei
1273 3172 1537 3229 Dominus
1556 3169 1717 3228 Jesus
1822 3176 1888 3232 de
1911 3191 2018 3247 quo
2038 3174 2371 3247 promissum
2398 3182 2483 3230 est
2516 3174 2750 3229 Abrahae
2772 3174 2924 3243 quod
2968 3173 3025 3228 in
3065 3172 3271 3228 semine
3295 3169 3413 3241 ejus

118 3265 375 3339 gentibus
399 3266 668 3322 nuntiavit
699 3309 713 3336 ,
767 3268 895 3339 quia
939 3267 1180 3323 futurum
1214 3264 1481 3336 judicium
1510 3278 1666 3319 suum
1696 3304 1710 3330 ,
1741 3268 1786 3331 C
1818 3267 2213 3323 benedicentur
2249 3280 2440 3321 omnes
2485 3277 2673 3337 gentes
2721 3275 2900 3321 terrae.
2943 3263 3018 3319 De
3057 3277 3165 3333 quo
3196 3271 3254 3318 et
3280 3275 3416 3333 prae-

118 3358 270 3429 quod
294 3356 642 3414 illteminime
663 3359 1028 3426 crediderunt,
1058 3374 1157 3429 per
1181 3356 1532 3428 Evangelinm
1557 3370 1714 3411 suum
1822 3360 2001 3416 dictus
2028 3359 2197 3415 Isaias
2232 3358 2309 3412 ait
2342 3372 2358 3411 :
2404 3356 2580 3411 Radix
2615 3356 2768 3412 Iesse
2791 3396 2806 3422 ,
2833 3356 2923 3427 qui
2964 3362 3207 3425 exsurget
3235 3368 3431 3424 regere

110 3459 176 3506 et
200 3450 600 3521 praedicatores
618 3449 754 3507 Novi
775 3449 1110 3507 Testamenti
1134 3447 1717 3521 patefecit,docuitqne
1819 3459 2016 3522 gentes,
2064 3450 2121 3503 in
2157 3465 2277 3504 eum
2305 3447 2589 3519 sperabunt
2622 3446 2758 3519 (lsa.
2783 3449 2862 3517 χι)
2908 3446 3196 3518 ipsumque
3214 3444 3413 3514 depre-

117 3556 222 3599 eas
242 3542 406 3601 modo
430 3559 592 3615 agere
612 3544 817 3615 judicia
852 3544 1000 3615 justa
1042 3551 1098 3599 et
1128 3543 1369 3598 devitarc
1390 3538 1595 3612 judicia
1634 3540 1718 3594 in-

107 3631 289 3704 iusta.
318 3632 616 3705 sequitur:

199 3721 330 3779 Non
355 3726 629 3781 contendet
653 3768 667 3793 ,
698 3743 863 3799 neque
889 3726 1137 3781 clamabit
1164 3768 1178 3793 ,
1210 3743 1374 3799 neque
1404 3727 1583 3780 audiet
1617 3723 1717 3778 ali-

115 3815 247 3887 quis
274 3815 334 3871 in
358 3815 551 3889 plateis
603 3832 778 3874 vocem
826 3820 940 3890 ejus
991 3818 1229 3892 (ΜΑυιι.)
1286 3818 1403 3874 Non
1442 3818 1721 3874 contendit

112 3922 262 3980 ergo
284 3906 539 3966 Christus
565 3951 579 3978 ,
618 3926 793 3983 neque
819 3912 1073 3968 clamavit
1099 3954 1113 3979 ,
1150 3926 1326 3982 neque
1347 3911 1529 3967 audita
1555 3920 1639 3966 est
1664 3910 1718 3965 in

119 3998 324 4070 plateis
348 4012 450 4055 vox
479 3998 627 4071 ejus,
659 4003 787 4072 quia
816 4017 941 4058 cum
960 4002 1380 4058 malediceretur
1404 4014 1513 4057 non
1544 4016 1721 4057 rema—

121 4092 414 4157 ledicebst,
455 4108 578 4150 cum
602 4103 884 4166 pateretur
924 4110 1035 4151 non
1070 4095 1542 4152 comminabatur.
1588 4092 1720 4147 Tra-

121 4182 286 4237 debat
308 4192 487 4239 autem
527 4201 583 4241 se
618 4184 888 4255 judicanti
914 4185 1144 4256 injuste,
1176 4200 1364 4255 corpus
1395 4200 1550 4238 suum
1578 4183 1719 4238 dedit

114 4274 557 4345 percutientibus,
603 4285 653 4331 et
700 4293 858 4348 genas
901 4293 1026 4332 suas
1064 4275 1411 4342 vellentibus;
1447 4276 1581 4331 sicut
1612 4275 1720 4329 ovis

124 4367 200 4422 ad
251 4369 563 4425 occisionem
602 4369 791 4425 ductus
835 4379 910 4425 est
934 4412 947 4435 ,
985 4378 1034 4425 et
1071 4386 1177 4424 non
1228 4369 1433 4441 aperuit
1474 4386 1530 4423 os
1564 4383 1721 4422 suum

112 4456 271 4530 (ha.
297 4456 373 4531 ι).
408 4458 710 4533 Allegorice
742 4467 921 4515 autem
961 4472 1067 4514 non
1111 4460 1315 4515 audivit
1349 4459 1637 4531 quisquam
1658 4458 1719 4512 in

108 4549 330 4621 ‘plateis
352 4565 546 4609 vocem
599 4550 823 4618 Christi,
864 4553 991 4623 quia
1040 4552 1154 4607 lata
1190 4560 1273 4607 est
1304 4552 1389 4607 via
1421 4567 1540 4622 quae
1574 4551 1722 4627 ducit

1822 3546 2114 3599 canuntur.

1892 3637 1951 3690 In
1985 3636 2207 3691 nomine
2234 3636 2437 3707 quippe
2480 3633 2599 3703 ejus
2646 3646 2839 3688 omnes
2862 3640 3065 3703 gentes
3092 3629 3413 3701 sperabunt,

1820 3730 1968 3801 quia,
1998 3738 2059 3784 ut
2082 3729 2279 3785 Petrus
2318 3730 2414 3796 ait,
2457 3745 2562 3783 non
2611 3738 2685 3783 cst
2727 3726 2876 3781 aliud
2920 3742 3110 3781 nomen
3151 3724 3247 3780 sub
3289 3722 3416 3779 ecula

1821 3821 2002 3875 datum
2043 3821 2361 3887 hominibus,
2408 3837 2502 3891 per
2521 3820 2659 3893 quod
2699 3821 2897 3892 possint
2924 3818 3121 3874 salvari
3147 3817 3282 3891 (Act.
3312 3816 3413 3886 tv).

1820 3910 1933 3968 Sed
1959 3913 2016 3967 in
2042 3913 2250 3967 nomine
2286 3911 2437 3979 Iesu,
2474 3910 2632 3981 juxta
2681 3910 2832 3965 Pauli
2864 3924 3078 3975 vocem,
3106 3926 3256 3964 omne
3282 3924 3419 3981 genu

1821 4004 2061 4074 ﬂectetur
2085 4002 2392 4069 caelestium,
2428 4003 2754 4057 terrestrium
2779 4010 2825 4055 et
2844 3999 3209 4071 infernarum;
3232 4008 3281 4053 et
3306 4014 3420 4053 om-

1819 4097 1903 4151 nis
1937 4096 2117 4168 lingua
2148 4096 2478 4167 conﬁtebitur
2517 4095 2642 4167 quia
2692 4092 2949 4149 Dominus
2982 4091 3138 4148 Iesus
3165 4090 3420 4164 ingloria

1820 4192 1897 4245 est
1927 4190 2025 4245 Dei
2058 4188 2233 4245 Patris
2262 4188 2430 4263 (Phil.
2461 4186 2545 4261 ιι).

1894 4280 2030 4354 [ιιι]
2065 4276 2210 4336 Tunc
2239 4280 2444 4335 oblatus
2470 4290 2545 4336 est
2569 4281 2617 4335 ei
2646 4279 2964 4335 darmon'ium
2991 4277 3209 4346 habens,
3249 4292 3419 4332 cwcus

1821 4383 1869 4429 et
1895 4383 2090 4438 mutus,
2134 4382 2182 4427 et
2222 4374 2426 4427 curavit
2454 4388 2594 4438 eum,
2631 4373 2706 4426 ita
2734 4381 2791 4425 ut
2813 4371 3111 4441 loqueretur
3131 4376 3180 4423 et
3204 4368 3418 4423 videret.

1810 4467 1952 4524 ‘Tria
1994 4483 2124 4539 ergo
2169 4468 2321 4539 signa
2366 4467 2529 4522 simul
2579 4467 2635 4522 in
2683 4482 2790 4521 uno
2838 4466 3057 4521 homine
3108 4470 3421 4535 perpetrata

1824 4568 1991 4614 sunt:
2026 4574 2202 4613 caecus
2244 4558 2415 4625 videt,
2447 4568 2632 4613 mutus
2672 4556 2934 4626 loquitur,
2983 4571 3266 4626 possessus
3306 4556 3419 4612 dre-

126 4642 201 4697 ad
232 4638 592 4714 perditionem
618 4685 632 4711 ,
664 4651 720 4699 et
749 4643 904 4698 multi
949 4644 1040 4713 qui
1067 4643 1445 4715 ingrediuntur
1479 4657 1576 4713 per
1602 4656 1713 4696 eam

1827 4668 1989 4709 mone
2038 4652 2334 4720 liberatur;
2391 4653 2535 4723 quod
2576 4661 2633 4707 et
2681 4661 2806 4707 tunc
2856 4651 3074 4723 quidem
3130 4651 3422 4706 carnaliter

126 4748 246 4790 non
272 4734 500 4791 audiunt
520 4748 710 4792 vocem
729 4734 1046 4803 Salvatoris,
1061 4737 1187 4807 quia
1210 4752 1317 4792 non
1345 4744 1472 4792 sunt
1491 4736 1545 4791 in
1574 4742 1723 4791 arcta

126 4828 245 4895 via,
276 4828 374 4885 sed
400 4827 459 4885 in
484 4830 747 4902 spatiosa.

206 4920 540 4978 Arundinem
577 4934 883 4997 quassatam
912 4941 1016 4980 non
1045 4925 1338 4996 confringet
1365 4933 1413 4979 et
1446 4923 1611 4978 linum
1640 4923 1725 4994 fu-

126 5012 344 5084 migans
368 5029 474 5070 non
500 5017 811 5088 exstinguat.
838 5015 1023 5090 (Aug.)
1063 5018 1391 5072 Arundinem
1423 5027 1726 5089 quassatam

126 5098 354 5161 Iudaeos
395 5105 565 5177 dicit,
602 5117 825 5181 propter
865 5112 1009 5181 quod
1051 5119 1105 5165 et
1151 5125 1290 5165 unus
1332 5110 1559 5180 populus
1610 5117 1728 5165 erat

128 5205 197 5259 'et
226 5200 296 5257 ab
324 5200 553 5259 invicem
608 5204 1005 5277 discrepabunt.
1062 5203 1255 5259 Linum
1306 5204 1571 5276 fumigans
1623 5218 1725 5256 non

138 5292 434 5366 exstingnet
463 5336 481 5364 ,
530 5297 785 5367 populum
817 5296 1065 5353 videlicet
1094 5313 1124 5352 a
1152 5297 1400 5367 gentibus
1432 5310 1728 5367 congrega-

138 5393 301 5454 tum,
352 5386 478 5458 qui,
532 5389 803 5444 exstincto
856 5388 990 5460 legis
1038 5389 1303 5445 naturalis
1337 5390 1563 5455 ardore,
1596 5387 1726 5442 fumi

143 5480 475 5535 amarissimi
519 5487 575 5536 et
614 5482 707 5552 qui
747 5480 942 5537 noxius
977 5483 1147 5539 oculis
1170 5492 1291 5549 est,
1324 5484 1730 5552 tenebrosaque

145 5573 397 5646 caliginis
444 5573 821 5631 iuvolvebatur
851 5577 1157 5643 erroribus;
1189 5593 1351 5647 quem
1396 5592 1502 5631 non
1552 5576 1729 5632 solum

148 5681 259 5721 not.
283 5666 544 5723 exstinxit
586 5677 642 5722 et
678 5667 888 5739 redegit
915 5668 970 5722 in
1005 5668 1277 5736 cinerem,
1303 5670 1396 5725 sed
1438 5685 1469 5723 e
1518 5679 1733 5725 contra-

148 5757 236 5813 rio
263 5757 328 5813 de
349 5773 517 5829 parva
545 5759 777 5816 scintilla
802 5767 857 5814 et
892 5774 1030 5831 pene
1059 5761 1323 5817 moriente
1351 5761 1584 5817 maxima
1617 5778 1735 5817 sus-

1828 4743 2033 4801 factum
2062 4754 2167 4811 est,
2196 4744 2295 4801 sed
2324 4753 2380 4800 et
2406 4744 2646 4815 quotidie
2678 4743 2980 4813 completur
3008 4742 3423 4799 conversatione

1830 4839 2194 4903 credentium,
2243 4846 2323 4906 ut,
2362 4836 2587 4908 expulso
2624 4836 2859 4906 primum
2888 4836 3152 4900 daemone,
3182 4833 3307 4890 lidei
3338 4833 3422 4889 lu-

1829 4948 1957 4987 men
1981 4931 2245 5003 aspiciant
2271 4949 2284 4986 :
2316 4930 2514 4989 deinde
2557 4930 2625 4985 ad
2654 4928 2842 4986 laudes
2868 4926 2969 4986 Dei
3002 4927 3237 4985 tacentia
3269 4924 3422 4999 prius

1830 5039 1926 5079 ora
1949 5023 2218 5079 laxentur.

1904 5116 1973 5171 Et
2000 5116 2271 5188 stupebant
2320 5132 2495 5171 omnes
2536 5126 2725 5183 turnus,
2766 5125 2813 5171 et
2853 5114 3132 5169 dicebant:
3164 5110 3423 5185 Nunquid

1833 5208 1917 5262 hic
1948 5218 2021 5263 est
2048 5208 2191 5277 ﬁlius
2219 5207 2431 5264 David?
2452 5203 2715 5263 Pharisaei
2756 5216 2931 5261 autem
2966 5205 3237 5260 audientes
3270 5203 3421 5258 dixe-

1835 5310 1957 5355 runt
1983 5315 2001 5353 :
2024 5298 2127 5354 Hic
2159 5318 2261 5355 non
2308 5300 2448 5372 ejicit
2481 5300 2742 5355 da'mones
2783 5298 2882 5353 nisi
2908 5297 2961 5353 in
2987 5294 3244 5354 Belzebub
3276 5296 3424 5373 prin-

1836 5392 1946 5462 cipe
1998 5391 2624 5447 dwmoniorum.Turbis
2670 5406 2867 5463 quippe
2899 5405 3019 5460 quae
3067 5389 3246 5445 minus
3296 5405 3424 5445 eru-

1837 5483 1962 5539 dita:
1989 5483 2311 5538 videbantur
2339 5482 2555 5537 Domini
2582 5496 2797 5554 semper
2824 5481 2968 5536 facta
2994 5481 3337 5547 mirantibus,
3369 5487 3426 5537 et

1826 5575 2002 5631 ﬁlium
2030 5577 2200 5631 David
2222 5575 2292 5631 ob
2328 5575 2758 5631 misericordiam
2778 5583 2833 5629 et
2860 5573 3120 5631 beneﬁcia
3142 5588 3263 5644 qua:
3288 5573 3427 5629 indi-

1832 5670 2084 5740 gentibus
2107 5668 2383 5739 prmbebat
2407 5668 2842 5740 praedicantibus,
2858 5665 3125 5722 Pharismi
3146 5673 3201 5721 et
3223 5664 3428 5721 Scriba:

1834 5771 2021 5819 contra
2060 5760 2141 5815 vel
2172 5777 2371 5835 negare
2414 5761 2550 5829 haec,
2592 5760 2676 5817 vel
2716 5775 2838 5833 qua:
2874 5773 3075 5833 negare
3104 5755 3427 5833 nequierant

151 5847 344 5905 citavit
367 5850 636 5918 incendia,
666 5852 741 5907 ita
775 5859 837 5906 ut
875 5857 1019 5908 totus
1058 5851 1209 5910 orbis
1249 5853 1463 5910 arderet
1491 5854 1613 5927 igne
1636 5854 1737 5912 Do-
1807 5857 2055 5914 ‘siniStra
2083 5854 2529 5927 interpretatione
2554 5861 2866 5929 pervertere
2888 5849 3240 5922 laborabant,
3270 5845 3426 5923 quasi
