3914 6440
544 368 644 424 9ΞἿ

1174 365 1237 420 Β.
1277 363 1528 420 RABANI
1565 361 1784 420 MAURJ
1821 357 2142 418 ARCHLEP.
2183 355 2492 415 MOGUNT.
2539 358 2822 416 OPERUM
2859 359 3039 417 PARS
3075 362 3116 418 l.

541 502 648 541 non
694 485 811 540 haec
858 482 1179 548 divinitatis,
1233 481 1326 536 sed
1377 479 1635 534 immundi
1683 478 1904 548 spiritus
1949 489 2113 546 opera
2138 470 2193 533 Α
2218 468 2398 542 (Λαθ.)
2439 471 2552 527 Hoc
2593 472 2781 529 dicens
2823 487 2891 528 ex
2929 473 3166 543 ipsorum
3207 476 3549 532 contessione
3580 481 3790 535 voretur

541 577 803 640 fuissent,
847 574 900 630 id
946 583 1029 629 est
1068 571 1356 635 Belzehub,
1393 572 1483 640 qui
1511 572 1642 625 deus
1677 578 1794 624 erat
1823 568 2112 623 Accaron:

542 685 666 724 nam
693 668 905 737 quidem
938 665 1033 720 Bel
1063 667 1176 736 ipse
1221 674 1303 720 est
1330 663 1480 728 Baal,
1513 663 1695 718 Zebub
1726 671 1904 717 autem
1935 677 2114 714 musca

542 771 794 826 vocatur;
843 775 941 814 nec
973 759 1122 830 juxta
1159 758 1400 829 quaedam
1448 757 1698 812 mendosa
1732 753 2057 823 exemplaria
2095 753 2114 806 ι

542 854 736 918 littera,
780 853 864 908 vel
901 853 935 905 d
966 855 1018 906 in
1051 851 1155 905 fine
1179 860 1261 906 est
1301 850 1533 904 nominis
1578 849 1821 920 legenda,
1851 850 1944 904 sed
1969 849 2015 912 b,
2054 856 2114 903 ut

540 941 806 996 Belzebub
834 959 846 993 :
878 957 1006 1011 ergo
1034 939 1170 994 Baal
1209 955 1504 993 muscarum
1526 981 1540 1003 ,
1586 939 1637 992 id
1666 949 1769 1003 est,
1805 939 1884 992 vir
1910 955 2114 992 musca-

541 1052 678 1098 rum,
724 1034 837 1088 sive
880 1033 1070 1086 habens
1112 1048 1315 1086 muscas
1366 1033 1771 1101 interpretatur,
1813 1031 1882 1086 ob
1928 1029 2113 1086 sordes

538 1126 784 1181 videlicet
825 1107 1148 1179 immolaititii
1194 1125 1422 1184 cruoris,
1473 1140 1536 1179 ex
1577 1125 1730 1194 cujus
1763 1123 2112 1194 spurcissimo

537 1218 646 1270 ritu
675 1217 760 1271 vel
789 1216 1004 1272 nomine
1029 1216 1327 1287 principem
1355 1215 1737 1271 daemoniorum
1767 1215 2113 1287 cognomina-

540 1308 693 1362 bant.

607 1397 760 1452 Iesus
799 1406 990 1462 autem,
1017 1398 1180 1452 sciens
1219 1399 1550 1467 cogitationes
1595 1414 1793 1463 eorum,
1831 1399 1963 1452 dixit
1991 1399 2063 1452 eis
2091 1415 2109 1452 :

539 1486 704 1542 Omne
727 1505 939 1558 regnum
962 1488 1184 1542 divisum
1205 1499 1385 1543 contra
1408 1506 1462 1542 se
1479 1488 1816 1543 desolabitur.
1839 1489 2109 1562 (Hierom)

538 1576 653 1632 Non
683 1579 748 1632 ad
779 1565 965 1645 dicta,
993 1580 1086 1635 sed
1129 1581 1194 1634 ad
1229 1581 1460 1651 cogitata
1493 1581 1787 1651 respondit,
1817 1591 1878 1635 ut
1921 1582 2005 1636 vel
2033 1583 2112 1638 sic

536 1671 983 1741 compellerentur
1007 1673 1229 1726 credere
1273 1673 1524 1741 potentia:
1548 1672 1681 1740 ejus,
1711 1675 1800 1742 qui
1827 1675 2004 1729 cordis
2030 1674 2112 1727 vi-

533 1762 689 1816 debat
719 1763 943 1818 occulta.
987 1763 1045 1817 Si
1084 1772 1262 1818 autem
1299 1779 1457 1817 omne
1509 1744 1728 1835 regnum
1774 1766 1826 1820 in
1875 1767 2108 1836 scipsum

2214 559 2452 633 intelligi,
2497 565 2641 634 quod
2679 564 2732 618 in
2778 579 2903 620 eum
2929 581 3034 620 non
3066 567 3333 623 credendo
3371 569 3426 622 in
3468 583 3651 640 regno
3691 571 3791 625 dh-

2211 650 2320 706 boli
2353 667 2473 707 esse
2502 654 2824 725 delegissent
2850 674 2864 709 :
2897 657 3041 727 quod
3082 657 3270 728 utique
3302 658 3600 714 adversum
3631 677 3696 716 se
3719 664 3789 717 di-

2211 741 2385 796 visum
2409 751 2554 798 stare
2577 759 2681 800 non
2707 754 2903 816 potest.
2929 747 3142 818 Eligant
3163 764 3292 819 ergo
3311 751 3461 820 quod
3484 751 3789 808 voluerint:

2211 833 2256 886 si
2289 832 2516 891 Satanas
2551 834 2808 892 Satanam
2839 854 2946 894 non
2978 849 3154 909 potest
3192 839 3406 909 ejicere,
3438 843 3582 896 nihil
3616 854 3790 900 contra

2213 925 2496 982 Dominum
2525 931 2666 1000 quod
2694 931 2932 988 dicerent
2976 933 3216 989 invenire
3250 944 3588 1005 potuerunt;
3633 955 3678 992 st
3707 956 3789 992 au-

2213 1023 2319 1070 tem
2358 1027 2551 1086 potest,
2603 1020 2770 1075 multo
2805 1023 2976 1092 magis
3005 1024 3104 1079 sibi
3153 1027 3515 1094 pmSpiciant,
3565 1039 3626 1081 et
3665 1044 3791 1084 reco-

2212 1105 2340 1160 dant
2365 1109 2430 1163 dc
2454 1125 2620 1180 regno
2648 1111 2780 1182 ejus,
2806 1115 2950 1182 quod
2978 1116 3260 1172 adversum
3292 1134 3352 1173 se
3383 1129 3546 1174 stare
3575 1122 3791 1178 divitum

2211 1217 2317 1256 non
2344 1212 2538 1271 potest.
2582 1204 2639 1260 ln
2684 1221 2791 1275 quo
2820 1216 2998 1262 autem
3031 1208 3288 1264 Dominus
3324 1211 3594 1267 Christus
3634 1215 3793 1282 ejicis

2210 1293 2510 1360 daemones,
2560 1312 2628 1351 ne
2671 1299 3056 1354 daemoniorum
3095 1301 3398 1372 principem
3447 1304 3791 1376 existiment,

2209 1385 2486 1439 attendant
2529 1387 2669 1457 quod
2699 1389 2944 1457 sequitur
2969 1408 2982 1443 :

2280 1474 2347 1527 Et
2371 1477 2416 1529 si
2441 1493 2533 1546 ego
2555 1479 2609 1532 in
2632 1478 2918 1533 Beelzebub
2941 1481 3094 1549 ejirio
3117 1482 3406 1551 dmmones,
3439 1487 3554 1554 lilii
3583 1491 3731 1541 uestri
3749 1491 3792 1544 ξι

2208 1581 2308 1635 quo
2353 1567 2605 1636 ejiciunt?
2644 1570 2759 1623 ideo
2784 1571 2884 1640 ipsi
2902 1573 3110 1642 judices
3138 1586 3288 1630 erunt
3313 1580 3512 1632 vestri.
3542 1580 3688 1634 Dixit
3710 1584 3790 1639 in:

2176 1719 2178 1722 ν
2209 1657 2394 1725 utique
2419 1657 2485 1712 de
2511 1659 2784 1729 discipulis
2813 1662 2944 1725 suis,
2977 1663 3120 1718 illius
3145 1666 3327 1736 populi
3357 1667 3517 1730 ﬁliis,
3548 1670 3644 1738 qui
3670 1682 3791 1726 certe

2211 1746 2452 1817 discipuli
2478 1749 2689 1804 Domini
2713 1753 2883 1806 nostri
2917 1751 3042 1808 Iesu
3065 1754 3262 1810 Christi
3295 1758 3440 1811 bene
3474 1759 3589 1812 sibi

531 1853 758 1908 divisum
802 1853 1092 1918 desolatur,
1143 1871 1271 1925 ergo
1299 1855 1494 1920 Patris,
1527 1834 1586 1910 et
1621 1857 1756 1919 Filii,
1791 1867 1846 1911 et
1874 1834 2108 1926 Spiritus
2136 1839 2183 1898 Β
2211 1834 2422 1892 fueram
2465 1838 2599 1892 "mil
2645 1855 2703 1894 se
2752 1841 3012 1897 malarum
3049 1845 3246 1900 aruum
3281 1861 3311 1899 ³
3365 1847 3524 1902 bono
3559 1852 3792 1921 nam

528 1943 698 1998 sancti
726 1957 946 2013 regnum
979 1958 1084 1998 non
1107 1952 1190 1998 est
1213 1943 1443 1998 divisum
1475 1946 1654 2014 :quod
1691 1947 1808 2001 sine
1845 1947 1951 2002 ulla
1981 1963 2108 2002 con-

531 2035 867 2098 tradictione,
915 2050 1018 2089 non
1069 2033 1248 2104 aliquo
1298 2035 1527 2105 impulsu
1577 2037 1960 2103 desolandum,
2011 2039 2104 2094 sed

526 2135 725 2180 aeterna
753 2135 837 2181 est
862 2125 1155 2180 stabilitate
1199 2141 1532 2181 mansurum.
1584 2126 1638 2182 Si
1669 2145 1798 2184 vero
1829 2138 2028 2184 sanctae
2050 2138 2106 2185 et

526 2220 809 2274 individua:
856 2219 1134 2274 Trinitatis
1183 2221 1535 2286 individuum,
1587 2221 1695 2275 imo
1735 2237 1860 2291 quia
1907 2224 2104 2281 indivi-

524 2311 710 2375 duum,
755 2318 936 2366 manet
984 2325 1246 2381 regnum,
1295 2312 1558 2367 desistant
1606 2312 1792 2367 Ariani
1839 2313 2102 2368 minorem

523 2403 680 2458 Patre
708 2403 923 2470 Filium,
958 2405 1222 2459 minorem
1262 2403 1400 2459 Filio
1443 2413 1690 2459 sanctum
1725 2405 1904 2460 dicere
1935 2404 2106 2475 Spiri-

521 2501 654 2558 tum,
686 2493 811 2562 quia
843 2510 1071 2563 quorum
1102 2511 1265 2550 unum
1305 2504 1389 2551 est
1417 2510 1664 2566 regnum,
1702 2495 1896 2551 horum
1927 2505 2011 2552 est
2049 2507 2105 2554 et

522 2603 629 2641 una
659 2585 938 2654 majestas.

592 2679 660 2733 Et
707 2682 874 2734 omnis
906 2682 1106 2747 civitas,
1139 2681 1215 2736 vel
1253 2682 1438 2736 domus
1477 2683 1644 2738 divisa
1686 2692 1867 2739 contra
1907 2701 1962 2740 se
1999 2702 2101 2740 non

517 2773 696 2826 stabit.
726 2771 839 2826 Non
867 2781 1044 2844 potest
1069 2789 1293 2844 regnum
1321 2781 1376 2829 et
1403 2773 1595 2828 civitas
1622 2783 1813 2829 contra
1845 2791 1902 2830 se
1932 2775 2097 2830 divisa

517 2872 789 2933 perstare;
838 2865 934 2920 sed
983 2865 1250 2934 quomodo
1287 2865 1572 2920 concordia
1618 2880 1797 2935 parvae
1844 2880 1932 2921 res
1979 2881 2100 2921 cre-

517 2963 696 3019 scunt,
747 2955 823 3010 sic
867 2955 1129 3012 discordia
1177 2956 1428 3010 maxima:
1479 2955 1809 3010 dilabuntur.
1858 2955 1914 3012 Si
1968 2973 2099 3029 ergo

518 3043 748 3100 Satanas
796 3055 995 3117 pugnat
1034 3054 1222 3102 contra
1251 3062 1330 3111 se,
1377 3055 1431 3102 et
1475 3047 1680 3102 daemon
1730 3046 1982 3102 inimicus
2015 3058 2100 3104 est

517 3136 792 3202 daemonis,
833 3137 1050 3193 deberet
1068 3137 1180 3206 jam
1203 3138 1388 3192 mundi
1417 3138 1627 3193 venisse
1651 3138 2044 3193 consummatio
2077 3155 2090 3192 :

2209 1926 2479 1994 didicisse,
2523 1941 2581 1983 ut
2606 1931 2661 1985 in
2696 1933 2940 2004 principe
2965 1935 3356 1993 daemoniorum
3406 1939 3788 2009 ejicerentdx-

2208 2036 2415 2078 mones.
2463 2022 2615 2090 Ideo,
2664 2025 2857 2095 inquit,
2894 2029 2994 2097 ipsi
3024 2030 3228 2098 judice:
3262 2041 3426 2086 erant
3469 2037 3661 2087 vestri.
3687 2034 3787 2104 Ipsi.

2207 2110 2400 2180 inquit,
2433 2112 2531 2183 ipsi
2564 2114 2815 2186 ignobilia
2845 2127 2900 2172 et
2926 2122 3351 2191 contemptibilia
3398 2121 3579 2193 hujus
3614 2129 3786 2186 manu,

2206 2204 2258 2258 in
2285 2205 2480 2274 quibus
2507 2221 2611 2261 non
2637 2208 2930 2265 artiﬁciosa
2955 2211 3288 2283 malignitas,
3327 2215 3436 2268 sed
3463 2225 3666 2270 sancta
3691 2219 3790 2270 sitn-

2203 2299 2416 2368 plicitas
2442 2317 2576 2358 mea}
2608 2303 2825 2360 virtutis
2851 2315 3094 2376 apparet,
3139 2307 3242 2376 ipsi
3293 2317 3477 2364 testes
3521 2312 3662 2374 mei,
3681 2309 3789 2377 iusi-

2205 2408 2296 2448 ces
2337 2403 2496 2448 erunt
2527 2396 2714 2451 vestri.
2745 2396 3012 2469 (Ηὶενοη.)
3055 2397 3248 2465 Aliter,
3297 2401 3454 2456 ﬁlios
3505 2399 3786 2458 lum“

2205 2485 2499 2542 exorcistas
2525 2488 2701 2558 gentis
2735 2487 2874 2545 illius
2900 2504 2968 2544 ex
3005 2506 3156 2546 more
3183 2492 3496 2562 signiﬁcat,
3525 2495 3628 2563 qui
3652 2497 3709 2547 ad
3729 2496 3786 2547 in-

2203 2578 2540 2634 vocationem
2597 2579 2884 2649 ejiciebant
2939 2583 3227 2641 daemones.
3277 2586 3347 2640 Et
3409 2597 3786 2644 coarctatae:

2203 2667 2629 2740 interrogatione
2690 2673 2940 2740 prudenti
2958 2713 2988 2750 ,,
3032 2682 3092 2728 ut
3147 2675 3536 2733 conﬁteantur
3588 2677 3788 2750 Spiritu

2201 2766 2376 2821 sancti
2400 2782 2536 2836 opus
2566 2781 2704 2822 esse.
2733 2766 2885 2834 Quod
2907 2769 2951 2822 si
2971 2748 3232 2838 expulsio,
3267 2770 3480 2840 inquit,

2201 2856 2254 2910 in
2314 2857 2440 2913 ﬁliis
2487 2858 2681 2913 vestris
2727 2859 2877 2925 Deo,
2929 2875 3037 2916 non
3092 2861 3442 2918 dmmonibus
3494 2864 3782 2935 deputatur,

2199 2964 2368 3018 quare
2392 2949 2445 3004 in
2468 2965 2554 3005 me
2580 2951 2722 3006 idem
2749 2968 2884 3023 opus
2910 2971 3017 3009 non
3043 2956 3289 3011 eamdem
3321 2957 3543 3014 habeat
3565 2963 3785 3015 causam?

2199 3038 2340 3109 Ergo
2361 3040 2460 3110 ipsi
2484 3043 2636 3094 vestri
2650 3041 2858 3112 judices
2878 3056 3050 3111 erunt,
3079 3062 3184 3101 non
3207 3055 3513 3116 potestate,
3542 3054 3645 3106 sed
3667 3068 3785 3108 mta-

2197 3130 2494 3198 paratione,
2525 3131 2653 3185 dum
2678 3131 2753 3186 illi
2783 3134 3149 3205 expulsionem
3175 3136 3498 3194 dtemonum
3527 3141 3647 3198 Deo
3671 3142 3784 3196 asi-

513 3239 614 3279 ncc
663 3200 924 3282 haberent
968 3227 1022 3281 in
1065 3200 1130 3283 eo
1179 3227 1355 3283 locum
1399 3228 1723 3283 adversariae
1765 3236 2089 3297 potestates,
2119 3200 2165 3264 (ἶ
2196 3229 2382 3290 suam,
2411 3238 2506 3278 vos
2545 3223 2811 3281 Belzebub
2837 3227 3063 3298 principi
3091 3229 3515 3286 dzemoniorum.

516 3333 744 3386 quarum
784 3318 925 3373 inter
967 3334 1026 3374 se
1070 3318 1288 3383 bellum,
1319 3334 1422 3388 pax
1451 3319 1726 3374 homirnam
1763 3328 1864 3374 est.
1899 3319 1956 3375 Si
1995 3335 2091 3376 au-

512 3420 620 3467 tem
647 3413 848 3482 putatis
881 3413 950 3468 ob
988 3413 1106 3477 hoc,
1133 3428 1165 3467 o
1202 3411 1403 3466 Scribae
1423 3420 1478 3467 et
1507 3411 1788 3477 Pharisaei,
1820 3410 1964 3482 quod
2003 3426 2094 3468 re-

510 3505 685 3559 ccssio
723 3505 1024 3559 dmmonum
1051 3503 1354 3558 obcdientia
1394 3503 1464 3558 sit
1491 3503 1544 3556 in
1587 3503 1886 3573 principem
1912 3517 2090 3567 suum,

511 3601 568 3647 ut
598 3594 845 3648 homines
876 3594 1184 3664 ignorantes
1232 3592 1568 3648 fraudulenta
1614 3593 1956 3648 simulatione
1998 3595 2092 3650 de-

510 3681 716 3747 ludant,
747 3683 873 3752 quid
900 3683 1125 3752 potestis
1158 3682 1336 3737 dicere
1362 3683 1429 3736 de
1457 3697 1741 3751 corporum
1772 3683 2093 3738 sanitatibus

509 3789 645 3844 quas
674 3759 1330 3844 Dorninus'perpetravit?
1361 3773 1520 3828 Aliud
1545 3782 1630 3828 cst
1655 3774 1702 3830 si
1725 3776 2091 3831 membrorum

508 3881 722 3938 quoque
748 3867 1058 3922 debilitates
1092 3876 1148 3922 et
1195 3866 1516 3936 spiritalium
1556 3867 1815 3922 virtutum
1859 3868 2092 3940 insignia

508 3958 839 4013 daemonibus
880 3958 1184 4013 ascribatis.
1224 3956 1448 4029 (Hilar.)
1479 3956 1663 4013 Potest
1705 3968 1762 4015 et
1800 3960 1902 4015 hoc
1933 3961 2092 4017 aliter

505 4049 748 4116 intelligi.
797 4049 997 4103 Domus
1017 4063 1232 4117 quoque
1270 4057 1326 4102 et
1363 4049 1595 4104 civitatis
1619 4051 1809 4104 eadem
1836 4059 1922 4106 est
1953 4052 2090 4108 ratio

505 4153 624 4206 quae
653 4137 825 4206 regni.
851 4135 957 4191 Sed
983 4137 1172 4190 civitas
1201 4136 1290 4190 hic
1322 4135 1618 4193 Jerusalem
1649 4138 1935 4206 indicatur,
1964 4157 2092 4211 gen-

505 4229 638 4282 tium
681 4243 894 4299 semper
938 4227 1171 4300 gloriosa
1211 4229 1508 4283 dominatu.
1555 4231 1706 4286 Nunc
1735 4242 2085 4303 posteaquam

504 4317 559 4370 in
602 4316 829 4372 Domino
851 4333 1005 4372 suum
1035 4316 1270 4373 furorem
1307 4317 1458 4388 plebs
1485 4321 1709 4388 exarsit,
1738 4330 1794 4377 et
1818 4324 2087 4393 apostolos

503 4405 619 4476 ejus
658 4423 781 4463 cum
809 4408 1142 4463 credentium
1187 4407 1343 4464 turba
1383 4408 1654 4478 eﬂ‘ugavit,
1695 4413 2086 4470 discedentium

503 4498 647 4553 illinc
679 4498 939 4554 divisione
969 4514 1075 4554 non
1100 4499 1300 4554 stabit:
1328 4507 1488 4569 atque
1520 4501 1615 4566 ita,
1639 4503 1782 4571 quod
1807 4518 1930 4558 mox
1955 4520 2086 4560 con-

500 4600 744 4647 secutum
772 4601 855 4647 est
888 4608 986 4663 per
1011 4593 1150 4648 hanc
1181 4592 1519 4660 divisionem,
1561 4595 1795 4650 civitatis
1822 4595 1962 4652 illius
1989 4598 2085 4653 de-

499 4681 781 4736 nuntiatur
808 4683 1097 4738 excidium.

569 4772 710 4827 Etsi
751 4773 981 4830 Satanas
1020 4775 1279 4831 Satanam
1313 4778 1477 4849 ejicit,
1518 4778 1767 4835 adversus
1805 4798 1860 4837 se
1883 4783 2080 4839 divisus

493 4872 590 4930 est,
618 4866 877 4937 quomodo
911 4884 1033 4937 ergo
1061 4867 1216 4922 stabit
1247 4886 1460 4940 regnum
1483 4871 1597 4941 ejus
1613 4873 1642 4945 2
1666 4871 1804 4928 Dicti
1837 4877 2080 4945 superio-

495 4963 570 5019 ris
601 4962 1055 5030 malevolentiam,
1085 4979 1192 5033 quo
1237 4980 1360 5020 eum
1397 4967 1450 5020 in
1477 4966 1745 5023 Belzebub
1776 4969 1890 5024 haec
1917 4985 2078 5040 agere

493 5053 873 5124 loquebantur,
896 5068 962 5109 eo
991 5055 1107 5124 ipso
1128 5071 1234 5124 quo
1264 5056 1427 5111 locuti
1455 5067 1581 5112 sunt
1602 5073 1797 5128 genere
1821 5062 2078 5116 condem-

493 5155 706 5210 nantur,
742 5162 850 5202 non
897 5146 1254 5216 intelligentes
1287 5149 1563 5205 confessos
1609 5167 1667 5205 se
1693 5150 1860 5208 fuisse
1885 5152 2072 5209 Belze-

491 5236 599 5290 bub
629 5252 748 5292 esse
777 5237 1006 5292 divisum
1033 5257 1046 5292 :
1077 5247 1132 5292 et
1163 5239 1207 5294 si
1234 5240 1302 5294 ad
1327 5240 1641 5296 divisionem
1671 5258 1822 5298 suam
1852 5255 2073 5301 coactus

491 5333 597 5390 est,
640 5333 701 5380 ut
727 5327 937 5383 daemon
967 5329 1264 5386 daemonem
1304 5334 1663 5401 perturbaret,
1710 5341 1765 5388 et
1813 5335 2071 5393 adversus

491 5433 550 5472 se
577 5417 779 5475 divisus
803 5421 916 5491 ipse
945 5424 1284 5490 consisteret,
1314 5425 1440 5480 hinc
1463 5441 1676 5497 quoque
1695 5427 2067 5486 aestimandum

489 5523 610 5564 esse
633 5509 753 5579 plus
781 5511 836 5566 in
880 5528 946 5568 eo
974 5515 1066 5583 qui
1103 5515 1348 5569 diviserit
1382 5531 1541 5585 quam
1577 5517 1630 5571 in
1662 5518 1745 5573 his
1774 5519 1864 5588 qui
1909 5520 2065 5576 divisi

487 5603 596 5658 sint
639 5603 815 5662 inesse
845 5607 1080 5661 virtutis.
1110 5607 1254 5678 Ergo
1277 5607 1389 5677 jam
1432 5606 1636 5666 divisus
1663 5621 1767 5676 est,
1795 5621 1849 5666 et
1878 5613 2066 5668 adver-

488 5710 608 5750 sum
637 5712 698 5752 se
735 5707 953 5753 coactus
983 5707 1088 5763 est,
1138 5715 1468 5771 regnumque
1510 5701 1625 5770 ejus
1673 5704 1761 5757 tali
1803 5704 2064 5763 divisione

487 5797 573 5846 est
599 5789 857 5856 solutum,
884 5798 939 5846 et
965 5806 1074 5848 non
1115 5793 1317 5864 poterit
1354 5802 1520 5863 stare,
1549 5794 1644 5852 sed
1680 5795 1843 5853 ﬁnem
1877 5797 2060 5857 habet.

2107 4553 2162 4615 D

2265 3311 2323 3367 Si
2346 3323 2520 3369 autem
2549 3331 2642 3386 ego
2672 3317 2727 3371 in
2757 3317 2961 3388 Spiritu
3004 3320 3102 3374 Dei
3123 3322 3277 3391 ejicio
3304 3323 3613 3389 daemonia,
3646 3320 3784 3395 igitur

2191 3410 2418 3478 pervenit
2448 3409 2503 3463 in
2527 3426 2612 3463 vos
2636 3427 2853 3481 regnum
2888 3412 3005 3467 Dei.
3046 3414 3102 3468 ln
3145 3415 3289 3471 Luca
3319 3416 3490 3471 istum
3515 3417 3697 3472 Iouini
3721 3419 3778 3470 iu

2193 3500 2452 3569 scriptum
2498 3501 2762 3573 legimus:
2797 3503 2860 3559 Si
2888 3514 3062 3560 autem
3086 3523 3178 3577 ego
3212 3508 3268 3561 in
3297 3509 3470 3578 digito
3509 3508 3620 3563 Dei
3650 3511 3778 3579 quia

2192 3597 2452 3653 daemones
2477 3598 2629 3671 (Luc.
2666 3601 2764 3672 XI).
2792 3585 2894 3657 lste
2923 3604 3123 3673 digitus
3165 3603 3292 3676 [est]
3325 3621 3493 3674 quem
3524 3607 3777 3661 conﬁtea-

2192 3697 2282 3742 tur
2307 3698 2362 3743 et
2405 3689 2562 3762 Magi,
2593 3693 2684 3762 qui
2731 3703 2916 3748 contra
2964 3693 3145 3749 Mosen
3184 3704 3240 3751 et
3285 3694 3475 3750 Aaron
3510 3698 3675 3766 signa
3713 3697 3777 3750 la-

2191 3780 2424 3846 ciebant,
2476 3781 2737 3851 dicentes,
2790 3783 2997 3855 Digitus
3043 3795 3119 3840 est
3163 3786 3258 3840 iste
3291 3785 3396 3840 Dei
3430 3785 3643 3857 (Exod.
3692 3789 3774 3854 ις’),

2188 3886 2298 3941 quo
2337 3882 2392 3928 et
2425 3873 2617 3929 tabulae
2655 3874 2880 3945 lapideae
2905 3877 3119 3947 scriptae
3167 3885 3295 3932 sunt
3339 3877 3396 3932 in
3440 3889 3636 3933 monte
3663 3879 3773 3933 Sina

2191 3963 2370 4035 (Deut.
2411 3964 2510 4038 ix).
2547 3966 2716 4037 Igitur
2741 3968 2787 4022 si
2814 3984 3005 4024 manus
3038 3980 3092 4023 et
3137 3968 3424 4024 brachium
3475 3971 3577 4026 Dei
3625 3970 3775 4025 Filius

2187 4064 2293 4121 est,
2336 4065 2391 4110 et
2421 4057 2617 4127 digitus
2658 4059 2774 4128 ejus
2799 4059 3035 4129 Spiritus
3060 4069 3301 4126 sanctus,
3330 4060 3538 4127 Patris,
3581 4071 3642 4116 et
3671 4063 3774 4118 Filii

2187 4154 2242 4203 et
2268 4145 2502 4218 Spiritus
2545 4150 2716 4205 sancti
2755 4166 2862 4205 una
2900 4151 3198 4205 substantia
3243 4160 3348 4214 est,
3387 4167 3502 4206 non
3547 4163 3608 4207 te
3636 4170 3775 4208 sean-

2187 4236 2384 4292 dalizet
2410 4239 2775 4294 membrorum
2803 4239 3155 4309 inaequalitas,
3183 4255 3306 4295 cum
3331 4241 3574 4297 aediﬁcet
3609 4243 3772 4298 unitas

2185 4329 2446 4396 corporis.
2478 4327 2660 4401 (Aug.)
2691 4329 2880 4396 Aliter,
2921 4331 3118 4402 digitus
3147 4331 3241 4386 Dei
3272 4342 3504 4387 vocatur
3547 4333 3772 4404 Spiritus

2185 4427 2424 4485 sanctus,
2464 4430 2686 4490 propter
2726 4421 3070 4492 partitionem
3109 4422 3393 4487 donorum,
3433 4440 3563 4495 qua:
3619 4426 3676 4480 in
3717 4441 3772 4479 eo

2191 4506 2383 4561 dantur
2415 4507 2702 4577 unicuique
2743 4508 2983 4579 pr0pria,
3015 4508 3128 4563 sive
3164 4509 3485 4576 hominum,
3525 4512 3651 4566 sive
3687 4528 3772 4566 an-

2188 4596 2426 4667 gelorum
2463 4614 2475 4649 :
2507 4596 2560 4650 in
2589 4597 2750 4652 nullis
2786 4597 2930 4653 enim
2973 4599 3229 4654 membris
3252 4602 3460 4656 nostris
3487 4606 3669 4675 magis
3691 4621 3768 4676 ap-

2184 4695 2338 4758 paret
2359 4689 2579 4757 partitio
2615 4704 2774 4758 quam
2804 4691 2856 4744 in
2886 4690 3090 4760 digitis.

2255 4781 2524 4856 (Hieron.)
2559 4784 2710 4852 Quod
2737 4793 2916 4842 autem
2951 4787 3124 4842 dicit:
3156 4783 3396 4841 Pervenit
3441 4789 3502 4842 in
3550 4805 3647 4844 eos
3691 4808 3760 4842 re-

2181 4890 2340 4943 gnum
2369 4875 2486 4939 Dei,
2507 4876 2590 4931 vel
2613 4877 2786 4946 ipsum
2809 4891 2867 4932 se
2890 4877 3178 4946 signiﬁcat,
3202 4877 3270 4932 de
3293 4893 3402 4946 quo
3433 4879 3546 4934 alio
3572 4881 3632 4934 in
3658 4881 3762 4934 ιω)

2180 4968 2438 5037 scriptum
2483 4977 2606 5024 est:
2640 4969 2875 5041 Regnum
2911 4971 3008 5024 Dei
3049 4973 3187 5026 intra
3230 4989 3316 5027 vos
3344 4982 3444 5037 est,
3483 4984 3534 5027 et
3567 4978 3759 5029 medius

2179 5067 2281 5111 stat
2322 5057 2457 5112 inter
2497 5075 2581 5112 vos
2619 5076 2768 5129 quem
2815 5077 2899 5114 vos
2942 5059 3181 5123 nescitis;
3224 5059 3306 5114 vel
3343 5070 3498 5116 certe
3525 5062 3658 5116 illud
3687 5079 3759 5117 re-

2179 5168 2341 5222 gnum
2368 5153 2509 5221 quod
2555 5162 2609 5208 et
2653 5151 2886 5208 Joannes
2919 5163 2974 5208 et
2997 5153 3110 5223 ipse
3142 5153 3403 5209 Dominus
3433 5158 3759 5226 praedicave-

2179 5255 2303 5300 runt
2331 5263 2344 5298 :
2379 5243 2744 5300 Paenitentiam
2770 5248 2924 5317 agite,
2957 5247 3332 5318 appmpinquat
3365 5250 3509 5303 enim
3549 5268 3756 5322 regem

2174 5337 2420 5392 calorum
2463 5337 2644 5409 (Joan.
2691 5337 2751 5409 ι).
2809 5338 2875 5392 Et
2913 5339 3128 5393 tertium
3183 5355 3408 5410 regnum
3463 5340 3754 5413 Scriptura:

2174 5440 2395 5496 sanctae,
2425 5433 2566 5500 quod
2593 5430 2834 5485 aufertur
2861 5447 2889 5484 a
2917 5429 3129 5495 Iudaeis,
3163 5441 3208 5487 et
3236 5432 3485 5487 tradetur
3507 5438 3653 5505 genti
3679 5437 3756 5505 [ι-

2172 5523 2326 5576 cienti
2357 5522 2582 5591 fructum
2607 5521 2719 5591 ejus
2747 5520 2960 5590 (Matth.
2988 5521 3118 5592 XXI)-

2241 5613 2343 5667 Aut
2379 5613 2638 5684 quomodo
2680 5622 2845 5682 potest
2889 5614 3163 5683 quisquam
3202 5614 3400 5667 intrare
3438 5631 3498 5669 tn
3544 5633 3754 5669 eorum

2170 5707 2342 5776 fortis,
2367 5716 2414 5760 et
2445 5723 2564 5760 vasa
2604 5706 2716 5775 ejus
2757 5705 2999 5775 diripere,
3026 5707 3123 5759 nisi
3151 5708 3296 5776 prius
3318 5707 3618 5777 alligaverit
3641 5710 3754 5778 [or-

2168 5809 2291 5869 tem,
2308 5809 2356 5856 et
2377 5810 2499 5854 tunc
2521 5801 2733 5856 domum
2754 5798 2896 5854 illius
2916 5799 3143 5871 diripiet.
3175 5797 3358 5873 (Aug.)
3392 5799 3616 5856 Fortem
3641 5803 3732 5857 dia
