3914 6466
64 380 180 441 929

1067 372 1418 432 COMMENT.
1458 370 1528 428 IN
1566 367 2005 427 MATTHJEUM.
2043 399 2115 410 —
2152 367 2282 424 LIB.
2323 371 2413 429 IV.

3267 378 3374 437 930

61 495 258 551 bolum
319 493 480 560 dicit,
525 493 651 565 quia
687 492 802 565 ipse
828 492 1063 557 tenebat,
1111 508 1181 547 ne
1228 508 1287 547 se
1335 499 1556 562 possent
1613 489 1667 543 at

1784 488 2183 559 bIaSphemum,
2211 489 2552 562 exigentibus
2574 489 2801 558 meritis,
2833 491 2973 548 sicut
3001 507 3277 565 nunquam
3305 496 3374 552 ad

62 586 159 640 illo
206 585 430 641 viribus
472 587 583 642 suis
631 585 877 641 homines
910 600 1126 651 eruere,
1173 585 1267 639 sed
1311 599 1407 654 per
1450 583 1680 654 gratiam

62 679 194 742 Dci;
232 694 375 733 vasa
426 679 564 749 ejus,
615 678 861 733 homines
909 677 976 731 ab
1020 692 1085 731 eo
1134 677 1418 746 deceptos;
1460 675 1678 730 domum

62 770 206 840 ejus,
239 771 533 835 mundum,
570 771 661 840 qui
711 769 766 824 in
814 768 1048 840 maligno
1077 768 1286 838 positus
1327 775 1447 822 est:
1487 767 1540 820 in
1572 779 1680 835 quo

61 876 243 932 usque
271 862 347 917 ad
381 861 681 918 Salvatoris
707 862 992 916 adventum
1031 859 1170 913 male
1213 867 1406 929 pacato
1437 857 1679 928 potieba-

62 964 154 1011 tur
181 957 451 1026 imperio,
491 972 613 1011 cum
665 955 719 1010 in
761 954 1014 1010 cordibus
1063 952 1362 1007 inﬁdelium
1407 953 1525 1008 sine
1568 951 1678 1006 ulla

60 1051 511 1108 contradictione
576 1049 907 1120 quiescebat.
959 1047 1212 1119 Alligavit
1251 1053 1432 1102 autem
1484 1046 1677 1102 fortem

58 1139 362 1207 Dominus,
417 1142 471 1197 id
512 1149 618 1207 est,
668 1142 736 1196 ab
786 1140 1082 1196 electorum
1124 1139 1436 1214 seductione
1463 1152 1678 1208 compe-

58 1234 206 1288 scuit
234 1234 542 1291 diabolum.
568 1235 636 1290 Et
664 1245 793 1288 tunc
836 1235 1056 1289 domum
1102 1230 1219 1300 ejus
1261 1231 1502 1302 diripuit,
1550 1231 1677 1300 quia

57 1333 288 1395 ereptos
316 1341 352 1380 a
389 1327 590 1384 diaboli
618 1327 823 1398 laqueis
848 1341 941 1383 eos
971 1342 1109 1398 quos
1133 1341 1260 1382 suos
1283 1340 1402 1382 esse
1429 1325 1679 1397 prmvidit

58 1418 329 1475 Ecclesiae
360 1436 473 1476 sum
499 1422 756 1477 membris
786 1421 1064 1487 adunavit,
1093 1436 1156 1475 ac
1183 1436 1281 1491 per
1308 1420 1594 1475 distinctas
1620 1421 1675 1475 in

56 1525 121 1564 ca
145 1511 441 1567 variorum
463 1514 724 1585 graduum
750 1513 1040 1584 dignitates
1064 1512 1355 1567 ordinavit.
1387 1511 1476 1567 Vel
1501 1520 1671 1578 certe,

57 1601 288 1656 domum
320 1604 447 1674 ejus
475 1603 722 1674 diripuit,
744 1604 870 1674 quia
895 1620 1085 1660 omnes
1107 1604 1291 1658 mundi
1322 1611 1524 1675 partes,
1549 1604 1673 1673 qui-

55 1691 159 1746 bus
209 1691 352 1748 olim
407 1694 580 1750 hostis
631 1695 1010 1752 dominabatur
1067 1695 1353 1765 antiquus,
1416 1693 1675 1766 apostolis

56 1786 550 1858 apostolorumque
601 1789 1037 1855 successoribus,
1087 1797 1146 1842 ut
1195 1788 1249 1843 in
1302 1804 1399 1843 sua
1444 1789 1673 1858 quisque

1787 582 2183 646 remissionem,
2213 582 2283 636 ita
2313 597 2412 637 nec
2439 581 2506 636 ad
2528 583 2672 652 ipsos
2703 585 2877 654 digna:
2908 585 3240 655 paenitentia}
3266 587 3377 642 fru-

1783 683 1904 728 ctus
1951 689 2070 729 esse
2117 683 2503 744 perventurum
2548 691 2562 728 :
2601 674 2758 745 juxta
2805 677 2908 733 hoc
2949 678 3093 745 quod
3139 676 3378 736 Joannes

1782 765 2110 836 evangelista
2156 767 2222 821 de
2260 767 2581 836 quibusdam
2629 767 2978 839 blasphemiae
3020 786 3132 828 suae
3177 774 3377 830 merito

1779 859 2068 914 excaecatis
2094 860 2445 916 veracissime
2480 861 2738 932 scripsit:
2771 860 3060 933 Propterea
3085 879 3191 918 non
3234 875 3380 935 pote-

1780 958 1900 1002 rant
1947 949 2176 1016 credere,
2209 951 2333 1021 quia
2382 952 2570 1006 iterum
2620 952 2754 1007 dixit
2780 952 3028 1009 'Isaias:
3078 955 3379 1012 Excwcavit

1780 1040 1958 1096 oculos
2004 1058 2210 1109 eorum,
2255 1053 2302 1098 et
2341 1044 2605 1101 induravit
2658 1063 2749 1100 cor
2792 1064 2972 1102 eorum
2999 1062 3017 1101 :
3048 1058 3104 1104 ut
3153 1067 3258 1105 non
3309 1052 3382 1106 vi-

1778 1130 1934 1186 deant
1969 1132 2158 1198 oculis,
2186 1143 2234 1188 et
2259 1134 2548 1207 intelligant
2575 1137 2750 1205 corde,
2780 1147 2830 1193 et
2852 1155 2957 1194 non
2984 1151 3374 1210 convertantur,

1778 1233 1827 1278 et
1861 1240 2042 1278 canem
2089 1223 2209 1280 illos
2254 1225 2390 1299 (Isa.
2436 1227 2532 1299 vr).
2585 1227 2711 1284 Sola
2756 1245 2885 1301 ergo
2938 1231 3272 1304 blasphemia
3318 1235 3374 1290 in

1781 1315 2040 1386 Spiritum
2073 1327 2338 1386 sanctum,
2366 1320 2492 1391 quia
2521 1321 2751 1392 quisque
2785 1323 2839 1377 in
2869 1324 3218 1382 similitudine
3255 1328 3374 1384 dia-

1778 1407 1888 1463 boli
1935 1417 1990 1463 et
2030 1410 2345 1481 angelorum
2391 1412 2509 1482 ejus
2556 1423 2744 1470 contra
2787 1417 3177 1473 conscientiam
3217 1435 3376 1476 suam

1778 1497 2116 1568 majestatem
2155 1502 2383 1560 Deitatis
2427 1521 2740 1578 oppugnare
2789 1523 2899 1564 non
2940 1511 3204 1581 trepidat,
3266 1528 3374 1568 non

1779 1591 1942 1647 habet
1979 1595 2358 1652 remissionem
2391 1597 2444 1652 in
2473 1607 2757 1667 aeternum,
2788 1602 2881 1657 sed
2911 1616 3036 1658 reus
3059 1606 3165 1660 erit
3187 1606 3375 1663 :eterni

1778 1684 1958 1741 delicti
1999 1705 2012 1740 :
2058 1689 2200 1744 sicut
2239 1691 2572 1762 evangelista
2620 1693 2832 1751 Marcus
2883 1705 3070 1766 aperte
3111 1699 3372 1768 declarat,

1777 1777 1894 1846 qui,
1928 1779 2106 1847 posito
2138 1781 2242 1835 hoc
2279 1781 2494 1838 Domini
2527 1785 2855 1854 testimonio,
2896 1788 3174 1859 subjunxit
3207 1799 3372 1862 atque

52 1877 355 1946 provincia
391 1887 673 1936 revocatos
713 1881 782 1937 ab
815 1895 1004 1936 errore
1031 1880 1256 1952 populos
1282 1881 1351 1935 ad
1378 1881 1522 1935 viam
1549 1881 1676 1936 vita;
1702 1863 1750 1924 B
1778 1869 1875 1935 ait,
1920 1870 2185 1936 Quoniam
2212 1874 2472 1942 dicebant,
2521 1875 2777 1947 Spiritum
2824 1879 3154 1936 immundum
3197 1882 3371 1938 habet.

55 1978 442 2038 converteret,
468 1972 760 2028 distribuit.
789 1971 1038 2029 Ostendit
1064 1987 1194 2044 ergo
1219 1988 1315 2043 per
1335 1973 1669 2045 parabolam,

53 2061 148 2115 sed
170 2059 298 2129 jam
330 2063 862 2130 manifestissimam,
901 2065 1162 2137 Dominus
1192 2067 1335 2136 quod
1373 2081 1479 2120 non
1511 2067 1674 2122 corde

54 2150 252 2217 fallax,
287 2155 614 2223 operatione
641 2171 762 2211 cum
795 2155 1146 2219 daemonibus,
1182 2163 1241 2210 ut
1270 2156 1674 2213 calumniaban-

54 2247 165 2307 tur,
211 2243 317 2299 sed
363 2244 574 2300 diversa
605 2260 829 2316 prorsus
863 2255 1026 2317 atque
1065 2247 1292 2303 adversa
1317 2247 1516 2303 virtute
1538 2249 1676 2304 divi-

50 2334 283 2401 nitatis,
343 2335 595 2392 homines
641 2351 674 2391 a
719 2338 1054 2393 daimonibus
1104 2337 1393 2402 liberaret,
1444 2339 1673 2408 ideoque

53 2429 264 2499 grande
296 2428 482 2485 scelus
512 2430 936 2496 committerent,
978 2431 1070 2502 qui
1112 2433 1217 2487 hoc
1255 2417 1400 2503 qubd
1429 2433 1522 2488 Dei
1552 2447 1672 2488 esse

53 2532 463 2592 cognoverant,
499 2524 695 2580 diaboli
723 2538 847 2580 esse
873 2524 1199 2580 clamabant.

126 2615 234 2682 Qui
258 2633 371 2671 non
402 2626 481 2671 est
504 2633 732 2683 mecum,
765 2626 950 2672 contra
976 2633 1058 2672 me
1084 2627 1197 2684 est;
1223 2626 1271 2672 et
1291 2619 1382 2690 qui
1419 2635 1522 2672 non
1548 2635 1674 2673 con-

53 2718 233 2779 gregat
274 2725 509 2774 mecum,
546 2711 768 2780 spargit.
801 2707 918 2763 Non
948 2717 1102 2778 putet
1130 2709 1419 2779 quisquam
1463 2707 1531 2763 de
1560 2709 1672 2763 ha:-

57 2801 242 2855 reticis
289 2800 504 2857 dictum
534 2807 588 2856 et
624 2800 1006 2866 schismaticis,
1039 2816 1352 2870 quanquam
1399 2807 1456 2855 et
1497 2801 1572 2854 ita
1601 2815 1670 2855 ex

54 2893 336 2962 superﬂuo
396 2893 568 2962 possit
614 2892 881 2964 intelligi;
935 2893 1033 2948 sed
1087 2908 1156 2948 ex
1213 2893 1670 2961 consequentibus

57 2988 318 3053 textuque
370 2983 644 3038 sermonis
694 2984 765 3038 ad
810 2983 1086 3038 diabolum
1127 2981 1384 3048 refertur,
1431 2991 1489 3038 et
1525 2984 1669 3054 quod

53 3085 162 3128 non
227 3073 448 3144 possint
507 3089 672 3145 opera
728 3073 1000 3130 Belzebub
1063 3073 1363 3130 Salvatoris
1412 3075 1669 3145 Operibus

58 3167 390 3236 comparari.
422 3165 515 3222 Ille
540 3167 690 3237 cupit
717 3167 928 3222 animas
955 3167 1235 3222 hominum
1265 3174 1450 3221 tenere
1495 3166 1666 3236 capti-

1777 1962 1914 2019 Nam
1952 1980 2127 2036 neque
2159 1967 2213 2021 hi
2245 1967 2337 2038 qui
2369 1967 2630 2038 Spiritum
2675 1980 2922 2026 sanctum
2963 1989 3071 2029 non
3101 1989 3244 2042 esse,
3279 1991 3376 2033 ne-

1775 2072 1881 2127 que
1907 2059 2000 2128 qui
2039 2059 2185 2116 hunc
2211 2074 2330 2116 esse
2358 2061 2599 2130 quidem,
2627 2064 2718 2118 sed
2761 2063 2930 2120 Deum
2976 2081 3082 2121 non
3106 2082 3247 2133 esse,
3277 2082 3376 2124 ne-

1775 2161 1880 2218 que
1899 2148 1991 2217 qui
2011 2148 2158 2204 hunc
2183 2150 2350 2205 Deum
2377 2153 2593 2221 quidem
2629 2169 2770 2222 esse,
2809 2157 2902 2212 sed
2941 2156 3106 2211 Patre
3129 2157 3376 2228 Filioque

1773 2239 2064 2306 minorem,
2102 2242 2331 2298 credunt
2366 2251 2422 2298 et
2450 2243 2798 2312 confitentur,
2831 2248 2958 2317 quia
2987 2265 3092 2305 non
3129 2249 3376 2306 inviden-

1773 2330 1849 2384 tia
1880 2330 2167 2398 diabolica,
2219 2333 2315 2388 sed
2341 2333 2580 2389 humana
2615 2336 2924 2406 ignorantia
2957 2339 3105 2394 ducti
3144 2339 3374 2408 faciunt,

1772 2423 1878 2478 hoc
1937 2424 2326 2482 irremissibilis
2403 2427 2750 2500 blasphemiae
2799 2431 3028 2487 crimine
3099 2441 3370 2488 tenentur.

1775 2515 1888 2582 Qua
1915 2517 2136 2586 proprie
2167 2519 2440 2589 principes
2467 2519 2801 2588 Judaaorum,
2825 2530 2880 2578 et
2899 2523 3128 2594 quisque
3156 2525 3372 2590 similis,

1774 2610 1989 2665 invidia:
2009 2621 2162 2681 peste
2194 2614 2435 2682 corrupti
2465 2615 2804 2685 majestatem
2826 2616 3228 2687 blasphemant,
3256 2618 3374 2674 sine

1773 2699 1882 2756 line
1909 2702 2185 2772 peribunt.

1843 2793 1914 2847 Et
1941 2796 2238 2866 quicunque
2263 2795 2458 2851 dixerit
2486 2797 2697 2852 verbum
2729 2809 2910 2854 contra
2936 2801 3116 2870 'ﬁlium
3146 2803 3372 2858 hominis

1740 2870 2063 2940 'remittetur
2089 2886 2156 2940 ei.
2201 2887 2282 2942 Ac
2317 2888 2363 2942 si
2408 2886 2528 2943 aliis
2553 2888 2739 2945 verbis
2775 2889 2980 2946 diceret
3009 2906 3024 2945 :
3051 2891 3372 2964 Quicunque

1771 2979 2017 3034 convicia
2070 2980 2272 3036 dixerit
2315 2990 2505 3038 contra
2561 2998 2680 3050 me,
2727 2984 3128 3040 scandalizatus
3173 2986 3373 3056 quippe

1771 3085 1936 3126 carne
1961 3087 2103 3139 mea,
2135 3081 2194 3129 et
2229 3088 2317 3128 me
2344 3074 2618 3131 hominem
2653 3084 2862 3131 tantum
2898 3076 3191 3144 arbitrans,
3219 3078 3364 3148 quod

1772 3163 1915 3220 filius
1951 3165 2054 3220 sim
2098 3165 2235 3220 fabri
2265 3175 2321 3222 et
2356 3165 2552 3223 fratres
2593 3167 2824 3222 habeam
2863 3161 3146 3234 Jacobtim,
3184 3177 3240 3225 et
3267 3167 3366 3224 Jo-

57 3231 466 3320 vas,—D0minus
489 3231 761 3324 liberare;
796 3258 886 3313 ille
912 3259 1170 3329 praedicat
1196 3257 1358 3323 idola,
1387 3257 1478 3312 hic
1506 3231 1666 3312 unius
1693 3231 1739 3295 Ο
1771 3255 1926 3325 seph,
1971 3265 2026 3310 et
2076 3254 2294 3323 Judam,
2331 3266 2387 3312 et
2422 3258 2587 3313 homo
2616 3266 2856 3324 vorator,
2909 3267 2966 3313 et
3009 3231 3371 3329 vini—potator

60 3347 152 3405 Dei
174 3351 465 3418 notitiam;
500 3351 589 3406 ille
619 3352 786 3406 trahit
813 3352 881 3406 ad
927 3353 1080 3418 vitia,
1113 3352 1201 3406 hic
1225 3352 1293 3406 ad
1321 3350 1552 3405 virtutes
1580 3365 1667 3405 re-

59 3449 260 3496 vocat:
296 3443 574 3514 quomodo
621 3457 752 3512 ergo
800 3451 1026 3513 possunt
1074 3441 1277 3498 habere
1320 3440 1666 3497 concordiam

61 3530 201 3586 inter
234 3548 318 3597 se,
341 3548 575 3602 quorum
605 3547 770 3600 opera
796 3533 966 3588 divisa
996 3533 1154 3587 sunt?

123 3623 259 3678 Ideo
298 3624 419 3678 dico
467 3624 631 3690 vobis,
666 3640 818 3678 omne
851 3634 1120 3694 peccatum
1145 3635 1195 3679 et
1225 3625 1546 3696 blasphemia
1584 3643 1669 3680 re-

59 3716 295 3769 mittetur
333 3715 652 3769 ltominibus.
699 3714 894 3770 Omnia
939 3724 1160 3785 peccata
1212 3725 1268 3772 et
1319 3717 1666 3784 blasphemiae

57 3822 162 3863 non
191 3807 399 3878 passim
429 3807 773 3862 dimittuntur
811 3809 1062 3863 omnibus
1096 3808 1426 3874 hominibus,
1459 3809 1552 3864 sed
1581 3809 1667 3865 his

59 3901 146 3969 qui
167 3901 393 3972 dignam
420 3916 521 3970 pro
561 3900 760 3956 erratis
790 3901 905 3956 suis
933 3900 989 3954 in
1021 3900 1126 3956 hac
1151 3901 1261 3955 vita
1287 3902 1665 3972 paenitentiam

59 3992 292 4062 egerint.
324 3991 514 4062 Neque
546 3992 717 4046 ullum
754 3993 918 4048 habet
954 3991 1132 4047 locum
1176 4009 1358 4064 pravae
1406 3995 1668 4049 assertio-

63 4084 142 4138 nis
176 4083 262 4140 vel
309 4083 666 4150 Novatianus,
700 4091 759 4138 ut
787 4084 1178 4152 paenitentibus
1199 4085 1277 4140 eis
1306 4086 1397 4156 qui
1435 4086 1488 4139 in
1521 4101 1667 4140 mar-

66 4176 201 4244 tyrio
233 4192 333 4232 suo
366 4177 503 4246 lapsi
534 4183 663 4230 sunt
702 4175 914 4230 veniam
944 4184 1104 4246 neget
1129 4191 1249 4232 esse
1287 4176 1661 4245 tribuendam;

64 4267 144 4321 vel
186 4268 472 4340 Origenes,
501 4278 562 4324 ut
598 4276 809 4323 asserat
848 4276 970 4337 post
1016 4268 1283 4338 judicium
1333 4268 1661 4334 universale,

68 4363 350 4418 transactis
393 4362 522 4416 licet
570 4361 891 4416 satculorum
933 4360 1298 4416 voluminibus
1339 4361 1661 4429 innumeris,

66 4463 280 4509 cunctos
321 4462 638 4525 peccatores
676 4467 740 4507 ac
785 4451 1133 4522 blasphemos
1157 4454 1370 4508 veniam
1414 4462 1662 4523 peccato-

68 4556 179 4596 rum
220 4560 350 4603 ,esse
383 4552 797 4611 consecuturos,
840 4552 1006 4615 atque
1051 4545 1120 4600 ad
1171 4562 1398 4616 regnum
1439 4546 1660 4602 caeleste

65 4635 465 4705 perducendos:
503 4637 655 4708 cujus
691 4651 935 4692 errorem
969 4638 1252 4707 sequentia
1292 4652 1509 4709 quoque
1550 4639 1658 4696 Do-

69 4725 192 4780 mini
225 4729 392 4784 verba
417 4737 669 4799 arguunt.
1640 4779 1643 4782 .

136 4820 362 4891 Spiritus
417 4833 593 4878 autem
648 4823 970 4894 blasphemia
1028 4840 1134 4878 non
1190 4825 1499 4880 remittetur.
1555 4825 1658 4894 Qui

69 4927 190 4984 ergo
223 4915 518 4972 manifeste
541 4915 847 4988 intelligens
864 4931 1029 4987 opera
1060 4917 1180 4982 Dei,
1211 4933 1333 4972 cum
1364 4917 1430 4971 de
1459 4918 1659 4973 virtute

69 5021 256 5078 negare
291 5027 400 5066 non
431 5009 624 5080 possit,
661 5009 969 5065 stimulatus
1002 5010 1223 5075 invidia,
1253 5011 1654 5076 calumniatur;

71 5105 120 5152 et
143 5097 414 5157 Christum
446 5101 650 5172 Deique
677 5102 936 5170 Verbum,
969 5111 1023 5158 et
1055 5119 1220 5174 Opera
1261 5103 1497 5175 Spiritus
1529 5120 1654 5160 san-

73 5193 140 5248 eti
168 5194 294 5274 dicit
313 5211 435 5253 esse
463 5196 768 5264 Belzebub;
794 5197 882 5253 isti
921 5213 1028 5252 non
1072 5198 1373 5252 dimittetur
1403 5214 1578 5270 neque
1601 5199 1655 5253 in

75 5288 310 5349 presenti
334 5288 553 5355 saeculo,
577 5302 752 5360 neque
778 5289 831 5343 in
857 5287 1060 5345 futuro.
1087 5288 1202 5345 Non
1227 5291 1373 5360 quod
1398 5306 1658 5362 negemus

76 5382 124 5428 et
146 5376 216 5445 ei,
242 5380 285 5436 si
306 5381 690 5452 poenitentiam
719 5396 881 5453 agere
902 5381 1154 5448 valuerit,
1179 5399 1338 5454 posse
1360 5384 1557 5439 dimitti
1588 5385 1657 5440 ab

79 5480 138 5522 eo
171 5474 260 5543 qui
286 5477 397 5531 vult
431 5493 608 5532 omnes
633 5477 868 5532 homines
895 5476 1066 5532 salvos
1094 5477 1232 5547 ﬁeri,
1270 5487 1319 5532 et
1347 5478 1402 5532 in
1427 5477 1658 5548 agnitio—

80 5574 187 5616 nem
223 5570 451 5626 veritatis
502 5571 672 5626 venire
723 5569 851 5642 (Tit.
883 5571 948 5641 1),
979 5571 1074 5626 sed
1099 5571 1241 5641 quod
1282 5570 1384 5641 ipsi
1407 5569 1575 5640 iudici
1606 5577 1662 5626 et

81 5647 308 5723 largitori
334 5662 501 5718 veniae
532 5662 835 5728 credentes,
853 5661 944 5730 qui
970 5675 1030 5716 se
1050 5670 1103 5716 et
1125 5661 1501 5731 paenitentiam
1520 5677 1662 5718 sem—

82 5754 170 5812 per
193 5763 556 5822 accepturum,
589 5764 643 5810 et
676 5755 817 5810 hanc
860 5753 1252 5827 blasphemiam
1276 5770 1543 5824 nusquam
1581 5755 1662 5810 di-

80 5830 156 5894 cit
192 5852 310 5900 esse
351 5847 736 5916 paenitendam,
782 5847 1068 5904 credamus
1113 5847 1258 5903 hunc
1308 5846 1662 5918 blasphemia:

1770 3345 1893 3412 sim,
1926 3345 2048 3401 talis
2073 3347 2256 3417 opinio
2283 3357 2448 3418 atque
2487 3349 2845 3419 blasphemia,
2874 3363 3187 3420 quanquam
3210 3349 3368 3420 culpa

1767 3455 1876 3494 non
1901 3449 2089 3495 careat
2114 3441 2335 3505 erroris,
2365 3451 2544 3497 tamen
2573 3441 2740 3498 habet
2757 3442 2974 3497 veniam
2997 3448 3220 3513 pmpter
3247 3457 3370 3498 cor-

1768 3531 1916 3600 poris
1942 3531 2226 3588 vilitatem.
2258 3531 2392 3588 Nam
2423 3533 2476 3588 in
2505 3549 2571 3589 eo
2606 3534 2750 3604 quod
2777 3533 3039 3603 sequitur.

1842 3621 1945 3687 Qui
1992 3633 2166 3677 autem
2193 3624 2388 3679 dixerit
2434 3636 2619 3680 contra
2665 3624 2922 3697 Spiritum
2965 3637 3229 3694 sanctum,
3262 3643 3366 3682 non

1769 3716 2060 3770 remittetur
2087 3717 2150 3779 ei,
2180 3733 2343 3788 neque
2385 3720 2440 3773 in
2483 3719 2582 3773 hoc
2608 3719 2824 3785 swculo,
2863 3737 3025 3790 neque
3071 3721 3127 3774 in
3163 3721 3363 3790 futuro.

1770 3806 1974 3880 (Greg.)
2010 3809 2090 3862 Ex
2133 3809 2218 3864 his
2251 3811 2432 3865 verbis
2469 3810 2680 3866 Domini
2722 3811 2884 3866 datur
2924 3811 3148 3883 intelligi
3195 3827 3363 3882 quas-

1768 3900 1890 3954 dam
1917 3899 2102 3970 culpas
2136 3900 2190 3954 in
2236 3901 2341 3956 hoc
2383 3902 2601 3969 saeculo,
2631 3904 2894 3973 quasdam
2930 3917 3063 3959 vero
3092 3904 3147 3958 in
3184 3901 3368 3960 futuro

1767 3991 1958 4047 laxari.
2007 3991 2160 4059 Quod
2186 3993 2332 4048 enim
2371 3994 2438 4049 de
2478 4009 2586 4049 uno
2615 4003 2864 4065 negatur,
2912 4009 3254 4065 consequens
3286 3996 3367 4050 in-

1768 4083 2014 4138 tellectus
2040 4092 2189 4153 patet
2227 4084 2354 4154 quia
2397 4085 2463 4139 de
2496 4086 2821 4155 quibusdam
2873 4086 3206 4142 conceditur.
3259 4085 3366 4143 Sed

1767 4182 1947 4230 tamen
1976 4175 2081 4231 hoc
2105 4176 2170 4230 de
2199 4176 2381 4246 parvis
2411 4177 2758 4248 minimisque
2794 4179 3029 4248 peccatis
3064 4178 3182 4234 ﬁeri
3203 4193 3366 4249 posse

1765 4269 2094 4323 credendum
2139 4277 2224 4323 est
2257 4287 2269 4322 :
2307 4269 2448 4324 sicut
2486 4279 2572 4325 est
2618 4270 2867 4326 assiduus
2909 4273 3116 4328 otiosus
3159 4287 3361 4339 sermo,

1765 4361 2155 4416 immoderatus
2184 4361 2344 4427 risus,
2368 4371 2423 4416 et
2450 4371 2732 4432 peccatum
2762 4378 2906 4417 curae
2934 4364 3011 4418 rei
3039 4363 3321 4418 familiaris
3346 4381 3360 4418 :

1763 4467 1884 4522 quae
1922 4453 2011 4525 vix
2044 4454 2158 4508 sine
2184 4453 2342 4524 culpa
2384 4455 2467 4509 vel
2511 4456 2579 4509 ab
2620 4455 2752 4524 ipsis
2779 4456 2960 4525 agitur
3006 4456 3097 4524 qui
3147 4455 3362 4525 culpam

1763 4544 1996 4613 qualiter
2039 4545 2301 4600 declinari
2349 4545 2544 4600 debeat
2571 4546 2789 4601 sciunt:
2825 4555 2918 4600 aut
2955 4547 3010 4601 in
3049 4561 3157 4602 non
3187 4548 3365 4617 gravi-

1762 4635 1863 4690 bus
1903 4635 2078 4706 culpis
2124 4650 2312 4690 errore
2370 4636 2732 4706 ignorantiae;
2783 4652 2906 4707 qua:
2954 4643 3152 4692 cuncta
3198 4637 3364 4692 etiam

1759 4735 1884 4796 post
1935 4735 2167 4782 mortem
2199 4736 2444 4798 gravant,
2491 4728 2537 4782 si
2580 4728 2757 4784 adhuc
2805 4728 2858 4783 in
2909 4729 3013 4785 hac
3034 4729 3145 4784 vita
3170 4729 3365 4800 positis

1761 4821 1984 4876 minime
2031 4819 2231 4874 fuerint
2281 4820 2543 4874 relaxata.
2585 4820 2698 4876 Hoc
2739 4828 2920 4876 tamen
2970 4819 3250 4876 sciendum
3282 4829 3366 4877 cst

1761 4913 1889 4984 quia
1917 4913 2043 4978 illic,
2081 4912 2274 4968 saltem
2305 4914 2370 4967 de
2399 4913 2658 4978 minimis,
2705 4913 2780 4968 nil
2829 4913 3058 4984 quisque
3087 4915 3365 4986 purgatio-

1763 5008 1849 5062 nis
1877 5006 2162 5070 oblinebit,
2211 5006 2314 5061 nisi
2347 5007 2504 5062 bonis
2546 5007 2649 5061 hoc
2691 5007 2902 5062 actibus
2940 5008 2994 5062 in
3035 5007 3138 5063 hac
3186 5008 3364 5063 adhuc

1762 5102 1875 5156 vita
1911 5102 2140 5170 positus,
2171 5109 2233 5154 ut
2260 5101 2369 5156 illic
2401 5101 2667 5167 obtineat,
2695 5108 3091 5172 promereatur.
3253 5166 3260 5170 δ

1834 5194 1937 5247 Aut
1971 5193 2128 5262 facite
2157 5195 2394 5248 arborem
2425 5194 2614 5248 bonam
2643 5203 2694 5250 et
2729 5195 2958 5265 fructum
2999 5194 3117 5265 ejus
3147 5193 3361 5249 bonum.

1764 5283 1868 5336 Aut
1890 5281 2048 5352 facite
2088 5284 2328 5338 arborem
2368 5284 2564 5338 malam
2614 5289 2664 5337 et
2703 5283 2933 5352 fructum
2975 5283 3092 5355 ejus
3137 5283 3359 5340 malum.

1764 5374 1851 5429 Ea:
1895 5375 2152 5445 fructibus
2191 5376 2447 5449 siquidem
2486 5377 2648 5431 arbor
2675 5378 2998 5448 agnoscitur.
3029 5377 3366 5450 Constriugit

1764 5484 1860 5525 eos
1903 5469 2247 5542 syllogismo,
2294 5483 2457 5540 quem
2499 5468 2677 5527 Graeci
2722 5477 2918 5524 vocant
2945 5469 3169 5543 δίλημμα
3225 5469 3360 5544 [Al.,

1757 5565 2049 5640 ἀφύκτον],
2097 5581 2195 5621 nos
2262 5564 2630 5621 inevitabilem
2689 5580 2979 5635 possumus
3039 5564 3358 5637 appellare:

1759 5659 1851 5729 qui
1901 5659 2260 5728 interrogatos
2311 5658 2439 5712 hinc
2491 5657 2620 5713 inde
2679 5656 2984 5722 concludit,
3026 5663 3081 5712 et
3129 5664 3360 5726 utroque

1759 5766 1929 5807 cornu
1973 5751 2188 5820 premit.
2222 5749 2303 5817 Si,
2355 5749 2550 5819 inquit.
2583 5747 2834 5804 diabolus
2862 5749 3037 5806 malus
3071 5757 3176 5814 est,
3215 5749 3357 5803 bona

1759 5861 1925 5916 opera
1975 5843 2152 5901 facere
2181 5859 2288 5899 non
2317 5829 2523 5916 potest;
2555 5843 2604 5899 si
2636 5849 2814 5899 autem
2857 5842 2998 5898 bona
3019 5855 3184 5912 Opera
3208 5843 3356 5903 sunt,
