3914 6512
136 341 278 401 933

1177 330 1529 389 COMMENT.
1572 328 1639 383 IN
1676 327 2106 385 MATTHIEUM.
2148 362 2219 371 —
2256 330 2382 387 LIB.
2421 331 2503 387 IV.

3331 333 3434 390 9'54

140 460 351 514 videre
399 455 463 508 de
511 452 658 506 ccelo.
685 448 785 506 Vel
815 449 866 504 in
899 463 1051 502 more
1085 445 1216 503 Eliae
1250 448 1424 517 ignem
1452 447 1515 500 de
1544 443 1756 498 sublimi
1791 446 1836 503 Λ
1865 441 1995 497 illud
2021 446 2316 514 qurestione
2347 462 2451 500 non
2487 445 2762 517 indignum
2793 461 2912 502 esse
2938 447 3173 514 videtur,
3205 450 3430 519 quomo-

140 551 364 604 venire
415 545 701 615 cupiebant
748 541 855 613 (ιν
882 541 1009 612 Reg.
1053 541 1113 611 ι),
1142 539 1222 595 vel
1269 542 1320 594 in
1352 539 1756 594 similitudinem

148 639 448 694 Samuelis
479 645 717 705 tempore
747 634 933 687 azstivo
976 633 1180 702 mugire
1227 631 1480 694 tonitrua,
1509 646 1760 685 corusca-

147 747 229 787 re
261 732 497 800 fulgura,
527 729 728 782 imbres
758 740 918 779 ruere
947 723 999 796 (Ι
1034 725 1159 794 Reg.
1184 724 1304 795 xu).
1329 724 1490 790 Quasi
1512 740 1617 779 non
1640 740 1764 793 pos-

150 823 289 876 sint
322 829 376 876 et
412 821 501 875 illa
556 817 896 882 calumniari,
928 826 984 870 et
1013 816 1191 869 dicere
1229 832 1292 870 ex
1323 817 1548 872 occultis
1577 825 1630 871 et
1663 831 1762 870 va-

153 915 276 971 riis
308 915 452 970 aeris
497 912 839 984 passionibus
897 909 1176 964 accidisse.
1209 909 1279 962 At
1324 907 1503 982 [Nam]
1542 910 1631 979 qui
1673 923 1761 963 ca-

149 1005 467 1059 lumniaris
494 1018 558 1059 ea
588 1018 706 1072 quae
732 1001 903 1055 oculis
929 999 1100 1064 vides,
1133 1000 1186 1053 in
1218 1015 1381 1054 manu
1413 1007 1584 1065 tenes,
1613 1000 1759 1076 utili-

154 1103 292 1149 tate
349 1093 537 1156 sentis,
570 1090 696 1162 quid
744 1088 911 1144 facies
941 1089 1006 1143 de
1041 1089 1127 1143 his
1156 1103 1275 1158 qua:
1322 1088 1388 1144 de
1437 1091 1576 1145 coelo
1599 1104 1761 1146 vene-

153 1183 358 1238 runt?
413 1183 608 1252 Utique
659 1181 1007 1250 respondebis
1064 1191 1118 1235 et
1170 1196 1354 1251 magos
1411 1183 1465 1236 in
1530 1181 1761 1254 Egypto

155 1273 348 1328 multa
378 1273 528 1344 signa
558 1271 750 1327 fecisse
775 1274 838 1327 de
870 1271 1027 1326 cmlo.

249 1362 360 1429 Qui
412 1363 726 1434 respondens
756 1364 828 1417 ait
852 1363 957 1417 illis
985 1379 1004 1417 :
1035 1359 1309 1417 Generatio
1354 1364 1497 1418 mala
1526 1373 1573 1418 et
1603 1364 1760 1417 adul-

156 1467 290 1511 tera
318 1458 524 1527 signum
557 1458 764 1526 quierit.
800 1457 1022 1527 Egregie
1051 1457 1185 1511 dixit
1215 1457 1479 1525 adultera,
1510 1458 1636 1528 quia
1683 1460 1761 1514 di-

155 1546 405 1600 miserat
433 1547 627 1611 virum,
656 1554 727 1610 et,
743 1545 898 1613 juxta
931 1547 1290 1613 Ezechielem,
1317 1547 1499 1603 multis
1527 1561 1584 1603 se
1614 1562 1762 1602 ama-

158 1636 390 1691 toribus
416 1636 760 1705 copulaverat
791 1635 1006 1707 (Ezech.
1037 1636 1165 1708 xw).

245 1725 328 1780 Et
343 1733 550 1797 signum
580 1742 682 1780 non
711 1727 922 1780 dabitur
954 1729 1021 1792 ei,
1056 1729 1156 1782 nisi
1185 1730 1388 1800 signant
1439 1728 1594 1785 lana:
1633 1748 1759 1801 pro-

1864 540 1930 594 do
1957 538 2205 593 Salvator
2235 542 2406 596 tribus
2436 542 2622 596 diebus
2651 549 2705 595 et
2731 543 2902 596 tribus
2925 542 3173 598 noctibus
3200 542 3253 596 in
3275 543 3436 598 corde

1862 637 2018 684 terra:
2068 631 2245 695 fuerit,
2304 646 2426 686 cum
2483 633 2594 702 ipse
2642 633 2694 686 in
2745 632 3044 688 Parasceve
3092 633 3230 689 hora
3281 633 3435 703 quasi

1861 730 2010 775 sexta
2040 723 2108 775 sit
2135 721 2445 787 cruciﬁxus,
2490 733 2545 777 et
2575 724 2628 777 in
2660 739 2767 778 una
2796 723 3143 780 sabbatorum
3171 725 3326 780 valde
3353 724 3435 779 di-

1862 811 2040 866 luculo
2092 816 2390 868 resurrexit
2436 830 2465 868 a
2496 817 2741 873 mortuis.
2797 817 2982 888 Itaque
3032 817 3435 890 intelligendum

1859 911 1948 957 est
1976 901 2108 958 illud
2147 906 2537 976 synecdochice
2591 908 2814 974 dictum,
2865 909 2969 965 hoc
2995 917 3108 975 est,
3131 911 3182 965 si
3204 910 3308 966 diti
3336 909 3435 964 Pa-

1861 1009 2111 1053 rasceves
2135 1006 2366 1068 partem,
2419 1015 2526 1068 qua
2555 998 2796 1070 sepultus
2845 1009 2950 1066 est,-
2995 1013 3122 1056 eum
3163 1003 3437 1072 [παρθενίη

1860 1097 2022 1143 nocte
2071 1105 2173 1159 pro
2219 1098 2378 1146 nocte
2425 1098 2481 1144 et
2507 1091 2594 1146 die
2622 1092 2876 1162 accipias,
2933 1094 3038 1148 hoc
3060 1102 3167 1159 est,
3195 1101 3435 1164 prototo

1862 1177 1950 1232 die
2006 1180 2213 1234 sabbati
2260 1188 2472 1235 noctem
2498 1189 2554 1235 et
2599 1183 2739 1238 diem
2790 1183 3086 1254 integrum,
3134 1192 3190 1238 et
3217 1193 3433 1239 noctem

1868 1268 2198 1326 Dominicam
2253 1288 2376 1327 cum
2433 1275 2623 1329 eodem
2677 1275 2764 1330 die
2816 1275 3190 1331 illusceseeme
3227 1290 3293 1331 ac
3339 1289 3438 1346 per

1859 1362 1966 1415 hoc
1999 1362 2308 1432 incipiente,
2334 1372 2542 1434 partem
2568 1379 2669 1436 pro
2703 1373 2831 1432 toto,
2864 1367 3038 1421 babes
3059 1365 3302 1437 profecto
3332 1365 3437 1420 tri-

1863 1451 2027 1506 duum
2056 1461 2110 1506 et
2145 1461 2255 1508 tres
2285 1462 2488 1510 noctes.
2524 1454 2712 1527 (Aug.)‘
2756 1454 2866 1510 Nec
2912 1455 3041 1510 illud
3069 1454 3232 1510 etiam
3260 1456 3438 1510 minus

1864 1543 2314 1598 considerandum
2353 1553 2440 1599 est
2469 1547 2613 1615 quod
2658 1545 2848 1616 simpla
2889 1557 3036 1600 mors
3061 1539 3439 1616 Redemptoris

1865 1635 2036 1689 nostri
2062 1634 2264 1704 profuit
2292 1635 2467 1707 dupla:
2497 1646 2713 1702 nostrae,
2743 1645 2798 1692 et
2820 1637 3010 1706 sinam
3047 1637 3164 1708 ejus
3193 1647 3437 1692 resone-

1863 1729 1973 1784 ctio
2020 1729 2223 1799 profuit
2272 1730 2445 1800 dupla:
2498 1737 2719 1786 nostrae.
2753 1730 2897 1786 Mors
2922 1732 3106 1786 carnis
3126 1731 3242 1802 ejus
3270 1738 3326 1787 et
3351 1743 3437 1788 re—

155 1817 364 1888 phetie.
403 1817 606 1888 Duplici
658 1817 832 1872 fuerat
885 1821 1184 1888 quaestione
1224 1821 1467 1892 pulsatus
1498 1841 1508 1875 :
1542 1821 1761 1892 quidam
1791 1817 1840 1877 B
1869 1822 2133 1876 surrectio
2181 1823 2298 1893 ejus
2347 1836 2491 1877 mors
2537 1823 2715 1877 carnis
2751 1831 2969 1888 nostrae,
3005 1827 3062 1877 et
3115 1823 3437 1878 resurrectio

157 1909 325 1962 enim
365 1908 834 1964 calumniabantur
860 1925 982 1965 eum
1007 1911 1058 1963 in
1085 1909 1381 1967 Beelzebub
1407 1914 1628 1982 eje’cisse
1653 1915 1760 1968 dat-

158 2002 363 2058 monia
395 2021 408 2056 :
438 2004 632 2074 quibus
654 2005 916 2060 hactenus
940 2015 1023 2060 est
1051 2019 1366 2076 responsum
1394 2023 1407 2072 ;
1441 2016 1494 2061 et
1519 2007 1608 2062 alii
1641 2018 1757 2062 tcn-

161 2101 387 2160 tantes,
446 2097 654 2164 signum
708 2097 773 2152 de
803 2097 938 2151 coelo
969 2100 1282 2166 quaerebant
1333 2099 1399 2152 ab
1425 2113 1488 2154 eo
1519 2117 1532 2154 :
1562 2101 1758 2170 quibus

159 2182 246 2236 ab
277 2183 407 2239 hinc
428 2184 754 2257 respondere
785 2187 971 2257 incipit
995 2204 1009 2252 ;
1044 2201 1147 2241 non
1171 2189 1248 2243 eis
1271 2189 1482 2261 signum
1512 2192 1575 2245 de
1599 2192 1755 2258 ccelo,

160 2276 326 2344 quod
355 2277 556 2347 indigni
583 2286 740 2332 erant
764 2279 961 2341 videre,
1016 2295 1204 2334 verum
1261 2283 1325 2334 de
1382 2283 1647 2352 profundo
1677 2284 1760 2338 in-

161 2367 322 2422 ferni
350 2369 608 2434 tribuens,
643 2371 800 2439 quale
828 2369 993 2426 Jonas
1049 2373 1310 2442 propheta
1345 2373 1642 2445 naufragus
1667 2391 1749 2430 ce-

159 2465 346 2528 toque
398 2460 650 2515 sorbeute
701 2471 935 2525 voratus,
996 2463 1088 2517 sed
1138 2463 1202 2517 de
1247 2464 1444 2535 abysso
1474 2481 1536 2519 ac
1571 2468 1761 2523 mortis

163 2549 338 2606 fauce
365 2549 644 2617 liberatus,
674 2560 728 2607 et
758 2554 966 2623 accepit
989 2563 1045 2607 et
1074 2554 1221 2608 dedit
1249 2555 1481 2625 signum,
1512 2555 1760 2612 videlicet

165 2645 589 2710 incarnationis,
623 2660 729 2699 non
774 2646 1092 2708 divinitatis,
1127 2647 1416 2715 passionis,
1447 2659 1553 2701 non
1593 2649 1761 2718 glori-

164 2736 449 2792 ﬁcationis
473 2736 618 2808 (Jan.
653 2751 713 2802 n,
743 2736 847 2808 ill).
894 2736 1177 2806 Discipulis
1204 2747 1380 2792 autem
1411 2739 1522 2792 suis
1549 2739 1759 2809 signum

168 2830 242 2886 de
277 2830 416 2886 caelo
470 2831 633 2894 dedit,
666 2830 861 2899 quibus
887 2838 1100 2884 mternze
1154 2831 1498 2885 beatitudinis
1533 2833 1760 2903 gloriam

168 2931 227 2978 et
260 2924 414 2993 prius
440 2921 734 2994 ﬁguraliter
763 2923 818 2976 in
864 2931 1048 2976 monte
1095 2924 1530 2991 transformatus,
1561 2933 1615 2980 et
1642 2933 1763 2994 post

173 3017 454 3069 veraciter
516 3015 569 3070 in
622 3014 818 3069 ccelum
880 3015 1208 3080 sublevatus,
1275 3016 1524 3070 ostendit.
1578 3017 1761 3089 (Aug.)

171 3107 433 3161 Ostendit
459 3107 676 3177 quidem
703 3105 916 3162 Judaeos
941 3107 1112 3161 instar
1141 3106 1497 3162 Ninivitarum
1524 3111 1762 3178 peccatis

176 3196 442 3270 gravibus
478 3198 767 3264 involutos,
797 3207 850 3253 et
895 3191 1255 3264 subversioni,
1291 3200 1335 3252 si
1360 3215 1464 3254 non
1489 3201 1760 3269 poenitue-
1790 3176 1836 3239 δ

153 3283 318 3354 ἰ’ἱιιι,
376 3305 492 3345 esse
522 3291 816 3360 proximos.
875 3289 1073 3344 Verum
1116 3291 1253 3345 sicut
1282 3287 1533 3347 Ninivitis
1559 3291 1762 3347 denun-

161 3381 356 3434 ‘ti'atur
381 3380 724 3450 supplicium,
778 3387 833 3433 et
854 3380 1150 3434 remedium
1206 3381 1627 3448 demonstratur,
1685 3385 1761 3438 ita

178 3473 352 3527 etiam
379 3470 550 3526 Judaei
587 3487 696 3526 non
717 3469 918 3525 debent
945 3471 1233 3540 desperare
1277 3472 1684 3544 indulgentiam,
1714 3476 1760 3530 si

177 3565 357 3619 velint
390 3578 548 3634 agere
593 3563 987 3634 pmnitentiam,
1017 3563 1142 3632 quia
1179 3578 1326 3617 mors
1357 3563 1652 3619 Salvatoris
1679 3582 1764 3622 re-

180 3654 496 3711 conciliatio
523 3663 608 3708 est
633 3652 838 3707 mundi.
869 3651 1019 3707 Unde
1047 3662 1101 3707 et
1123 3653 1364 3723 sequitur
1391 3671 1404 3704 :

267 3745 417 3801 Sicut
449 3746 548 3815 fuit
578 3742 747 3798 Ionas
780 3743 835 3796 in
856 3752 1030 3796 ventre
1058 3744 1154 3796 ceti
1183 3743 1347 3798 tribus
1375 3744 1555 3799 diebus
1589 3755 1638 3800 et
1664 3749 1762 3800 tri"-

171 3827 287 3888 -bus
321 3834 578 3899 noctibus,
629 3833 703 3886 sic
755 3832 850 3886 erit
886 3833 1029 3900 ﬁlius
1082 3832 1306 3885 hominis
1354 3834 1406 3885 in
1434 3833 1588 3887 corde
1613 3844 1766 3889 terra:

183 3927 356 3981 tribus
387 3925 565 3980 diebus
616 3937 662 3980 et
692 3926 855 3979 tribus
903 3925 1156 3979 noctibus.
1183 3923 1408 3996 (ΜΑυιι.)
1439 3923 1590 3993 Quod
1636 3944 1764 4000 ergo

186 4019 356 4076 Jonas
390 4029 570 4090 typum
599 4019 895 4074 Salvatoris
930 4019 1183 4083 tenuerit,
1220 4034 1282 4072 ex
1315 4019 1416 4072 hoc
1446 4019 1562 4074 loco
1594 4021 1766 4075 maui-

188 4115 390 4171 festum
416 4123 499 4168 est
527 4131 538 4166 :
573 4112 698 4182 quia
749 4112 887 4165 sicut
916 4110 1003 4166 ille
1050 4112 1117 4166 ad
1145 4111 1586 4180 praedicationem
1615 4112 1766 4167 Nini-

189 4223 306 4269 ves,
336 4221 453 4274 qua:
490 4204 876 4274 interpretatur
904 4207 1155 4273 speciosa,
1189 4203 1259 4255 ita
1311 4202 1558 4256 Salvator
1586 4203 1653 4258 ad
1676 4219 1763 4257 sa-

192 4298 358 4352 lutent
408 4297 648 4367 gentium
692 4295 890 4348 missus
917 4303 1017 4348 est.
1065 4293 1454 4362 Interpretatur
1502 4293 1766 4363 siquidem

194 4388 362 4444 Jonas
391 4386 630 4440 columba
682 4386 793 4439 sive
845 4385 1064 4450 dolens;
1097 4393 1150 4438 et
1188 4387 1381 4439 merito
1411 4387 1525 4439 hate
1549 4385 1792 4439 nomina.

195 4486 503 4549 competunt
543 4475 887 4545 Redemptori
931 4485 1134 4540 nostro,
1165 4490 1328 4545 super
1351 4490 1510 4544 quem
1541 4476 1766 4531 descen-

197 4575 279 4629 dit
309 4573 540 4644 Spiritus
560 4577 778 4624 sanctus
806 4569 860 4622 in
887 4567 1068 4636 specie
1093 4567 1375 4633 columbae,
1400 4576 1454 4621 et
1474 4568 1766 4622 secundum

198 4668 340 4738 quod
363 4667 622 4738 propheta
658 4663 721 4718 de
750 4677 815 4716 eo
836 4661 944 4714 ait:
977 4657 1104 4712 Vere
1127 4659 1403 4729 languores
1432 4670 1635 4714 nostros
1663 4661 1769 4730 ipse

201 4759 341 4823 tulit,
372 4767 418 4811 et
449 4755 651 4810 dolores
678 4762 879 4807 nostros
907 4752 1012 4820 ipse
1059 4751 1282 4821 portavit
1336 4749 1468 4821 (Isa.
1509 4750 1647 4821 Lm).
1682 4749 1771 4803 Pi-

203 4853 308 4908 scis
336 4858 513 4904 autem
542 4846 632 4917 qui
657 4842 848 4898 Jonam
878 4842 1152 4896 devoravit
1204 4842 1256 4895 in
1282 4842 1472 4911 pelago
1501 4842 1770 4912 signiﬁcat

204 4953 428 5001 mortem
459 4958 619 5013 quam
648 4939 896 4994 Christus
923 4950 1208 5004 perpessus
1258 4945 1339 4990 est
1379 4937 1432 4990 in
1464 4936 1680 4990 mundo.
1711 4935 1767 4988 In

205 5044 388 5091 ventre
414 5050 542 5106 ergo
565 5033 670 5089 ceti
695 5032 858 5088 Jonas
893 5043 1011 5088 erat
1058 5031 1228 5084 tribus
1275 5028 1463 5082 diebus
1500 5035 1554 5082 et
1598 5028 1770 5081 tribus

210 5127 472 5192 noctibus,
501 5133 557 5180 et
607 5123 853 5180 Salvator
901 5131 1083 5178 noster
1110 5121 1162 5173 in
1218 5127 1391 5173 morte
1437 5118 1490 5170 in
1521 5118 1767 5185 sepulcro

179 5283 182 5286 η
211 5220 307 5274 fuit
331 5219 502 5272 tribus
528 5217 718 5270 diebus
759 5222 812 5268 et
839 5214 1008 5267 tribus
1035 5209 1302 5264 noctibus.
1333 5205 1588 5276 Tuncque
1617 5223 1766 5261 com-

211 5311 404 5381 pletum
458 5314 540 5362 est
595 5305 722 5358 illud
752 5304 892 5373 quod
943 5302 1139 5372 legitur
1193 5300 1248 5352 in
1282 5298 1416 5354 Osea
1449 5316 1462 5352 :
1495 5297 1603 5351 Ero
1632 5316 1768 5352 mors

213 5416 317 5469 tua,
373 5421 402 5457 ο
453 5417 638 5464 mors;
685 5415 772 5453 ero
824 5411 1025 5450 morsus
1067 5404 1207 5460 tuus,
1246 5409 1274 5445 ο
1304 5392 1504 5462 inferne
1532 5393 1557 5444 ?
1621 5391 1766 5462 (Ose.
1851 5452 1854 5454 _

1846 5485 1999 5548 “ista,
2029 5491 2075 5535 et
2134 5477 2496 5534 condemnabit
2525 5492 2658 5529 eam.
2718 5472 2898 5546 (ΗΑΒ.)
2929 5472 3316 5531 Condemnabit
3343 5477 3450 5532 uti-

214 5496 346 5566 xnt).
380 5496 447 5550 Et
477 5494 618 5550 sicut
673 5490 837 5545 Jonas
881 5491 934 5543 in
980 5496 1166 5543 ventre
1195 5484 1358 5556 piscis
1388 5501 1493 5540 non
1523 5500 1776 5553 perman—

215 5587 297 5652 sit,
322 5585 415 5640 sed
445 5583 649 5652 ejectus
672 5589 758 5636 est
784 5580 838 5634 in
893 5580 1117 5643 aridam,
1152 5579 1227 5632 ita
1285 5575 1576 5630 Salvatoris
1608 5577 1777 5630 nostri

219 5677 388 5732 anima
416 5691 524 5730 non
556 5674 741 5727 relicta
789 5679 872 5725 est
924 5671 973 5724 in
1020 5668 1256 5732 inferno,
1301 5683 1472 5736 neque
1501 5683 1627 5721 caro
1659 5669 1777 5737 ejus

219 5768 347 5821 vidit
397 5766 816 5836 corruptionem,
851 5764 943 5817 sed
1000 5762 1294 5815 resurrexit
1321 5761 1373 5814 in
1402 5761 1590 5830 gloria.
1642 5758 1775 5816 Nam

1793 4537 1846 4595 D

1863 1914 1982 1985 ejus
2037 1929 2182 1968 mors
2232 1915 2424 1968 animai
2453 1923 2651 1970 nostrae
2700 1924 2755 1970 et
2805 1915 3136 1971 resurrectio
3159 1924 3262 1971 est.
3299 1915 3439 1971 Duas

1862 2014 2069 2062 mortes
2098 2016 2334 2073 nostras,
2374 2016 2430 2062 et
2456 2009 2589 2063 duas
2620 2009 3043 2063 resurrectiones
3069 2014 3302 2073 nostras,
3333 2008 3439 2063 duo

1863 2108 1917 2152 et
1968 2100 2072 2153 duo
2121 2109 2353 2169 quatuor
2405 2109 2576 2156 sunt:
2619 2117 2782 2156 unam
2834 2110 3062 2157 mortem
3116 2101 3326 2157 Domini
3384 2109 3439 2157 et

1864 2203 2027 2245 unam
2060 2195 2510 2248 resurrectionem
2542 2195 2657 2264 ejus
2685 2193 2818 2248 adde
2847 2195 2912 2249 ad
2942 2199 3172 2263 quatuor
3219 2201 3436 2248 nostras

1863 2289 1917 2336 et
1940 2297 2031 2336 sex
2065 2281 2288 2338 faciunt.
2340 2282 2511 2354 igitur
2557 2285 2807 2355 simplum
2858 2283 3074 2338 Domini
3116 2277 3171 2338 et
3217 2283 3435 2354 duplum

1863 2382 2110 2426 nostrum
2143 2382 2254 2429 tres
2283 2383 2428 2439 sunt,
2461 2382 2516 2429 et
2541 2381 2651 2430 tres
2679 2382 2862 2445 partes
2885 2373 3050 2427 habet
3098 2366 3298 2428 senarii
3333 2388 3438 2426 nu-

1865 2463 2021 2527 meri,
2059 2464 2201 2532 quod
2257 2463 2696 2534 signiﬁcaverunt
2729 2463 2945 2533 triginta
2979 2470 3089 2518 tres
3122 2464 3290 2528 horae,
3319 2461 3440 2532 qui-

1863 2553 1964 2608 bus
1993 2553 2092 2608 fuit
2121 2542 2378 2609 Dominus
2403 2556 2457 2608 In
2490 2555 2722 2610 inferno.
2755 2553 2890 2608 Huic
2916 2553 3110 2625 si'mplo
3131 2561 3437 2626 congruunt

1860 2643 2143 2699 duodecim
2166 2646 2314 2699 hom
2343 2645 2563 2708 diurnm,
2589 2653 2645 2700 et
2673 2645 2860 2716 viginti
2891 2653 3124 2714 quatuor
3135 2651 3433 2700 nocturnae.

1863 2737 2002 2793 Item
2025 2740 2214 2809 viginti
2261 2747 2492 2808 quatuor
2536 2739 2601 2793 ad
2657 2737 2874 2807 duplam
2933 2745 3163 2792 mortem
3196 2745 3437 2792 nostram

1865 2833 2214 2895 conveniunt,
2249 2839 2304 2885 et
2333 2831 2435 2885 illae
2482 2830 2762 2885 duodecim
2791 2829 2937 2883 horae
2965 2827 3032 2882 ad
3080 2834 3308 2882 mortem
3336 2827 3441 2882 Do-

1865 2922 1999 2975 mini
2030 2922 2298 2993 simplam.
2331 2921 2449 2975 Non
2481 2930 2662 2975 autem
2707 2920 2978 2980 immerito
3029 2931 3138 2972 uno
3162 2917 3252 2973 die
3272 2919 3325 2972 in
3356 2932 3440 2973 se-

1864 3013 2056 3082 pulcro
2083 3022 2137 3067 et
2166 3014 2372 3068 duabus
2421 3013 2668 3067 noctibus
2697 3011 2888 3082 jacuit,
2919 3008 3044 3079 (pila
3080 3008 3330 3064 videlicet
3357 3008 3438 3061 Iu-

1870 3121 1988 3161 cem
2015 3121 2124 3162 suae
2152 3107 2358 3176 simplae
2383 3106 2574 3161 mortis
2598 3105 2838 3160 tenebris
2865 3103 3040 3173 dupla
3068 3110 3267 3157 nostrae
3293 3114 3439 3156 mor-

1871 3201 1940 3255 tis
1967 3199 2211 3268 adiunxit
2235 3217 2247 3251 :
2281 3199 2348 3253 ad
2373 3213 2472 3253 nos
2494 3198 2689 3268 quippe
2714 3196 2883 3260 venit,
2933 3195 3024 3264 qui
3054 3195 3109 3248 in
3132 3200 3308 3249 morte
3329 3192 3436 3263 spi-

1870 3293 2007 3346 ritus
2051 3292 2336 3360 carnisque
2364 3290 2700 3355 tenebamur,
2734 3302 2899 3342 unam
2927 3287 3120 3341 adnos
3174 3299 3348 3350 suam,
3377 3286 3433 3340 id

1869 3392 1969 3438 est.
2028 3383 2212 3438 carnis
2243 3390 2474 3434 mortem
2528 3380 2738 3443 detulit,
2788 3389 2845 3433 et
2875 3380 3017 3434 duas-
3059 3385 3274 3433 nostras
3309 3391 3442 3446 quas

1869 3473 2092 3542 recepit,
2147 3470 2328 3527 solvit.
2366 3470 2423 3524 Si
2474 3469 2621 3525 enim
2665 3470 2783 3538 ipse
2805 3477 3091 3536 utramque
3123 3465 3442 3535 susciperet,

1858 3577 1973 3620 nos
1999 3579 2030 3618 a
2066 3562 2212 3617 nulla
2243 3561 2500 3617 liberaret
2524 3599 2542 3626 ,
2570 3561 2665 3616 sed
2713 3573 2876 3614 unum
2905 3555 3328 3612 misericorditer
3348 3569 3442 3610 ac-

1876 3659 2032 3728 eepit,
2063 3665 2117 3712 et
2159 3655 2308 3724 juste
2337 3663 2628 3722 utramque
2664 3651 2964 3711 damnavit.
3015 3649 3262 3719 simplum
3289 3661 3442 3704 suam

1869 3749 2046 3818 dupla:
2074 3757 2276 3804 nostrae
2302 3745 2551 3812 contulit,
2603 3751 2662 3799 et
2687 3743 2910 3813 duplam
2936 3749 3177 3800 nostram
3207 3739 3444 3800 moriens

1871 3841 2103 3911 subegit.

1953 3933 2064 3988 Viri
2093 3931 2349 3988 Ninivim
2386 3940 2598 4002 surgent
2625 3931 2682 3985 in
2707 3929 2913 4000 judicio
2959 3943 3078 3984 cum
3109 3926 3442 3996 generatione

1867 4025 1988 4087 ista,
2021 4033 2070 4078 et
2089 4021 2503 4078 condemnatum
2529 4038 2666 4087 eam,
2686 4021 2813 4090 quia
2854 4018 3206 4090 minuendam
3231 4027 3445 4088 egerunt

1869 4113 1928 4169 in
1965 4112 2338 4181 pradicatiane
2370 4110 2546 4176 Jones,
2587 4121 2636 4164 et
2657 4127 2771 4166 ecce
2794 4109 2912 4180 plus
2930 4125 3088 4180 quam
3129 4108 3298 4164 Jonas
3341 4108 3446 4162 hic.

1873 4201 2103 4271 (Meum)
2140 4201 2588 4257 Coudemnabunt
2634 4215 2766 4270 ergo
2811 4199 3060 4258 Ninivitm
3105 4206 3320 4268 gentem
3347 4196 3445 4258 Jur-

1871 4293 2137 4358 dazorum,
2169 4307 2275 4347 non
2329 4292 2609 4350 sententiae
2654 4298 2942 4360 potestate,
2984 4290 3077 4347 sed
3104 4290 3229 4346 vitae
3259 4303 3448 4346 corre-

1871 4383 2049 4439 ctione
2082 4402 2094 4436 :
2125 4383 2271 4451 quod
2295 4382 2421 4451 quia
2451 4380 2620 4436 Judaei
2646 4396 2754 4436 non
2776 4379 3042 4446 fecerunt,
3065 4380 3260 4444 merito
3285 4393 3318 4436 a
3337 4379 3446 4435 Do-

1874 4475 2020 4530 mino
2049 4482 2367 4542 arguuntur.
2420 4471 2690 4543 (uici-on.)
2718 4471 2796 4528 Ac
2841 4472 2886 4528 si
2915 4471 3038 4526 aliis
3058 4471 3238 4528 verbis
3261 4470 3342 4526 eis
3366 4469 3449 4528 di-

1873 4583 2066 4627 ceret:
2117 4570 2283 4624 Jonas
2311 4569 2502 4638 paucis
2551 4567 2742 4624 diebus
2786 4565 3126 4634 praedicavit,
3171 4579 3270 4635 ego
3299 4572 3448 4620 tanto

1872 4670 2137 4730 tempore.
2173 4659 2270 4714 Ille
2290 4658 2550 4728 Assyriis,
2577 4656 2724 4727 genti
2750 4654 3040 4714 incredulas
3061 4671 3080 4720 ;
3102 4669 3206 4724 ego
3224 4653 3442 4721 Judaeis,

1871 4753 2066 4822 p0pulo
2095 4751 2225 4815 Dei;
2282 4748 2366 4802 ille
2405 4747 2719 4817 peregrinis,
2770 4759 2870 4816 ego
2913 4744 3160 4810 civibus;
3203 4744 3292 4802 ille
3317 4759 3449 4800 voce

1871 4840 2365 4912 locutus-smiplici,
2400 4839 2638 4908 nihilque
2659 4838 2930 4910 signorum
2959 4836 3164 4893 faciens
3193 4844 3448 4906 acceptus

1872 4946 1976 4999 est,
2007 4952 2106 5006 ego
2136 4943 2284 4988 tanta
2309 4933 2462 5000 signa
2511 4930 2734 4996 faciens,
2788 4929 3084 4986 Beelzebub
3116 4929 3441 4985 calumniam

1875 5029 2136 5086 sustineo.
2171 5025 2296 5079 Plus
2337 5038 2466 5095 ergo
2499 5022 2638 5078 Jona
2683 5022 2792 5087 hic,
2821 5021 2872 5074 id
2920 5030 3025 5086 est,
3055 5019 3111 5074 in
3156 5019 3334 5075 medio
3361 5035 3452 5075 ve-

1876 5128 2050 5174 strum
2089 5116 2405 5187 praedicans,
2459 5121 2514 5167 ct
2561 5122 2847 5182 propterea
2897 5110 2998 5164 viri
3033 5123 3251 5182 quoque
3296 5109 3446 5165 Nini-

1876 5211 2001 5265 vita:
2029 5207 2432 5280 generationem
2485 5203 2926 5259 condentum.me
2967 5199 3312 5268 Judmorum,
3346 5202 3449 5257 hoc

1877 5308 1957 5355 est
1989 5297 2319 5353 inﬁdelitatis
2345 5301 2590 5365 arguont.

1948 5389 2144 5458 Regina
2192 5387 2371 5441 Austri
2415 5393 2592 5454 surget
2629 5383 2684 5436 in
2714 5381 2921 5451 judicio
2969 5396 3087 5434 cum
3122 5383 3448 5454 generatione

1877 5593 1981 5648 que
2006 5592 2110 5630 non
2138 5579 2406 5643 potestate
2460 5566 2668 5639 judicii,
2724 5567 2816 5621 sed
2868 5567 3270 5636 comparatione
3321 5567 3448 5624 facti

1879 5667 2136 5723 melioris.
2173 5664 2229 5718 Si
2261 5671 2439 5716 autem
2491 5660 2672 5729 regina
2725 5657 2930 5724 Austri,
2985 5674 3102 5728 qum
3133 5659 3300 5715 electa
3327 5671 3449 5714 esse

1880 5777 1988 5818 non
2010 5757 2306 5822 dubitatur,
2330 5759 2512 5824 surget
2539 5751 2590 5805 in
2609 5748 2816 5820 judicio
2839 5766 2958 5805 cum
2982 5752 3244 5824 reprobis,
3268 5759 3443 5805 osten-
