3914 6446
488 363 594 422 935

1122 355 1184 410 Β.
1225 351 1478 408 MBAN!
1516 347 1735 406 MAURI
1771 343 2091 404 ARCHIEP.
2133 341 2440 400 MOGUNT.
2482 341 2771 400 OPERUM
2806 340 2990 398 PARS
3025 341 3068 396 Ι.

3648 339 3740 394 956

485 477 630 534 ditur
657 488 762 529 una
797 476 1114 528 cunctorum
1163 467 1427 522 bonorum
1477 463 1848 530 malorumque
1880 473 2058 513 resur—
2089 468 2136 524 Λ
2165 473 2328 527 quam
2355 456 2406 510 in
2439 456 2595 510 nobis
2648 453 2976 510 exstinctam
3030 450 3407 518 credebamus,
3455 464 3567 521 per
3602 451 3739 505 inat-

485 565 657 621 rectio
686 559 1010 616 mortalium.
1042 557 1109 610 Et
1139 555 1254 609 hmc
1282 570 1387 608 non
1409 553 1564 623 juxta
1610 549 1817 604 fabulas
1859 547 2064 601 Judaeu-

487 671 607 712 rum
637 652 782 708 mille
834 648 994 703 annis
1037 654 1162 701 ante
1209 643 1495 716 judicium,
1552 641 1645 696 sed
1685 641 1739 694 in
1786 638 1904 708 ipso
1937 651 2062 693 csse

488 745 669 802 futura
693 741 913 812 judicio.

560 855 700 920 Quia
728 854 862 907 venit
889 868 920 905 a
940 850 1132 921 ﬁnibus
1153 859 1308 904 terra:
1349 846 1534 900 audire
1559 843 1871 914 sapientiam
1901 839 2061 896 Salo-

489 947 678 1011 monis,
693 953 741 1000 et
760 960 876 999 ecce
890 941 1008 1014 plus
1029 957 1185 1012 quam
1204 937 1454 994 Salomon
1479 936 1582 990 hic.
1613 933 1664 988 Η
1669 937 1716 988 ic
1745 934 1798 988 in
1820 932 1939 987 loco
1955 946 2063 985 non

482 1053 802 1111 pronomen,
852 1035 947 1092 sed
984 1033 1295 1090 adverbium
1346 1029 1450 1084 loci
1493 1026 1795 1098 signiﬁcat,
1842 1025 1895 1080 id
1943 1032 2062 1090 est,

489 1127 978 1200 impraesentiarum
1010 1125 1151 1179 inter
1198 1135 1298 1176 vos
1352 1124 1704 1174 conversatur
1737 1115 1829 1185 qui
1860 1115 2066 1168 incom-

487 1219 804 1292 parabiliter
831 1225 916 1273 est
952 1215 1241 1271 Salomone
1267 1209 1632 1282 praestantior.
1667 1205 1854 1262 Refert
1883 1213 2064 1260 autem

489 1308 769 1380 Scriptura
809 1305 926 1379 (III
962 1303 1092 1374 Reg.
1129 1302 1184 1374 x)
1234 1298 1501 1370 quomodo
1551 1296 1736 1368 regina
1789 1293 1929 1350 Saba
1969 1307 2066 1363 per

490 1409 672 1456 tantas
695 1397 1062 1460 difﬁcultates,
1091 1402 1252 1465 gente
1301 1407 1395 1446 sua
1423 1399 1478 1446 et
1509 1388 1736 1458 imperio
1770 1385 2064 1452 derelictis,

490 1488 700 1544 venerit
734 1488 789 1541 iu
815 1483 1057 1540 Judaeam
1088 1481 1410 1554 sapientiam
1460 1478 1708 1533 auditura
1737 1475 2064 1542 Salomonis,

487 1587 543 1635 et
567 1579 617 1634 ei
644 1578 810 1633 multa
839 1591 1060 1632 munera
1087 1573 1336 1638 aﬂ'erens,
1367 1572 1434 1626 ab
1461 1586 1526 1626 eo
1553 1569 1702 1638 plura
1732 1567 2058 1638 perceperit.

492 1668 623 1736 Quae
653 1667 775 1722 ideo
799 1665 1012 1720 Iudaeos
1051 1665 1101 1718 in
1146 1662 1351 1732 judicio
1380 1657 1776 1721 condemnabit,
1810 1657 2068 1726 quoniam

492 1759 606 1829 ipsa
655 1758 724 1812 ab
750 1755 955 1811 ultimis
1000 1763 1160 1810 terrae
1190 1753 1387 1808 ﬁnibus
1435 1767 1559 1806 eum
1601 1750 1867 1821 quaesivit,
1905 1763 2066 1819 quem

490 1856 745 1919 percepto
775 1848 916 1903 dono
945 1845 1222 1918 sapientiae
1247 1851 1571 1916 cognoverat
1597 1857 1716 1898 esse
1754 1841 2021 1896 famosum
2051 1859 2064 1895 :

2163 549 2300 603 riam
2328 563 2425 602 nos
2446 555 2700 601 vacantes
2728 545 3017 615 opprimat.

2235 640 2303 693 Et
2330 641 2532 693 veniens
2579 639 2770 692 invenit
2815 648 3106 701 vacantem,
3157 638 3470 691 mundatam
3507 649 3740 705 scoqu

2161 739 2422 786 ornatam.
2462 728 2573 784 Iloc
2603 739 2688 784 est
2735 729 2908 800 gratia
2965 727 3305 797 baptismatis
3331 742 3361 780 a
3392 735 3743 797 peccatum

2162 820 2286 876 labe
2313 820 2652 888 castigatam,
2687 818 2780 874 sed
2803 817 2948 874 nulla
2975 816 3101 872 boni
3145 817 3326 887 operis
3355 816 3639 871 industria
3668 833 3746 871 cn-

2163 909 2442 964 mulatam.
2476 907 2629 964 Unde
2679 909 2816 963 bene
2868 909 2958 963 hic
3001 907 3326 979 evangelista
3356 908 3511 962 hanc
3538 906 3744 962 domum

2164 1010 2455 1066 vacantem,
2478 1000 2646 1070 scopis
2678 999 2989 1053 mandatam
3016 1008 3167 1070 atque
3217 1009 3473 1053 ornatam
3508 998 3649 1054 dicit
3675 1001 3743 1052 in-

2161 1101 2379 1148 ventam
2413 1092 2768 1148 :mundatam
2824 1091 3075 1146 videlicet
3110 1107 3139 1146 a
3166 1091 3313 1146 vitiis
3351 1091 3621 1162 pristinis
3668 1107 3746 1160 per

2165 1185 2517 1254 baptismum,
2575 1190 2857 1237 vacantem
2889 1197 2919 1236 a
2949 1182 3106 1237 bonis
3165 1183 3379 1239 actibus
3431 1197 3538 1254 per
3601 1184 3746 1251 negl}.

2166 1278 2428 1348 gentiam,
2487 1283 2758 1344 ornatam,
2788 1275 3055 1331 simulatis
3114 1275 3412 1331 virtutibus
3468 1290 3574 1345 per
3604 1276 3748 1345 hypo-

2167 1369 2354 1424 crisin.

2239 1457 2383 1512 Tunc
2401 1457 2542 1512 vadit
2567 1467 2617 1512 et
2645 1458 2865 1511 assumit
2911 1474 3086 1512 secum
3122 1457 3255 1511 alios
3296 1467 3508 1528 septem
3551 1469 3750 1524 spiritu

2167 1549 2437 1619 nequiores
2474 1565 2550 1614 se,
2579 1558 2628 1602 et
2682 1549 2935 1603 intrantes
2965 1548 3203 1602 habitam
3251 1548 3346 1602 ibi.
3409 1548 3524 1602 Per
3559 1559 3751 1617 septem

2166 1639 2339 1694 malos
2372 1640 2595 1710 spiritus
2620 1640 2871 1694 universa
2896 1639 3027 1693 vitia
3055 1639 3325 1706 designat.
3366 1639 3752 1708 Quemcunque

2171 1733 2317 1789 enim
2371 1741 2492 1803 post
2553 1733 2822 1802 baptisma
2883 1732 2997 1788 sive
3044 1733 3289 1802 pravitas
3349 1733 3754 1797 haeretica,sen

2168 1828 2438 1882 mundana
2490 1826 2756 1896 cupiditas
2810 1826 3120 1896 arripuerit,
3177 1841 3304 1880 mox
3355 1827 3752 1895 omniumpro—

493 1905 568 1994 im
616 1905 746 1994 νέω
791 1954 974 1994 secum
1006 1905 1284 1992 ‘habemes
1311 1905 1434 1990 gum
1466 1936 1558 2004 qui
1590 1949 1698 1989 non
1735 1933 1951 1988 aliunde
1979 1946 2066 1987 sa-
2095 1905 2142 1967 B
2171 1926 2376 1973 sternet
2405 1917 2461 1972 in
2489 1917 2596 1972 ima
2627 1917 2904 1972 vitiorum.
2937 1917 3091 1972 Unde
3123 1925 3271 1972 recte
3304 1915 3616 1987 nequiores
3647 1926 3754 1970 tunc

489 2030 663 2100 piens,
696 2029 790 2084 sed
820 2029 934 2098 ipse
959 2028 1054 2083 Dei
1089 2027 1351 2096 sapientia
1380 2034 1436 2079 ct
1480 2026 1652 2080 virtus
1680 2033 1783 2089 est,
1812 2038 1919 2078 non
1953 2038 2066 2079 mo-

491 2121 558 2176 do
587 2121 795 2185 audire,
823 2120 918 2175 sed
945 2130 1000 2173 et
1026 2119 1404 2189 blasphemare
1430 2125 1592 2188 atque
1615 2116 1826 2172 insidiis
1858 2115 2068 2186 agitare

492 2211 782 2267 malebant.
812 2211 1003 2278 Aliter,
1038 2211 1090 2265 in
1115 2210 1366 2267 Ninivitis
1405 2219 1461 2266 et
1493 2211 1680 2281 regina
1723 2209 1908 2263 Austri
1935 2207 2069 2264 ﬁdes

491 2301 748 2356 Ecclesiae
770 2299 1054 2371 praafertur
1077 2301 1281 2366 lsraeli,
1309 2316 1428 2370 qua:
1463 2315 1572 2355 non
1600 2301 1778 2355 minus
1820 2315 1920 2370 per
1946 2312 2068 2370 pte-

497 2391 784 2446 nitentiam
808 2399 1042 2462 peractae
1070 2392 1410 2462 insipientiae,
1460 2406 1622 2461 quam
1651 2406 1750 2462 per
1791 2392 2070 2461 sapientia:

492 2483 758 2539 discendae
809 2484 1129 2539 industriam
1178 2484 1405 2538 Domino
1447 2483 1806 2539 conciliatur:
1839 2500 1904 2539 ex
1937 2485 2070 2538 dua-

495 2579 596 2632 bus
629 2578 826 2648 quippe
879 2578 1123 2648 partibus
1161 2579 1340 2632 unitas
1390 2577 1642 2632 Ecclesia:
1691 2587 2067 2650 congregatur,

495 2683 683 2722 eorum
718 2668 972 2724 videlicet
1001 2670 1092 2740 qui
1121 2684 1348 2740 peccare
1383 2669 1651 2735 nesciunt,
1681 2677 1736 2722 et
1761 2683 1947 2724 eorum
1975 2669 2069 2740 qui

494 2775 719 2829 peccare
741 2759 1006 2816 desistunt
1030 2777 1044 2827 ;
1075 2760 1388 2830 poenitentia
1417 2760 1560 2815 enim
1588 2760 1839 2815 delictum
1869 2760 2066 2826 abolet,

491 2849 758 2920 sapientia
791 2858 980 2906 cavet:
1029 2860 1095 2933 et.
1122 2852 1323 2907 idcirco
1359 2851 1414 2906 in
1447 2852 1845 2908 resurrectione
1871 2867 1964 2907 eos
1983 2853 2072 2923 ju-

494 2946 773 3014 dicabunt,
799 2948 926 3018 quia
958 2948 1011 3002 in
1050 2947 1135 3003 his
1166 2959 1412 3018 repertus
1442 2949 1604 3003 timor
1638 2947 1733 3003 Dei
1762 2946 1924 3002 fuerit
1953 2947 2072 3016 qui-

493 3040 596 3114 bus
621 3039 707 3094 lex
736 3055 844 3095 non
873 3049 990 3096 erat
1015 3041 1324 3112 praedicata,
1356 3041 1460 3096 hoc
1485 3041 1658 3112 magis
1686 3040 1889 3111 indigni
1914 3039 2072 3094 venia

497 3131 568 3184 illi
593 3131 686 3200 qui
713 3147 782 3186 ex
812 3131 929 3203 lege
956 3141 1083 3188 sunt
1139 3131 1400 3196 inﬁdeles,
1453 3147 1559 3201 quo
1583 3132 1702 3202 plus
1732 3131 1856 3186 ﬁdei
1883 3131 1938 3186 in
1969 3130 2073 3186 illis

496 3221 587 3289 qui
617 3220 785 3291 legem
821 3222 1185 3292 ignoraverint
1215 3222 1284 3278 sit
1304 3231 1598 3293 repertum.

567 3330 697 3386 Cum
746 3344 918 3388 autem
991 3334 1288 3388 immundus
1350 3334 1564 3404 spiritus
1609 3335 1791 3388 exierit
1848 3335 1912 3388 de
1977 3335 2070 3390 ho-

497 3423 633 3478 mine
692 3425 924 3479 ambulat
972 3442 1064 3495 per
1119 3425 1232 3480 loca
1297 3427 1470 3480 arida.
1543 3425 1800 3493 Quamvis
1861 3426 2071 3498 simpli-

499 3519 635 3573 citcr
691 3521 913 3591 intelligi
979 3521 1148 3591 possit
1215 3520 1501 3576 Dominum
1568 3520 1685 3574 haec
1749 3520 1814 3574 ad
1878 3520 2073 3574 distin-

497 3610 728 3665 ctionem
785 3626 1002 3666 suorum
1053 3620 1108 3667 et
1159 3610 1372 3666 Satanae
1442 3625 1664 3680 operum
1742 3610 2074 3680 adjunxisse,

502 3700 647 3771 quod
693 3703 899 3757 scilicet
946 3704 1059 3773 ipse
1124 3718 1336 3773 semper
1382 3702 1584 3772 polluta
1634 3703 1915 3766 mundare,
1971 3700 2073 3755 Sa-

505 3803 656 3849 tanas
711 3811 840 3851 vero
898 3796 1157 3851 mundata
1201 3795 1539 3866 gravioribus
1588 3793 1804 3850 festinet
1856 3793 2077 3848 attami-

503 3902 636 3942 nare
687 3888 967 3954 sordibus;
1021 3897 1203 3944 tamen
1235 3897 1290 3943 et
1331 3888 1396 3943 de
1424 3888 1678 3942 heretico
1726 3885 1966 3956 quolibet
1993 3884 2080 3940 vel

502 3980 867 4045 schismatico,
921 3980 1008 4035 vel
1035 3981 1200 4035 etiam
1237 3979 1381 4034 malo
1432 3978 1700 4034 catholico
1742 3984 1920 4048 potest
1969 3991 2079 4030 non

501 4071 946 4126 inconvenienter
974 4072 1164 4140 accipi.
1226 4073 1301 4126 De
1333 4086 1439 4140 quo
1469 4080 1710 4139 tempore
1738 4067 2080 4138 baptismatis

503 4162 726 4233 spiritus
772 4162 1099 4225 immundus,
1141 4162 1233 4230 qui
1263 4161 1318 4215 in
1345 4175 1412 4215 eo
1457 4161 1608 4230 prius
1645 4159 1985 4214 habitaverat
2013 4158 2080 4213 ad

509 4253 905 4310 confessionem
935 4253 1214 4308 catholicae
1245 4253 1389 4316 ﬁdei,
1423 4252 1489 4306 ad
1517 4251 2081 4320 renuntiationemque

506 4345 795 4402 mundana:
842 4345 1270 4400 conversationis
1323 4343 1587 4413 ejiciatur,
1646 4343 1872 4412 locaque
1928 4340 2082 4395 arida

499 4443 773 4507 peragret,
801 4434 856 4489 id
882 4443 965 4490 est
987 4435 1150 4490 corda
1182 4433 1439 4498 ﬁdelium,
1469 4448 1588 4502 qua:
1615 4448 1646 4486 a
1676 4431 1899 4486 mollitie
1925 4431 2084 4486 ﬂuxae

498 4525 839 4597 cogitationis
865 4534 1162 4596 expurgata
1189 4525 1316 4590 sint,
1333 4523 1558 4579 callidus
1588 4523 1870 4578 insidiator
1898 4522 2084 4592 explo-

2170 2026 2294 2066 eum
2327 2010 2548 2080 spiritus
2600 2009 2853 2064 dicuntur
2882 2010 3136 2081 ingressi,
3161 2011 3289 2081 quia
3323 2025 3438 2064 non
3471 2009 3652 2064 solum
3677 2009 3757 2062 ha-

2169 2104 2321 2161 bebit
2358 2103 2446 2158 illa
2476 2110 2706 2173 quatuor
2724 2103 2853 2157 vitia
2879 2117 2997 2173 quae
3018 2111 3248 2174 quatuor
3267 2102 3627 2172 spiritalibus
3650 2110 3758 2156 sunt

2173 2193 2451 2249 contraria
2480 2191 2793 2257 virtutibus,
2825 2193 2920 2248 sed
2951 2199 3006 2248 et
3053 2206 3151 2262 per
3177 2191 3514 2264 hypocrisin
3545 2193 3687 2262 ipsas
3709 2206 3756 2246 se

2170 2284 2402 2339 virtutes
2439 2283 2641 2338 habere
2668 2281 2962 2338 simulabit.

2244 2371 2315 2426 Et
2337 2381 2458 2426 sunt
2489 2372 2772 2426 novissima
2801 2371 3024 2426 hominis
3078 2372 3224 2427 illius
3259 2388 3459 2444 pejora
3490 2375 3754 2443 prion

2174 2463 2365 2518 Melius
2393 2463 2592 2535 quippe
2609 2472 2730 2518 erat
2753 2463 2804 2518 ei
2830 2463 2975 2518 viam
2994 2450 3242 2520 veritatis
3272 2481 3387 2519 non
3415 2479 3757 2534 cognoscere,

2174 2571 2338 2625 quam
2367 2563 2492 2625 post
2520 2555 2851 2624 agnitionem
2899 2565 3196 2612 retrorsum
3223 2557 3508 2612 converti.
3543 2556 3691 2624 Quod
3713 2557 3758 2609 in

2170 2645 2310 2701 Juda
2341 2646 2603 2700 traditore
2660 2644 2811 2717 (Luc.
2846 2646 3005 2718 χχιι),
3030 2647 3112 2702 vel
3165 2646 3393 2702 Simone
3443 2647 3607 2718 Mago
3634 2649 3757 2714 (Act.

2173 2738 2292 2809 vin)
2322 2738 2642 2808 caeterisque
2673 2738 2870 2794 talibus
2920 2738 3228 2810 specialiter
3280 2739 3532 2810 legimus
3587 2738 3759 2807 imple-

2177 2840 2311 2886 tum.
2371 2829 2490 2898 Quo
2542 2839 2724 2885 autem
2757 2830 3082 2902 generaliter
3110 2831 3226 2886 haec
3259 2829 3544 2900 parabola
3571 2830 3760 2890 tendat,

2175 2921 2291 2991 ipse
2313 2918 2566 2976 Salvator
2585 2935 2883 2990 exponens,
2913 2937 3041 2977 mox
3068 2922 3324 2986 subdidit,
3362 2921 3569 2977 dicens

2249 3011 2338 3067 Sic
2361 3013 2460 3067 erit
2509 3021 2559 3066 et
2586 3013 2909 3083 generationi
2963 3013 3084 3066 huic
3105 3013 3372 3082 pessimae.
3401 3011 3465 3066 ld
3500 3020 3610 3076 est,
3637 3011 3765 3080 quod

2177 3102 2244 3157 de
2274 3118 2384 3158 uno
2409 3101 2650 3172 quolibet
2679 3100 2990 3172 specialiter
3031 3100 3145 3171 geri
3178 3099 3358 3156 solere
3389 3101 3648 3162 narravi,
3674 3101 3764 3154 hoc

2178 3193 2234 3248 in
2265 3201 2375 3249 tota
2401 3192 2728 3265 generaliter
2757 3193 2916 3263 hujus
2958 3192 3139 3263 populi
3171 3200 3334 3262 gente
3391 3193 3518 3264 geri
3556 3208 3662 3248 non
3685 3194 3766 3247 de-

2097 3270 2144 3334 C
2175 3282 2325 3337 sinit.
2393 3282 2708 3337 lmmundus
2757 3283 2956 3352 quippe
3003 3282 3225 3352 spiritus
3281 3283 3460 3336 exivit
3497 3299 3532 3336 a
3560 3281 3764 3346 Iudaeis,

2173 3373 2389 3443 quando
2435 3380 2762 3441 acceperunt
2812 3371 3008 3441 legem,
3043 3380 3098 3425 et
3141 3371 3452 3424 ambulavit
3515 3387 3619 3442 per
3661 3373 3764 3426 loca

2175 3463 2328 3518 arida
2382 3478 2631 3532 quzerens
2688 3462 2791 3518 sibi
2852 3463 3112 3532 requiem,
3159 3462 3431 3531 expulsus
3460 3462 3764 3518 videbat:

2172 3551 2375 3608 Iudaeis
2413 3552 2708 3607 ambulavit
2735 3567 2833 3621 per
2859 3552 3098 3622 gentium
3128 3551 3478 3617 solitudines,
3509 3567 3636 3620 qua:
3657 3567 3762 3605 cum

2176 3652 2364 3714 postea
2395 3636 2630 3697 Domino
2653 3642 3028 3704 credidissent,
3060 3640 3148 3696 ille
3177 3655 3285 3696 non
3310 3642 3554 3697 invento
3582 3642 3698 3697 loco
3717 3643 3762 3696 in

2179 3735 2511 3800 nationibus,
2545 3735 2683 3789 dixit
2711 3753 2723 3788 :
2763 3733 3014 3788 Revertar
3037 3734 3106 3788 ad
3127 3734 3342 3787 domum
3389 3752 3576 3789 meam
3603 3739 3765 3806 pristi—

2179 3843 2321 3892 nam,
2354 3827 2493 3880 unde
2535 3827 2694 3892 exivi,
2747 3826 2958 3881 habebo
2985 3824 3198 3881 Judznos
3219 3841 3358 3895 quos
3402 3836 3542 3882 ante
3571 3828 3768 3881 dimise-

2182 3935 2298 3974 ram
2328 3938 2341 3973 :
2372 3918 2441 3972 Et
2470 3921 2677 3973 veniens
2704 3920 2895 3973 invenit
2917 3929 3204 3984 vacantem,
3227 3921 3407 3990 scopis
3437 3923 3765 3974 mandatam.

2182 4006 2425 4062 Vacabat
2453 4008 2598 4061 enim
2620 4008 2880 4078 templum
2907 4007 3234 4074 Judaeorum,
3267 4019 3325 4064 et
3355 4008 3656 4064 Christum
3688 4012 3771 4065 ho-

2183 4098 2375 4168 Spitcm
2401 4115 2507 4154 non
2540 4100 2773 4154 habebat
2818 4101 3086 4156 dicentem
3120 4119 3133 4154 :
3166 4100 3488 4156 Dimittetur
3518 4106 3667 4157 vobis
3689 4106 3768 4156 Jo-

2183 4206 2299 4243 mus
2325 4200 2494 4244 vestra
2516 4191 2720 4244 deserta
2745 4189 2962 4262 (Matth.
2996 4191 3177 4262 χχιιι).
3229 4192 3364 4259 Quia
3398 4193 3582 4263 igitur
3610 4193 3706 4247 Dei
3727 4202 3770 4247 et

2184 4281 2497 4353 angelorum
2554 4281 2807 4351 praesidia
2861 4298 2967 4337 non
2998 4283 3288 4347 habebant,
3315 4292 3371 4337 et
3403 4285 3603 4338 ornati
3633 4295 3771 4337 erant

2185 4372 2469 4441 superﬂuis
2495 4372 2963 4426 observationibus
3001 4371 3425 4438 Pharisaeorum,
3490 4376 3772 4428 revertitur

2184 4463 2252 4516 ad
2289 4477 2384 4516 eos
2412 4462 2678 4528 diabolus,
2709 4472 2764 4517 et
2791 4463 3103 4534 septenario
3152 4463 3254 4518 sibi
3309 4479 3554 4519 nurnero
3587 4464 3774 4519 damo-

2187 4571 2316 4608 num
2346 4555 2535 4610 addito‘
2581 4555 2793 4610 habitat
2831 4556 3116 4627 pristinam
3155 4557 3395 4621 domum,
3424 4566 3483 4612 et
3516 4556 3666 4612 ﬁunt
3694 4573 3772 4626 po-

500 4625 583 4671 "3‘
621 4615 666 4716 εζί
718 4616 957 4716 3093i”
1008 4615 1148 4716 f2"?
1194 4631 1307 4670 sua
1353 4614 1606 4683 ηθίιυίίίίθ
1653 4628 1874 4685 gressus
1917 4612 2083 4681 ﬁgere
2108 4634 2162 4694 D
2190 4645 2417 4699 steriora
2448 4644 2592 4699 illius
2627 4645 2808 4715 populi
2831 4612 3044 4716 ‘pejora
3095 4612 3394 4716 prioribus:
3428 4646 3610 4702 Multo
3640 4612 3771 4703 enim

499 4709 692 4780 possit.
723 4708 829 4765 Sed
852 4708 990 4764 bene
1019 4707 1216 4763 dicitur
1241 4726 1253 4761 :

574 4815 826 4882 Quaereris
853 4817 1100 4887 requiem,
1132 4825 1180 4870 et
1205 4833 1308 4872 non
1334 4815 1544 4870 invenit.
1571 4815 1706 4883 Quia
1728 4825 1908 4871 castas
1928 4831 2083 4872 men-

507 4917 587 4963 tes
648 4907 907 4978 eﬂugiens
975 4908 1030 4961 in
1100 4907 1214 4962 solo
1283 4907 1525 4962 diabolus
1579 4908 1742 4965 corde
1789 4923 2078 4976 pravorum

500 5009 712 5074 gratam
744 5000 846 5054 sibi
900 5007 1076 5069 potest
1103 4999 1345 5053 invenire
1389 4999 1651 5068 requiem.
1705 4996 1860 5053 Unde
1899 4999 1965 5054 de
1991 4999 2081 5054 illo

503 5090 764 5145 Dominus
796 5106 809 5142 :
851 5087 957 5143 Sub
990 5088 1194 5152 umbra,
1243 5087 1440 5157 inquit,
1471 5087 1662 5142 dormit
1687 5087 1743 5142 in
1767 5098 1962 5142 secreto
1987 5105 2080 5143 ca-

503 5179 650 5245 lami,
709 5187 758 5233 et
812 5179 940 5232 locis
995 5177 1324 5232 humentibus
1374 5175 1517 5249 (Job.
1551 5177 1747 5250 x1.).ln
1783 5180 1974 5234 umbra
2002 5178 2087 5234 vi-

504 5269 698 5324 delicet
733 5269 1042 5325 tenebrosas
1083 5269 1478 5336 conscientias;
1528 5270 1582 5324 in
1613 5269 1844 5336 calamo,
1871 5273 1964 5341 qui
2007 5271 2088 5328 fo-

504 5362 581 5417 ris
634 5362 858 5429 nitidus,
908 5363 1053 5418 intus
1088 5371 1170 5418 est
1207 5377 1428 5428 vacuus,
1480 5362 1879 5428 simulatrices;
1916 5364 1968 5417 in
2003 5363 2085 5419 lo-

505 5456 586 5512 cis
639 5454 984 5514 bumentibus
1010 5498 1025 5522 ,
1075 5457 1303 5513 lascivas
1353 5457 1648 5528 mollesque
1699 5465 1907 5513 mentes
1957 5457 2089 5513 insi-

506 5563 698 5602 nuans.

583 5657 728 5711 Tunc
755 5657 903 5725 dicit,
935 5657 1186 5714 Revertar
1223 5659 1278 5713 in
1299 5659 1510 5713 domum
1544 5674 1736 5724 meam,
1775 5657 1912 5711 unde
1933 5659 2086 5713 exivi.

507 5749 802 5812 Timendus
815 5757 897 5809 est
910 5750 1010 5808 iste
1021 5751 1337 5818 versiculus,
1357 5766 1460 5808 non
1477 5748 1842 5820 exponendus,
1857 5763 1923 5804 ne
1934 5750 2090 5819 culpa

2187 4753 2331 4792 nunc
2380 4738 2683 4792 daemonum
2735 4735 2940 4805 majore
2967 4753 3192 4792 numero
3239 4737 3601 4808 possidentur
3645 4738 3773 4792 blas-

2186 4829 2512 4896 phemantcs
2568 4827 2624 4880 in
2684 4827 2970 4898 synagogis
3024 4827 3137 4882 suis
3197 4826 3386 4883 Jesum
3468 4827 3771 4891 Christum,

2189 4935 2353 4989 quam
2392 4920 2444 4972 in
2471 4917 2706 4990 Egypto
2729 4919 2966 4989 possessi
3013 4918 3226 4974 fuerant
3275 4927 3401 4974 ante
3442 4918 3588 4991 legis
3640 4919 3776 4973 noti-

2189 5011 2341 5064 tiam.
2375 5010 2513 5076 Quia
2544 5009 2689 5064 aliud
2735 5018 2819 5064 est
2863 5018 3151 5064 venturum
3201 5027 3308 5066 non
3336 5012 3594 5076 credere,
3638 5011 3776 5066 aliud

2189 5121 2312 5161 eum
2341 5120 2447 5159 non
2497 5104 2826 5174 suscepisse,
2865 5105 2958 5174 qui
2987 5105 3222 5159 venerit.
3255 5104 3649 5174 Septenariurn
3683 5121 3778 5159 au-

2192 5209 2297 5254 tem
2329 5214 2618 5254 numerum
2670 5198 2980 5268 adjunctum
3010 5197 3243 5264 diabolo,
3276 5198 3362 5254 vel
3390 5208 3624 5270 propter
3656 5200 3779 5254 sab-

2190 5293 2374 5346 batum
2403 5291 2662 5359 intellige,
2693 5290 2778 5345 vel
2803 5299 3027 5361 propter
3061 5306 3348 5346 numerum
3380 5291 3630 5360 Spiritus
3665 5308 3782 5348 san-

2189 5383 2263 5438 cti
2293 5400 2306 5436 :
2339 5390 2399 5436 ut
2427 5382 2695 5451 quomodo
2725 5383 2777 5436 in
2835 5381 2974 5436 Isaia
3024 5397 3186 5452 super
3236 5384 3439 5453 virgam
3492 5384 3562 5437 de
3592 5386 3780 5440 radice

2191 5473 2371 5540 Jesse,
2401 5482 2457 5529 et
2486 5473 2700 5538 ﬂorem,
2729 5473 2818 5543 qui
2849 5473 2919 5529 de
2968 5475 3150 5530 radice
3187 5475 3529 5541 conscendit,
3560 5486 3782 5546 septem

2189 5566 2412 5634 spiritus
2437 5565 2698 5618 virtutum
2729 5564 3034 5619 ascendisse
3057 5575 3372 5630 narrantur,
3398 5564 3473 5618 ita
3503 5573 3560 5619 et
3581 5579 3617 5618 e
3651 5581 3782 5620 cou-

2188 5655 2361 5710 trario
2387 5654 2646 5709 vitiorum
2688 5668 2949 5708 numerus
2977 5653 3034 5710 in
3083 5653 3297 5709 diabolo
3320 5662 3681 5709 consecratus
3710 5653 3782 5710 sit

2191 5746 2324 5819 (Ῐδα.
2356 5747 2486 5817 LXI).
