3914 6466
172 364 293 429 ὉΞἹ

1190 368 1542 430 εοΜΜΕΝΤ.
1584 370 1651 427 I‘N
1691 366 2123 426 ΜΛΤΤΗᾹΞΗΜ.
2159 399 2235 412 --
2269 368 2398 426 LIB.
2439 368 2529 427 IV.

3344 374 3450 432 938

260 482 389 559 [Ἣ]
404 483 588 541 Adhuc
607 499 666 540 eo
680 483 917 557 loquente
940 482 1010 539 ad
1035 482 1235 549 turbas,
1265 492 1559 538 eccemater
1576 482 1693 553 ejus
1723 490 1770 536 et
1802 488 1849 549 Α
1875 489 2003 536 sunt
2049 479 2247 537 fratres
2299 482 2425 546 mei,
2471 482 2565 552 qui
2614 480 2828 538 faciunt
2866 495 3030 554 opera
3083 481 3261 543 Patris
3319 488 3450 542 mei.

184 574 393 645 fratres
416 575 622 630 stabant
649 575 779 645 foris
802 582 1089 646 quarentes
1122 574 1262 646 loqui
1307 575 1376 629 ei.
1428 573 1574 628 Dixit
1601 582 1774 628 autem

182 666 237 722 ei
260 668 487 737 quidam
513 680 531 719 :
562 664 697 721 Ecce
742 676 912 722 mater
936 676 1053 732 tua,
1080 676 1128 720 et
1157 665 1345 735 fratres
1374 666 1451 720 tui
1482 665 1611 735 foris
1636 673 1774 719 stant

181 767 488 828 quwrentes
516 767 586 813 te.
631 758 1086 828 Occupatus-erat
1108 758 1367 812 Dominus
1394 756 1449 812 in
1468 771 1633 826 opere
1654 770 1771 811 ser-

182 849 375 906 monis
408 849 464 905 in
492 849 738 906 doctrina
775 848 1116 921 populorum,
1145 848 1200 903 in
1221 846 1398 904 cilicio
1425 848 1772 918 praedicandi.

183 937 369 993 Mater
407 947 463 994 et
492 937 690 993 fratres
718 936 852 993 foris
889 944 1035 991 stant
1078 944 1133 991 et
1171 937 1222 992 ei
1251 936 1559 992 desiderant
1608 934 1771 1006 loqui.

182 1026 347 1083 Tunc
377 1028 601 1099 quidam
628 1028 843 1083 nuntiat
878 1026 1146 1082 Salvatori
1171 1026 1315 1097 quod
1335 1025 1536 1082 fratres
1562 1035 1618 1081 et
1662 1040 1777 1079 ma-

180 1126 271 1173 ter
292 1133 401 1173 sua
430 1116 724 1174 stantforis
744 1124 1047 1187 quaerentes
1065 1130 1212 1171 eum.
1239 1114 1463 1171 Videtur
1500 1113 1633 1168 mihi
1674 1112 1776 1167 iste

179 1208 281 1280 qui
306 1208 527 1264 nuntiat
563 1221 671 1263 non
702 1205 925 1263 fortuito
962 1214 1017 1261 et
1042 1205 1358 1276 simpliciter
1383 1205 1655 1270 nuntiare,
1680 1201 1776 1258 sed

182 1301 422 1358 insidias
443 1302 684 1367 tendere,
714 1310 896 1358 utrum
922 1300 1147 1372 spiritali
1167 1300 1320 1370 operi
1344 1313 1562 1355 carnem
1578 1306 1634 1353 et
1653 1311 1777 1352 san-

178 1391 412 1462 guinem
436 1391 717 1464 praeferat;
740 1399 797 1446 et
831 1391 953 1447 ideo
977 1399 1207 1446 matrem
1238 1405 1297 1446 se
1336 1404 1499 1445 nosse
1522 1388 1774 1444 dissimu-

180 1483 286 1551 lat,
318 1492 384 1538 ut
404 1498 523 1555 quae
549 1483 601 1540 ei
636 1491 811 1538 mater
837 1483 927 1549 sit,
950 1482 1043 1553 qui
1074 1480 1381 1552 propinqui,
1407 1494 1513 1535 non
1537 1493 1635 1550 per
1677 1492 1771 1533 co-

180 1575 509 1645 gnationem
537 1573 739 1639 carnis,
771 1573 867 1630 sed
908 1586 1006 1642 per
1053 1569 1486 1641 conjunctionem
1528 1567 1770 1639 spiritus,

180 1666 462 1739 designet.
490 1665 644 1723 Unde
662 1673 718 1723 et
745 1664 1029 1735 sequitur:

256 1756 335 1811 Et
357 1758 471 1829 ipse
498 1755 812 1827 respondens
840 1755 1032 1811 dicenti
1054 1754 1173 1821 sibi,
1198 1755 1274 1808 ait
1303 1769 1323 1808 :
1356 1754 1488 1820 Qua:
1506 1761 1585 1808 est
1605 1759 1775 1807 mater

1875 572 1993 628 Non
2049 587 2180 644 ergo
2218 572 2371 642 juxta
2432 572 2762 629 Marcionem
2816 581 2874 630 et
2916 574 3293 643 Manicheum,
3331 592 3436 632 ma-

1877 669 2014 715 trem
2066 662 2320 732 negavit,
2363 670 2422 717 ut
2476 670 2635 717 natus
2684 663 2751 717 de
2816 663 3191 733 phantasmate
3235 673 3458 736 putare-

1877 758 1997 815 tur;
2025 750 2118 805 sed
2162 760 2219 805 et
2257 752 2528 822 apostolos
2566 754 2869 823 cognationi
2896 756 3145 824 praetulit,
3183 765 3244 813 ut
3272 767 3329 815 et
3352 774 3456 817 nos

1876 837 1931 892 in
1979 842 2386 910 comparatione
2413 842 2716 898 dilectionis
2759 845 2912 900 carui
2956 847 3207 917 spiritum
3260 851 3456 920 przefe-

1878 945 2079 987 ramus.

1947 1022 2254 1096 Quicunque
2278 1025 2416 1080 enim
2441 1026 2620 1095 fecerit
2653 1027 2971 1084 uoluntatem
3002 1029 3182 1087 Patris
3237 1034 3455 1105 meiqut

1875 1115 1932 1169 in
1959 1116 2099 1170 cretis
2119 1126 2212 1180 est,
2237 1118 2345 1187 ipse
2369 1135 2515 1172 meus
2529 1118 2714 1186 frater,
2743 1138 2895 1176 soror
2914 1131 2963 1177 et
2998 1133 3167 1178 mater
3191 1134 3288 1179 est.
3315 1123 3453 1180 Cum

1875 1203 1924 1258 is
1959 1205 2050 1275 qui
2099 1205 2427 1261 voluntatem
2466 1209 2562 1263 Dei
2592 1208 2804 1275 fecerit,
2834 1225 2992 1267 soror
3031 1221 3085 1267 et
3123 1212 3298 1268 frater
3348 1214 3455 1268 Do-

1876 1295 2006 1349 mini
2032 1295 2230 1351 dicitur
2250 1306 2470 1368 propter
2498 1307 2789 1370 utrumque
2810 1315 3022 1368 sexum,
3067 1305 3160 1374 qui
3190 1304 3257 1359 ad
3294 1305 3455 1359 ﬁdem

1875 1385 2163 1456 colligitur,
2201 1388 2397 1443 mirum
2436 1405 2547 1447 non
2594 1399 2713 1459 est;
2758 1393 3063 1449 mirandum
3119 1411 3249 1453 vero
3298 1398 3457 1453 valde

1875 1485 1979 1543 est,
2010 1480 2279 1548 quomodo
2323 1481 2490 1537 etiam
2532 1491 2707 1539 mater
2732 1484 2963 1540 dicatur.
3003 1485 3217 1542 Fideles
3251 1489 3456 1544 etenim

1876 1566 2165 1639 discipulos
2209 1567 2409 1626 fratres
2455 1585 2651 1627 vocare
2678 1572 2928 1644 dignatus
2951 1581 3053 1640 est,
3086 1576 3269 1633 dicens
3303 1591 3321 1630 :
3349 1576 3455 1643 Ite,

1875 1659 2112 1714 nuntiate
2150 1658 2401 1729 fratribus
2424 1662 2573 1717 meis.
2604 1662 2708 1730 Qui
2742 1679 2872 1736 ergo
2901 1667 3071 1721 frater
3099 1668 3312 1723 Domini
3336 1667 3458 1724 ﬁeri

1875 1753 1945 1809 ad
1991 1753 2149 1808 fidem
2187 1754 2451 1811 veniendo
2488 1756 2745 1826 potuerit,
2794 1760 3143 1827 quaerendum
3189 1768 3275 1816 est
3323 1776 3458 1830 quo-

182 1866 328 1914 mea,
379 1859 428 1905 et
480 1851 570 1922 qui
597 1859 715 1904 sunt
737 1850 928 1920 fratres
967 1850 1109 1904 mei?
1138 1846 1320 1920 (Ihm)
1343 1848 1486 1904 Sane
1504 1847 1645 1918 quod
1676 1848 1777 1904 Do-
1802 1856 1850 1916 B
1875 1846 2036 1902 modo
2077 1847 2219 1902 idem
2266 1862 2388 1904 esse
2437 1857 2612 1903 mater
2644 1848 2760 1918 ejus
2810 1851 3003 1920 possit.
3034 1850 3144 1907 Sed
3175 1853 3456 1909 sciendum
3496 1848 3503 1853 ’

182 1942 376 1999 minus
416 1944 483 1997 ad
502 1952 731 1999 matrem
759 1941 1064 2012 fratresque
1093 1949 1311 2013 rogatus
1331 1942 1399 1997 ab
1422 1939 1597 1997 cilicio
1620 1941 1772 1997 verbi

181 2033 506 2089 dissimulat
537 2033 741 2105 egredi,
798 2048 907 2089 non
954 2039 1215 2088 maternas
1270 2030 1472 2087 refutat
1510 2031 1780 2102 obsequia

179 2126 441 2197 pietatis,
470 2124 624 2195 cujus
652 2132 979 2194 praeceptum
997 2131 1079 2179 est
1110 2140 1123 2177 :
1156 2122 1373 2177 Honora
1400 2132 1600 2193 patrem
1624 2132 1773 2177 tuum

179 2233 233 2273 et
270 2228 498 2274 matrem
526 2225 716 2283 tuam;
756 2216 849 2272 sed
883 2217 1123 2286 paternis
1148 2229 1206 2271 se
1232 2215 1507 2286 mysteriis
1544 2214 1774 2284 amplius

177 2322 356 2377 quam
407 2305 667 2360 maternis
716 2306 915 2360 debere
967 2312 1235 2361 monstrat
1273 2305 1577 2371 affectibus,
1633 2305 1772 2361 idem

182 2398 352 2453 nobis
381 2397 649 2467 exemplo,
699 2397 841 2466 quod
864 2397 1030 2452 verbo
1056 2397 1456 2463 commendans,
1503 2412 1628 2453 cum
1654 2396 1731 2451 ait
1758 2413 1772 2449 :

183 2487 297 2554 Qui
338 2495 488 2541 amat
515 2496 738 2557 patrem,
767 2493 860 2539 aut
883 2493 1104 2539 matrem
1128 2484 1245 2555 plus
1271 2500 1431 2557 quam
1452 2501 1557 2552 me,
1572 2501 1677 2539 non
1700 2492 1777 2538 est

181 2593 267 2631 me
296 2577 529 2648 dignus;
552 2591 658 2632 non
687 2575 948 2647 injuriose
966 2574 1165 2630 fratres
1182 2576 1499 2641 contemnit,
1522 2575 1616 2630 sed
1641 2589 1776 2644 opus

181 2668 443 2738 spiritale
468 2669 648 2735 carnis
669 2666 979 2738 cognationi
1016 2666 1329 2738 praeferens,
1384 2667 1773 2739 religiosiorem

130 2785 143 2797 -
181 2759 443 2815 cordium
474 2758 721 2830 copulam
759 2759 917 2815 docet
935 2773 1055 2817 esse
1089 2774 1253 2830 quam
1300 2774 1609 2829 corporum.
1663 2758 1777 2831 My-

179 2849 322 2907 stice
364 2857 556 2905 autem
598 2857 774 2904 mater
822 2857 877 2905 et
903 2850 1101 2904 fratres
1126 2848 1255 2905 Jesu
1292 2865 1560 2922 synagoga
1586 2865 1653 2906 ex
1676 2865 1772 2907 cu—

174 2940 267 3010 jus
296 2957 474 2999 carne
504 2949 585 2998 est
611 2941 808 3009 editus,
852 2949 908 2997 et
928 2943 1153 3014 populus
1176 2951 1260 2999 est
1295 2942 1623 2999 Judaeorum.
1673 2944 1774 3012 Qui

183 3034 481 3091 Salvatore
508 3033 657 3090 intus
689 3035 917 3090 docente
947 3036 1224 3091 venientes
1252 3035 1456 3092 intrare
1480 3044 1770 3105 nequeunt,

182 3122 343 3193 cujus
380 3123 702 3194 spiritaliter
734 3123 1035 3195 intelligere
1061 3124 1208 3179 dicta
1239 3124 1534 3196 negligant.
1567 3125 1775 3181 Praeoc-

1875 1944 1963 1993 est
2001 1936 2178 2004 nobis,
2235 1937 2365 2008 quia
2403 1938 2496 2007 qui
2549 1936 2679 1995 Jesu
2727 1938 2916 2005 frater,
2944 1949 2999 1996 et
3025 1956 3180 1998 soror
3228 1952 3314 1997 est
3335 1957 3458 1997 ere-

1877 2027 2071 2091 dendo,
2141 2036 2318 2082 mater
2377 2026 2616 2083 ellicitut’
2673 2029 3049 2099 praedicando,
3109 2030 3249 2086 sicut
3295 2046 3460 2102 supra

1875 2118 2079 2174 dictum
2141 2125 2246 2174 est.
2314 2119 2478 2186 Quasi
2538 2118 2685 2175 enim
2749 2120 2890 2190 parit
2944 2120 3231 2176 Dominum
3294 2136 3458 2192 quem

1875 2209 2026 2264 cordi
2070 2208 2338 2265 audientis
2371 2207 2648 2264 infuderit.
2678 2209 2745 2264 Et
2771 2218 2948 2265 mater
2971 2209 3088 2279 ejus
3112 2210 3362 2279 edicitur,
3408 2214 3459 2269 si

1874 2313 1974 2369 per
1998 2299 2116 2371 ejus
2140 2313 2328 2356 vocem
2348 2314 2503 2356 amor
2523 2298 2739 2355 Domini
2756 2299 2812 2356 in
2836 2300 3068 2370 proximi
3093 2309 3271 2357 mente
3296 2318 3460 2375 gene-

1877 2404 1937 2445 ra
1944 2397 2048 2445 tur.

2488 2482 2717 2541 CAPUT
2751 2483 2888 2540 XIII.

1880 2594 1956 2649 De
2008 2594 2248 2668 navicula
2285 2596 2434 2651 docet
2489 2597 2669 2668 turbas
2715 2598 2771 2651 in
2813 2580 3103 2668 parabolis,
3150 2613 3282 2668 quas
3318 2598 3463 2652 domi

1946 2665 2196 2747 apostolis
2231 2668 2475 2737 exponit;
2502 2666 2648 2721 docet
2671 2668 2727 2720 in
2754 2665 3019 2737 synagoga
3051 2665 3342 2734 Nazareni,
3370 2668 3461 2722 ubi

1949 2736 2062 2790 sine
2075 2736 2272 2792 honore
2294 2736 2368 2791 est

1950 2848 2040 2922 [1.]
2064 2848 2133 2904 In
2168 2848 2261 2905 illo
2279 2850 2366 2905 die
2387 2851 2564 2906 exiens
2585 2850 2741 2905 Iesus
2774 2850 2840 2904 de
2867 2850 3046 2915 doma,
3078 2851 3288 2905 sedebat
3313 2868 3491 2933 secus:

1878 2957 2043 2995 mare.
2085 2940 2268 3014 (Aug.)
2308 2940 2374 2996 In
2405 2941 2496 2995 illo
2518 2943 2622 3008 die,
2662 2942 2769 2997 nisi
2798 2940 2938 2997 forte
2959 2942 3076 2996 dies
3128 2955 3279 2997 more
3311 2940 3460 2996 Scri-

1875 3039 2159 3102 pturarum
2188 3024 2399 3103 tempus
2428 3033 2717 3105 signiﬁcet,
2746 3034 2877 3089 satis
2912 3034 3114 3090 indicat
3134 3035 3238 3089 hoc
3263 3048 3458 3089 conse-

1880 3129 2109 3193 quenter
2131 3131 2363 3194 gestum,
2390 3131 2486 3178 aut
2507 3138 2611 3178 non
2662 3123 2831 3178 multa
2866 3124 3134 3194 interponi
3177 3124 3414 3194 potuisse
3440 3140 3456 3187 ;

184 3229 401 3284 cupans
446 3215 592 3270 enim
644 3216 801 3270 turba
846 3214 963 3283 ejus
1011 3215 1312 3287 ingreditur
1356 3214 1592 3279 ddmum,
1659 3217 1777 3286 ejus
1806 3216 1850 3278 C
1885 3212 2121 3267 maxime
2157 3214 2281 3282 quia
2315 3223 2370 3268 et
2398 3213 2611 3270 Marcus
2634 3229 2758 3268 eum
2786 3214 3030 3269 ordinem
3060 3222 3208 3270 tenet
3259 3214 3455 3287 (Marc.

184 3303 473 3359 auscultat
510 3304 870 3368 sermonibus,
911 3305 1038 3375 quia
1080 3305 1364 3362 dili'erente
1389 3305 1570 3361 Iudaea
1604 3308 1775 3378 genti-

183 3396 316 3450 litas
345 3392 608 3450 confluxit
634 3395 702 3449 ad
732 3394 1033 3460 Christum,
1075 3404 1238 3465 atque
1275 3396 1486 3451 interna
1512 3397 1634 3452 vitae
1653 3412 1773 3467 my-

185 3483 358 3539 steria
385 3491 590 3552 quanto
644 3482 751 3538 ﬁde
792 3483 1057 3550 vicinior,
1097 3492 1250 3539 tanto
1296 3493 1478 3541 mente
1523 3487 1775 3555 capacior

184 3575 393 3631 hausit.
421 3574 580 3630 Juxta
625 3577 771 3645 quod
798 3576 1038 3646 psalmus
1068 3578 1183 3632 ait:
1214 3577 1455 3634 Accedite
1482 3580 1552 3635 ad
1579 3597 1697 3635 eum
1724 3590 1772 3636 et

182 3665 568 3720 illuminamim'
594 3663 766 3737 (Psal.
798 3665 1026 3738 xxxm);
1057 3667 1203 3723 intus
1225 3669 1472 3734 verbum,
1523 3669 1667 3724 intus
1689 3678 1775 3726 est

182 3756 400 3810 lumen.
433 3753 618 3826 (Aug.)
677 3754 829 3811 Unde
858 3755 987 3811 alibi
1020 3775 1033 3811 :
1066 3757 1137 3814 Ut
1161 3758 1434 3825 intrantes,
1472 3759 1667 3831 inquit,
1698 3760 1773 3816 ui-

182 3844 350 3898 deant
383 3843 578 3899 lumen.
621 3843 713 3901 Sic
741 3861 872 3916 ergo
902 3846 1036 3903 foris
1083 3856 1296 3905 stantes
1324 3865 1427 3906 nec
1473 3852 1576 3922 ipsi
1603 3868 1770 3924 agno-

184 3941 421 3989 scuntur
468 3944 744 4005 parentes,
790 3945 848 3993 et
873 3946 1096 4009 propter
1120 3948 1367 3995 nostrum
1395 3941 1626 3998 fortasse
1660 3958 1768 3998 non

184 4034 559 4097 agnoscuntur
596 4027 924 4098 exemplum,
978 4031 1433 4103 quemadmodum
1464 4045 1565 4087 nos
1602 4047 1769 4104 agno-

186 4132 433 4184 scemur,
462 4117 508 4172 si
550 4118 682 4173 foris
705 4127 935 4175 stamus.
985 4120 1142 4176 Foris
1169 4122 1315 4177 enim
1342 4130 1549 4179 stantes
1582 4124 1771 4180 volunt

186 4209 480 4266 Dominum
521 4210 706 4267 videre
747 4212 956 4284 cognati
995 4213 1184 4283 ipsius,
1232 4229 1357 4269 cum
1392 4214 1561 4271 Judaei
1611 4217 1770 4287 spiri~

184 4302 353 4358 talem
384 4303 441 4358 in
464 4303 581 4374 lege
605 4318 824 4359 sensum
850 4320 957 4360 non
981 4308 1286 4375 quaerentes
1322 4321 1443 4363 sese
1481 4307 1549 4363 ad
1588 4318 1769 4364 custo-

181 4391 328 4449 diam
352 4395 551 4450 littera:
573 4394 705 4450 foris
734 4395 990 4460 fixerunt,
1024 4403 1081 4450 et
1102 4397 1259 4466 quasi
1284 4396 1560 4452 Christum
1584 4398 1767 4467 potius

182 4482 249 4537 ad
275 4482 522 4539 carnalia
572 4483 812 4539 docenda
850 4492 1053 4554 cogunt
1078 4485 1248 4550 exire,
1290 4501 1453 4556 quam
1485 4502 1545 4543 se
1589 4489 1657 4543 ad
1686 4488 1768 4543 di-

1880 3301 1985 3373 tv);
2031 3302 2208 3358 Lucas
2247 3312 2429 3358 autem
2454 3312 2578 3374 post
2610 3303 2739 3359 illud
2769 3305 2911 3374 quod
2960 3312 3149 3358 narrat
3176 3304 3246 3358 de
3281 3314 3459 3361 matre

1876 3402 1933 3448 et
1978 3392 2239 3450 fratribus
2284 3395 2516 3462 Domini,
2576 3396 2629 3451 in
2668 3396 2813 3451 aliud
2854 3396 3050 3452 transit
3104 3395 3254 3467 (an.
3315 3396 3462 3470 Vill),-

1877 3498 1977 3539 nec
2015 3500 2082 3540 eo
2121 3484 2349 3540 transitu
2397 3482 2787 3542 connexionem
2827 3486 3063 3557 aliquam
3122 3486 3278 3553 facit,
3334 3504 3457 3558 quae

1876 3574 2002 3630 huic
2050 3576 2226 3631 ordini
2257 3590 2557 3648 repugnare
2601 3579 2869 3633 videatur.
2904 3577 3086 3651 (ΚΑΒ.)
3137 3579 3254 3635 Νοη
3282 3580 3459 3636 solum

1875 3673 2055 3720 autem
2084 3664 2227 3721 facta
2254 3675 2311 3721 et
2356 3668 2522 3723 verba
2556 3667 2791 3733 Domini,
2837 3683 3026 3723 verum
3067 3668 3231 3724 etiam
3262 3669 3460 3726 itinera

1874 3772 1938 3813 ac
1975 3757 2093 3813 loca
2122 3758 2177 3812 in
2207 3758 2402 3828 quibus
2426 3760 2658 3816 virtutes
2704 3771 2961 3830 operatur
3000 3770 3057 3815 et
3101 3762 3458 3832 praedicabat,

1873 3847 2184 3904 caelestibus
2208 3858 2336 3904 sunt
2355 3849 2511 3920 plena
2538 3850 2915 3906 sacramentis.
2970 3850 3099 3907 Post
3147 3866 3458 3907 sermonem

1871 3944 2070 4014 quippe
2126 3945 2182 3999 in
2236 3944 2398 3999 domo
2427 3946 2694 4011 habitum,
2723 3946 2816 4001 ubi
2866 3943 3096 4001 nefanda
3122 3946 3460 4016 blasphemia

1872 4034 2194 4089 daemonium
2251 4036 2453 4091 habere
2489 4036 2666 4091 dictus
2693 4042 2798 4102 est,
2826 4036 3112 4107 egrediens
3142 4037 3368 4092 docebat
3392 4036 3462 4091 ad

1872 4140 2044 4191 mare,
2077 4134 2137 4180 ut
2172 4127 2485 4183 ostenderet
2513 4142 2590 4194 se,
2624 4127 2811 4185 relicta
2872 4129 2943 4184 ob
2986 4128 3197 4198 culpam
3222 4129 3462 4202 perﬁdiae

1870 4214 2074 4283 Judzea,
2131 4218 2198 4273 ad
2221 4225 2412 4288 gentes
2432 4217 2720 4274 salvandas
2736 4234 2868 4294 esse
2899 4220 3277 4274 transiturum.
3309 4217 3457 4275 Gen-

1872 4306 2046 4360 tilium
2073 4322 2307 4376 namque
2350 4307 2581 4377 superba
2630 4316 2687 4363 et
2716 4308 2992 4364 incredula
3022 4309 3112 4363 diu
3144 4308 3305 4364 corda
3345 4325 3458 4363 me-

1872 4398 1977 4452 rito
2019 4398 2240 4453 tumidis
2279 4400 2588 4469 amarisque
2616 4398 2868 4454 ﬂuctibus
2937 4399 3104 4455 maris
3153 4399 3456 4454 assimilan-

1871 4495 1980 4542 tur.
2020 4488 2247 4544 Domum
2286 4504 2417 4544 vero
2440 4489 2648 4545 Domini
2678 4506 2776 4560 per
2805 4490 2965 4544 fidem
2995 4489 3161 4544 fuisse
3190 4489 3453 4557 Iudaeam,

182 4574 385 4629 scenda
419 4573 679 4643 spiritalia
713 4574 1060 4630 consentiunt
1083 4576 1310 4646 ingredi.
1335 4576 1607 4649 (meram)
1638 4576 1768 4644 Qui-
1793 4574 1845 4633 D
1871 4582 1995 4654 quis
2042 4582 2291 4637 nesciat?
2331 4581 2438 4637 Sed
2481 4583 2668 4638 relicta
2723 4582 2904 4647 domo,
2954 4584 3007 4636 in
3056 4598 3161 4652 qua
3201 4584 3454 4655 blasphe-

187 4662 312 4717 dam
366 4662 577 4718 fratres
604 4663 823 4719 Domini
849 4664 917 4718 de
956 4663 1063 4719 alia
1089 4680 1261 4721 uxore
1286 4664 1484 4737 Joseph
1512 4667 1651 4723 ﬁlios
1679 4684 1770 4725 su-

184 4752 490 4821 Spieantur,
527 4761 816 4823 sequentes
838 4754 1192 4811 deliramenta
1218 4759 1670 4828 apocryphorum,
1694 4744 1781 4821 ,et

184 4845 477 4911 quamdam
538 4842 769 4898 Escbam
808 4842 1181 4899 mulierculam
1211 4844 1599 4916 contingentes.
1661 4848 1773 4906 Nos

187 4940 368 4988 autem
406 4931 606 4987 fratres
630 4932 840 4987 Domini
869 4947 977 4988 non
1010 4933 1148 4990 ﬁlios
1194 4933 1414 5005 Joseph,
1454 4938 1549 4992 sed
1578 4953 1771 4993 conso-

198 5019 391 5078 brinos
441 5021 741 5078 Salvatoris
798 5023 1001 5079 liberos
1054 5024 1236 5080 Mariae
1283 5027 1633 5099 intelligimus
1660 5045 1774 5084 ma-

206 5120 429 5171 tertera:
455 5113 691 5182 Domini,
731 5130 852 5187 quae
877 5131 998 5173 esse
1017 5117 1216 5173 dicitur
1258 5127 1436 5175 mater
1457 5119 1645 5176 Jacobi
1667 5121 1773 5176 mi-

204 5205 371 5272 noris,
413 5213 468 5259 et
522 5204 742 5276 Joseph,
783 5216 840 5261 et
870 5206 1043 5273 Judae,
1086 5221 1228 5279 quos
1269 5209 1324 5263 in
1351 5210 1458 5265 alio
1498 5210 1773 5282 Evangelii

194 5289 306 5347 loco
356 5292 561 5348 fratres
612 5294 827 5349 Domini
887 5295 1115 5366 legimus
1174 5297 1488 5368 appellatos.
1549 5301 1770 5356 Fratres

194 5388 370 5437 autem
425 5383 778 5467 consobrinos
827 5384 934 5441 dici
985 5387 1167 5443 omnis
1200 5387 1484 5459 Scriptura
1534 5390 1766 5448 demon-

194 5476 346 5525 Strat.

265 5558 334 5614 Et
382 5560 660 5616 extendens
723 5579 937 5619 manum
981 5568 1037 5620 in
1098 5569 1399 5640 discipulos,
1445 5573 1769 5629 dicit:Ecce

196 5656 362 5704 mater
393 5667 531 5718 mea,
561 5660 609 5705 et
635 5651 825 5721 fratres
851 5656 972 5708 mei.
1014 5656 1108 5712 Isti
1128 5669 1255 5715 sunt
1285 5673 1458 5718 mater
1504 5677 1645 5727 mea,
1675 5664 1770 5733 qui

202 5753 287 5795 me
327 5743 564 5810 quotidie
612 5743 667 5798 in
716 5746 1052 5802 credentium
1084 5751 1281 5808 animis
1342 5763 1623 5826 generant.
1674 5755 1768 5812 Isti

600 5840 873 5905 Parnoc.
915 5841 1100 5905 CVII.

1875 4673 2014 4728 mias
2054 4687 2342 4742 perpessus
2390 4681 2475 4728 est
2533 4673 2843 4741 impiorum,
2918 4673 3085 4743 erepit
3141 4674 3334 4729 docere
3387 4675 3456 4730 ad

1875 4779 2043 4820 mare.
2088 4764 2226 4831 Quia
2275 4763 2535 4819 derelicta
2573 4763 2643 4818 ob
2697 4763 3129 4819 incredulitatem
3181 4778 3453 4836 synagoga

1877 4856 1945 4909 ad
1973 4854 2328 4926 colligendam
2353 4869 2451 4924 per
2507 4854 2778 4925 apostolos
2821 4854 3002 4925 populi
3027 4855 3244 4924 gentilis
3271 4855 3453 4910 multi-

1878 4945 2117 4998 tudinem
2154 4944 2320 4999 venit.
2351 4945 2504 5001 Unde
2540 4953 2727 5016 aperte
2748 4945 3095 5015 praemittitur
3118 4946 3282 5015 quod,
3307 4958 3372 4999 eo
3398 4945 3455 5000 in

1880 5036 2040 5091 domo
2067 5035 2414 5105 praedicante,
2444 5044 2617 5090 mater
2649 5045 2706 5090 et
2744 5034 2942 5091 fratres
2978 5035 3110 5090 foris
3162 5043 3454 5100 steterunt,

1878 5132 1934 5179 et
1962 5125 2116 5195 quasi
2144 5124 2311 5195 agniti
2346 5125 2417 5179 ab
2443 5125 2533 5181 illo
2555 5141 2663 5181 non
2695 5132 2847 5189 sunt;
2890 5141 2953 5180 ac
2975 5124 3054 5179 sic
3082 5124 3149 5180 de
3177 5124 3337 5180 domo
3360 5140 3456 5179 ex-

1879 5214 1998 5269 iens
2043 5214 2112 5268 ad
2172 5228 2323 5268 mare
2369 5215 2627 5269 docturus
2702 5213 2933 5279 transiit,
2990 5213 3117 5282 quia
3165 5215 3469 5285 postquam

1877 5319 2148 5375 synagoga
2196 5304 2265 5359 ad
2323 5305 2621 5359 custodiam
2666 5318 2723 5358 se
2763 5303 2956 5357 littera:
3016 5303 3146 5358 foris
3191 5303 3330 5368 ﬁxit,
3373 5304 3459 5359 in-

1878 5395 2152 5464 ternisque
2181 5395 2474 5449 Dominica:
2510 5394 2632 5449 ﬁdei
2684 5393 2899 5449 arcanis
2950 5393 3152 5464 figuras
3189 5394 3325 5465 legis
3353 5410 3453 5449 an-

1875 5493 2130 5555 teponere
2191 5485 2419 5551 maluit,
2486 5484 2745 5539 Dominus
2819 5493 3157 5540 sacramenta
3218 5485 3449 5549 salutis,

1871 5589 1992 5643 quae
2024 5573 2111 5629 illa
2159 5581 2458 5645 spreverat,
2483 5575 2724 5630 externis
2761 5591 2859 5646 per
2898 5577 3086 5631 orbem
3140 5574 3455 5633 nationibus

1874 5665 2118 5721 contulit.

1946 5758 2016 5813 Et
2037 5769 2367 5830 congregatae
2387 5768 2509 5815 sunt
2538 5760 2607 5816 ad
2631 5776 2749 5815 eum
2785 5764 2952 5816 turba:
2974 5761 3175 5826 multae,
3198 5761 3272 5813 ita
3314 5767 3368 5810 ut
3396 5758 3451 5811 in

2978 5853 3055 5913 30
