3914 6462
394 374 503 431 959

1044 367 1105 420 Β.
1144 360 1397 419 RABANI
1437 354 1656 415 MAUR]
1694 349 2015 411 ARCHIEI‘.
2058 344 2367 406 MOGUNT.
2407 341 2696 402 OPERUM
2732 339 2911 397 PARS
2952 326 3003 392 I.’

3550 328 3663 386 940

352 530 358 533 -
400 486 697 545 naviculam
745 483 1029 540 ascendens
1061 479 1280 543 sederet,
1328 485 1374 530 ct
1412 475 1580 528 omnis
1610 472 1763 525 turba
1805 467 1977 523 stabat
2006 466 2060 527 Α
2153 460 2221 515 Et
2262 474 2387 514 dum
2415 466 2657 521 scmmat,
2684 454 2923 526 qua’dam
2964 445 3665 545 cecideruntsccus—riaut,
3730 516 3735 517 γ

935 573 1089 627 turba
1132 537 1297 623 multa
1353 567 1421 621 ad
1456 563 1745 619 Dominum
1784 561 1985 615 docen—
2084 564 2132 610 et
2192 561 2437 609 venerunt
2498 549 2748 611 volucres,
2806 554 2853 601 et
2895 543 3228 599 comederunt
3271 556 3353 595 ea.
3389 537 3671 611 (Hieron.)

410 682 517 726 tem
548 668 616 724 ad
651 635 803 722 mare
826 670 1151 734 congregata
1192 667 1293 723 est,
1322 654 1589 727 signiﬁcat
1625 650 1987 723 frequentiam
2085 648 2142 702 In
2174 644 2464 716 Evangelio
2491 643 2651 696 Luca}
2679 642 2751 696 ita
2790 639 2856 694 de
2879 640 2980 693 hoc
3017 636 3225 692 semine
3248 635 3514 705 scriptum
3535 641 3629 687 est
3658 650 3675 687 :

408 758 729 830 populorum
774 750 1194 827 praedicantibus
1242 745 1506 818 apostolis
1551 744 1620 800 ad
1652 743 1818 798 ﬁdem
1847 741 1990 796 veri-

408 852 541 906 tatis
588 844 1050 904 concurrentium.
1102 838 1256 909 Quod
1303 852 1434 893 vero
1478 837 1594 906 ipse
1651 848 1843 889 navem
1904 847 1991 886 as-

412 935 905 998 cendensscdebat
955 934 1011 988 in
1064 931 1223 997 mari,
1272 927 1651 1000 prieﬁguraltat
1694 918 1990 978 Ecclesium

413 1037 469 1089 in
514 1030 695 1087 medio
750 1029 1031 1084 nationum
1061 1040 1166 1079 non
1216 1020 1577 1085 credentium,
1631 1026 1686 1073 et
1719 1014 1991 1084 contradi-

412 1123 652 1180 centium
700 1117 1095 1175 aediﬁcandam.
1157 1114 1321 1182 Quasi
1364 1111 1513 1166 enim
1546 1108 1804 1163 Dominus
1841 1105 1995 1158 sedet

407 1217 470 1269 in
516 1213 662 1279 navi,
693 1210 872 1267 medio
913 1208 968 1263 in
1018 1207 1158 1261 mari
1206 1204 1403 1275 posita,
1449 1216 1571 1256 cum
1607 1207 1818 1252 mentes
1866 1194 1993 1250 tide-

406 1306 548 1360 lium
590 1304 733 1358 inter
762 1298 1005 1355 inﬁdeles
1054 1293 1504 1352 commorandum
1532 1289 1704 1363 gratia
1738 1303 1847 1342 sua:
1869 1286 1997 1341 visi-

416 1393 640 1449 tationis
687 1391 953 1454 illustrat,
1001 1386 1360 1456 dilectumque
1397 1383 1499 1439 sibi
1549 1383 1603 1436 in
1634 1381 1720 1435 his
1762 1377 1996 1433 mansio-

419 1502 548 1543 nem
593 1491 893 1541 consecrat.
940 1481 1111 1537 Porro
1136 1480 1291 1534 turba
1319 1492 1439 1548 qum
1467 1475 1612 1530 circa
1654 1488 1804 1528 mare
1836 1485 1999 1539 super

419 1586 627 1633 terram
652 1574 850 1645 posita,
886 1571 1050 1628 verba
1096 1569 1309 1625 Domini
1336 1565 1694 1628 auscultabat,
1721 1564 1792 1616 ita
1819 1570 1997 1616 utnec

415 1665 672 1721 ﬂuctibus
696 1663 865 1719 maris
889 1668 1221 1732 tangeretur,
1237 1672 1338 1712 nec
1358 1670 1479 1712 cum
1494 1654 1583 1710 illo
1607 1654 1658 1707 in
1677 1651 1800 1707 navi
1824 1659 1998 1705 trans-

424 1757 604 1812 censis
632 1752 882 1809 ﬂuctibus
922 1751 1156 1815 sederet,
1219 1748 1433 1803 illorum
1496 1744 1774 1815 aptissime
1820 1747 1997 1811 gestat

2087 737 2246 793 Aliud
2274 736 2458 792 cecidit
2482 751 2630 790 secus
2655 734 2814 798 viam,
2842 740 2889 785 et
2938 727 3302 785 conculcatum
3329 735 3426 791 est,
3451 737 3501 780 et
3526 724 3682 779 celu-

2088 845 2199 884 cres
2240 826 2353 882 caeli
2399 825 2732 881 comederunt
2781 820 2915 876 illud
2952 820 3105 892 (Luc.
3143 818 3288 889 vin).
3324 817 3685 885 Qumcunque

2090 933 2218 989 ergo
2265 915 2526 971 Dominus
2570 915 2621 969 in
2672 914 2775 967 hac
2815 909 3067 982 parabola
3099 922 3373 979 exponere
3419 906 3543 976 ipse
3599 905 3685 959 di-

2091 1019 2287 1081 gnatus
2325 1019 2429 1073 est,
2505 1008 2593 1077 pia
2638 1006 2739 1061 ﬁde
2779 1003 3120 1074 suscipienda
3173 1009 3321 1056 sunt.
3368 1000 3509 1068 Quae
3553 1013 3686 1053 vero

2095 1101 2256 1155 tacita
2301 1108 2498 1154 nostra:
2536 1096 2899 1167 intelligentiae
2944 1092 3254 1162 dereliquit,
3280 1106 3439 1160 atque
3463 1091 3555 1159 pia
3608 1091 3692 1143 in-

2095 1191 2334 1246 tentione
2373 1188 2754 1259 perquirenda,
2812 1200 2878 1240 ac
2923 1181 3341 1254 perstringenda
3384 1186 3523 1234 sunt
3570 1179 3694 1232 bre-

2095 1280 2252 1334 viter.
2297 1278 2493 1335 Semen
2539 1278 2682 1349 quod
2728 1276 2873 1331 circa
2920 1276 3063 1329 viam
3108 1272 3303 1329 cecidit
3352 1270 3561 1342 duplici
3604 1269 3693 1322 le-

2097 1387 2222 1428 sura
2271 1371 2532 1440 disperiit,
2576 1382 2632 1424 et
2674 1370 2741 1423 ab
2783 1367 3165 1423 itinerantibus
3198 1365 3413 1421 scilicet
3464 1362 3692 1418 concul-

2096 1473 2299 1528 catum,
2340 1471 2394 1517 et
2426 1478 2455 1516 a
2496 1461 2809 1517 volucribus
2838 1468 3074 1529 raptum.
3106 1459 3203 1514 Via
3234 1471 3367 1527 ergo
3417 1465 3512 1511 est
3544 1471 3697 1511 mens

2098 1554 2286 1610 sedulo
2345 1554 2608 1608 malarum
2660 1552 3048 1624 cogitationum
3100 1557 3279 1604 meatu
3345 1548 3479 1601 trita
3534 1556 3700 1615 atque

2099 1642 2359 1707 arefacta,
2382 1657 2450 1696 ne
2472 1642 2622 1697 verbi
2644 1656 2827 1697 semen
2848 1640 3095 1708 excipere
3118 1654 3182 1693 ac
3204 1637 3446 1709 germinr-
3464 1652 3526 1689 re
3548 1635 3699 1689 suﬂi-

2100 1733 2227 1788 ciat.
2270 1732 2447 1802 Atque
2489 1732 2609 1788 ideo
2638 1730 2898 1801 quidquid
2929 1730 3054 1787 boni
3076 1729 3300 1785 seminis
3336 1726 3547 1782 vicinia
3578 1726 3700 1779 ta’is

423 1848 674 1919 ﬁguram,
706 1846 800 1917 qui
853 1860 1025 1916 nuper
1053 1844 1122 1899 ad
1163 1841 1488 1898 audiendum
1542 1839 1765 1893 verbum
1809 1846 2002 1889 couve-
2028 1824 2075 1883 B
2104 1824 2204 1879 viae
2227 1824 2538 1895 contigerit.
2579 1822 2760 1894 periit,
2785 1822 2911 1893 quia
2942 1821 3185 1891 improbo
3205 1821 3469 1890 pessima:
3497 1820 3705 1887 cogita-

416 1946 624 1994 aterant
660 1946 714 1995 et
734 1938 953 2008 quidem
980 1938 1182 2010 pietate
1208 1935 1376 1990 animi
1404 1949 1433 1988 a
1466 1931 1821 2002 reproborum
1852 1941 2002 1982 ama-

419 2028 677 2095 ritudine,
723 2027 1057 2084 obscuritate
1093 2036 1149 2082 et
1194 2024 1550 2080 instabilitate
1605 2020 1800 2077 secreti
1851 2025 1998 2085 sunt,

422 2118 522 2175 sed
548 2118 782 2174 necdum
836 2116 1149 2175 caelestibus
1188 2114 1482 2186 mysteriis,
1541 2128 1662 2184 qua:
1691 2111 2002 2167 desiderant

420 2208 633 2264 imbuti.
661 2206 888 2280 (Μλυιι.)
911 2206 980 2261 Et
1004 2206 1207 2262 locutus
1228 2216 1303 2260 est
1324 2206 1399 2261 eis
1434 2203 1602 2258 multa
1634 2203 1686 2257 in
1714 2200 1998 2273 parabolis,

418 2299 617 2354 dicens.
643 2298 907 2354 Parabola
926 2297 1074 2352 enim
1096 2294 1284 2352 Griece
1314 2302 1500 2365 tropus
1524 2299 1629 2358 est,
1656 2299 1712 2345 et
1739 2290 2003 2358 interpre-

414 2398 568 2444 tatur
608 2388 929 2448 similitudo.
954 2388 1052 2443 Est
1092 2395 1273 2443 autem
1302 2400 1486 2440 rerum
1524 2397 1723 2454 genere
1761 2379 1999 2437 dissimi—

420 2482 552 2536 lium
581 2481 936 2552 comparatio.
975 2479 1106 2546 Quaa
1135 2492 1267 2549 ergo
1291 2476 1496 2532 distant
1543 2488 1742 2546 genere
1788 2486 2003 2541 compa-

422 2579 611 2627 matur
638 2571 695 2627 in
723 2587 788 2627 ea
813 2570 1118 2641 specierum
1154 2565 1526 2631 similitudine,
1581 2563 1647 2618 ad
1693 2562 2005 2634 exprimen-

421 2664 546 2717 dum
582 2660 712 2716 illud
765 2661 911 2731 quod
948 2659 1256 2731 signiﬁcare
1278 2657 1391 2712 vult
1428 2656 1542 2726 ipse
1568 2655 1661 2726 qui
1703 2669 1823 2710 eam
1872 2668 2001 2723 pro-

420 2754 546 2808 fert.
598 2752 870 2825 (Ηὶεοτοη.)
925 2752 1107 2808 Turba
1137 2751 1336 2822 quippe
1359 2765 1466 2806 non
1512 2749 1672 2804 unius
1717 2746 2005 2803 sentcntiae

420 2854 522 2908 est,
565 2844 662 2900 sed
695 2844 1035 2899 diversarum
1072 2843 1130 2897 in
1183 2842 1408 2913 singulis
1459 2839 1815 2895 voluntatum.
1856 2836 2005 2893 Unde

418 2936 661 3008 loquitur
691 2935 758 2990 ad
814 2949 936 2990 eam
968 2934 1153 2989 multis
1191 2932 1488 3003 parabolis,
1542 2940 1603 2986 ut
1631 2938 1686 2986 et
1711 2928 1867 2999 juxta
1914 2943 2007 2982 va-

414 3030 533 3084 rias
583 3027 892 3083 voluntates
933 3027 1180 3083 diversas
1240 3026 1505 3096 recipiant
1553 3025 1883 3094 disciplinas.
1940 3024 2010 3078 Et

422 3119 719 3174 notandum
759 3118 904 3188 quod
936 3132 1045 3173 non
1077 3118 1257 3173 omnia
1288 3117 1501 3172 locutus
1532 3126 1615 3170 est
1645 3116 1725 3171 eis
1753 3116 1806 3169 in
1843 3130 2002 3185 para-

420 3210 577 3275 bolis,
611 3210 706 3266 sed
735 3208 921 3264 multa.
961 3208 1021 3264 Si
1050 3209 1195 3264 enim
1238 3208 1465 3263 dixisset
1505 3215 1702 3262 cuncta
1734 3208 1789 3261 in
1840 3222 2004 3277 para-

421 3299 578 3366 bolis,
623 3299 827 3368 absque
864 3297 1224 3354 emolumento
1252 3296 1435 3367 populi
1465 3296 1836 3351 recessissent.
1877 3295 2008 3350 Per-

422 3392 610 3461 spicua
673 3391 866 3446 miscet
903 3390 1169 3456 obscuris,
1213 3398 1271 3444 ut
1299 3403 1399 3459 per
1424 3404 1489 3444 ea
1513 3403 1632 3459 qua:
1683 3388 2005 3460 intelligunt,

422 3487 793 3550 provocetltur
855 3481 925 3538 ad
966 3498 1155 3538 eorum
1215 3481 1463 3540 notitiam
1516 3495 1636 3551 qua:
1683 3495 1789 3536 non
1846 3481 2005 3536 intel-

422 3574 618 3644 ligant.

496 3663 635 3719 Ecce
659 3665 784 3718 exiit
807 3666 898 3735 qui
921 3667 1143 3718 seminat
1184 3667 1460 3720 seminare.
1490 3666 1606 3737 Ipse
1648 3667 1907 3721 Dominus
1955 3666 2008 3720 iu

352 3802 359 3809 ,
426 3756 779 3826 sequentibus
818 3756 961 3811 hanc
997 3756 1309 3825 parabolam
1332 3772 1627 3826 exponens,
1661 3771 1844 3812 semen
1890 3770 2011 3812 esse

426 3847 654 3901 verbum
689 3846 806 3911 Dei,
860 3847 1218 3902 seminantcm
1273 3861 1401 3900 vero
1437 3846 1672 3917 seipsum
1713 3854 2007 3901 asseverat.

426 3937 581 4003 Quod
623 3952 753 3993 vero
779 3936 930 4004 dicit,
975 3937 1110 3992 Ecce
1155 3938 1279 3992 exiit
1329 3939 1419 4007 qui
1458 3939 1679 3992 seminat
1731 3937 2010 4001 seminare,

428 4027 582 4081 nobis
624 4026 973 4097 quaerendum
1006 4026 1242 4095 reliquit.
1269 4026 1418 4080 l'lxiit
1444 4042 1575 4097 ergo
1627 4026 1903 4081 seminans
1943 4025 2013 4079 ad

427 4117 828 4173 scminandum.
877 4115 1015 4183 Quia
1058 4119 1319 4172 Dominus
1368 4118 1435 4172 de
1475 4118 1598 4172 sinu
1636 4117 1816 4172 Patris
1862 4130 2015 4187 egre-

429 4206 583 4259 diens
643 4205 795 4258 venit
867 4204 923 4258 in
986 4204 1244 4265 mundum
1274 4244 1290 4269 ,
1351 4220 1416 4258 ac
1472 4206 1693 4260 verbum
1744 4205 2010 4271 veritatis,

430 4296 573 4365 quod
623 4295 765 4365 apud
820 4296 1037 4350 Patrem
1087 4296 1240 4361 vidit,
1283 4297 1519 4351 humano
1567 4297 1749 4368 generi
1795 4296 1879 4351 vel
1915 4310 2015 4366 per

428 4401 488 4441 se
532 4385 727 4456 ipsum,
775 4384 859 4442 vel
912 4400 1010 4457 per
1062 4400 1158 4442 eos
1218 4402 1356 4457 quos
1410 4388 1643 4443 instituit
1689 4388 1802 4458 ipse
1843 4387 2010 4443 semi-

429 4478 602 4580 navit.
643 4475 807 4580 iuxta
853 4478 997 4547 quod
1030 4477 1085 4533 in
1114 4477 1514 4580 ejus-laudibus
1551 4480 1681 4537 dicit
1715 4479 1966 4536 Habacuc
1991 4495 2007 4533 :
2037 4519 2088 4580 Β

428 4566 602 4622 Emisti
637 4568 691 4622 iu
718 4566 939 4621 salutem
968 4565 1149 4639 populi
1172 4569 1272 4635 tui,
1304 4578 1360 4623 ut
1403 4570 1574 4625 salvos
1593 4569 1761 4640 facias
1789 4570 2007 4625 christos

427 4667 563 4722 tuos,
619 4658 672 4713 id
696 4665 801 4723 est,
846 4671 941 4713 eos
965 4673 1102 4727 quos
1134 4660 1392 4715 unctione
1431 4658 1666 4730 Spiritus
1699 4660 1774 4714 tui
1820 4674 2010 4715 conse-

428 4763 604 4813 crare,
644 4764 711 4803 ac
744 4748 820 4803 tui
851 4750 1026 4804 sancti
1052 4750 1288 4806 nominis
1316 4751 1612 4822 participes
1632 4750 1810 4806 facere
1829 4752 2013 4821 digna-

430 4838 533 4904 ris;
581 4836 665 4893 vel
718 4848 866 4894 certe
901 4839 1026 4894 exiit
1078 4840 1147 4894 ad
1171 4840 1570 4906 seminandutn,
1611 4856 1732 4897 cum
1763 4849 1885 4910 post
1918 4856 2013 4897 vo-

431 4939 606 4983 catam
646 4929 716 4984 ad
775 4928 934 4984 ﬁdem
975 4944 1129 4984 suam
1178 4939 1387 5001 partem
1433 4945 1717 5001 synagoga:
1763 4930 2009 4995 electam,

431 5021 500 5075 ad
545 5020 919 5075 collectionem
961 5036 1175 5091 quoque
1205 5021 1448 5092 gentium
1499 5022 1687 5093 gratiae
1715 5037 1825 5077 sua:
1873 5022 2012 5077 dona

432 5112 849 5183 diﬁ‘uditzquod
892 5113 1066 5182 ipsum
1123 5113 1287 5167 etiam
1337 5127 1438 5168 suo
1466 5113 1658 5168 itinere
1691 5112 2012 5182 designavit,

432 5216 555 5257 cum
608 5210 729 5271 post
776 5203 1214 5273 praedicationem
1275 5203 1419 5257 domi
1466 5203 1703 5257 habitam
1750 5204 1818 5257 ad
1863 5218 2014 5259 mare

434 5292 585 5345 exiit.
641 5292 879 5363 Denique
947 5295 1001 5348 in
1059 5295 1220 5351 domo
1282 5294 1588 5365 praedicans
1631 5295 1892 5364 quosdam
1942 5296 2012 5350 ob

436 5385 786 5455 blasplicmire
809 5402 919 5441 sua:
942 5388 1118 5443 scelus
1145 5387 1518 5443 irremissibile
1545 5386 1804 5450 deseruit,
1849 5399 2013 5455 quos-

438 5476 559 5530 dam
590 5476 660 5530 ob
689 5477 1025 5533 devotionem
1060 5480 1276 5548 pietatis
1291 5489 1518 5534 matrem
1549 5494 1702 5533 suam
1725 5478 2015 5548 appellavit

437 5574 491 5620 et
506 5565 699 5623 fratres
729 5586 743 5622 :
769 5569 910 5637 quod
931 5568 1288 5623 diﬁ‘ercutiam
1313 5567 1595 5623 manifeste
1615 5565 1814 5621 Judzea:
1835 5568 2013 5637 gentis

439 5659 710 5730 exprimit.
731 5661 902 5728 luqua
919 5659 1073 5712 multi
1095 5659 1320 5715 Domino
1344 5660 1589 5728 rebelles,
1615 5658 1855 5716 nonnulli
1880 5668 2008 5715 sunt

442 5748 619 5807 divina
636 5751 791 5818 adopt
801 5749 920 5802 ioue
939 5747 1210 5818 condigni.

2103 1914 2265 1971 tionis
2313 1915 2542 1970 transitu
2588 1914 2962 1968 conculcatum
3008 1929 3041 1966 a
3075 1910 3417 1968 daemonibus
3464 1911 3701 1980 rapitur,

2100 2007 2189 2076 qui
2235 2014 2379 2061 recte
2403 2006 2652 2061 volucres
2691 2005 2834 2067 cmli,
2870 2005 2983 2058 sive
3032 2003 3159 2074 quia
3182 2002 3429 2058 cmlcstis
3479 2001 3703 2070 spirita-

2100 2098 2272 2169 lisque
2299 2106 2426 2154 sunt
2456 2107 2685 2162 naturte,
2716 2098 2831 2152 sive
2883 2096 3009 2166 quia
3039 2111 3136 2166 per
3161 2110 3289 2150 aera
3315 2094 3583 2157 volitant,
3611 2108 3701 2164 ap-

2099 2190 2383 2262 pellantur.

2170 2283 2291 2336 Alia
2314 2291 2485 2336 autem
2515 2280 2809 2336 ceciderunt
2835 2280 2891 2333 in
2916 2289 3145 2351 petrosa,
3186 2278 3276 2332 ubi
3302 2294 3413 2331 non
3436 2276 3702 2329 habebnt

2101 2385 2295 2430 terram
2341 2374 2589 2440 multam,
2646 2385 2695 2429 et
2737 2375 2987 2428 continuo
3016 2381 3197 2428 exorta
3241 2380 3394 2437 sunt,
3435 2370 3573 2440 quia
3604 2385 3703 2422 non

2099 2464 2355 2519 habebant
2387 2464 2719 2519 altitudinem
2747 2473 2920 2519 teme.
2975 2460 3099 2518 Sole
3132 2471 3309 2517 autem
3356 2470 3480 2515 orto
3513 2470 3705 2514 metua-

2100 2564 2306 2621 vcrunt,
2354 2564 2402 2609 et
2431 2556 2555 2625 quia
2583 2572 2686 2608 non
2735 2554 2991 2609 habebant
3040 2554 3272 2607 radicem
3300 2562 3596 2606 aruerunt.
3642 2550 3706 2605 Et

2102 2643 2263 2714 hujus
2300 2648 2616 2718 mysterium
2642 2647 2865 2703 seminis
2902 2646 3168 2702 Dominus
3188 2645 3473 2716 exposuit.
3504 2644 3567 2699 In
3600 2659 3698 2713 qua

2103 2738 2355 2794 videlicet
2409 2739 2746 2810 expositione
2803 2739 3091 2803 discimus,
3154 2738 3281 2809 quia
3348 2751 3701 2807 nequaquam

2105 2830 2235 2901 ipsa
2297 2847 2386 2887 res
2432 2832 2485 2886 in
2532 2847 2637 2887 una
2673 2833 2969 2901 eademque
3017 2830 3426 2900 signiﬁcatione
3492 2844 3707 2899 semper

2106 2921 2391 2995 allegorice
2425 2932 2719 2993 ponantur.
2776 2921 3018 2992 Namque
3044 2929 3254 2992 petram
3285 2920 3562 2975 duritiam
3587 2934 3706 2990 pro-

2110 3021 2273 3068 tervae
2318 3014 2536 3078 mentis,
2587 3022 2789 3069 terram
2811 3014 3088 3069 lenitatem
3131 3012 3329 3068 animae
3374 3011 3704 3070 obedientis.

2109 3105 2276 3161 solem
2304 3106 2434 3161 dicit
2481 3104 2750 3161 fervorem
2798 3106 3190 3176 persecutionis
3219 3104 3535 3169 saevientis,
3588 3120 3704 3158 eum

2109 3195 2223 3267 ipse
2244 3196 2372 3251 alibi
2412 3196 2578 3251 solbm
2604 3196 2658 3250 in
2682 3197 2823 3252 bono
2863 3205 3046 3265 ponat,
3079 3196 3269 3251 dicens
3299 3193 3520 3265 fulgere
3537 3194 3706 3263 justas

2110 3284 2163 3339 in
2207 3284 2414 3351 futuro,
2449 3285 2606 3354 quasi
2633 3284 2802 3339 solem
2828 3284 2883 3338 in
2911 3299 3078 3355 regno
3099 3283 3280 3339 Patris
3311 3297 3537 3338 eorum.
3575 3282 3632 3336 Et
3652 3282 3703 3335 in

2110 3382 2383 3429 structura
2411 3375 2601 3430 domus
2643 3373 2903 3444 spiritalis
2932 3372 3239 3428 fodiendum
3280 3370 3335 3425 in
3363 3370 3571 3435 altum,
3602 3380 3707 3424 ter-

2111 3481 2227 3520 ram
2269 3464 2611 3537 ejiciendam,
2655 3473 2713 3519 et
2738 3473 2950 3535 petram
3000 3463 3055 3518 in
3104 3462 3467 3517 fundamento
3522 3462 3713 3515 doceat

2109 3575 2231 3615 esse
2259 3558 2539 3614 locandam
2571 3577 2584 3612 :
2622 3558 2726 3612 boc
2754 3567 2838 3612 est
2886 3557 2955 3611 ab
2980 3557 3087 3610 imo
3126 3554 3313 3610 cordis
3340 3555 3471 3609 sinu
3504 3554 3709 3624 cogita-

2113 3652 2292 3707 tiones
2322 3659 2568 3705 tcrrenas
2614 3665 2735 3705 esse
2783 3648 3181 3720 expurgandas,
3228 3654 3288 3702 et
3326 3645 3709 3702 fortitudinem

2112 3742 2236 3798 ﬁdei
2267 3742 2504 3805 invictm,
2532 3756 2631 3811 pro
2657 3740 2743 3796 his
2788 3742 2842 3795 in
2873 3740 3225 3794 fundamento
3252 3738 3533 3793 bonorum
3590 3754 3711 3808 ope-

2115 3849 2235 3887 rum
2262 3832 2605 3887 inserendam
2633 3839 2873 3886 moneat.
2922 3831 2978 3885 ln
3011 3830 3110 3885 hoc
3137 3842 3269 3899 ergo
3311 3827 3441 3883 loco
3484 3828 3711 3881 altitudo

2115 3933 2298 3990 terra},
2324 3940 2445 3995 qua:
2467 3932 2835 3994 competenter
2859 3922 3071 3979 exculta
3104 3937 3292 3977 semen
3325 3922 3487 3976 verbi
3515 3921 3711 3975 debue-

2115 4024 2202 4069 rat
2237 4015 2512 4085 excipere,
2537 4013 2778 4085 probitas
2811 4022 2894 4068 est
2923 4013 3106 4075 animi,
3133 4010 3442 4082 disciplinis
3472 4011 3708 4067 coelesti-

2113 4105 2217 4162 bus
2241 4103 2488 4169 exerciti,
2534 4113 2696 4174 atque
2746 4104 2813 4159 ad
2864 4102 3271 4159 auscultandum
3317 4102 3713 4157 obediendum-

2115 4215 2220 4269 que
2280 4198 2477 4253 divinis
2523 4196 2754 4267 eloquiis
2807 4195 3125 4267 regulariter
3175 4194 3433 4249 instituti.
3484 4193 3711 4249 Petrus:

2116 4306 2244 4345 vero
2300 4289 2438 4355 loca,
2492 4303 2614 4359 qua:
2658 4287 2807 4343 tenui
2857 4286 3063 4357 cespite
3101 4291 3348 4340 contecta
3388 4294 3713 4353 susceptum

2115 4399 2300 4440 semen
2358 4384 2469 4440 cito
2513 4382 2822 4454 germinare
2886 4387 3111 4451 queunt,
3179 4378 3273 4434 sed
3340 4378 3457 4432 vim
3509 4378 3717 4432 radicis

2116 4477 2340 4548 ﬁgenda:
2396 4491 2505 4531 non
2554 4475 2781 4539 habent,
2811 4473 2899 4527 illa
2938 4472 3195 4527 nimirum
3246 4480 3371 4525 sunt
3401 4472 3713 4541 praeor-dia

2115 4588 2235 4643 qua:
2262 4570 2426 4627 nullis
2478 4570 2777 4639 disciplina:
2818 4568 3011 4624 studiis
3052 4566 3286 4631 erudita,
3332 4566 3505 4620 nullis
3537 4576 3709 4620 tenta-

2116 4664 2324 4719 tionum
2370 4660 2784 4732 probationibus
2831 4659 3093 4725 emollita,
3157 4657 3451 4714 dulcedine
3499 4666 3711 4711 tantum

2116 4753 2287 4809 auditi
2331 4752 2616 4817 sermonis,
2663 4766 2727 4805 ac.
2752 4750 3034 4821 promissis
3058 4748 3372 4804 caelestibus
3413 4747 3488 4803 ad
3519 4748 3710 4803 horam

2118 4844 2478 4907 delectantur,
2531 4841 2626 4896 sed
2670 4842 2726 4896 in
2777 4850 3017 4911 tempore
3066 4839 3383 4894 tentationis
3422 4839 3711 4901 recedunt,

2119 4936 2247 5006 quia
2304 4950 2426 4990 cum
2470 4941 2904 4988 momentaneam
2970 4931 3210 4987 caalestis
3269 4929 3482 4985 oraculi
3525 4930 3716 4984 dulce-

2121 5027 2301 5080 dinem
2355 5024 2529 5078 insita:
2582 5024 2684 5078 sibi
2744 5022 3050 5077 austeritati
3104 5021 3451 5092 praetendunt
3482 5061 3498 5085 ,
3552 5017 3713 5089 quasi

2120 5118 2253 5174 locis
2272 5116 2464 5173 semini
2500 5124 2690 5170 sancto
2720 5114 2991 5183 deputatis
3038 5128 3288 5184 magnam
3312 5111 3559 5181 lapidum
3582 5126 3690 5165 con

2118 5211 2317 5282 geriem
2343 5223 2515 5279 pauco
2540 5218 2702 5264 terra:
2732 5209 2896 5262 humo
2915 5206 3174 5275 cooperit.
3197 5203 3471 5272 Qutcideo
3496 5204 3565 5258 ad
3600 5202 3689 5257 fro

2118 5311 2264 5357 ctum
2279 5302 2564 5371 pervenire
2584 5298 2808 5368 iustitia:
2824 5312 2928 5352 non
2942 5296 3140 5361 valent,
3162 5297 3288 5365 quia
3304 5311 3502 5365 parum
3527 5295 3613 5351 eis
3637 5296 3713 5349 in-

2119 5389 2468 5445 estdesiderii
2498 5387 2773 5453 salutaris,
2795 5387 2938 5457 quod
2959 5400 3146 5441 semen
3171 5386 3294 5439 vita!
3306 5386 3584 5455 concipiat
3605 5403 3623 5451 ;
3655 5397 3712 5440 et

2120 5480 2348 5535 multum
2376 5480 2514 5535 inest
2546 5478 2757 5533 duritiae
2788 5477 3054 5541 nocentis,
3103 5491 3224 5546 quae
3277 5475 3479 5530 fructui
3510 5476 3711 5532 salutis

2118 5570 2367 5625 obsistat.

2188 5660 2308 5714 Alia
2339 5669 2512 5713 autem
2559 5660 2854 5713 ceciderunt
2885 5658 2938 5712 in
2981 5657 3179 5727 spinas,
3219 5666 3269 5710 et
3297 5664 3571 5711 creverunt
3599 5657 3707 5727 ηιξ-

2118 5768 2220 5815 mr,
2269 5751 2731 5819 etsuﬁ'ocavernnt
2782 5767 2863 5805 ea.
2900 5748 3125 5821 (Meum)
3172 5748 3368 5819 Spinas
3391 5756 3575 5803 autem
3620 5749 3677 5803 di

3096 6452 3160 6458 +—
3244 6450 3300 6458 ᾐ-
3380 6452 3452 6460 ἡ
3502 6450 3552 6458 ——
3590 6450 3644 6458 ή-
3694 6450 3742 6458 ή-
3780 6449 3898 6462 ix..—
