3914 6476
170 438 255 499 au'
1094 432 1446 494 conamur.
1489 431 1556 487 IN
1594 427 2030 487 uarrnmnn.
2071 458 2139 467 -
2176 386 2304 483 Lm.
2344 425 2430 483 tv.

3303 431 3416 494 942

168 565 307 618 vinas
358 559 750 631 interpretatur
785 555 927 613 idem
960 554 1229 611 Salvator.
1262 552 1371 609 Nec
1395 551 1592 606 mirum
1641 547 1719 602 vi-
1752 551 1802 611 Α
1831 545 2056 610 intrare,
2111 557 2288 613 neque
2319 548 2513 598 curant
2553 555 2879 613 cognoscere
2914 544 3221 611 veritatem,
3254 547 3409 606 olili'i

174 653 278 709 deri
305 652 462 707 debet
501 665 671 721 quare
711 648 883 720 spinis
908 647 1125 703 divitias
1162 643 1575 717 comparaverit,
1601 656 1725 698 cum

170 746 261 801 illa:
281 749 533 815 pangant,
580 740 697 797 ista:
731 739 1017 796 delectent.
1046 738 1212 794 Recte
1241 736 1387 793 enim
1413 735 1581 807 spinae
1628 748 1725 791 vo-

168 845 362 903 cantur,
429 835 556 906 quia
619 833 1007 907 cogitationum
1072 844 1295 886 suarum
1349 825 1729 900 punctionibus

168 937 384 985 mentem
425 927 684 983 lacerant.
714 926 781 981 Et
806 939 932 981 eum
981 936 1152 994 usque
1181 921 1250 978 ad
1299 929 1578 992 peccatum
1604 932 1730 989 pro—

168 1021 388 1088 trahunt,
439 1018 594 1090 quasi
639 1016 844 1073 inﬂicto
899 1015 1123 1071 vulnere
1179 1020 1488 1074 cruentant,
1544 1007 1732 1065 simul-

167 1126 263 1182 que
296 1119 597 1184 crescentes
648 1106 817 1179 spinae
845 1114 1141 1163 sementem
1188 1103 1500 1160 suil‘oeando
1527 1101 1594 1157 ad
1619 1099 1732 1155 fru-

165 1217 299 1260 ctum
345 1200 630 1273 pervenire
666 1215 774 1257 non
823 1199 1031 1263 sinunt,
1075 1197 1202 1269 quia
1248 1193 1594 1265 exaggeratio
1653 1192 1735 1248 di-

167 1292 407 1349 vitiarum
464 1298 703 1346 mentem
748 1286 1134 1358 strangulando
1158 1283 1432 1356 spiritales
1473 1282 1731 1337 virtutum

165 1385 357 1440 fructus
399 1382 619 1453 gignere
656 1393 763 1434 non
811 1376 1107 1448 permittit;
1135 1376 1263 1446 quin
1292 1374 1493 1446 potius,
1533 1372 1576 1428 si
1603 1370 1735 1442 quid

164 1473 444 1530 viriditatis
464 1472 663 1528 habere
686 1470 881 1541 potuit,
912 1467 1161 1540 squalore
1189 1467 1495 1538 asperitatis
1532 1479 1641 1520 suae
1672 1462 1736 1518 il-

165 1566 249 1623 lud
266 1560 687 1620 transcendendo
707 1559 983 1632 opprimit,
1004 1567 1060 1615 et
1080 1556 1297 1614 vitalem
1317 1572 1536 1613 succum
1559 1553 1736 1609 fundi-

164 1666 244 1712 tus
265 1656 314 1711 in
341 1670 406 1712 eo
432 1652 717 1709 interimit.

226 1747 341 1802 Alia
359 1762 476 1801 vero
507 1745 805 1801 ceciderunt
825 1744 881 1797 in
900 1752 1093 1797 terram
1110 1742 1322 1806 bonam,
1344 1749 1392 1795 et
1415 1739 1607 1795 dabant
1629 1737 1740 1809 [ru-

161 1845 312 1900 etum,
327 1834 472 1890 aliud
485 1834 839 1897 centesimum,
858 1831 1006 1887 aliud
1016 1834 1414 1902 sexagesimum,
1430 1829 1577 1885 aliud
1591 1831 1739 1884 trice-

1827 634 2122 691 Dominicae
2170 633 2572 705 praeceptionis,
2600 635 2692 705 qui
2734 635 2885 691 habet
2928 652 3083 694 aures
3126 639 3405 710 audiendi,

1829 724 2035 779 audiat.
3203 746 3211 757 ·

1902 814 2008 882 Qui
2034 816 2173 870 enim
2226 814 2376 870 habet
2419 815 2633 871 dabitur
2677 816 2745 883 ei,
2778 825 2826 870 et
2846 817 3152 874 abundabit.
3186 819 3412 887 Quiau-

1831 919 1931 964 tem
1972 924 2075 962 non
2105 908 2280 972 habet,
2314 917 2364 963 et
2391 909 2528 980 quod
2564 908 2717 964 habet
2744 909 3017 979 auferetur
3054 912 3119 968 ab
3141 930 3221 969 eo.
3250 913 3411 983 Tota,

1833 998 2030 1068 inquit,
2075 999 2375 1056 intentione
2400 1001 2566 1056 verbo
2591 1000 2733 1072 quod
2778 1002 2977 1058 auditis
3018 1019 3240 1075 operam
3262 1006 3410 1075 date,

1834 1090 1960 1161 quia
2008 1090 2102 1159 qui
2140 1105 2381 1146 amorem
2415 1091 2578 1147 habet
2619 1092 2773 1147 verbi
2822 1093 3040 1166 dabitur
3071 1095 3170 1162 illi,
3208 1107 3263 1153 et
3294 1114 3413 1155 sen-

1834 1195 1927 1236 sus
1958 1178 2288 1252 intelligendi
2338 1181 2483 1250 quod
2528 1174 2694 1236 amat.
2743 1183 2934 1255 Atqui
2970 1186 3121 1242 verbi
3169 1203 3412 1246 amorem

1836 1286 1945 1326 non
1982 1271 2145 1326 habet
2189 1271 2462 1339 audiendi,
2506 1274 2717 1329 etiamsi
2762 1275 2846 1330 vel
2907 1279 3139 1334 naturali
3171 1281 3408 1354 ingenio,

1835 1361 1921 1417 vel
1948 1361 2211 1418 litterario
2237 1377 2296 1418 se
2322 1363 2518 1419 callere
2545 1365 2749 1433 putarit
2785 1367 3069 1435 exercitio,
3096 1371 3240 1426 nulla
3264 1388 3413 1431 verte

1837 1453 2113 1524 sapientia:
2157 1453 2440 1510 dulcedine
2466 1456 2737 1527 gaudebit.
2772 1456 2925 1525 Quod
2956 1468 3010 1514 et
3033 1461 3078 1516 si
3110 1464 3420 1533 specialiter

1837 1547 1905 1602 de
1926 1547 2185 1618 apostolis
2219 1549 2418 1620 quibus
2471 1551 2736 1615 charitatc
2766 1552 2976 1624 ﬁdeque
3015 1556 3200 1626 petitis
3230 1558 3418 1614 datum

1838 1647 1925 1694 est
1964 1652 2126 1694 nosse
2170 1639 2490 1711 mysterium
2533 1641 2688 1712 regni
2719 1642 2833 1708 Dei,
2867 1652 2925 1699 et
2973 1645 3041 1701 de
3086 1646 3310 1717 perﬁdis
3329 1648 3419 1705 Ju-
3451 1684 3463 1692 -

1838 1729 1969 1785 datis
2010 1729 2098 1801 ἰιιί
2125 1731 2179 1785 in
2227 1731 2501 1801 parabolis
2537 1732 2781 1789 videntes
2827 1751 2933 1790 non
2960 1736 3219 1794 videbant
3250 1750 3305 1796 et
3329 1756 3421 1797 au-

1840 1819 2049 1877 dientes
2072 1836 2176 1877 non
2204 1822 2589 1896 intelligebant,
2627 1826 2773 1896 quod
2812 1829 3056 1885 videlicet
3085 1831 3322 1889 litteram
3342 1835 3422 1892 le-

160 1925 363 1980 simum.
384 1924 654 1999 (Hieron.)
674 1925 827 1979 lianc
849 1924 1161 1995 parabolam
1193 1923 1260 1978 ad
1279 1922 1737 1994 eomprobandam
1764 1914 1814 1974 B
1839 1910 1923 1981 Sis
1962 1911 2017 1966 ίη
2040 1927 2204 1983 quam
2251 1913 2621 1983 κιονίαιηιηωι·
2667 1918 2919 1974 amissuri
2955 1930 3159 1990 essent:
3213 1924 3418 1981 diClum
3440 1908 3453 1918 ’

161 2015 379 2074 haeresin
421 2031 574 2071 suam
606 2015 921 2072 Valentinus
956 2013 1205 2079 assumit,
1259 2023 1371 2069 tres
1404 2013 1736 2069 inducendas

157 2120 274 2164 esse
297 2118 533 2174 naturas,
565 2108 887 2180 spiritalem,
913 2107 1222 2174 animalem,
1250 2116 1414 2178 atque
1441 2115 1734 2175 terrenam,

154 2216 280 2258 cum
307 2202 394 2258 hic
421 2210 657 2275 quatuor
696 2203 827 2267 sint,
851 2216 958 2257 una
980 2201 1137 2272 juxta
1166 2201 1333 2265 viam,
1369 2200 1475 2254 alia
1498 2208 1734 2269 petrosa,

155 2292 311 2347 tertia
330 2292 485 2363 plena
510 2293 699 2363 spinis,
727 2299 920 2362 quarta
947 2299 1108 2347 terra:
1127 2291 1302 2346 bonae.
1333 2289 1547 2362 (Beda.)
1570 2289 1739 2345 Terra

157 2385 314 2450 bona,
344 2384 447 2440 hoc
473 2394 579 2451 est,
604 2384 777 2440 ﬁdelis
807 2384 1098 2440 electorum
1117 2383 1468 2447 conscientia,
1489 2382 1740 2438 omnibus

156 2474 326 2530 tribus
364 2482 522 2529 terra:
577 2488 808 2544 nequam
852 2473 1206 2543 proventibus
1255 2473 1527 2528 contraria
1584 2471 1734 2538 facit,

157 2564 280 2634 quia
300 2572 355 2618 et
382 2563 816 2619 commendatum
842 2563 943 2619 sibi
973 2577 1158 2618 semen
1196 2561 1343 2616 verbi
1386 2561 1617 2618 libenter
1640 2576 1739 2616 ex-

150 2652 306 2724 cipit,
350 2661 406 2709 et
456 2661 739 2725 exceptum
776 2654 917 2708 inter
945 2653 1176 2708 adversa
1223 2667 1288 2706 ac
1320 2666 1580 2721 prospera
1610 2665 1741 2706 con-

156 2753 362 2800 stanter
407 2745 476 2800 ad
527 2743 734 2801 fructus
782 2760 955 2816 usque
991 2754 1232 2814 tempora
1256 2755 1560 2800 conservat.
1606 2743 1746 2798 Fru-

153 2833 357 2891 ctiﬁcat
401 2845 582 2890 autem
628 2844 687 2891 et
750 2834 881 2891 facit
931 2852 1099 2891 unum
1158 2837 1414 2906 triginta,
1466 2846 1522 2891 et
1576 2852 1743 2892 unum

153 2927 466 2997 sexaginta,
516 2934 570 2983 et
628 2942 795 2981 unum
849 2935 1065 2981 centum
1116 2945 1129 2980 :
1189 2927 1410 2999 triginta
1474 2926 1743 2994 videlicet,

151 3030 278 3069 cum
340 3014 498 3071 ﬁdem
573 3024 775 3071 sanctae
841 3014 1122 3071 Trinitatis
1196 3017 1490 3072 electorum
1570 3019 1745 3074 cordi-

151 3107 254 3161 bus
294 3106 567 3175 insinuat;
625 3108 936 3179 sexaginta,
983 3125 1105 3165 enm
1146 3108 1533 3179 perfectionem
1586 3096 1773 3167 docet.

150 3198 305 3253 bona:
363 3200 745 3270 Operationis:
795 3217 919 3255 nam
965 3202 1091 3273 quia
1146 3202 1200 3257 in
1259 3204 1472 3259 senario
1515 3220 1741 3260 numero

149 3289 340 3345 mundi
363 3301 591 3347 ornatus
609 3293 857 3362 expletus
873 3302 976 3359 est,
1001 3302 1146 3349 recte
1172 3309 1269 3364 per
1284 3296 1428 3349 hunc
1451 3295 1592 3350 bona
1616 3311 1738 3365 ope-
1768 3274 1813 3336 (ί

149 3381 292 3435 ratio
320 3381 663 3455 designatur;
699 3391 917 3439 centum
938 3399 1063 3439 cum
1092 3383 1145 3438 in
1171 3384 1444 3439 universis
1472 3400 1591 3454 quae
1615 3386 1727 3456 agi-

148 3488 293 3539 mus,
333 3476 622 3545 quaerenda
667 3476 902 3532 nobisin
933 3491 1100 3548 regno
1139 3476 1346 3532 caelesti
1371 3477 1593 3548 prmmia
1648 3478 1739 3532 de-

144 3573 440 3620 monstrat.

222 3652 329 3718 Qui
354 3654 506 3707 habet
548 3671 702 3708 aures
726 3654 998 3721 audiendi,
1031 3655 1235 3709 audiat.
1262 3655 1485 3723 Quoties
1506 3659 1621 3713 hmo
1646 3660 1742 3715 ad-

150 3742 575 3808 monitiuneula,
630 3743 713 3797 vel
755 3744 808 3798 in
859 3743 1168 3815 Evangelio,
1217 3744 1298 3796 vel
1338 3745 1390 3799 in
1417 3747 1740 3819 Apccalypsi

139 3832 379 3888 Joannis
401 3833 781 3903 interponitur,
801 3836 1083 3907 mysticum
1107 3851 1226 3891 esse
1247 3836 1349 3892 hoc
1364 3839 1507 3907 quod
1523 3839 1739 3905 dicitur,

141 3931 324 3993 atque
351 3924 417 3979 ad
447 3926 772 3981 audiendum
799 3928 1225 3998 discendumque
1254 3929 1471 3986 salubre
1498 3931 1740 3989 insinua-

147 4024 264 4070 tur.
325 4014 500 4072 Atires
550 4018 694 4074 cnim
752 4019 1026 4086 audiendi,
1070 4035 1230 4075 aures
1259 4029 1387 4075 sunt
1435 4023 1636 4089 cordis,
1689 4031 1747 4078 et

138 4126 347 4168 sensus
395 4112 668 4169 interioris
722 4129 852 4171 aure
909 4114 1193 4172 obediendi
1243 4125 1298 4171 et
1351 4116 1584 4175 faciendi
1624 4135 1746 4191 quae

128 4201 298 4273 jussa
325 4213 471 4260 sunt.

220 4296 295 4351 Et
316 4298 619 4354 accedentes
640 4299 886 4371 discipuli
909 4300 1155 4356 dixerunt
1174 4305 1221 4358 ei
1243 4318 1263 4356 :
1290 4304 1467 4370 Quare
1503 4305 1558 4358 in
1582 4320 1744 4375 para-

140 4388 286 4445 bolis
337 4390 567 4463 loqueris
589 4393 706 4447 eis?
743 4390 1013 4464 (Hieron.)
1058 4394 1419 4463 Quaerendum
1474 4399 1748 4479 quomodo

140 4482 426 4538 accedunt
447 4483 517 4538 ad
543 4498 670 4539 eum
725 4482 976 4554 discipuli
1002 4483 1138 4554 ejus,
1190 4501 1312 4540 eum
1336 4485 1496 4543 Jesus
1538 4487 1590 4541 in
1621 4487 1748 4541 navi

1838 2003 2104 2071 videatur,
2154 2013 2335 2075 potest
2382 2013 2564 2062 tamen
2612 2016 2670 2064 et
2698 2009 3024 2081 generaliter
3069 2014 3265 2085 accipi,
3297 2017 3424 2086 quia

1838 2094 2091 2151 nimirum
2120 2111 2263 2168 saepe
2289 2097 2594 2169 ingeniosus
2619 2099 2790 2156 lector
2828 2101 3145 2174 negligenda
3167 2119 3227 2162 se
3247 2107 3426 2177 privat

1839 2192 2125 2262 sapientia,
2180 2208 2341 2264 quam
2385 2194 2615 2264 simplex
2644 2197 2741 2251 sed
2788 2199 3061 2256 studiosus
3094 2202 3426 2264 elaborando

1838 2282 2113 2354 degustat.
2169 2283 2371 2357 (ϐυ-ες.)
2413 2285 2619 2343 Idcirco
2643 2297 2822 2344 autem
2852 2306 2994 2361 swpe
3038 2302 3096 2348 et
3123 2295 3426 2357 desidiosus

1841 2372 2118 2444 ingenium
2142 2376 2360 2446 accipit,
2379 2386 2438 2432 ut
2466 2377 2533 2432 de
2563 2379 2888 2451 negligentia
2913 2380 3116 2449 jnstius
3140 2388 3421 2456 puniatur,

1841 2462 1967 2532 quia
1996 2464 2140 2534 quod
2171 2464 2289 2521 sine
2323 2465 2509 2523 labore
2537 2470 2751 2538 assequi
2802 2472 2978 2541 potuit
3021 2474 3163 2530 scire
3189 2487 3427 2534 contem-

1840 2553 1940 2607 nit.
1970 2553 2039 2609 Et
2065 2554 2267 2611 idcirco
2304 2572 2692 2629 nonnunquam
2724 2562 3000 2620 studiosus
3046 2568 3302 2625 tarditate
3345 2571 3427 2626 in-

1842 2644 2151 2715 telligentiae
2190 2648 2484 2717 premitur;
2541 2659 2602 2706 ut
2647 2666 2714 2708 eo
2751 2652 2953 2723 majora
3000 2659 3224 2727 prmmia
3268 2663 3427 2717 retri-

1843 2732 2084 2792 butionis
2113 2737 2374 2807 inveniat,
2407 2755 2514 2810 quo
2542 2742 2715 2815 magis
2761 2746 2940 2801 studio
2968 2746 3294 2809 inventionis
3314 2753 3427 2808 ela-

1845 2826 2026 2881 borat.
3376 2846 3381 2850 ’

1916 2916 2047 2974 Ideo
2072 2921 2131 2974 in
2157 2921 2424 2992 parabolis
2452 2922 2651 3001 loquor
2668 2926 2763 2991 eis,
2805 2926 2929 2998 quia
2958 2927 3188 2985 videntes
3216 2948 3320 2987 non
3348 2933 3429 2989 vi-

1846 3009 2008 3078 dent,
2064 3021 2112 3066 et
2160 3013 2429 3069 audientes
2464 3031 2568 3069 non
2612 3016 2834 3070 audiunt
2884 3034 3050 3090 neque
3106 3021 3427 3095 intelligunt.

1849 3104 2099 3178 (ΜΑυιι.)
2133 3105 2288 3162 Nunc
2317 3108 2573 3178 apostolis
2596 3109 2777 3165 reddit
2811 3126 3030 3180 causam
3059 3129 3227 3183 quare
3259 3118 3429 3175 turbis

1849 3195 2102 3267 loquatur
2136 3199 2192 3253 in
2223 3200 2519 3269 parabolis,
2563 3209 2620 3256 ut
2640 3202 2730 3272 qui
2761 3205 2994 3274 superba
3043 3206 3344 3264 intentione
3370 3226 3430 3267 se

1845 3290 2114 3357 videntes,
2145 3293 2260 3348 sive
2286 3293 2566 3349 audientes
2591 3295 2953 3361 testiniabant,
2996 3306 3052 3352 et
3083 3313 3180 3353 suo
3211 3299 3429 3372 ingenio

1843 3381 2183 3440 conﬁdentes
2212 3385 2392 3441 omnia
2435 3396 2641 3442 secreta
2679 3387 2874 3443 divina:
2914 3390 3237 3453 eruditionis
3260 3390 3447 3463 pene-'

1843 3486 1989 3533 trare
2016 3494 2074 3534 se
2109 3494 2268 3549 posse
2309 3479 2737 3548 arbitrabantur,
2785 3489 2844 3537 et
2878 3483 2948 3537 ob
2976 3482 3080 3538 hoc
3115 3485 3429 3556 magisterio

1843 3570 2053 3626 cmlesti
2081 3584 2139 3627 se
2164 3573 2396 3629 subdere
2427 3573 2716 3639 nolebant,
2756 3574 3091 3644 simplicibus
3116 3584 3172 3632 et
3209 3577 3429 3634 humili-

1843 3663 1945 3718 bus
1975 3665 2233 3735 mysteria
2260 3665 2502 3722 coelestia
2531 3666 2969 3737 agnoscentibus,
3011 3668 3114 3740 ipsi
3145 3671 3299 3726 vacui
3344 3673 3430 3728 in-

1845 3755 2057 3811 tellectu
2080 3756 2310 3826 spiritali
2342 3767 2700 3813 remanerent.
2735 3757 3027 3831 (Hierom)
3074 3759 3149 3816 De
3175 3761 3263 3830 his
3283 3763 3431 3818 enim

1846 3846 1962 3902 haec
1983 3846 2260 3917 loquitur,
2294 3849 2387 3918 qui
2420 3856 2567 3904 stant
2601 3849 2656 3904 in
2692 3849 2894 3915 littore,
2937 3858 2997 3904 ut
3023 3850 3333 3907 dividantur
3360 3853 3429 3907 ab

1842 3933 1996 4002 Jesu,
2040 3946 2096 3991 et
2125 3937 2304 3992 sonitu
2343 3937 2603 3994 ﬂuctuum
2646 3948 3022 4011 perstrepente
3057 3957 3165 3998 non
3207 3944 3435 3999 audiant

1846 4030 2049 4102 aliquid
2076 4045 2265 4087 eorum
2289 4048 2410 4102 quae
2432 4032 2700 4089 dicuntur.

1917 4120 1990 4175 Et
2016 4121 2390 4192 adimplebitur
2418 4123 2474 4178 in
2517 4125 2592 4178 eis
2620 4123 2784 4180 Isaite
2814 4129 3120 4197 propnetia,
3165 4126 3384 4182 dicentis
3412 4139 3434 4181 :

1847 4212 2046 4267 Audita
2072 4212 2330 4279 audietis,
2358 4224 2406 4268 et
2442 4231 2545 4269 non
2576 4214 2906 4287 intelligetis;
2940 4228 2989 4272 et
3016 4218 3249 4274 videntes
3287 4220 3432 4275 vide—

1849 4303 1988 4369 bitis,
2035 4314 2083 4358 et
2128 4320 2231 4359 non
2260 4305 2654 4378 ridebitisUsa.
2686 4306 2784 4371 vi).
2825 4307 2951 4364 Hrec
2995 4310 3061 4365 de
3106 4311 3279 4367 turbis
3302 4327 3433 4382 pro-

1849 4394 2069 4464 phetata
2104 4403 2250 4459 sunt,
2281 4412 2402 4467 quae
2433 4405 2579 4452 stant
2621 4399 2679 4451 in
2720 4397 2902 4453 littore
2938 4408 2994 4453 et
3032 4400 3126 4454 Dei
3168 4415 3275 4455 non
3312 4416 3431 4456 me-

1852 4493 2041 4540 rentur
2062 4486 2250 4541 audire
2280 4501 2619 4551 sermonem;
2657 4502 2777 4556 qum
2802 4487 3002 4542 habent
3028 4489 3220 4553 visum,
3256 4498 3311 4544 et
3338 4503 3436 4544 au-

136 4575 416 4631 sedebat?
444 4575 558 4632 Nisi
584 4575 725 4647 forte
752 4576 1156 4648 intelligendum
1175 4577 1348 4643 detur,
1376 4577 1520 4648 quod
1543 4578 1745 4633 dudum
1776 4627 1823 4648 η
1851 4572 2021 4629 ditum
2050 4573 2296 4644 corporis
2333 4573 2703 4637 extrinsecus,
2736 4581 2792 4628 et
2826 4574 3148 4645 semetipsos
3188 4575 3434 4646 privave-

138 4683 278 4723 cum
313 4667 433 4738 ipSo
467 4667 650 4722 navim
706 4669 1155 4735 conscenderint,
1202 4678 1257 4725 et
1305 4670 1379 4725 ibi
1428 4678 1634 4725 stantes
1661 4670 1745 4725 in-

135 4760 429 4816 trinsecus
496 4774 662 4831 super
717 4759 1163 4831 interpretatione
1233 4762 1503 4833 parabolae
1551 4762 1743 4818 scisci-

136 4851 250 4906 tati
271 4851 402 4907 sint.

220 4942 336 5010 Qui
358 4944 672 5014 respondens
693 4944 768 4998 ait
791 4943 898 4998 illis
923 4958 943 4997 :
972 4944 1110 5010 Quia
1137 4945 1276 5000 vobis
1298 4944 1482 5001 datum
1496 4956 1572 5001 est
1595 4962 1747 5002 nosse

142 5036 406 5105 mysteria
441 5037 586 5107 regni
606 5035 876 5101 ca’lorurn,
924 5035 1031 5091 illis
1065 5046 1240 5091 autem
1277 5054 1381 5093 non
1421 5049 1498 5094 est
1538 5042 1743 5094 datum.

140 5123 374 5183 Marcus
400 5124 472 5181 ita
499 5126 631 5181 dicit
655 5140 670 5180 :
694 5125 802 5181 illis
823 5137 996 5181 autem
1022 5128 1112 5195 qui
1132 5127 1263 5198 foris
1282 5140 1428 5194 sunt,
1448 5129 1501 5184 in
1524 5130 1750 5200 parabo-

132 5220 212 5283 lis
238 5220 425 5274 omnia
451 5219 585 5291 ﬁunt
605 5219 796 5292 (Marc.
832 5219 928 5293 ιν).
959 5220 1143 5294 (ΗΑΒ.)
1169 5223 1397 5294 Ideoque
1425 5232 1481 5280 ct
1507 5240 1605 5279 nos
1626 5239 1748 5281 cum

133 5310 443 5382 discipulis
491 5310 695 5366 Christi
736 5311 1003 5369 intremus
1047 5314 1101 5369 in
1139 5315 1505 5371 sanetuarium
1536 5316 1653 5382 Dei,
1689 5323 1749 5371 ut

135 5401 529 5473 intelligamus
569 5401 625 5455 in
656 5402 953 5458 novissima
1000 5406 1385 5476 mysteriorum
1416 5406 1569 5478 regni
1624 5406 1743 5462 Dei.

133 5492 293 5548 Nam
320 5494 415 5563 qui
460 5492 895 5563 appropinquant
920 5497 1147 5565 pedibus
1181 5496 1321 5566 ejus,
1364 5498 1635 5568 accipient
1678 5497 1747 5553 de

140 5583 416 5639 doctrina
444 5582 609 5650 illius,
642 5581 886 5638 dicentes
908 5598 1029 5638 eum
1052 5584 1338 5641 Psalmista
1362 5604 1376 5643 :
1405 5585 1596 5641 Revela
1625 5602 1752 5645 ocn-

135 5674 230 5729 los
279 5684 515 5741 nostros,
554 5682 605 5731 et
634 5673 1083 5730 considerabimus
1126 5676 1391 5730 mirabilia
1430 5676 1495 5730 de
1520 5675 1630 5746 lege
1657 5684 1750 5729 tua

136 5761 341 5834 (Psal.
387 5761 600 5835 cxvtn).
641 5762 807 5820 Recte
854 5763 1035 5833 itaque
1089 5764 1141 5818 in
1190 5766 1464 5835 parabolis
1505 5764 1748 5829 audiunt,

128 5864 201 5908 et
265 5855 327 5911 in
369 5853 673 5924 mnigmate,
704 5854 797 5925 qui
830 5852 1036 5928 .clausis
1080 5854 1329 5911 sensibus
1378 5855 1556 5913 cordis
1578 5868 1753 5927 neque

1770 4627 1824 4688 D

1850 4675 1978 4721 runt
2018 4666 2137 4721 visu
2182 4675 2237 4721 et
2272 4665 2457 4722 auditu
2503 4667 2681 4721 cordis
2723 4666 3065 4723 intrinsecus.
3118 4668 3195 4725 De
3240 4670 3435 4742 quibus

1851 4757 2029 4813 adhuc
2066 4757 2316 4813 subditur
2336 4776 2348 4812 :
3470 4834 3482 4840 _

1921 4847 2284 4902 Incrassatum
2318 4856 2391 4902 est
2429 4848 2567 4902 enim
2604 4863 2695 4902 cor
2722 4848 2902 4919 populi
2933 4849 3094 4920 hujus
3124 4860 3172 4905 et
3218 4852 3437 4908 auribus

1848 4939 2079 5010 graviter
2123 4938 2441 5005 audierunt,
2493 4948 2543 4991 et
2582 4936 2761 4996 oculos
2814 4955 2938 4994 suos
2982 4939 3319 5008 clauserunt,
3372 4958 3438 4997 ne

1848 5029 2061 5100 quando
2088 5028 2254 5083 oculis
2300 5029 2530 5095 videant,
2568 5038 2617 5085 et
2653 5030 2870 5086 auribus
2903 5031 3147 5098 audiant,
3188 5043 3237 5087 et
3280 5035 3438 5091 corde

1848 5118 2166 5190 intelligant,
2209 5130 2257 5174 et
2293 5130 2691 5187 convertantur,
2742 5131 2789 5176 et
2833 5138 3015 5176 sanem
3050 5140 3136 5178 eos
3184 5123 3438 5197 (ΜΑωι.)

1852 5207 2214 5264 lncrassatum
2244 5218 2329 5266 est
2349 5226 2444 5266 cor
2462 5209 2772 5267 Iudaeorum
2802 5212 3162 5268 crassitudine
3192 5214 3436 5282 malitiae,

1852 5305 1907 5353 et
1952 5299 2281 5355 abundantia
2329 5310 2695 5370 peccatorum,
2744 5301 2871 5371 quia
2926 5302 3045 5357 duri
3093 5318 3157 5358 ac
3208 5305 3436 5363 rebelles

1851 5388 2087 5456 fuerunt,
2107 5400 2164 5447 et
2185 5407 2402 5463 semper
2421 5393 2758 5449 contentiose
2776 5401 3002 5464 egerunt
3027 5403 3215 5449 contra
3238 5395 3430 5453 Deum.

1849 5481 1931 5537 Ad
1952 5496 2087 5551 quos
2117 5482 2234 5553 ipse
2257 5483 2518 5538 Dominus
2547 5497 2644 5553 per
2664 5483 2988 5554 Prophetam
3009 5484 3139 5539 dicit
3161 5501 3174 5539 :
3206 5483 3435 5542 Peccata

1851 5581 2021 5625 vestra
2052 5583 2298 5642 separant
2330 5574 2468 5627 inter
2494 5590 2575 5628 me
2598 5583 2647 5626 et
2678 5590 2765 5629 vos
2797 5573 2816 5647 (
2835 5573 2949 5629 Jer.
2982 5578 3129 5645 ux).
3182 5576 3436 5634 Graviter

1851 5661 1996 5716 enim
2030 5662 2131 5734 ipsi
2157 5664 2321 5718 verba
2348 5664 2560 5719 Domini
2591 5665 2895 5732 audierunt,
2918 5666 3043 5736 quia
3074 5667 3282 5738 ingrate
3310 5684 3433 5724 sus-

1853 5763 2131 5823 ceperunt.
2172 5754 2476 5825 Oculosque
2506 5771 2633 5811 suos
2658 5756 2987 5822 clauserunt,
3013 5758 3139 5829 quia
3177 5758 3430 5813 intuitum

1858 5847 2056 5906 mentis
2081 5861 2191 5903 suae
2220 5846 2487 5906 velamine
2527 5847 2742 5906 invidia:
2770 5857 2823 5906 et
2876 5849 3193 5924 ignorantia:
3218 5847 3436 5906 obtem-
