3914 6456
414 469 523 533 9-53

1053 465 1116 522 B.
1158 461 1412 519 RABANI
1452 459 1668 517 MAURl
1705 459 2021 517 ARClllEP.
2062 455 2373 515 MOGUNT.
2415 455 2701 515 OPERUM
2744 453 2921 511 PARS
2953 455 2993 509 l.

3578 447 3690 505 9“

417 594 565 646 nuit.
602 585 880 655 Simulque
908 580 1126 643 attende
1149 579 1293 650 quod
1324 578 1476 643 dicit,
1502 576 1681 632 oculos
1708 593 1829 631 suos
1852 573 1993 630 clau-
2023 577 2073 635 Α
2099 569 2201 642 ιι).
2232 570 2381 625 Beati
2413 571 2553 626 oculi
2579 569 2946 642 parvulorum,
2975 568 3171 639 quibus
3192 576 3247 623 et
3276 582 3359 633 se,
3383 575 3439 620 et
3464 564 3692 620 Patrem

414 692 620 749 serunt,
644 682 768 753 quia
809 696 913 736 non
961 687 1184 744 natura,
1226 677 1321 733 sed
1365 677 1640 731 voluntate
1680 674 1806 729 αεςί
1847 680 1991 728 sunt.

420 773 670 833 Ostendit
708 772 852 827 enim
872 770 1087 841 culpam
1121 782 1242 824 esse
1274 783 1463 825 eorum
1503 766 1733 822 arbitrii.
1767 765 1834 819 Et
1874 764 1995 819 ideo

422 865 647 922 salutem
693 877 799 917 non
844 868 1180 927 meruerunt,
1210 859 1338 930 quia
1365 859 1555 915 oculos
1583 866 1639 914 et
1673 873 1833 913 aures
1868 870 1996 911 suas

420 959 485 1013 ad
530 954 875 1028 percipienda
924 953 1090 1010 verba
1133 953 1258 1009 vitae
1305 952 1518 1023 aperire
1568 950 1875 1006 noluerunt.
1936 946 1995 1001 Si

417 1048 561 1104 enim
609 1046 711 1118 ipsi
739 1044 987 1102 conversi
1028 1053 1212 1100 essent
1241 1043 1308 1097 ad
1334 1042 1741 1113 paenitentiam,
1772 1054 1995 1094 conver-

419 1146 625 1195 teretur
654 1137 796 1192 Deus
825 1135 893 1191 ad
924 1134 1227 1191 sanandum
1262 1133 1400 1197 illos,
1432 1132 1521 1201 qui
1554 1147 1650 1201 per
1671 1130 1996 1201 Prophetam

418 1228 498 1283 eis
533 1227 700 1282 dicit:
731 1224 1107 1280 Convertimini
1153 1222 1223 1277 ad
1257 1239 1368 1287 me,
1409 1233 1457 1276 et
1496 1237 1589 1291 ego
1629 1230 1901 1275 convertar
1927 1219 1996 1273 ad

418 1333 527 1380 vos,
580 1316 652 1370 ait
692 1314 949 1370 Dominus
987 1312 1130 1368 Deus
1165 1310 1351 1383 (Zaclt.
1399 1310 1459 1378 1).
1513 1309 1877 1364 Incrassatum
1919 1317 1996 1363 est

420 1406 666 1460 eriimcor
690 1404 867 1476 populi
895 1406 1077 1477 hujus,
1107 1412 1161 1458 et
1193 1403 1422 1473 reliqua.
1455 1402 1473 1475 (
1491 1402 1651 1474 Aug.)
1679 1401 1828 1457 Alius
1856 1402 1999 1457 enim

420 1494 745 1568 evangelista
792 1494 976 1550 dicit:
1019 1492 1330 1549 Exca’cavit'
1385 1490 1563 1546 oculos
1628 1507 1829 1546 eorum.
1896 1490 2005 1544 Sed

422 1595 607 1641 utrum
649 1595 706 1641 ut
751 1601 1025 1655 nunquam
1053 1584 1289 1649 videant,
1334 1600 1400 1638 an
1430 1599 1556 1640 vero
1587 1598 1653 1638 ne
1679 1582 1763 1637 vel
1794 1583 1872 1638 sic
1900 1582 2001 1637 ali-

422 1678 640 1745 quando
689 1674 922 1741 vidcant,
968 1676 1210 1729 caecitate
1253 1690 1349 1729 sua
1399 1674 1501 1730 sibi
1537 1674 1921 1744 displicentes,
1950 1682 2007 1728 et

420 1783 479 1823 se
505 1767 765 1830 dolentes,
797 1774 852 1820 et
875 1780 940 1819 ex
970 1765 1074 1820 hoc
1101 1764 1390 1830 humiliazi,
1422 1772 1585 1834 atque
1615 1764 1896 1829 commoti,
1937 1764 2006 1817 ad

419 1859 720 1914 conlitenda
752 1866 975 1928 peccata
1023 1872 1142 1920 sua,
1182 1863 1237 1912 et
1273 1856 1360 1926 pie
1405 1856 1753 1926 quaerendum
1798 1855 2004 1910 Deum?

2096 658 2267 716 Filius
2293 662 2535 717 revelare
2565 662 2833 733 dignatur.

2150 738 2332 808 Amen
2361 754 2495 807 enim
2526 752 2642 807 dico
2667 752 2827 818 vobis,
2853 768 2977 823 quia
3005 760 3155 805 mu.“
3182 750 3448 821 prophetae
3480 758 3533 801 et
3552 748 3698 817 just:

2096 844 2367 915 cupierunt
2397 843 2569 897 videre
2590 859 2708 913 qua:
2738 842 2950 911 videtis,
2982 852 3027 896 et
3073 858 3175 897 non
3199 840 3470 905 viderunt,
3506 849 3557 893 et
3587 854 3696 894 au—

2096 933 2209 987 dire
2236 949 2351 1005 qua:
2375 933 2593 998 auditis,
2622 942 2668 987 et
2693 950 2794 987 non
2819 933 3119 986 audierunt.
3143 929 3423 984 Abraham
3449 928 3697 984 exsulta-

2097 1022 2174 1076 vit
2203 1031 2261 1077 ut
2288 1021 2495 1077 videret
2537 1022 2678 1076 diem
2710 1021 2937 1086 Christi,
2965 1030 3020 1075 et
3043 1020 3197 1086 vidit,
3219 1030 3275 1091 et
3312 1019 3543 1091 gavisus
3570 1026 3656 1074 est
3680 1034 3697 1070 :

2099 1113 2262 1169 Isaias
2296 1128 2509 1183 quoque
2538 1122 2592 1168 et
2628 1110 2861 1168 Micheas
2887 1120 2942 1166 et
2982 1111 3136 1166 nmlti
3174 1090 3263 1165 alii
3294 1090 3585 1180 propheta:
3620 1109 3702 1162 vi-

2100 1205 2297 1260 derunt
2344 1205 2570 1276 gloriam
2614 1204 2846 1260 Domini.
2887 1203 2987 1271 Qui
3019 1212 3074 1259 et
3112 1210 3405 1274 propterea
3444 1200 3703 1255 videntes

2101 1306 2225 1351 sunt
2255 1296 2505 1373 appellati
2533 1313 2547 1362 ;
2580 1297 2671 1352 sed
2695 1297 2748 1351 hi
2778 1311 2969 1351 omnes
2998 1311 3028 1349 a
3068 1295 3223 1364 longe
3251 1294 3613 1365 aspicientes,
3646 1301 3705 1347 et

2102 1386 2420 1454 salutantes,
2445 1405 2536 1458 per
2557 1387 2819 1458 speculum
2847 1388 2899 1441 in
2922 1387 3197 1458 wnigmate
3222 1387 3469 1441 viderunt
3496 1383 3553 1456 (1
3570 1383 3700 1441 Cor.

2104 1492 2201 1529 χιιι
2232 1477 2271 1547 ).
2331 1476 2571 1547 Apostoli
2628 1486 2808 1531 autem
2878 1476 3368 1546 impraesentiarum
3431 1475 3706 1531 habentes

2105 1570 2296 1634 Deum,
2347 1579 2837 1640 convescentesque
2878 1570 2927 1625 ci
2952 1610 2966 1636 ,
3013 1579 3067 1625 et
3114 1582 3453 1639 quascunque
3494 1566 3706 1624 voluis-

2105 1668 2228 1716 sent
2257 1660 2641 1731 interrogando
2667 1661 2937 1716 discentes
2963 1700 2978 1726 ,
3022 1675 3367 1731 nequaquam
3402 1674 3505 1729 per
3533 1674 3706 1728 ange-

2107 1751 2187 1807 los
2232 1760 2323 1805 aut
2350 1751 2527 1806 varias
2556 1751 2822 1806 visionum
2868 1752 3079 1821 species
3123 1766 3258 1821 opus
3295 1750 3581 1804 habebant
3608 1749 3704 1803 du-

2100 1831 2239 1896 sceri.
2292 1841 2439 1909 Quos
2469 1850 2649 1896 autem
2691 1841 2975 1897 Matthmus
3007 1840 3298 1911 prophetas
3323 1848 3381 1893 et
3415 1837 3600 1907 justus
3626 1839 3711 1891 di-

420 1946 510 2003 Sic
531 1947 674 2003 enim
704 1926 916 2001 Marcus
958 1945 1091 2000 dicit
1116 1946 1251 2009 hoe,
1282 1962 1344 2000 ne
1365 1946 1578 2016 quando
1609 1956 2001 2011 convertantur,
2030 1926 2078 1987 Β
2105 1934 2198 2001 εἷεν
2223 1933 2398 1989 Lucas
2427 1950 2521 1989 008
2550 1935 2842 2006 Prophetas
2867 1942 2923 1987 οι
2956 1947 3110 2002 ωερε
3138 1930 3393 2002 appelli“-
3442 1930 3553 1999 ῙΡδῖ
3583 1938 3713 1983 sum

418 2047 467 2092 et
490 2038 821 2092 dimittantur
848 2035 1181 2106 eispeccata.
1225 2035 1325 2091 Ubi
1363 2035 1737 2107 intelliguntur
1764 2036 2003 2106 peccatis

420 2128 533 2183 suis
571 2127 855 2190 meruisse,
898 2134 961 2180 ut
1003 2140 1111 2180 non
1153 2125 1533 2196 intelligerent.
1582 2126 1648 2179 Et
1692 2133 1870 2181 tamen
1902 2126 2007 2182 hoc

419 2218 596 2288 ipsum
627 2215 1051 2272 misericorditer
1076 2215 1154 2271 eis
1193 2215 1414 2282 factum,
1450 2225 1508 2271 ut
1540 2223 1760 2287 peccata
1790 2231 1886 2271 sua
1915 2232 2006 2272 co-

419 2316 759 2380 gnoscerent,
814 2316 869 2363 et
908 2309 1155 2363 conversi
1183 2308 1397 2363 veniam
1437 2316 1797 2363 mererentur.
1851 2308 2006 2377 Quod

420 2406 599 2454 autem
622 2398 856 2454 Joannes
883 2399 1027 2453 hunc
1063 2398 1240 2453 locum
1272 2399 1346 2453 ita
1374 2399 1504 2454 dicit
1534 2416 1547 2452 :
1591 2398 1875 2469 Propterea
1902 2416 2005 2454 non

419 2497 659 2558 poterant
701 2488 929 2552 credere,
960 2488 1083 2558 quia
1116 2489 1303 2542 iterum
1329 2489 1461 2542 dixit
1485 2488 1689 2543 Isaias:
1709 2488 2005 2543 Ezrctccavit

421 2576 600 2632 oculos
628 2593 841 2641 eorum,
868 2586 917 2630 et
938 2576 1201 2631 induravit
1232 2594 1320 2632 cor
1342 2594 1543 2646 eorum,
1585 2590 1642 2633 ut
1674 2596 1775 2633 non
1798 2578 2004 2633 videant

422 2666 613 2731 oculis,
640 2677 685 2720 et
709 2665 998 2739 intelligant
1031 2666 1203 2731 corde,
1239 2678 1286 2722 et
1321 2677 1705 2734 convertantur,
1742 2678 1790 2723 et
1825 2684 2006 2723 sanem

423 2772 510 2810 eos
535 2754 714 2828 (Joan.
738 2755 862 2827 xu),
911 2756 1187 2811 adversari
1228 2758 1440 2813 videtur
1465 2758 1592 2813 huic
1621 2757 1921 2822 sementim,
1951 2766 2006 2812 et

419 2848 643 2904 omnino
682 2863 903 2919 cogere,
933 2856 990 2902 ut
1015 2850 1157 2919 quod
1181 2842 1382 2905 dictum
1420 2859 1522 2912 est.
1556 2867 1619 2905 ne
1642 2851 1852 2922 quando
1883 2866 2007 2904 ocu-

422 2940 487 2994 lis
519 2939 763 3005 videant,
787 2955 892 2994 non
922 2941 1236 3011 accipiatur,
1272 2957 1339 2997 ne
1357 2941 1441 2997 vel
1466 2942 1545 2996 sic
1576 2940 1863 3012 aliquando
1879 2956 2008 2996 ocu-

424 3032 489 3087 lis
510 3031 747 3098 videant,
781 3032 875 3087 sed
907 3048 1129 3102 prorsus
1158 3042 1348 3088 utnon
1392 3034 1632 3098 videant,
1668 3033 2007 3103 quandoqui-

422 3122 544 3178 dem
571 3130 757 3193 aperte
792 3122 863 3177 ita
893 3124 1047 3187 dicit,
1091 3134 1147 3177 ut
1175 3124 1338 3178 oculis
1361 3140 1463 3178 non
1487 3124 1725 3188 videant;
1766 3131 1821 3179 et
1860 3124 2005 3194 quod

423 3213 519 3279 ait,
562 3211 852 3285 Propterea
892 3229 993 3268 non
1024 3223 1262 3282 poterant
1309 3214 1538 3280 credere,
1589 3214 1724 3273 satis
1770 3215 2007 3270 ostendit

2108 2025 2252 2080 enim
2277 2039 2433 2098 reges
2464 2024 2679 2094 magni,
2710 2024 2839 2094 quia
2884 2023 3237 2077 tentationum
3267 2035 3502 2076 suarum
3548 2021 3711 2073 moti-

2108 2113 2211 2169 bus
2264 2129 2371 2167 non
2426 2112 2815 2168 conscnticndo
2868 2110 3255 2175 succumbere,
3310 2108 3411 2164 sed
3465 2107 3711 2179 regendo

2108 2218 2341 2274 praeesse
2374 2213 2659 2261 noverunt.

2181 2294 2446 2367 (ΜΑυιι.)
2508 2293 2607 2350 Vos
2648 2312 2770 2366 ergo
2811 2293 2989 2347 audite
3026 2290 3334 2363 parabolam
3370 2289 3707 2344 seminantis.

2110 2386 2261 2441 Nunc
2289 2387 2354 2441 ad
2377 2402 2470 2442 eos
2490 2388 2653 2442 verba
2678 2386 2968 2452 convertit,
2993 2385 3190 2456 quibus
3217 2384 3413 2438 datum
3443 2392 3532 2437 est
3558 2398 3713 2436 nosse

2108 2477 2426 2548 mysterium
2474 2476 2643 2548 regni.
2681 2475 2852 2532 Simul
2882 2491 3005 2531 cum
3038 2476 3117 2530 eis
3153 2485 3207 2530 et
3231 2490 3332 2529 nos
3378 2475 3711 2535 admonens,

2109 2563 2379 2630 hortatur,
2413 2575 2471 2619 ut
2499 2581 2618 2636 quae
2644 2565 2896 2621 dicuntur
2921 2564 3229 2636 diligentius
3257 2564 3582 2618 audiamus.
3611 2563 3713 2619 Ob-

2108 2670 2263 2711 serva
2307 2656 2448 2726 quod
2491 2657 2629 2712 hanc
2654 2657 2882 2728 primam
2914 2657 3221 2726 parabolam
3252 2671 3416 2711 suam
3449 2657 3709 2712 Dominus

2107 2761 2204 2816 per
2239 2748 2586 2818 semetipsum
2614 2748 2855 2819 exponit,
2889 2756 2947 2801 ut
2975 2748 3028 2801 in
3068 2748 3279 2803 ueteris
3312 2764 3441 2817 qua:
3472 2765 3710 2819 sequun-

2108 2844 2228 2902 tur,
2275 2836 2430 2891 nobis
2479 2838 2635 2908 juxta
2689 2837 2830 2894 hanc
2897 2837 3139 2910 regulam
3186 2839 3453 2895 ﬁduciam
3511 2842 3717 2897 tritum

2108 2932 2440 2989 exsolvendi.
2479 2933 2559 2989 Ad
2606 2933 3014 2991 similitudinem
3043 2934 3232 3005 utique
3274 2933 3419 2990 facit
3460 2937 3716 3003 nutricis,

2112 3039 2231 3093 quas
2256 3039 2353 3079 vas
2382 3024 2598 3094 plenum
2625 3024 2872 3090 nucibus,
2896 3031 3115 3094 portans
3134 3024 3370 3080 alumnis
3386 3025 3509 3081 suis
3531 3024 3714 3090 affert;

2111 3114 2219 3171 illis
2270 3125 2448 3171 autem
2502 3116 2846 3181 mirantibus,
2877 3124 2932 3170 et
2971 3124 3193 3185 propter
3233 3115 3553 3170 novitatem
3597 3116 3716 3186 qui]

2112 3206 2363 3261 utilitatis
2412 3205 2609 3261 habeat
2661 3205 3060 3278 ignorantibus,
3119 3206 3255 3262 tollit
3303 3222 3423 3277 ipsa
3480 3208 3716 3277 primum

426 3319 530 3358 non
574 3302 695 3359 ideo
739 3302 936 3358 factam
987 3303 1129 3358 illam
1182 3306 1616 3371 excmcationcm,
1670 3315 1727 3360 ut
1757 3319 1820 3360 ea
1865 3321 2012 3361 com-
2037 3276 2083 3339 α
2116 3312 2331 3365 nucem.
2364 3307 2419 3353 οι
2451 3297 2706 3368 frangens
2733 3297 2999 3363 eundem.
3028 3298 3377 3369 ostenditque
3404 3315 3579 3369 quam
3608 3298 3717 3353 d61-

427 3396 555 3448 moti
595 3404 650 3449 et
679 3394 918 3450 dolentes
947 3410 1007 3450 sc
1047 3409 1150 3450 non
1193 3394 1509 3465 intelligere,
1558 3402 2009 3451 converterentur

429 3485 719 3555 aliquando
744 3500 842 3556 per
864 3485 1242 3554 paenitentiam
1278 3501 1421 3542 :non
1468 3487 1614 3542 enim
1657 3496 1878 3558 possent
1906 3487 2011 3542 hoc

431 3574 608 3631 facere
655 3575 759 3630 nisi
786 3575 936 3646 prius
965 3574 1269 3642 crederent,
1317 3585 1378 3631 ut
1414 3577 1685 3633 credendo
1730 3585 2014 3633 converte-

433 3675 637 3731 rentur,
681 3667 1034 3723 conversione
1071 3678 1413 3734 sanarentur,
1470 3668 1704 3723 sanitate
1749 3668 2015 3738 intellige—

433 3764 554 3813 rent
587 3776 599 3812 :
629 3760 722 3813 sed
751 3758 871 3813 ideo
902 3760 1082 3830 potius
1115 3770 1435 3829 excaecatus,
1480 3771 1538 3816 ut
1570 3777 1677 3817 non
1706 3761 2010 3816 crederent.

430 3848 572 3903 Dicit
597 3848 740 3903 enim
764 3848 1123 3919 apertissime,
1170 3848 1459 3921 Propterea
1504 3868 1609 3906 non
1639 3860 1878 3922 poterant
1905 3866 2016 3904 cre-

429 3940 570 3994 dere.
600 3939 751 4007 Quod
783 3939 830 3993 si
876 3940 950 3993 ita
983 3947 1089 4006 est,
1130 3941 1254 4011 quis
1295 3956 1403 3996 non
1435 3950 1694 4012 exsurgat
1740 3941 1796 3995 in
1831 3939 2018 3995 delen-

432 4032 641 4087 sionem
677 4031 1017 4097 Judazorum,
1064 4042 1119 4087 ct
1138 4049 1247 4103 “eos
1273 4043 1427 4089 extra
1456 4035 1670 4106 culpam
1697 4035 1864 4090 fuisse
1889 4049 2016 4105 pro-

435 4121 633 4176 clamet
657 4120 800 4189 quod
829 4135 936 4175 non
969 4122 1351 4177 crediderunt?
1394 4123 1687 4195 Propterea
1725 4125 1870 4180 enim
1911 4140 2018 4179 non

435 4221 690 4283 poterant
720 4214 963 4281 credere,
997 4214 1124 4285 quia
1149 4217 1443 4271 excaecavit
1468 4217 1656 4273 oculos
1677 4232 1885 4273 eorum.
1913 4216 2020 4272 Sed

436 4303 690 4374 quoniam
732 4304 874 4359 Deus
919 4305 1099 4374 potius
1126 4313 1278 4361 extra
1321 4306 1531 4376 culpam
1573 4306 1732 4362 debet
1772 4306 2017 4376 intelligi,

434 4395 681 4466 cogimur
710 4394 867 4450 lateri
915 4396 1035 4451 aliis
1072 4394 1393 4467 quibusdam
1422 4399 1660 4468 peccatis
1685 4413 1780 4454 eos
1816 4398 1891 4452 ita
1926 4413 2021 4452 ex-

433 4484 624 4539 czecari
654 4485 934 4550 meruisse,
967 4501 1071 4556 qua
1102 4494 1277 4541 tamen
1303 4489 1663 4545 excatcatione
1693 4504 1800 4545 non
1827 4499 2019 4561 potue-

434 4589 560 4636 runt
598 4581 848 4649 credere;
900 4581 1065 4637 verba
1094 4582 1240 4638 enim
1275 4580 1498 4638 Joannis
1537 4583 1639 4638 ista
1680 4593 1805 4639 sunt
1838 4602 1851 4639 :
1884 4581 2021 4637 Pro-

433 4684 605 4746 pterea
634 4691 739 4729 non
759 4684 997 4744 poterant
1026 4674 1254 4740 credere,
1277 4674 1400 4745 quia
1427 4676 1613 4730 iterum
1637 4676 1771 4729 dixit
1801 4674 1975 4730 Isaias
1998 4693 2018 4733 :

435 4764 733 4819 Excaecavit
760 4763 937 4818 oculos
962 4780 1160 4818 eorum.
1198 4764 1423 4821 Frustra
1449 4766 1630 4837 itaque
1652 4781 1915 4822 conamur
1937 4767 2020 4821 in-

436 4842 674 4923 telligere
705 4853 826 4909 ideo
864 4853 1031 4909 fuisse
1060 4864 1390 4921 excmcatos,
1440 4865 1501 4910 ut
1547 4865 2016 4922 converterentur,

435 4959 557 5000 cum
610 4945 732 5001 ideo
783 4946 1024 5001 converti
1076 4962 1183 5001 non
1236 4957 1528 5019 poterant,
1580 4950 1705 5020 quia
1761 4951 2019 5006 οςεαεοτιιί

435 5045 609 5090 erant.
658 5036 792 5091 Cum
819 5045 998 5092 autem
1026 5037 1225 5093 dicitur
1261 5040 1406 5109 quod
1435 5042 1707 5107 credatur,
1741 5042 1843 5097 nisi
1874 5042 2017 5113 quod

438 5124 637 5178 dicitur
678 5126 1040 5197 intelligatur,
1093 5128 1241 5183 credi
1274 5145 1381 5184 non
1418 5140 1620 5201 potest.
1671 5131 2018 5203 lntelligenda

440 5224 564 5267 sunt
603 5230 732 5285 ergo
761 5218 903 5272 dicta
923 5260 936 5284 ,
970 5227 1029 5273 ut
1072 5220 1369 5274 credantur
1396 5239 1517 5292 qua:
1557 5222 1661 5277 dici
1691 5230 1983 5292 potuerunt
2002 5238 2018 5286 ;

442 5302 709 5360 credenda
752 5316 931 5362 autem
978 5324 1097 5379 qua:
1144 5310 1248 5366 diei
1278 5320 1587 5382 potuerunt,
1632 5322 1692 5367 ut
1717 5312 2023 5383 intelligan-

445 5398 551 5457 tur,
581 5409 700 5462 qua:
728 5396 831 5452 dici
863 5413 969 5453 non
994 5409 1241 5469 possunt.

527 5483 692 5540 Vestri
717 5500 889 5544 autem
917 5489 1053 5544 beati
1074 5491 1232 5556 oculi,
1253 5493 1377 5555 quia
1403 5493 1613 5557 vident;
1641 5504 1687 5547 et
1712 5510 1888 5558 aures,
1905 5495 2030 5565 quia

447 5575 685 5631 audiunt.
720 5577 933 5651 (Beda.)
980 5579 1096 5635 Non
1128 5583 1269 5638 oculi
1302 5585 1604 5639 scribarum
1646 5582 2029 5639 etPharismo-

445 5679 586 5728 rum,
634 5668 726 5735 qui
770 5682 970 5735 corpus
1022 5676 1228 5725 tantum
1276 5671 1488 5726 Domini
1534 5672 1757 5736 videre;
1810 5672 1903 5726 sed
1956 5671 2031 5727 illi

449 5750 592 5831 beati
613 5752 775 5819 oculi,
801 5756 892 5824 qui
918 5754 1033 5823 ejus
1059 5769 1284 5828 possunt
1310 5775 1637 5831 cognoscere
1664 5771 2027 5816 sacramenta.

452 5838 528 5897 De
547 5844 739 5916 quibus
784 5846 1015 5903 dicitur:
1050 5849 1116 5904 Et
1155 5850 1389 5906 revelain
1418 5869 1478 5907 ea
1506 5852 1757 5922 parvulis.
1803 5852 2026 5926 (Matth.

2044 4633 2101 4695 D

2116 3404 2234 3444 cem
2266 3388 2501 3445 fructum
2533 3390 2677 3444 intus
2709 3389 2923 3453 habeat,
2971 3398 3029 3444 et
3055 3405 3216 3459 quam
3254 3405 3487 3444 suavem
3539 3391 3715 3445 cibum

2116 3481 2458 3552 gustantibus
2490 3481 2700 3547 reddat,
2722 3481 2767 3536 si
2793 3481 2912 3550 quis
2936 3481 3194 3536 corticem
3225 3481 3375 3536 illius
3405 3480 3545 3536 foris
3576 3500 3718 3536 rum-

2115 3582 2227 3643 pat.
2263 3572 2340 3627 lta
2370 3580 2425 3626 et
2462 3573 2724 3627 Dominus
2757 3581 2944 3628 noster
2973 3572 3148 3627 adhuc
3178 3573 3407 3627 rudibus
3438 3573 3718 3642 discipulis

2117 3667 2427 3739 parabolam
2469 3682 2619 3721 suam
2665 3668 2897 3736 primum
2934 3667 3048 3736 ipse
3085 3666 3327 3736 exptmit,
3357 3675 3419 3720 et
3457 3667 3596 3735 quid
3626 3670 3718 3720 sub

2121 3757 2385 3812 velamine
2424 3757 2724 3811 litterarum
2766 3755 3063 3810 dulcedinis
3098 3754 3298 3809 habeat
3330 3756 3606 3813 ostendit.
3656 3755 3717 3810 l’t

2118 3866 2238 3905 cum
2272 3850 2468 3905 similia
2501 3848 2767 3903 audierint
2793 3856 3069 3920 gratanter
3094 3846 3391 3918 accipiant,
3422 3856 3480 3903 et
3507 3847 3642 3917 quid
3666 3848 3716 3900 ia

2118 3942 2197 3997 eis
2226 3941 2465 4012 mysterii
2498 3940 2660 3994 lateat
2691 3940 2957 4012 sagaciter
2984 3955 3080 4011 per
3111 3955 3169 3995 se
3202 3939 3322 4009 ejus
3344 3941 3535 4009 gratia
3559 3942 3719 3995 contio

2122 4034 2624 4107 tantc'invcstigare
2662 4033 3009 4090 contendant.
3043 4032 3135 4089 Sic
3162 4047 3294 4103 ergo
3324 4033 3602 4089 Dominus
3629 4046 3721 4087 es-

2120 4132 2273 4201 ponit
2300 4150 2312 4185 :

2193 4222 2376 4276 Omnis
2405 4223 2495 4292 qui
2523 4222 2669 4275 audit
2686 4221 2897 4295 [verbum
2928 4220 3088 4289 regni,
3104 4212 3168 4274 ἐτ
3199 4235 3304 4272 non
3336 4219 3616 4289 intelligit,
3640 4234 3719 4273 rs-

2124 4312 2198 4365 nit
2246 4310 2440 4376 malus,
2485 4320 2533 4366 et
2586 4312 2720 4381 rupit
2781 4310 2918 4381 quod
2964 4309 3276 4364 seminatum
3329 4319 3409 4364 est
3462 4311 3517 4363 in
3568 4310 3719 4363 corde

2122 4404 2272 4474 ejus:
2294 4403 2377 4457 hic
2399 4412 2473 4458 est
2508 4404 2597 4475 qui
2623 4419 2767 4457 secus
2801 4403 2934 4457 viam
2961 4402 3249 4455 seminatus
3279 4411 3375 4454 est.
3411 4401 3587 4472 (Rau.
3610 4402 3626 4470 )
3653 4401 3720 4455 De

2123 4497 2227 4551 hoc
2269 4495 2476 4551 semine
2506 4494 2721 4550 Marcus
2765 4494 2839 4548 ita
2873 4493 3103 4549 scribit:
3134 4490 3206 4546 Ili
3247 4503 3427 4547 autem
3470 4505 3597 4547 sunt
3635 4493 3719 4562 qui

2123 4585 2264 4639 circa
2299 4585 2434 4639 viam
2465 4583 2553 4638 ubi
2591 4583 2883 4637 seminatur
2906 4581 3150 4646 verbum,
3185 4591 3232 4635 et
3269 4598 3392 4635 cum
3426 4583 3717 4641 audierint,

2126 4675 2396 4746 confestim
2426 4675 2559 4731 venit
2599 4675 2825 4730 Satanas
2853 4684 2902 4729 et
2923 4675 3116 4744 aufert.
3150 4674 3233 4730 Ex
3273 4689 3382 4746 quo
3430 4675 3718 4730 manifeste

2127 4770 2353 4826 docetur
2377 4786 2476 4834 eos
2503 4770 2646 4824 circa
2678 4769 2820 4824 viam
2846 4768 3162 4833 semiustos,
3194 4768 3285 4837 qui
3321 4770 3559 4823 verbum
3582 4767 3717 4837 quod

2126 4862 2354 4917 audiunt
2380 4860 2524 4916 nulla
2556 4859 2678 4927 fide,
2711 4859 2855 4915 nullo
2885 4858 3181 4922 intellectu,
3214 4857 3361 4912 nulla
3384 4858 3586 4913 saltem
3609 4868 3717 4910 ten-

2125 4951 2299 5007 tandae
2321 4951 2569 5006 utilitatis
2595 4951 2881 5005 occasione
2906 4950 3185 5020 percipere
3217 4949 3536 5019 dignantur.
3570 4947 3721 5018 (Hie-

2127 5041 2267 5114 ron.)
2289 5042 2355 5096 Et
2373 5041 2530 5098 simul
2554 5041 2789 5112 intellige
2812 5042 2954 5112 quod
2970 5042 3026 5095 in
3049 5040 3210 5096 corde
3230 5041 3349 5110 ejus
3368 5037 3538 5096 fuerit
3560 5038 3721 5096 semi-

2129 5145 2338 5200 natum,
2370 5143 2422 5190 et
2453 5134 2739 5190 diversitas
2762 5143 2941 5201 terrae,
2965 5134 3158 5188 anima:
3196 5143 3325 5188 sunt
3354 5133 3717 5188 credentium.

2203 5224 2307 5290 Qui
2339 5235 2511 5279 autem
2540 5242 2695 5295 super
2717 5234 2927 5296 petrosa
2956 5224 3243 5277 seminutus
3270 5232 3369 5288 est,
3393 5223 3487 5276 hic
3527 5233 3604 5276 est
3634 5220 3721 5291 qui

2131 5315 2279 5369 audit
2318 5314 2547 5379 verbum,
2578 5325 2627 5368 et
2664 5314 2911 5368 continuo
2946 5329 3063 5368 cum
3096 5312 3291 5384 gaudio
3328 5313 3524 5380 accipit
3563 5312 3717 5373 illud.

2132 5414 2178 5458 et
2208 5420 2311 5457 non
2338 5403 2488 5457 habet
2511 5404 2565 5457 in
2592 5420 2646 5458 se
2671 5404 2920 5468 radicem,
2952 5403 3042 5457 sed
3073 5412 3149 5457 est
3193 5401 3538 5472 temporalis;
3579 5401 3720 5470 facta

2132 5505 2308 5549 autem
2354 5493 2690 5547 tribulatione
2727 5503 2774 5548 et
2840 5494 3190 5565 persecutione
3224 5503 3440 5565 propter
3485 5492 3717 5551 verbm,

2134 5586 2378 5640 continuo
2420 5581 2837 5638 scandalizatur.
2876 5583 2981 5650 Qui
3009 5593 3179 5637 autem
3220 5584 3514 5637 seminatus
3549 5590 3627 5633 est
3666 5580 3723 5631 in

2135 5677 2325 5746 spinis,
2351 5677 2434 5729 hic
2459 5685 2533 5729 est
2559 5675 2648 5745 qui
2680 5674 2884 5728 verbum
2910 5675 3076 5737 audit,
3118 5683 3166 5727 et
3208 5671 3513 5727 sollicitudo
3538 5668 3725 5722 strati

2134 5765 2313 5833 liuius,
2348 5774 2397 5818 et
2426 5762 2641 5833 fallacia
2669 5763 2970 5818 divitiarum
3004 5761 3229 5831 su/focat
3255 5760 3489 5823 verbum,
3521 5766 3573 5810 et
3609 5758 3727 5808 sine

2135 5855 2310 5925 fructu
2337 5854 2566 5924 efficitur.
2608 5852 2747 5909 Ecce
2776 5862 3007 5923 petrosae
3027 5860 3186 5907 terra:
3208 5859 3263 5906 et
3292 5848 3521 5921 spinosa
3550 5843 3701 5915 sigm‘
