3914 6464
223 345 325 402 945

1173 338 1523 399 COMMENT.
1565 336 1632 393 IN
1674 333 2107 392 MATTHJCUM.
2149 364 2218 374 —
2256 331 2382 387 LIB.
2424 331 2507 388 IV.

3371 335 3474 390 MS

221 459 530 520 ﬂeationem
572 459 808 517 caelestis
842 457 982 532 juris
1003 457 1226 529 peritus
1257 457 1510 514 ostendit.
1559 455 1668 512 Nec
1702 454 1796 511 ali-
1823 453 1869 516 Α
1891 451 2121 524 junctio,
2149 463 2204 508 et
2229 451 2383 524 quasi
2411 448 2554 506 molli
2581 465 2640 506 se
2669 448 2856 506 osculu
2877 447 3262 520 complectens,
3287 458 3342 506 et
3369 448 3470 505 fc-

222 553 350 624 quid
379 566 446 607 eo
469 552 659 610 melius
669 593 698 623 ι
731 566 831 608 nec
859 551 1062 622 aliquid
1086 551 1478 622 competentius
1505 550 1794 622 quisquam

222 642 565 713 interpretari
609 651 805 715 potest.
833 641 1005 714 Igitur
1049 657 1211 714 super
1239 651 1479 714 petrosa,
1525 641 1659 697 etin
1687 641 1797 713 spi-

220 733 324 800 nis,
357 742 419 789 ut
446 733 705 790 Dominus
727 733 983 800 ostendit,
1015 732 1348 788 seminantur
1377 731 1432 787 bi
1453 773 1468 799 ,
1509 732 1600 804 qui
1626 732 1795 788 auditi

220 823 439 894 quidem
466 823 618 880 verbi
654 832 710 880 et
744 823 1032 879 utilitatem
1072 823 1332 894 probant,
1377 829 1433 878 et
1469 822 1795 878 desiderium

219 922 458 990 gustant,
489 915 584 972 sed
610 929 678 972 ne
708 915 774 970 ad
806 913 858 970 id
887 913 1028 984 quod
1061 914 1292 985 probant
1322 913 1669 984 perveniant,
1697 913 1796 968 bu-

216 1005 305 1077 jus
348 1006 472 1060 vitm
515 1020 609 1063 eos
637 1005 723 1062 vel
761 1005 1022 1070 adversa,
1071 1003 1341 1072 terrendo,
1387 1003 1471 1060 vel
1515 1019 1794 1075 prOSpera,
1833 1005 1841 1014 '

217 1094 560 1161 blandiendo,
607 1095 904 1152 retardant.
936 1094 1138 1151 Contra
1179 1111 1299 1166 quae
1327 1103 1557 1168 utraque
1601 1096 1796 1152 damna

219 1198 404 1240 semen
433 1183 577 1255 quod
606 1191 890 1254 acceperat
924 1183 1090 1240 tutari
1122 1183 1380 1248 curabat,
1417 1183 1509 1255 qui
1541 1187 1619 1239 ait
1647 1203 1659 1238 :
1691 1183 1798 1238 Per

217 1293 368 1332 arma
399 1275 625 1348 justitire
659 1293 693 1330 a
731 1275 929 1332 dextris
971 1286 1020 1331 et
1063 1277 1312 1343 sinistris,
1349 1293 1440 1348 per
1478 1276 1702 1348 gloriam
1746 1286 1797 1332 et

214 1366 592 1439 ignobilitatem
617 1393 651 1436 ,ο
682 1384 776 1439 per
821 1366 1118 1438 infamiam,
1163 1375 1211 1424 et
1257 1367 1444 1422 bonam
1475 1367 1695 1438 famam,
1740 1377 1794 1422 ut

215 1459 516 1516 seductores
550 1469 600 1515 et
653 1477 859 1516 veraces
886 1463 904 1532 (
933 1458 997 1514 Η
1033 1456 1156 1516 Cor.
1188 1475 1240 1514 vr
1269 1459 1309 1532 ).
1347 1459 1444 1515 llis
1473 1473 1600 1532 ergo
1628 1459 1796 1516 tribus

215 1559 381 1605 terra:
415 1550 706 1621 generibus
740 1549 877 1606 scito
905 1565 1124 1616 omnes,
1161 1549 1254 1621 qui
1288 1547 1526 1606 Verbum
1553 1548 1796 1604 auditum

214 1655 322 1694 non
355 1637 559 1696 faciunt
601 1655 722 1696 esse
751 1641 1007 1712 signatos.
1042 1639 1272 1696 Attende
1307 1641 1437 1712 quid
1477 1641 1676 1696 dictum
1704 1640 1792 1705 sit,

213 1730 462 1784 continuo
483 1729 898 1785 scandalizatur.
934 1731 1030 1787 Est
1057 1745 1188 1802 ergo
1209 1730 1388 1802 aliqua
1426 1730 1680 1786 distantia
1715 1730 1790 1786 in-

1899 545 2094 602 dcrans
2127 544 2380 599 maritum
2419 542 2592 616 pingit
2626 551 2681 598 et
2713 540 3014 613 coniugem.
3061 539 3354 612 Sexaginta
3401 543 3473 598 ad

1899 637 2108 702 viduas,
2139 649 2206 692 eo
2229 633 2371 706 quod
2402 635 2456 688 in
2491 633 2738 706 angustia
2775 642 2829 690 et
2859 631 3206 689 tribulatione
3233 633 3342 689 sint
3370 648 3467 704 po-

1897 727 2014 784 sita:
2065 747 2076 781 :
2117 725 2260 781 unde
2307 732 2364 782 et
2409 725 2461 780 in
2517 725 2796 795 superiore
2843 723 3010 794 digito
3060 723 3464 794 deprimuntur;

1897 827 2207 889 quantoque
2247 814 2418 886 major
2465 822 2550 872 est
2584 814 2868 870 dillicultas
2910 821 3148 884 expertae
3193 814 3469 884 quondam

1897 909 2186 980 voluptatis
2231 908 2498 964 illecebris
2533 908 2821 972 abstinere,
2861 914 3014 964 tanto
3047 906 3222 978 maius
3252 914 3306 963 et
3334 921 3450 978 prae

1898 999 2084 1054 mium.
2119 999 2288 1054 Porro
2315 997 2640 1054 centesimus
2667 1011 2924 1053 numerus
2955 1012 3137 1067 quteso
3163 996 3458 1070 diligenter.

1897 1090 2085 1156 lector,
2115 1090 2354 1154 attende,
2394 1105 2422 1143 a
2452 1088 2674 1144 sinistra
2712 1087 3038 1144 transfertur
3065 1088 3132 1142 ad
3167 1086 3466 1149 dexteram,

1898 1191 1952 1239 et
1993 1181 2195 1236 eisdem
2241 1181 2456 1251 quidem
2510 1178 2722 1250 digitis,
2757 1177 2851 1234 sed
2899 1193 3004 1232 non
3055 1177 3244 1234 eadem
3285 1193 3466 1240 manu,

1897 1272 2092 1342 quibus
2122 1271 2175 1324 in
2209 1269 2339 1324 lmva
2369 1283 2530 1322 manu
2561 1276 2738 1338 nuptm
2772 1266 3161 1337 significantur,
3201 1275 3256 1322 et
3297 1268 3472 1323 vidum

1897 1363 2156 1420 circulum
2193 1360 2396 1418 faciens
2419 1360 2676 1433 exprimit
2703 1361 3029 1432 virginitatis
3051 1377 3332 1418 coronam.
3363 1362 3472 1416 Ali-

1899 1461 2000 1521 ter,
2030 1461 2266 1518 centum,
2317 1453 2410 1524 qui
2439 1453 2798 1523 computando
2823 1468 2854 1508 a
2890 1453 3111 1508 sinistra
3141 1453 3477 1508 transferun-

1899 1553 1988 1600 tur
2025 1545 2094 1600 ad
2133 1544 2430 1608 dexteram,
2469 1552 2616 1599 recte
2656 1543 2708 1598 in
2759 1542 3155 1614 significatione
3197 1551 3477 1613 ponuntur

1897 1645 2167 1708 perpetuae
2213 1636 2585 1701 beatitudinis,
2629 1635 2891 1706 siquidem
2939 1636 3178 1707 triginta,
3219 1645 3273 1690 et
3319 1650 3472 1692 sexa-

1898 1727 2046 1802 ginta
2092 1727 2146 1782 in
2190 1726 2322 1782 laeva
2371 1727 2546 1781 ailmc
2599 1741 2762 1781 manu
2815 1725 3193 1792 continentur,
3254 1734 3474 1783 centum

201 1826 302 1898 pter
333 1834 458 1874 eum
501 1819 592 1890 qui
636 1819 820 1876 multis
860 1819 1297 1878 tribulationibus
1331 1821 1610 1892 pinnisque
1644 1836 1793 1878 com-
1825 1831 1870 1891 Β
1900 1827 2179 1875 transeunt
2205 1819 2270 1873 ad
2305 1817 2603 1872 dexteram.
2645 1817 2901 1885 Quamvis
2930 1817 3072 1873 enim
3101 1833 3291 1888 magna
3319 1817 3478 1884 fides,

211 1908 432 1978 pellitur
460 1907 735 1966 Christum
757 1925 974 1982 negare,
996 1921 1052 1967 et
1073 1927 1194 1967 eum
1217 1912 1308 1982 qui
1339 1911 1408 1966 ad
1436 1912 1792 1984 propinquam

210 1996 554 2068 primamque
594 1999 1026 2069 persecutionem
1067 2001 1251 2056 statim
1283 2001 1685 2056 scandalizatur
1743 2009 1798 2058 et

209 2087 440 2142 corruit.
483 2087 613 2143 Item
661 2089 817 2161 hujus
845 2091 1028 2146 mundi
1063 2091 1280 2148 divitias
1316 2108 1656 2163 nequaquam
1687 2093 1794 2149 Do-

207 2176 394 2232 minus
421 2176 657 2245 divitias,
691 2180 784 2235 sed
811 2179 1031 2236 fallaces
1061 2181 1277 2238 divitias
1306 2183 1558 2254 appellat.
1590 2181 1794 2256 (Greg.)

209 2263 460 2326 Fallaces
483 2269 626 2324 enim
671 2277 814 2336 sunt,
864 2287 985 2343 quae
1028 2273 1308 2329 nobiscum
1350 2275 1439 2331 diu
1478 2291 1798 2346 permanere

209 2372 322 2412 non
343 2367 605 2428 possunt;
645 2359 864 2417 fallaces
893 2371 1037 2428 sunt,
1069 2379 1190 2434 qum
1219 2365 1418 2421 mentis
1450 2374 1648 2422 nostra:
1678 2367 1796 2422 ino-

207 2446 361 2517 piam
393 2463 499 2502 non
524 2447 818 2520 expellunt.
869 2449 1010 2506 Solae
1044 2461 1224 2508 autem
1254 2454 1454 2511 divitiw
1480 2470 1621 2512 verte
1648 2465 1793 2525 sunt,

211 2552 336 2607 quae
363 2552 461 2594 nos
508 2539 792 2596 virtutibus
832 2540 1026 2597 divites
1064 2542 1286 2600 faciunt.
1325 2544 1630 2604 Notandum
1665 2563 1796 2605 vero

211 2637 331 2698 est,
363 2630 503 2702 quod
531 2645 804 2704 exponens
839 2634 1098 2692 Dominus
1129 2637 1280 2703 dicit,
1329 2639 1452 2708 quia
1483 2640 1797 2696 sollicitudi-

212 2737 331 2786 nes,
383 2731 439 2780 et
487 2724 808 2796 voluptates,
850 2736 904 2782 ct
945 2728 1145 2784 divitia:
1187 2728 1469 2786 sull‘ocant.
1520 2731 1797 2790 Suffocant

210 2813 397 2881 enim,
449 2813 575 2884 quia
617 2815 939 2887 importunis
994 2819 1410 2888 COgitationibus
1458 2823 1570 2879 suis
1617 2831 1798 2895 guttur

210 2907 412 2963 ruentis
455 2909 812 2982 strangulant,
862 2920 915 2966 et
943 2911 1070 2966 dum
1105 2913 1306 2968 bonum
1349 2915 1675 2971 desiderium
1715 2916 1795 2970 iu-

211 3005 362 3053 trare
389 2998 455 3054 ad
478 3014 574 3054 cor
601 3016 706 3056 non
742 3001 955 3068 sinunt,
1002 3004 1154 3072 quasi
1185 3003 1389 3060 aditum
1429 3004 1588 3062 flatus
1615 3005 1796 3062 vitalis

209 3099 430 3146 necant.
464 3091 762 3148 Notandum
793 3095 955 3150 etiam
987 3096 1128 3165 quod
1161 3097 1266 3152 duo
1292 3107 1417 3153 sunt
1445 3115 1564 3170 qute
1593 3099 1797 3156 divitiis

1897 1925 2016 1980 quae
2063 1908 2216 1963 nobis
2266 1907 2630 1980 cognitionem
2685 1907 2852 1962 nostri
2893 1907 3192 1963 conditoris
3249 1907 3476 1972 revelat,

1897 2015 2090 2071 magna
2119 1999 2227 2054 sint
2253 2013 2416 2068 opera
2457 1997 2652 2068 quibus
2695 1996 2856 2061 fides,
2895 2011 2962 2052 ne
3001 1995 3072 2052 sit
3111 1997 3283 2052 otiosa
3301 2036 3325 2062 ,.
3348 2011 3478 2052 con-

1897 2095 2218 2152 summatur,
2256 2087 2310 2141 in
2355 2087 2459 2142 bac
2497 2095 2675 2141 tamen
2712 2087 2872 2141 ambo
2908 2093 3034 2140 sunt
3067 2086 3176 2139 vita
3221 2099 3480 2141 necessa-

1897 2181 1997 2235 ria.
2028 2177 2240 2250 (Ατιᾳ.)
2277 2177 2564 2233 Praemium
2595 2191 2723 2234 vero
2759 2178 2880 2234 fidei
2912 2187 2968 2234 et
2996 2179 3326 2250 operationis
3355 2193 3476 2249 qua:

1897 2285 1994 2341 per
2025 2269 2364 2325 dilectionem
2395 2276 2681 2324 exercetur
2715 2269 2767 2323 in
2799 2267 2978 2324 futura
3004 2277 3087 2325 est
3121 2270 3226 2324 vita
3253 2284 3478 2341 speran-

1897 2362 2044 2418 dum.
2097 2360 2221 2416 Sive
2255 2359 2430 2426 aliter,
2479 2359 2619 2414 bona
2665 2369 2806 2415 terra
2847 2360 3203 2415 centesimum
3241 2359 3475 2415 fructum

1898 2451 2003 2508 fert
2043 2459 2340 2524 martyrum
2381 2459 2604 2520 propter
2651 2451 2955 2506 satietatem
2995 2451 3145 2513 vitae,
3194 2459 3249 2506 et
3287 2465 3482 2506 conce-

1897 2551 2047 2614 ptum
2081 2543 2288 2598 mortis.
2337 2541 2746 2614 Sexagesintum
2771 2541 3039 2613 virginum
3064 2550 3286 2611 propter
3307 2541 3480 2596 otium

1898 2635 2142 2700 interius,
2189 2635 2314 2705 quia
2362 2651 2470 2690 non
2515 2643 2756 2708 pugnant
2799 2645 2988 2692 contra
3027 2636 3478 2692 consuetudinem

1899 2726 2098 2792 carnis,
2132 2727 2271 2782 solet
2303 2726 2448 2782 enim
2475 2726 2648 2782 otium
2685 2727 2910 2782 concedi
2949 2727 3319 2798 sexagenariis
3359 2735 3482 2798 post

1899 2817 2178 2884 militiam,
2231 2816 2314 2871 vel
2367 2825 2488 2887 post
2531 2817 2770 2872 actiones
2813 2816 3076 2886 publicas.
3119 2817 3476 2872 Tricesimum

1899 2910 2326 2981 conjugatorum,
2378 2908 2505 2978 quia
2531 2908 2646 2964 haec
2670 2916 2912 2965 esttetas
2950 2908 3341 2980 praeliantium;
3373 2909 3474 2979 ipsi

1900 3003 2042 3060 enim
2093 3002 2294 3057 habent
2339 3000 2605 3057 acriorem
2648 2997 2994 3065 conflictum,
3047 3014 3117 3055 ne
3162 2999 3476 3056 libidinibus

1901 3103 2243 3166 superentur.
2298 3093 2428 3150 Post
2495 3092 2612 3149 haec
2657 3093 2822 3150 verba
2873 3093 3084 3148 Domini
3140 3092 3385 3164 sequitur.
3421 3091 3486 3147 in.

203 3180 410 3254 jungit,
453 3183 840 3243 sollicitudines
884 3187 1135 3244 videlicet
1181 3199 1234 3246 et
1282 3191 1612 3262 voluptates;
1669 3193 1794 3264 quia
1824 3209 1869 3271 ρ
1904 3186 2154 3242 Μίὶιιιιίνο
2177 3193 2232 3241 Cl
2255 3184 2458 3241 dieitur
2486 3203 2504 3240 ι

210 3272 460 3344 profecto
493 3283 548 3331 et
586 3291 683 3346 per
727 3292 914 3333 curam
955 3289 1188 3339 mentem
1230 3283 1560 3351 opprimunt,
1601 3293 1656 3340 et
1699 3299 1798 3356 per

215 3362 545 3420 afﬂuentiam
583 3363 896 3434 resolvunt;
934 3384 992 3424 re
1035 3370 1176 3424 enim
1219 3372 1491 3426 contraria
1527 3389 1801 3444 possesso-

213 3474 306 3514 res
327 3473 454 3516 suos
481 3467 535 3514 et
557 3457 785 3516 afflictos
813 3468 869 3516 et
897 3459 1136 3519 lubricos
1160 3463 1384 3519 faciunt.
1415 3463 1522 3520 Sed
1549 3467 1675 3537 quia
1705 3484 1798 3523 vo-

214 3548 396 3618 luptas
447 3549 740 3606 convenire
781 3565 906 3606 cum
955 3549 1244 3608 afﬂictione
1296 3569 1402 3609 non
1455 3563 1652 3624 potest,
1695 3556 1800 3613 alio

215 3641 438 3710 quidem
483 3651 726 3711 tempore
774 3657 872 3712 per
920 3643 1178 3700 custodia:
1221 3659 1332 3700 sua:
1382 3645 1800 3704 sollicitudinem

215 3731 480 3804 atlligunt,
521 3741 682 3804 atque
717 3732 823 3790 alio
850 3749 948 3805 per
975 3735 1362 3802 abundantiam
1395 3739 1464 3796 ad
1493 3739 1800 3812 voluptates

198 3822 520 3879 'emolliunt.

290 3913 396 3981 Qui
426 3933 544 3971 vero
577 3918 632 3972 in
670 3925 862 3976 terram
893 3921 1081 3978 bonum
1124 3923 1411 3978 seminatus
1442 3933 1550 3991 est,
1597 3927 1682 3980 hic
1725 3937 1802 3982 est

215 4005 308 4075 qui
330 4005 478 4059 audit
519 4006 752 4076 verbum,
793 4019 840 4064 et
875 4009 1150 4084 intelligit,
1186 4022 1234 4068 et
1265 4013 1496 4080 fructum
1527 4016 1717 4086 a/fert,
1753 4027 1803 4072 et

216 4097 348 4169 facit
371 4097 518 4154 aliud
550 4101 758 4171 quidem
793 4096 1149 4170 centesimum,
1185 4105 1333 4160 aliud
1371 4117 1546 4164 autem
1582 4125 1801 4182 sexage-

213 4189 432 4258 simum,
479 4190 628 4246 aliud
671 4209 790 4248 vero
839 4193 1175 4250 tricesimum.
1224 4195 1518 4271 (Hieron.)
1568 4198 1718 4256 Sicut
1749 4201 1803 4256 in

217 4288 370 4339 terra
416 4283 557 4339 mala
597 4293 708 4341 tres
740 4285 890 4342 fuere
938 4287 1301 4356 diversitates,
1352 4306 1510 4348 secus
1541 4293 1706 4360 viam,
1748 4301 1804 4350 et

219 4385 465 4448 petrosa,
511 4385 568 4434 et
591 4378 806 4448 spinosa
839 4379 972 4444 loca,
1012 4379 1092 4436 sic
1132 4382 1186 4436 in
1217 4391 1362 4438 terra
1389 4383 1528 4439 bona
1555 4386 1695 4440 trina
1721 4387 1804 4442 di-

219 4469 454 4524 versitas
483 4477 568 4526 est
607 4471 910 4539 centesimi,
935 4473 1253 4544 sexagesimi
1283 4473 1510 4543 fructus,
1557 4485 1610 4532 et
1641 4478 1801 4535 trice-

1977 3275 2090 3348 [ll.]
2115 3275 2285 3330 Aliam
2307 3275 2613 3346 parabolam
2635 3276 2902 3347 proposuit
2925 3276 3018 3339 eis,
3049 3275 3226 3330 dicens
3254 3287 3272 3325 :
3297 3273 3482 3330 Simile

1903 3379 1975 3423 est
2025 3383 2238 3439 regnum
2279 3366 2527 3422 caelorum
2574 3366 2771 3422 homini
2826 3369 2916 3440 qui
2973 3367 3241 3423 seminavit
3283 3366 3474 3421 bonum

1903 3476 2076 3515 semen
2111 3459 2164 3515 in
2192 3477 2318 3531 agro
2347 3476 2463 3515 suo.
2497 3458 2635 3515 Nota
2660 3460 2803 3530 quod
2827 3461 2998 3516 audis.
3042 3459 3245 3527 Aliam,
3288 3459 3480 3530 inquit,

1901 3549 2206 3622 parabolam
2250 3551 2514 3623 proposuit
2563 3551 2637 3607 eis
2679 3553 2874 3607 dicens.
2936 3552 3170 3608 Sedebat
3210 3567 3338 3624 ergo
3379 3550 3485 3606 Do-

1903 3643 2082 3698 minus
2112 3642 2164 3696 in
2195 3642 2341 3707 navi,
2385 3642 2540 3699 turba
2583 3644 2636 3698 in
2681 3643 2860 3700 littore
2910 3645 3112 3708 maris;
3164 3643 3234 3699 illi
3269 3645 3479 3713 procul,

1903 3732 2150 3802 discipuli
2177 3732 2335 3788 vicini
2363 3733 2690 3802 audiebant;
2721 3734 2974 3805 proponit
2999 3735 3078 3790 eis
3115 3742 3170 3790 et
3194 3733 3353 3789 aliam
3391 3751 3487 3804 pa-

1906 3821 2145 3878 rabolam
2177 3822 2329 3892 quasi
2371 3822 2521 3879 dives
2551 3822 2938 3894 paterfamilias
2964 3823 3214 3879 invitatos
3255 3823 3484 3879 diversis

1906 3912 2154 3969 reficiens
2183 3913 2320 3968 cibis
2341 3955 2355 3979 ,
2403 3920 2464 3968 ut
2492 3913 2861 3984 unusquisque
2905 3913 3205 3969 secundum
3234 3923 3495 3970 naturam.

1905 4003 2170 4060 Stomaebi
2207 4003 2290 4061 sui
2325 4003 2473 4058 varia
2509 4003 2765 4059 alimenta
2811 4013 3130 4075 susciperet.
3169 4004 3320 4061 Unde
3351 4007 3487 4062 etin

1904 4096 2087 4168 priore
2131 4093 2388 4166 parabola
2433 4110 2539 4150 non
2589 4094 2724 4151 dixit
2771 4095 3030 4161 alteram,
3070 4095 3165 4151 sed
3203 4095 3402 4151 aliam-
3431 4096 3488 4152 Si

1905 4191 2048 4246 enim
2091 4188 2446 4261 prtemisissct
2491 4187 2738 4254 alteram,
2763 4197 3082 4260 exspectare
3129 4189 3342 4245 tertiam
3382 4205 3491 4246 non

1904 4293 2234 4356 poteramus.
2266 4281 2533 4340 Prtemisit
2557 4281 2718 4338 aliam
2749 4290 2808 4336 ut
2833 4281 3018 4353 plures
3039 4293 3353 4354 sequantur.
3381 4282 3491 4339 Sed

1905 4379 2030 4448 quia
2060 4378 2176 4434 hate
2203 4376 2438 4433 secunda
2477 4374 2732 4446 parabola
2765 4388 2884 4430 cum
2914 4375 3358 4444 interpretatione
3391 4390 3491 4431 sua

1906 4486 2010 4526 non
2043 4471 2226 4527 statim
2257 4472 2499 4542 exposita
2532 4479 2636 4536 est,
2671 4471 2764 4526 sed
2790 4469 3088 4538 interiectis
3112 4470 3231 4525 aliis
3259 4471 3488 4540 parabo-

220 4559 367 4615 simi.
410 4559 477 4614 Et
504 4561 560 4615 in
599 4560 689 4615 illa
735 4569 939 4629 autem,
967 4562 1105 4618 etin
1148 4563 1252 4619 ista
1295 4580 1401 4620 non
1437 4575 1641 4622 mutata
1676 4569 1802 4628 sub-
1827 4567 1880 4626 D
1908 4563 1974 4619 lis
2000 4564 2284 4630 edisserta,
2331 4565 2418 4640 hic
2441 4565 2656 4634 quidem
2690 4579 2720 4618 a
2752 4561 3035 4618 Salvatore
3065 4562 3403 4634 proponitur,
3432 4571 3487 4618 et

219 4650 445 4716 stantia,
487 4650 582 4706 sed
627 4651 907 4718 voluntas;
947 4661 1002 4706 et
1039 4660 1148 4707 tam
1192 4654 1592 4712 incredulorum
1639 4673 1801 4728 quam

220 4741 557 4798 credentium
586 4743 749 4802 corda
775 4752 901 4798 sunt
919 4760 1040 4814 quae
1061 4759 1246 4800 semen
1275 4746 1559 4816 recipiunt.
1593 4747 1800 4815 Omnis,

217 4831 428 4902 inquit,
477 4833 567 4902 qui
607 4831 756 4886 audit
800 4832 1009 4886 verbum
1061 4833 1217 4901 ﬁdei,
1267 4843 1315 4888 et
1372 4851 1475 4890 non
1522 4835 1801 4908 intelligit,

222 4921 358 4976 venit
401 4919 592 4986 malus,
637 4929 686 4975 et
734 4921 868 4991 rapit
915 4920 1053 4990 quod
1077 4923 1389 4977 seminatum
1429 4933 1504 4978 est
1548 4925 1601 4978 in
1649 4924 1804 4980 corde

223 5013 372 5084 ejus;
401 5019 457 5068 et
477 5011 734 5077 secundo,
771 5020 826 5067 et
855 5012 1036 5078 tertio,
1077 5011 1178 5067 llic
1215 5025 1314 5081 est,
1359 5017 1456 5083 ait,
1485 5018 1575 5088 qui
1595 5018 1802 5074 verbum

225 5101 397 5154 audit.
424 5099 482 5156 In
504 5101 840 5172 expositione
865 5117 1080 5172 quoque
1104 5112 1263 5160 terra:
1289 5106 1462 5172 boum,
1495 5108 1590 5162 iste
1616 5119 1691 5164 est
1715 5111 1805 5182 qui

227 5191 376 5246 audit
405 5192 636 5258 verbum,
677 5200 727 5248 et
749 5192 1012 5264 intelligit,
1056 5203 1103 5250 et
1128 5195 1357 5264 fructum
1398 5199 1577 5268 affert,
1600 5209 1649 5254 et
1677 5199 1806 5270 facit

226 5283 378 5338 aliud
421 5285 774 5352 centesimum,
817 5283 966 5340 aliud
1003 5297 1174 5343 autem
1206 5293 1617 5361 sexagesimum,
1660 5292 1808 5348 aliud

227 5391 347 5428 vero
399 5375 736 5428 tricesimum.
785 5374 1024 5431 Primum
1074 5393 1205 5450 ergo
1264 5379 1522 5437 debemus
1574 5383 1802 5450 audire,

229 5463 423 5519 deinde
449 5462 766 5534 intelligere,
795 5473 850 5518 et
874 5473 996 5534 post
1021 5466 1426 5540 intelligentiam
1454 5470 1662 5528 fructus
1686 5474 1806 5528 red-

231 5553 362 5610 dere
405 5551 796 5620 doetrinarum,
842 5562 899 5609 et
945 5555 1123 5614 facere
1171 5559 1252 5613 vel
1293 5560 1531 5618 fructum
1572 5565 1800 5620 centesi-

233 5663 402 5712 mum,
439 5643 522 5703 vel
569 5645 992 5716 sexagesimum,
1031 5648 1110 5702 vel
1157 5649 1506 5707 tricesimum.
1561 5653 1804 5725 Triginta

234 5733 476 5791 referunt
515 5737 580 5794 ad
627 5736 877 5809 nuptias;
927 5753 1048 5792 nam
1089 5748 1138 5795 et
1175 5740 1287 5811 ipsa
1337 5742 1628 5814 digitorum
1671 5759 1805 5800 con-

1909 4663 2096 4724 postca
2123 4655 2357 4711 dimissis
2389 4655 2560 4710 turbis
2596 4670 2718 4710 cum
2748 4656 2965 4710 domum
3006 4655 3222 4711 venitur
3251 4655 3492 4728 roganti-

1908 4745 2012 4799 bus
2050 4743 2327 4816 discipulis
2371 4745 2678 4816 exponitur.
2712 4745 2834 4802 ldco
2881 4747 3097 4804 interim
3127 4746 3300 4804 donec
3327 4747 3396 4804 ab
3421 4761 3484 4805 eo

1911 4833 2190 4891 audiamus
2247 4835 2588 4908 allegoricam
2641 4835 2758 4906 ejus
2811 4838 3205 4908 expositionem
3256 4839 3490 4896 dissera-

1911 4941 2048 4981 mus.
2087 4927 2331 4982 Breviter
2359 4937 2536 4984 tamen
2569 4929 2622 4984 in
2665 4931 2833 5001 ipsius
2859 4931 3129 5001 parabola:
3160 4931 3492 5002 contempla-

1909 5019 2056 5077 tione
2094 5021 2160 5076 ad
2208 5021 2465 5076 moralem
2512 5021 2922 5080 instructionem
2967 5023 3169 5093 aliquid
3219 5031 3490 5080 tentemus

1907 5113 2108 5176 dicere,
2153 5126 2222 5166 ne
2271 5111 2406 5165 forte
2446 5121 2554 5166 tam
2599 5127 2808 5167 sacram
2855 5112 3139 5183 lectionem
3185 5112 3488 5178 audientes,

1907 5201 2026 5258 sine
2060 5202 2235 5272 aliqua
2276 5201 2631 5260 aedificatione
2671 5213 2856 5258 nostra
2891 5211 3295 5273 praetereamus.
3328 5203 3494 5260 Docet

1909 5295 2054 5350 enim
2079 5309 2177 5350 nos
2207 5294 2440 5366 simplici
2484 5310 2762 5360 sermone,
2811 5297 2856 5351 si
2882 5311 3000 5351 eam
3029 5295 3132 5349 rite
3160 5293 3490 5351 intellexeri-

1911 5401 2052 5452 mus,
2101 5385 2297 5440 bonam
2343 5385 2671 5440 voluntatem
2724 5385 2942 5439 habere.
2991 5383 3159 5439 Docet
3195 5369 3487 5450 cautelam,

1913 5477 2069 5533 docet
2096 5475 2436 5546 patientiam,
2478 5476 2634 5530 docet
2661 5475 3062 5539 discretionem,
3104 5475 3262 5530 docet
3306 5475 3490 5546 longa-

1913 5566 2237 5630 nimitatem,
2288 5564 2445 5620 docet
2473 5571 2528 5619 et
2561 5563 2846 5632 justitiam.
2889 5563 3019 5631 Qua:
3059 5565 3240 5620 omnia
3284 5565 3336 5619 in
3377 5565 3489 5620 suis

1912 5657 2044 5711 locis
2075 5655 2369 5712 distinctim
2395 5654 2634 5710 dicemus
2672 5642 2812 5724 ipsas
2855 5643 3128 5726 Evangelii
3170 5654 3484 5720 sententias,

1913 5762 2030 5816 quae
2082 5761 2144 5801 ea
2196 5746 2563 5802 demonstrant
2597 5755 2980 5816 proponentes.
3032 5742 3236 5810 Simile,
3286 5743 3485 5816 inquit,
