  <div class='ocr_page' id='page_1' title='image "/cluster/home/n/w/nwhite01/storage/ocr_20150623/107/hvd.32044015466832/479.png"; bbox 0 0 3914 6466; ppageno 0'>
   <div class='ocr_carea' id='block_1_1' title="bbox 422 365 526 423">
    <p class='ocr_par' dir='ltr' id='par_1_1' title="bbox 422 365 526 423">
     <span class='ocr_line' id='line_1_1' title="bbox 422 365 526 423; baseline -0.019 0"><span class='ocrx_word' id='word_1_1' title='bbox 422 365 526 423; x_wconf 63' lang='grc'><strong>957</strong></span> 
     </span>
    </p>
   </div>
   <div class='ocr_carea' id='block_1_2' title="bbox 1061 351 1989 419">
    <p class='ocr_par' dir='ltr' id='par_1_2' title="bbox 1061 351 1989 419">
     <span class='ocr_line' id='line_1_2' title="bbox 1061 351 1989 419; baseline -0.009 0"><span class='ocrx_word' id='word_1_2' title='bbox 1061 363 1120 419; x_wconf 91' lang='grc' dir='ltr'><strong>Β.</strong></span> <span class='ocrx_word' id='word_1_3' title='bbox 1162 361 1416 416; x_wconf 72' lang='lat' dir='ltr'><strong>RABANI</strong></span> <span class='ocrx_word' id='word_1_4' title='bbox 1457 356 1674 418; x_wconf 56' lang='lat' dir='ltr'><strong>MA’URl</strong></span> <span class='ocrx_word' id='word_1_5' title='bbox 1709 351 1989 414; x_wconf 75' lang='lat' dir='ltr'><strong>ARCHIEI</strong></span> 
     </span>
    </p>
   </div>
   <div class='ocr_carea' id='block_1_3' title="bbox 2094 351 3005 419">
    <p class='ocr_par' dir='ltr' id='par_1_3' title="bbox 2094 352 3005 415">
     <span class='ocr_line' id='line_1_3' title="bbox 2094 352 3005 415; baseline 0 -6"><span class='ocrx_word' id='word_1_6' title='bbox 2094 352 2379 411; x_wconf 75' lang='lat' dir='ltr'><strong>leGUNT.</strong></span> <span class='ocrx_word' id='word_1_7' title='bbox 2417 354 2705 415; x_wconf 74' lang='lat' dir='ltr'><strong>OPERUM</strong></span> <span class='ocrx_word' id='word_1_8' title='bbox 2742 353 2922 412; x_wconf 79' lang='lat' dir='ltr'><strong>PARS</strong></span> <span class='ocrx_word' id='word_1_9' title='bbox 2962 353 3005 409; x_wconf 82' lang='grc' dir='ltr'>ι.</span> 
     </span>
    </p>
   </div>
   <div class='ocr_carea' id='block_1_4' title="bbox 3578 352 3692 410">
    <p class='ocr_par' dir='ltr' id='par_1_4' title="bbox 3578 352 3692 410">
     <span class='ocr_line' id='line_1_4' title="bbox 3578 352 3692 410; baseline 0 0"><span class='ocrx_word' id='word_1_10' title='bbox 3578 352 3692 410; x_wconf 65' lang='grc'><strong>948</strong></span> 
     </span>
    </p>
   </div>
   <div class='ocr_carea' id='block_1_5' title="bbox 414 468 3695 555">
    <p class='ocr_par' dir='ltr' id='par_1_5' title="bbox 414 468 3695 555">
     <span class='ocr_line' id='line_1_5' title="bbox 414 468 3695 555; baseline -0.005 -15"><span class='ocrx_word' id='word_1_11' title='bbox 414 495 487 541; x_wconf 82' lang='lat' dir='ltr'><strong>est</strong></span> <span class='ocrx_word' id='word_1_12' title='bbox 542 499 757 555; x_wconf 84' lang='lat' dir='ltr'><strong>regnum</strong></span> <span class='ocrx_word' id='word_1_13' title='bbox 806 480 1050 537; x_wconf 85' lang='lat' dir='ltr'><strong>caelorum</strong></span> <span class='ocrx_word' id='word_1_14' title='bbox 1094 480 1292 535; x_wconf 88' lang='lat' dir='ltr'><strong>homini</strong></span> <span class='ocrx_word' id='word_1_15' title='bbox 1353 479 1443 547; x_wconf 90' lang='lat' dir='ltr'><strong>qui</strong></span> <span class='ocrx_word' id='word_1_16' title='bbox 1498 477 1771 533; x_wconf 86' lang='lat' dir='ltr'><strong>seminavit</strong></span> <span class='ocrx_word' id='word_1_17' title='bbox 1810 475 2002 530; x_wconf 85' lang='lat' dir='ltr'><strong>bonum</strong></span> <span class='ocrx_word' id='word_1_18' title='bbox 2032 473 2083 534; x_wconf 84' lang='grc' dir='ltr'><strong>Α</strong></span> <span class='ocrx_word' id='word_1_19' title='bbox 2107 487 2204 527; x_wconf 90' lang='lat' dir='ltr'><strong>sua</strong></span> <span class='ocrx_word' id='word_1_20' title='bbox 2247 472 2627 527; x_wconf 85' lang='lat' dir='ltr'><strong>communione</strong></span> <span class='ocrx_word' id='word_1_21' title='bbox 2671 470 2903 527; x_wconf 83' lang='lat' dir='ltr'><strong>devincti</strong></span> <span class='ocrx_word' id='word_1_22' title='bbox 2954 474 3101 535; x_wconf 90' lang='lat' dir='ltr'><strong>sunt,</strong></span> <span class='ocrx_word' id='word_1_23' title='bbox 3133 468 3354 524; x_wconf 85' lang='lat' dir='ltr'><strong>nomine</strong></span> <span class='ocrx_word' id='word_1_24' title='bbox 3400 468 3695 524; x_wconf 78' lang='lat' dir='ltr'><strong>fasciculo-</strong></span> 
     </span>
    </p>
   </div>
   <div class='ocr_carea' id='block_1_6' title="bbox 414 567 1999 644">
    <p class='ocr_par' dir='ltr' id='par_1_6' title="bbox 414 567 1999 644">
     <span class='ocr_line' id='line_1_6' title="bbox 414 567 1999 644; baseline -0.006 -15"><span class='ocrx_word' id='word_1_25' title='bbox 414 590 592 630; x_wconf 87' lang='lat' dir='ltr'><strong>semen</strong></span> <span class='ocrx_word' id='word_1_26' title='bbox 634 574 690 627; x_wconf 90' lang='lat' dir='ltr'><strong>in</strong></span> <span class='ocrx_word' id='word_1_27' title='bbox 734 588 862 644; x_wconf 87' lang='lat' dir='ltr'><strong>agro</strong></span> <span class='ocrx_word' id='word_1_28' title='bbox 890 586 1004 626; x_wconf 86' lang='lat' dir='ltr'><strong>suo.</strong></span> <span class='ocrx_word' id='word_1_29' title='bbox 1053 569 1261 626; x_wconf 91' lang='lat' dir='ltr'><strong>Bonum</strong></span> <span class='ocrx_word' id='word_1_30' title='bbox 1308 568 1453 625; x_wconf 90' lang='lat' dir='ltr'><strong>enim</strong></span> <span class='ocrx_word' id='word_1_31' title='bbox 1504 582 1688 624; x_wconf 89' lang='lat' dir='ltr'><strong>semen</strong></span> <span class='ocrx_word' id='word_1_32' title='bbox 1721 567 1774 622; x_wconf 92' lang='lat' dir='ltr'><strong>in</strong></span> <span class='ocrx_word' id='word_1_33' title='bbox 1808 580 1999 638; x_wconf 86' lang='lat' dir='ltr'><strong>agrum</strong></span> 
     </span>
    </p>
   </div>
   <div class='ocr_carea' id='block_1_7' title="bbox 412 656 1999 729">
    <p class='ocr_par' dir='ltr' id='par_1_7' title="bbox 412 656 1999 729">
     <span class='ocr_line' id='line_1_7' title="bbox 412 656 1999 729; baseline -0.005 -11"><span class='ocrx_word' id='word_1_34' title='bbox 412 677 573 719; x_wconf 83' lang='lat' dir='ltr'><strong>suum</strong></span> <span class='ocrx_word' id='word_1_35' title='bbox 622 675 730 717; x_wconf 91' lang='lat' dir='ltr'><strong>non</strong></span> <span class='ocrx_word' id='word_1_36' title='bbox 764 661 866 716; x_wconf 91' lang='lat' dir='ltr'><strong>nisi</strong></span> <span class='ocrx_word' id='word_1_37' title='bbox 905 662 1079 716; x_wconf 88' lang='lat' dir='ltr'><strong>bonus</strong></span> <span class='ocrx_word' id='word_1_38' title='bbox 1127 660 1378 715; x_wconf 80' lang='lat' dir='ltr'><strong>seminat.</strong></span> <span class='ocrx_word' id='word_1_39' title='bbox 1411 658 1531 729; x_wconf 90' lang='lat' dir='ltr'><strong>lpse</strong></span> <span class='ocrx_word' id='word_1_40' title='bbox 1580 658 1767 728; x_wconf 91' lang='lat' dir='ltr'><strong>utique</strong></span> <span class='ocrx_word' id='word_1_41' title='bbox 1806 657 1899 727; x_wconf 88' lang='lat' dir='ltr'><strong>qui</strong></span> <span class='ocrx_word' id='word_1_42' title='bbox 1942 656 1999 711; x_wconf 86' lang='lat' dir='ltr'><strong>in</strong></span> 
     </span>
    </p>
   </div>
   <div class='ocr_carea' id='block_1_8' title="bbox 417 747 1996 824">
    <p class='ocr_par' dir='ltr' id='par_1_8' title="bbox 417 747 1996 824">
     <span class='ocr_line' id='line_1_8' title="bbox 417 747 1996 824; baseline -0.005 -15"><span class='ocrx_word' id='word_1_43' title='bbox 417 766 648 824; x_wconf 88' lang='lat' dir='ltr'><strong>corpore</strong></span> <span class='ocrx_word' id='word_1_44' title='bbox 696 767 795 807; x_wconf 90' lang='lat' dir='ltr'><strong>suo</strong></span> <span class='ocrx_word' id='word_1_45' title='bbox 845 765 1029 807; x_wconf 82' lang='lat' dir='ltr'><strong>semen</strong></span> <span class='ocrx_word' id='word_1_46' title='bbox 1076 751 1232 807; x_wconf 76' lang='lat' dir='ltr'><strong>bona:</strong></span> <span class='ocrx_word' id='word_1_47' title='bbox 1274 748 1568 804; x_wconf 80' lang='lat' dir='ltr'><strong>voluntatis</strong></span> <span class='ocrx_word' id='word_1_48' title='bbox 1615 747 1683 803; x_wconf 87' lang='lat' dir='ltr'><strong>ad</strong></span> <span class='ocrx_word' id='word_1_49' title='bbox 1732 748 1996 802; x_wconf 89' lang='lat' dir='ltr'><strong>bonorum</strong></span> 
     </span>
    </p>
   </div>
   <div class='ocr_carea' id='block_1_9' title="bbox 411 836 1999 917">
    <p class='ocr_par' dir='ltr' id='par_1_9' title="bbox 411 836 1999 917">
     <span class='ocr_line' id='line_1_9' title="bbox 411 836 1999 917; baseline -0.007 -16"><span class='ocrx_word' id='word_1_50' title='bbox 411 858 638 917; x_wconf 87' lang='lat' dir='ltr'><strong>operum</strong></span> <span class='ocrx_word' id='word_1_51' title='bbox 665 842 846 898; x_wconf 84' lang='lat' dir='ltr'><strong>studet</strong></span> <span class='ocrx_word' id='word_1_52' title='bbox 882 840 1181 912; x_wconf 83' lang='lat' dir='ltr'><strong>perducere</strong></span> <span class='ocrx_word' id='word_1_53' title='bbox 1226 839 1483 896; x_wconf 84' lang='lat' dir='ltr'><strong>fructum.</strong></span> <span class='ocrx_word' id='word_1_54' title='bbox 1516 839 1584 893; x_wconf 83' lang='lat' dir='ltr'><strong>Et</strong></span> <span class='ocrx_word' id='word_1_55' title='bbox 1612 837 1719 892; x_wconf 90' lang='lat' dir='ltr'><strong>iste</strong></span> <span class='ocrx_word' id='word_1_56' title='bbox 1749 837 1888 892; x_wconf 88' lang='lat' dir='ltr'><strong>bene</strong></span> <span class='ocrx_word' id='word_1_57' title='bbox 1925 836 1999 892; x_wconf 87' lang='lat' dir='ltr'><strong>si-</strong></span> 
     </span>
    </p>
   </div>
   <div class='ocr_carea' id='block_1_10' title="bbox 409 929 2059 1004">
    <p class='ocr_par' dir='ltr' id='par_1_10' title="bbox 409 929 2059 1004">
     <span class='ocr_line' id='line_1_10' title="bbox 409 929 2059 1004; baseline -0.004 -14"><span class='ocrx_word' id='word_1_58' title='bbox 409 933 555 990; x_wconf 78' lang='lat' dir='ltr'><strong>milis</strong></span> <span class='ocrx_word' id='word_1_59' title='bbox 582 947 747 1004; x_wconf 89' lang='lat' dir='ltr'><strong>regno</strong></span> <span class='ocrx_word' id='word_1_60' title='bbox 792 931 1051 988; x_wconf 64' lang='lat' dir='ltr'><strong>malorum</strong></span> <span class='ocrx_word' id='word_1_61' title='bbox 1090 931 1319 995; x_wconf 83' lang='lat' dir='ltr'><strong>dicitur,</strong></span> <span class='ocrx_word' id='word_1_62' title='bbox 1371 930 1454 985; x_wconf 89' lang='lat' dir='ltr'><strong>cui</strong></span> <span class='ocrx_word' id='word_1_63' title='bbox 1486 944 1582 1001; x_wconf 90' lang='lat' dir='ltr'><strong>per</strong></span> <span class='ocrx_word' id='word_1_64' title='bbox 1616 929 1796 985; x_wconf 88' lang='lat' dir='ltr'><strong>omnia</strong></span> <span class='ocrx_word' id='word_1_65' title='bbox 1840 937 1997 998; x_wconf 87' lang='lat' dir='ltr'><strong>aptus</strong></span> <span class='ocrx_word' id='word_1_66' title='bbox 2050 992 2059 999; x_wconf 41' lang='grc'><strong>,</strong></span> 
     </span>
    </p>
   </div>
   <div class='ocr_carea' id='block_1_11' title="bbox 409 1027 836 1098">
    <p class='ocr_par' dir='ltr' id='par_1_11' title="bbox 409 1027 836 1098">
     <span class='ocr_line' id='line_1_11' title="bbox 409 1027 836 1098; baseline -0.005 -14"><span class='ocrx_word' id='word_1_67' title='bbox 409 1042 528 1084; x_wconf 91' lang='lat' dir='ltr'><strong>esse</strong></span> <span class='ocrx_word' id='word_1_68' title='bbox 559 1027 836 1098; x_wconf 83' lang='lat' dir='ltr'><strong>probatur.</strong></span> 
     </span>
    </p>
   </div>
   <div class='ocr_carea' id='block_1_12' title="bbox 482 1114 1989 1184">
    <p class='ocr_par' dir='ltr' id='par_1_12' title="bbox 482 1114 1989 1184">
     <span class='ocr_line' id='line_1_12' title="bbox 482 1114 1989 1184; baseline -0.004 -9"><span class='ocrx_word' id='word_1_69' title='bbox 482 1120 615 1175; x_wconf 72' lang='lat' dir='ltr'><strong>Cum</strong></span> <span class='ocrx_word' id='word_1_70' title='bbox 638 1130 811 1174; x_wconf 89' lang='lat' dir='ltr'><strong>autem</strong></span> <span class='ocrx_word' id='word_1_71' title='bbox 842 1119 1127 1174; x_wconf 87' lang='lat' dir='ltr'><strong>dormirent</strong></span> <span class='ocrx_word' id='word_1_72' title='bbox 1155 1118 1389 1173; x_wconf 82' lang='lat' dir='ltr'><strong>homines</strong></span> <span class='ocrx_word' id='word_1_73' title='bbox 1421 1119 1554 1173; x_wconf 88' lang='lat' dir='ltr'><strong>venit</strong></span> <span class='ocrx_word' id='word_1_74' title='bbox 1582 1116 1824 1171; x_wconf 87' lang='lat' dir='ltr'><strong>inimicus</strong></span> <span class='ocrx_word' id='word_1_75' title='bbox 1853 1114 1989 1184; x_wconf 86' lang='lat' dir='ltr'><strong>ejus,</strong></span> 
     </span>
    </p>
   </div>
   <div class='ocr_carea' id='block_1_13' title="bbox 407 1205 1994 1283">
    <p class='ocr_par' dir='ltr' id='par_1_13' title="bbox 407 1205 1994 1283">
     <span class='ocr_line' id='line_1_13' title="bbox 407 1205 1994 1283; baseline -0.004 -16"><span class='ocrx_word' id='word_1_76' title='bbox 407 1222 454 1267; x_wconf 89' lang='lat' dir='ltr'><strong>et</strong></span> <span class='ocrx_word' id='word_1_77' title='bbox 490 1210 919 1283; x_wconf 80' lang='lat' dir='ltr'><strong>superseminavit</strong></span> <span class='ocrx_word' id='word_1_78' title='bbox 956 1210 1163 1264; x_wconf 72' lang='lat' dir='ltr'><strong>zizania</strong></span> <span class='ocrx_word' id='word_1_79' title='bbox 1197 1209 1252 1264; x_wconf 88' lang='lat' dir='ltr'><strong>in</strong></span> <span class='ocrx_word' id='word_1_80' title='bbox 1286 1208 1455 1263; x_wconf 87' lang='lat' dir='ltr'><strong>medio</strong></span> <span class='ocrx_word' id='word_1_81' title='bbox 1493 1208 1672 1262; x_wconf 77' lang='lat' dir='ltr'><strong>tritici.</strong></span> <span class='ocrx_word' id='word_1_82' title='bbox 1715 1205 1841 1261; x_wconf 68' lang='lat' dir='ltr'><strong>llaec</strong></span> <span class='ocrx_word' id='word_1_83' title='bbox 1875 1207 1994 1275; x_wconf 82' lang='lat' dir='ltr'><strong>qni-</strong></span> 
     </span>
    </p>
   </div>
   <div class='ocr_carea' id='block_1_14' title="bbox 407 1296 1992 1363">
    <p class='ocr_par' dir='ltr' id='par_1_14' title="bbox 407 1296 1992 1363">
     <span class='ocr_line' id='line_1_14' title="bbox 407 1296 1992 1363; baseline -0.004 -7"><span class='ocrx_word' id='word_1_84' title='bbox 407 1302 531 1357; x_wconf 91' lang='lat' dir='ltr'><strong>dcm</strong></span> <span class='ocrx_word' id='word_1_85' title='bbox 571 1300 841 1358; x_wconf 83' lang='lat' dir='ltr'><strong>sententia</strong></span> <span class='ocrx_word' id='word_1_86' title='bbox 878 1307 1063 1355; x_wconf 88' lang='lat' dir='ltr'><strong>cautos</strong></span> <span class='ocrx_word' id='word_1_87' title='bbox 1111 1313 1215 1354; x_wconf 87' lang='lat' dir='ltr'><strong>nos</strong></span> <span class='ocrx_word' id='word_1_88' title='bbox 1255 1311 1375 1353; x_wconf 87' lang='lat' dir='ltr'><strong>esse</strong></span> <span class='ocrx_word' id='word_1_89' title='bbox 1418 1298 1692 1363; x_wconf 91' lang='lat' dir='ltr'><strong>admonet,</strong></span> <span class='ocrx_word' id='word_1_90' title='bbox 1732 1305 1792 1351; x_wconf 92' lang='lat' dir='ltr'><strong>ut</strong></span> <span class='ocrx_word' id='word_1_91' title='bbox 1827 1296 1872 1351; x_wconf 87' lang='lat' dir='ltr'><strong>si</strong></span> <span class='ocrx_word' id='word_1_92' title='bbox 1910 1310 1992 1350; x_wconf 83' lang='lat' dir='ltr'><strong>se-</strong></span> 
     </span>
    </p>
   </div>
   <div class='ocr_carea' id='block_1_15' title="bbox 405 1386 1993 1462">
    <p class='ocr_par' dir='ltr' id='par_1_15' title="bbox 405 1386 1993 1462">
     <span class='ocr_line' id='line_1_15' title="bbox 405 1386 1993 1462; baseline -0.004 -15"><span class='ocrx_word' id='word_1_93' title='bbox 405 1407 531 1449; x_wconf 85' lang='lat' dir='ltr'><strong>men</strong></span> <span class='ocrx_word' id='word_1_94' title='bbox 561 1391 766 1447; x_wconf 88' lang='lat' dir='ltr'><strong>bonum</strong></span> <span class='ocrx_word' id='word_1_95' title='bbox 803 1392 857 1447; x_wconf 90' lang='lat' dir='ltr'><strong>in</strong></span> <span class='ocrx_word' id='word_1_96' title='bbox 903 1406 1036 1462; x_wconf 85' lang='lat' dir='ltr'><strong>agro</strong></span> <span class='ocrx_word' id='word_1_97' title='bbox 1062 1397 1250 1446; x_wconf 90' lang='lat' dir='ltr'><strong>nostro</strong></span> <span class='ocrx_word' id='word_1_98' title='bbox 1279 1390 1583 1461; x_wconf 78' lang='lat' dir='ltr'><strong>germinare</strong></span> <span class='ocrx_word' id='word_1_99' title='bbox 1613 1388 1857 1451; x_wconf 86' lang='lat' dir='ltr'><strong>velimus,</strong></span> <span class='ocrx_word' id='word_1_100' title='bbox 1889 1386 1993 1442; x_wconf 89' lang='lat' dir='ltr'><strong>ini-</strong></span> 
     </span>
    </p>
   </div>
   <div class='ocr_carea' id='block_1_16' title="bbox 406 1479 1990 1538">
    <p class='ocr_par' dir='ltr' id='par_1_16' title="bbox 406 1479 1990 1538">
     <span class='ocr_line' id='line_1_16' title="bbox 406 1479 1990 1538; baseline -0.003 -1"><span class='ocrx_word' id='word_1_101' title='bbox 406 1482 535 1538; x_wconf 88' lang='lat' dir='ltr'><strong>mici</strong></span> <span class='ocrx_word' id='word_1_102' title='bbox 557 1482 764 1537; x_wconf 87' lang='lat' dir='ltr'><strong>semina</strong></span> <span class='ocrx_word' id='word_1_103' title='bbox 794 1496 1105 1537; x_wconf 79' lang='lat' dir='ltr'><strong>caveamus.</strong></span> <span class='ocrx_word' id='word_1_104' title='bbox 1136 1479 1217 1536; x_wconf 82' lang='lat' dir='ltr'><strong>Ne</strong></span> <span class='ocrx_word' id='word_1_105' title='bbox 1252 1480 1378 1535; x_wconf 92' lang='lat' dir='ltr'><strong>dum</strong></span> <span class='ocrx_word' id='word_1_106' title='bbox 1414 1494 1604 1536; x_wconf 90' lang='lat' dir='ltr'><strong>somno</strong></span> <span class='ocrx_word' id='word_1_107' title='bbox 1642 1479 1850 1535; x_wconf 68' lang='lat' dir='ltr'><strong>inertize</strong></span> <span class='ocrx_word' id='word_1_108' title='bbox 1878 1488 1990 1535; x_wconf 87' lang='lat' dir='ltr'><strong>tor-</strong></span> 
     </span>
    </p>
   </div>
   <div class='ocr_carea' id='block_1_17' title="bbox 402 1571 1648 1644">
    <p class='ocr_par' dir='ltr' id='par_1_17' title="bbox 402 1571 1648 1644">
     <span class='ocr_line' id='line_1_17' title="bbox 402 1571 1648 1644; baseline -0.002 -16"><span class='ocrx_word' id='word_1_109' title='bbox 402 1588 616 1644; x_wconf 86' lang='lat' dir='ltr'><strong>pcmus,</strong></span> <span class='ocrx_word' id='word_1_110' title='bbox 652 1572 891 1628; x_wconf 88' lang='lat' dir='ltr'><strong>fructum</strong></span> <span class='ocrx_word' id='word_1_111' title='bbox 915 1571 1114 1628; x_wconf 86' lang='lat' dir='ltr'><strong>laboris</strong></span> <span class='ocrx_word' id='word_1_112' title='bbox 1143 1572 1312 1629; x_wconf 85' lang='lat' dir='ltr'><strong>nostri</strong></span> <span class='ocrx_word' id='word_1_113' title='bbox 1338 1572 1648 1642; x_wconf 85' lang='lat' dir='ltr'><strong>perdamus.</strong></span> 
     </span>
    </p>
   </div>
   <div class='ocr_carea' id='block_1_18' title="bbox 372 1662 1984 1733">
    <p class='ocr_par' dir='ltr' id='par_1_18' title="bbox 372 1662 1984 1733">
     <span class='ocr_line' id='line_1_18' title="bbox 372 1662 1984 1733; baseline 0.001 -16"><span class='ocrx_word' id='word_1_114' title='bbox 372 1688 377 1691; x_wconf 62' lang='grc' dir='ltr'><strong>ι</strong></span> <span class='ocrx_word' id='word_1_115' title='bbox 476 1662 606 1717; x_wconf 84' lang='lat' dir='ltr'><strong>Cant</strong></span> <span class='ocrx_word' id='word_1_116' title='bbox 650 1674 823 1718; x_wconf 82' lang='lat' dir='ltr'><strong>autent</strong></span> <span class='ocrx_word' id='word_1_117' title='bbox 881 1663 1119 1725; x_wconf 71' lang='lat' dir='ltr'><strong>crevisset</strong></span> <span class='ocrx_word' id='word_1_118' title='bbox 1156 1663 1336 1727; x_wconf 88' lang='lat' dir='ltr'><strong>herba,</strong></span> <span class='ocrx_word' id='word_1_119' title='bbox 1386 1672 1433 1717; x_wconf 86' lang='lat' dir='ltr'><strong>et</strong></span> <span class='ocrx_word' id='word_1_120' title='bbox 1479 1664 1710 1732; x_wconf 79' lang='lat' dir='ltr'><strong>fructum</strong></span> <span class='ocrx_word' id='word_1_121' title='bbox 1757 1663 1984 1733; x_wconf 76' lang='lat' dir='ltr'><strong>fecisset,</strong></span> 
     </span>
    </p>
   </div>
   <div class='ocr_carea' id='block_1_19' title="bbox 404 1756 1985 1826">
    <p class='ocr_par' dir='ltr' id='par_1_19' title="bbox 404 1756 1985 1826">
     <span class='ocr_line' id='line_1_19' title="bbox 404 1756 1985 1826; baseline -0.001 -16"><span class='ocrx_word' id='word_1_122' title='bbox 404 1766 529 1811; x_wconf 87' lang='lat' dir='ltr'><strong>tunc</strong></span> <span class='ocrx_word' id='word_1_123' title='bbox 570 1766 927 1826; x_wconf 83' lang='lat' dir='ltr'><strong>apparuerunt</strong></span> <span class='ocrx_word' id='word_1_124' title='bbox 973 1756 1202 1811; x_wconf 70' lang='lat' dir='ltr'><strong>zizania.</strong></span> <span class='ocrx_word' id='word_1_125' title='bbox 1243 1758 1581 1812; x_wconf 84' lang='lat' dir='ltr'><strong>Accesserant</strong></span> <span class='ocrx_word' id='word_1_126' title='bbox 1631 1766 1805 1811; x_wconf 88' lang='lat' dir='ltr'><strong>autem</strong></span> <span class='ocrx_word' id='word_1_127' title='bbox 1851 1757 1985 1811; x_wconf 82' lang='lat' dir='ltr'><strong>servi</strong></span> 
     </span>
    </p>
   </div>
   <div class='ocr_carea' id='block_1_20' title="bbox 401 1824 2061 1916">
    <p class='ocr_par' dir='ltr' id='par_1_20' title="bbox 401 1824 2061 1916">
     <span class='ocr_line' id='line_1_20' title="bbox 401 1824 2061 1916; baseline 0.001 -17"><span class='ocrx_word' id='word_1_128' title='bbox 401 1845 829 1916; x_wconf 76' lang='lat' dir='ltr'><strong>patrisfamilias,</strong></span> <span class='ocrx_word' id='word_1_129' title='bbox 869 1857 919 1901; x_wconf 86' lang='lat' dir='ltr'><strong>et</strong></span> <span class='ocrx_word' id='word_1_130' title='bbox 956 1848 1203 1902; x_wconf 72' lang='lat' dir='ltr'><strong>dixerunt</strong></span> <span class='ocrx_word' id='word_1_131' title='bbox 1244 1848 1293 1901; x_wconf 88' lang='lat' dir='ltr'><strong>ei</strong></span> <span class='ocrx_word' id='word_1_132' title='bbox 1328 1845 1626 1913; x_wconf 88' lang='lat' dir='ltr'><strong>:Domine,</strong></span> <span class='ocrx_word' id='word_1_133' title='bbox 1680 1864 1850 1903; x_wconf 82' lang='lat' dir='ltr'><strong>nonne</strong></span> <span class='ocrx_word' id='word_1_134' title='bbox 1892 1848 1984 1901; x_wconf 88' lang='lat' dir='ltr'><strong>bo-</strong></span> <span class='ocrx_word' id='word_1_135' title='bbox 2012 1824 2061 1884; x_wconf 76' lang='grc' dir='ltr'><strong><em>Β</em></strong></span> 
     </span>
    </p>
   </div>
   <div class='ocr_carea' id='block_1_21' title="bbox 403 1937 1986 2010">
    <p class='ocr_par' dir='ltr' id='par_1_21' title="bbox 403 1937 1986 2010">
     <span class='ocr_line' id='line_1_21' title="bbox 403 1937 1986 2010; baseline 0.001 -19"><span class='ocrx_word' id='word_1_136' title='bbox 403 1954 528 1992; x_wconf 87' lang='lat' dir='ltr'><strong>num</strong></span> <span class='ocrx_word' id='word_1_137' title='bbox 556 1955 731 1994; x_wconf 82' lang='lat' dir='ltr'><strong>semen</strong></span> <span class='ocrx_word' id='word_1_138' title='bbox 764 1940 1033 1995; x_wconf 86' lang='lat' dir='ltr'><strong>seminasti</strong></span> <span class='ocrx_word' id='word_1_139' title='bbox 1063 1941 1117 1995; x_wconf 90' lang='lat' dir='ltr'><strong>in</strong></span> <span class='ocrx_word' id='word_1_140' title='bbox 1145 1957 1276 2009; x_wconf 87' lang='lat' dir='ltr'><strong>agro</strong></span> <span class='ocrx_word' id='word_1_141' title='bbox 1308 1939 1441 1993; x_wconf 87' lang='lat' dir='ltr'><strong>tuo?</strong></span> <span class='ocrx_word' id='word_1_142' title='bbox 1485 1937 1634 1993; x_wconf 84' lang='lat' dir='ltr'><strong>Unde</strong></span> <span class='ocrx_word' id='word_1_143' title='bbox 1671 1956 1792 2010; x_wconf 86' lang='lat' dir='ltr'><strong>ergo</strong></span> <span class='ocrx_word' id='word_1_144' title='bbox 1833 1939 1986 1993; x_wconf 82' lang='lat' dir='ltr'><strong>habet</strong></span> 
     </span>
    </p>
   </div>
   <div class='ocr_carea' id='block_1_22' title="bbox 404 2028 1985 2098">
    <p class='ocr_par' dir='ltr' id='par_1_22' title="bbox 404 2028 1985 2098">
     <span class='ocr_line' id='line_1_22' title="bbox 404 2028 1985 2098; baseline 0.002 -17"><span class='ocrx_word' id='word_1_145' title='bbox 404 2028 651 2085; x_wconf 71' lang='lat' dir='ltr'><strong>zizania?</strong></span> <span class='ocrx_word' id='word_1_146' title='bbox 671 2040 718 2085; x_wconf 87' lang='lat' dir='ltr'><strong>et</strong></span> <span class='ocrx_word' id='word_1_147' title='bbox 749 2032 824 2086; x_wconf 89' lang='lat' dir='ltr'><strong>ait</strong></span> <span class='ocrx_word' id='word_1_148' title='bbox 852 2030 957 2085; x_wconf 81' lang='lat' dir='ltr'><strong>illis</strong></span> <span class='ocrx_word' id='word_1_149' title='bbox 981 2044 999 2083; x_wconf 81' lang='lat'><strong>.&#39;</strong></span> <span class='ocrx_word' id='word_1_150' title='bbox 1021 2030 1278 2085; x_wconf 77' lang='lat' dir='ltr'><strong>Inimicus</strong></span> <span class='ocrx_word' id='word_1_151' title='bbox 1300 2030 1453 2084; x_wconf 86' lang='lat' dir='ltr'><strong>homo</strong></span> <span class='ocrx_word' id='word_1_152' title='bbox 1495 2030 1593 2084; x_wconf 91' lang='lat' dir='ltr'><strong>hoc</strong></span> <span class='ocrx_word' id='word_1_153' title='bbox 1622 2029 1760 2098; x_wconf 86' lang='lat' dir='ltr'><strong>fecit.</strong></span> <span class='ocrx_word' id='word_1_154' title='bbox 1794 2030 1848 2083; x_wconf 89' lang='lat' dir='ltr'><strong>In</strong></span> <span class='ocrx_word' id='word_1_155' title='bbox 1879 2030 1985 2084; x_wconf 87' lang='lat' dir='ltr'><strong>ista</strong></span> 
     </span>
    </p>
   </div>
   <div class='ocr_carea' id='block_1_23' title="bbox 404 2122 1986 2193">
    <p class='ocr_par' dir='ltr' id='par_1_23' title="bbox 404 2122 1986 2193">
     <span class='ocr_line' id='line_1_23' title="bbox 404 2122 1986 2193; baseline 0.002 -19"><span class='ocrx_word' id='word_1_156' title='bbox 404 2136 534 2192; x_wconf 89' lang='lat' dir='ltr'><strong>ergo</strong></span> <span class='ocrx_word' id='word_1_157' title='bbox 567 2123 834 2178; x_wconf 88' lang='lat' dir='ltr'><strong>sententia</strong></span> <span class='ocrx_word' id='word_1_158' title='bbox 872 2123 1251 2179; x_wconf 88' lang='lat' dir='ltr'><strong>documentum</strong></span> <span class='ocrx_word' id='word_1_159' title='bbox 1297 2122 1452 2178; x_wconf 81' lang='lat' dir='ltr'><strong>no’bis</strong></span> <span class='ocrx_word' id='word_1_160' title='bbox 1481 2122 1749 2193; x_wconf 67' lang='lat' dir='ltr'><strong>prtebetur</strong></span> <span class='ocrx_word' id='word_1_161' title='bbox 1780 2123 1986 2192; x_wconf 86' lang='lat' dir='ltr'><strong>patien-</strong></span> 
     </span>
    </p>
   </div>
   <div class='ocr_carea' id='block_1_24' title="bbox 404 2212 1984 2284">
    <p class='ocr_par' dir='ltr' id='par_1_24' title="bbox 404 2212 1984 2284">
     <span class='ocr_line' id='line_1_24' title="bbox 404 2212 1984 2284; baseline 0.002 -19"><span class='ocrx_word' id='word_1_162' title='bbox 404 2212 526 2279; x_wconf 72' lang='lat' dir='ltr'><strong>tim;</strong></span> <span class='ocrx_word' id='word_1_163' title='bbox 582 2214 707 2283; x_wconf 90' lang='lat' dir='ltr'><strong>quia</strong></span> <span class='ocrx_word' id='word_1_164' title='bbox 762 2214 902 2270; x_wconf 84' lang='lat' dir='ltr'><strong>sicut</strong></span> <span class='ocrx_word' id='word_1_165' title='bbox 958 2215 1048 2271; x_wconf 89' lang='lat' dir='ltr'><strong>hic</strong></span> <span class='ocrx_word' id='word_1_166' title='bbox 1101 2213 1493 2284; x_wconf 82' lang='lat' dir='ltr'><strong>paterfamilias</strong></span> <span class='ocrx_word' id='word_1_167' title='bbox 1547 2213 1749 2269; x_wconf 87' lang='lat' dir='ltr'><strong>inimici</strong></span> <span class='ocrx_word' id='word_1_168' title='bbox 1804 2213 1984 2269; x_wconf 89' lang='lat' dir='ltr'><strong>dolum</strong></span> 
     </span>
    </p>
   </div>
   <div class='ocr_carea' id='block_1_25' title="bbox 403 2302 1987 2369">
    <p class='ocr_par' dir='ltr' id='par_1_25' title="bbox 403 2302 1987 2369">
     <span class='ocr_line' id='line_1_25' title="bbox 403 2302 1987 2369; baseline 0.003 -13"><span class='ocrx_word' id='word_1_169' title='bbox 403 2302 628 2359; x_wconf 87' lang='lat' dir='ltr'><strong>sciendo</strong></span> <span class='ocrx_word' id='word_1_170' title='bbox 654 2320 760 2359; x_wconf 88' lang='lat' dir='ltr'><strong>non</strong></span> <span class='ocrx_word' id='word_1_171' title='bbox 806 2305 1009 2360; x_wconf 78' lang='lat' dir='ltr'><strong>exarsit</strong></span> <span class='ocrx_word' id='word_1_172' title='bbox 1035 2305 1089 2359; x_wconf 92' lang='lat' dir='ltr'><strong>in</strong></span> <span class='ocrx_word' id='word_1_173' title='bbox 1133 2305 1245 2369; x_wconf 88' lang='lat' dir='ltr'><strong>ira,</strong></span> <span class='ocrx_word' id='word_1_174' title='bbox 1294 2320 1394 2361; x_wconf 82' lang='lat' dir='ltr'><strong>nec</strong></span> <span class='ocrx_word' id='word_1_175' title='bbox 1434 2320 1561 2359; x_wconf 81' lang='lat' dir='ltr'><strong>mox</strong></span> <span class='ocrx_word' id='word_1_176' title='bbox 1596 2304 1782 2360; x_wconf 81' lang='lat' dir='ltr'><strong>ulcisci</strong></span> <span class='ocrx_word' id='word_1_177' title='bbox 1812 2304 1865 2359; x_wconf 90' lang='lat' dir='ltr'><strong>in</strong></span> <span class='ocrx_word' id='word_1_178' title='bbox 1896 2304 1987 2360; x_wconf 92' lang='lat' dir='ltr'><strong>illo</strong></span> 
     </span>
    </p>
   </div>
   <div class='ocr_carea' id='block_1_26' title="bbox 400 2393 1985 2466">
    <p class='ocr_par' dir='ltr' id='par_1_26' title="bbox 400 2393 1985 2466">
     <span class='ocr_line' id='line_1_26' title="bbox 400 2393 1985 2466; baseline 0 -18"><span class='ocrx_word' id='word_1_179' title='bbox 400 2393 596 2460; x_wconf 88' lang='lat' dir='ltr'><strong>voluit,</strong></span> <span class='ocrx_word' id='word_1_180' title='bbox 616 2394 712 2450; x_wconf 79' lang='lat' dir='ltr'><strong>sed</strong></span> <span class='ocrx_word' id='word_1_181' title='bbox 735 2394 1003 2465; x_wconf 85' lang='lat' dir='ltr'><strong>patienter</strong></span> <span class='ocrx_word' id='word_1_182' title='bbox 1028 2394 1396 2466; x_wconf 77' lang='lat' dir='ltr'><strong>exspectavit,</strong></span> <span class='ocrx_word' id='word_1_183' title='bbox 1428 2394 1502 2448; x_wconf 87' lang='lat' dir='ltr'><strong>ita</strong></span> <span class='ocrx_word' id='word_1_184' title='bbox 1526 2403 1583 2450; x_wconf 90' lang='lat' dir='ltr'><strong>et</strong></span> <span class='ocrx_word' id='word_1_185' title='bbox 1607 2409 1708 2449; x_wconf 89' lang='lat' dir='ltr'><strong>nos</strong></span> <span class='ocrx_word' id='word_1_186' title='bbox 1735 2409 1858 2448; x_wconf 91' lang='lat' dir='ltr'><strong>cum</strong></span> <span class='ocrx_word' id='word_1_187' title='bbox 1884 2394 1985 2449; x_wconf 84' lang='lat' dir='ltr'><strong>ali-</strong></span> 
     </span>
    </p>
   </div>
   <div class='ocr_carea' id='block_1_27' title="bbox 403 2484 1981 2555">
    <p class='ocr_par' dir='ltr' id='par_1_27' title="bbox 403 2484 1981 2555">
     <span class='ocr_line' id='line_1_27' title="bbox 403 2484 1981 2555; baseline 0.003 -19"><span class='ocrx_word' id='word_1_188' title='bbox 403 2498 567 2552; x_wconf 86' lang='lat' dir='ltr'><strong>quam</strong></span> <span class='ocrx_word' id='word_1_189' title='bbox 610 2484 885 2540; x_wconf 73' lang='lat' dir='ltr'><strong>lzesionem</strong></span> <span class='ocrx_word' id='word_1_190' title='bbox 933 2486 1002 2542; x_wconf 89' lang='lat' dir='ltr'><strong>ab</strong></span> <span class='ocrx_word' id='word_1_191' title='bbox 1047 2485 1283 2540; x_wconf 89' lang='lat' dir='ltr'><strong>inimicis</strong></span> <span class='ocrx_word' id='word_1_192' title='bbox 1326 2484 1526 2540; x_wconf 87' lang='lat' dir='ltr'><strong>nostris</strong></span> <span class='ocrx_word' id='word_1_193' title='bbox 1573 2484 1981 2555; x_wconf 87' lang='lat' dir='ltr'><strong>acceperimus,</strong></span> 
     </span>
    </p>
   </div>
   <div class='ocr_carea' id='block_1_28' title="bbox 401 2573 1985 2645">
    <p class='ocr_par' dir='ltr' id='par_1_28' title="bbox 401 2573 1985 2645">
     <span class='ocr_line' id='line_1_28' title="bbox 401 2573 1985 2645; baseline 0.002 -20"><span class='ocrx_word' id='word_1_194' title='bbox 401 2586 509 2627; x_wconf 87' lang='lat' dir='ltr'><strong>non</strong></span> <span class='ocrx_word' id='word_1_195' title='bbox 538 2573 722 2628; x_wconf 84' lang='lat' dir='ltr'><strong>statim</strong></span> <span class='ocrx_word' id='word_1_196' title='bbox 748 2574 816 2629; x_wconf 89' lang='lat' dir='ltr'><strong>ad</strong></span> <span class='ocrx_word' id='word_1_197' title='bbox 847 2574 1141 2631; x_wconf 79' lang='lat' dir='ltr'><strong>vindictam</strong></span> <span class='ocrx_word' id='word_1_198' title='bbox 1169 2589 1547 2645; x_wconf 82' lang='lat' dir='ltr'><strong>prorumpere,</strong></span> <span class='ocrx_word' id='word_1_199' title='bbox 1593 2573 1690 2629; x_wconf 85' lang='lat' dir='ltr'><strong>sed</strong></span> <span class='ocrx_word' id='word_1_200' title='bbox 1716 2573 1890 2644; x_wconf 85' lang='lat' dir='ltr'><strong>magis</strong></span> <span class='ocrx_word' id='word_1_201' title='bbox 1916 2573 1985 2628; x_wconf 89' lang='lat' dir='ltr'><strong>ad</strong></span> 
     </span>
    </p>
   </div>
   <div class='ocr_carea' id='block_1_29' title="bbox 403 2663 1575 2737">
    <p class='ocr_par' dir='ltr' id='par_1_29' title="bbox 403 2663 1575 2737">
     <span class='ocr_line' id='line_1_29' title="bbox 403 2663 1575 2737; baseline 0.003 -21"><span class='ocrx_word' id='word_1_202' title='bbox 403 2663 660 2721; x_wconf 87' lang='lat' dir='ltr'><strong>virtutem</strong></span> <span class='ocrx_word' id='word_1_203' title='bbox 689 2666 959 2737; x_wconf 71' lang='lat' dir='ltr'><strong>patientia:</strong></span> <span class='ocrx_word' id='word_1_204' title='bbox 986 2681 1272 2722; x_wconf 78' lang='lat' dir='ltr'><strong>recurrere</strong></span> <span class='ocrx_word' id='word_1_205' title='bbox 1299 2667 1575 2722; x_wconf 83' lang='lat' dir='ltr'><strong>debemus.</strong></span> 
     </span>
    </p>
   </div>
   <div class='ocr_carea' id='block_1_30' title="bbox 472 2753 1987 2826">
    <p class='ocr_par' dir='ltr' id='par_1_30' title="bbox 472 2753 1987 2826">
     <span class='ocr_line' id='line_1_30' title="bbox 472 2753 1987 2826; baseline -0.001 -16"><span class='ocrx_word' id='word_1_206' title='bbox 472 2753 620 2810; x_wconf 84' lang='lat' dir='ltr'><strong>Serri</strong></span> <span class='ocrx_word' id='word_1_207' title='bbox 647 2765 821 2810; x_wconf 83' lang='lat' dir='ltr'><strong>autent</strong></span> <span class='ocrx_word' id='word_1_208' title='bbox 865 2756 1111 2812; x_wconf 72' lang='lat' dir='ltr'><strong>dixerunt</strong></span> <span class='ocrx_word' id='word_1_209' title='bbox 1147 2758 1194 2810; x_wconf 90' lang='lat' dir='ltr'><strong>ei</strong></span> <span class='ocrx_word' id='word_1_210' title='bbox 1226 2773 1246 2811; x_wconf 88' lang='lat'><strong><em>:</em></strong></span> <span class='ocrx_word' id='word_1_211' title='bbox 1285 2754 1372 2810; x_wconf 80' lang='lat' dir='ltr'><strong>Vis</strong></span> <span class='ocrx_word' id='word_1_212' title='bbox 1410 2756 1568 2821; x_wconf 90' lang='lat' dir='ltr'><strong>imus,</strong></span> <span class='ocrx_word' id='word_1_213' title='bbox 1604 2765 1653 2811; x_wconf 90' lang='lat' dir='ltr'><strong>et</strong></span> <span class='ocrx_word' id='word_1_214' title='bbox 1693 2755 1987 2826; x_wconf 83' lang='lat' dir='ltr'><strong>colligimus</strong></span> 
     </span>
    </p>
   </div>
   <div class='ocr_carea' id='block_1_31' title="bbox 397 2846 1987 2921">
    <p class='ocr_par' dir='ltr' id='par_1_31' title="bbox 397 2846 1987 2921">
     <span class='ocr_line' id='line_1_31' title="bbox 397 2846 1987 2921; baseline 0.003 -19"><span class='ocrx_word' id='word_1_215' title='bbox 397 2848 502 2902; x_wconf 81' lang='lat' dir='ltr'><strong>ea?</strong></span> <span class='ocrx_word' id='word_1_216' title='bbox 553 2846 624 2901; x_wconf 85' lang='lat' dir='ltr'><strong>Et</strong></span> <span class='ocrx_word' id='word_1_217' title='bbox 659 2849 735 2902; x_wconf 85' lang='lat' dir='ltr'><strong>ait</strong></span> <span class='ocrx_word' id='word_1_218' title='bbox 787 2848 893 2904; x_wconf 87' lang='lat' dir='ltr'><strong>illis</strong></span> <span class='ocrx_word' id='word_1_219' title='bbox 919 2865 938 2903; x_wconf 88' lang='lat'><strong><em>:</em></strong></span> <span class='ocrx_word' id='word_1_220' title='bbox 979 2848 1129 2915; x_wconf 87' lang='lat' dir='ltr'><strong>Non,</strong></span> <span class='ocrx_word' id='word_1_221' title='bbox 1170 2867 1234 2904; x_wconf 88' lang='lat' dir='ltr'><strong>ne</strong></span> <span class='ocrx_word' id='word_1_222' title='bbox 1273 2850 1408 2920; x_wconf 82' lang='lat' dir='ltr'><strong>forte</strong></span> <span class='ocrx_word' id='word_1_223' title='bbox 1432 2850 1728 2921; x_wconf 85' lang='lat' dir='ltr'><strong>colligentes</strong></span> <span class='ocrx_word' id='word_1_224' title='bbox 1753 2850 1987 2915; x_wconf 74' lang='lat' dir='ltr'><strong>zizania,</strong></span> 
     </span>
    </p>
   </div>
   <div class='ocr_carea' id='block_1_32' title="bbox 397 2938 1989 2997">
    <p class='ocr_par' dir='ltr' id='par_1_32' title="bbox 397 2938 1989 2997">
     <span class='ocr_line' id='line_1_32' title="bbox 397 2938 1989 2997; baseline 0.002 -4"><span class='ocrx_word' id='word_1_225' title='bbox 397 2938 678 2994; x_wconf 87' lang='lat' dir='ltr'><strong>eradicetis</strong></span> <span class='ocrx_word' id='word_1_226' title='bbox 728 2938 887 2994; x_wconf 89' lang='lat' dir='ltr'><strong>simul</strong></span> <span class='ocrx_word' id='word_1_227' title='bbox 917 2956 1035 2993; x_wconf 88' lang='lat' dir='ltr'><strong>cum</strong></span> <span class='ocrx_word' id='word_1_228' title='bbox 1090 2940 1165 2996; x_wconf 90' lang='lat' dir='ltr'><strong>eis</strong></span> <span class='ocrx_word' id='word_1_229' title='bbox 1215 2950 1264 2995; x_wconf 89' lang='lat' dir='ltr'><strong>et</strong></span> <span class='ocrx_word' id='word_1_230' title='bbox 1319 2941 1572 2995; x_wconf 86' lang='lat' dir='ltr'><strong>triticum.</strong></span> <span class='ocrx_word' id='word_1_231' title='bbox 1624 2940 1767 2997; x_wconf 87' lang='lat' dir='ltr'><strong>Ecce</strong></span> <span class='ocrx_word' id='word_1_232' title='bbox 1817 2941 1989 2997; x_wconf 86' lang='lat' dir='ltr'><strong>habes</strong></span> 
     </span>
    </p>
   </div>
   <div class='ocr_carea' id='block_1_33' title="bbox 400 3029 1988 3103">
    <p class='ocr_par' dir='ltr' id='par_1_33' title="bbox 400 3029 1988 3103">
     <span class='ocr_line' id='line_1_33' title="bbox 400 3029 1988 3103; baseline 0.003 -19"><span class='ocrx_word' id='word_1_233' title='bbox 400 3029 711 3100; x_wconf 83' lang='lat' dir='ltr'><strong>exemplum</strong></span> <span class='ocrx_word' id='word_1_234' title='bbox 734 3029 1095 3087; x_wconf 88' lang='lat' dir='ltr'><strong>discretionis.</strong></span> <span class='ocrx_word' id='word_1_235' title='bbox 1142 3029 1544 3103; x_wconf 64' lang='lat' dir='ltr'><strong>Eqnanimiter</strong></span> <span class='ocrx_word' id='word_1_236' title='bbox 1568 3045 1697 3102; x_wconf 83' lang='lat' dir='ltr'><strong>ergo</strong></span> <span class='ocrx_word' id='word_1_237' title='bbox 1727 3031 1988 3089; x_wconf 87' lang='lat' dir='ltr'><strong>debemus</strong></span> 
     </span>
    </p>
   </div>
   <div class='ocr_carea' id='block_1_34' title="bbox 402 3118 1988 3191">
    <p class='ocr_par' dir='ltr' id='par_1_34' title="bbox 402 3118 1988 3191">
     <span class='ocr_line' id='line_1_34' title="bbox 402 3118 1988 3191; baseline 0.002 -17"><span class='ocrx_word' id='word_1_238' title='bbox 402 3118 630 3175; x_wconf 84' lang='lat' dir='ltr'><strong>sufferre</strong></span> <span class='ocrx_word' id='word_1_239' title='bbox 653 3120 824 3176; x_wconf 87' lang='lat' dir='ltr'><strong>malos</strong></span> <span class='ocrx_word' id='word_1_240' title='bbox 845 3129 1064 3191; x_wconf 84' lang='lat' dir='ltr'><strong>propter</strong></span> <span class='ocrx_word' id='word_1_241' title='bbox 1088 3120 1280 3177; x_wconf 88' lang='lat' dir='ltr'><strong>bonos.</strong></span> <span class='ocrx_word' id='word_1_242' title='bbox 1308 3120 1388 3177; x_wconf 86' lang='lat' dir='ltr'><strong>Ne</strong></span> <span class='ocrx_word' id='word_1_243' title='bbox 1413 3120 1554 3177; x_wconf 89' lang='lat' dir='ltr'><strong>forte</strong></span> <span class='ocrx_word' id='word_1_244' title='bbox 1580 3122 1627 3176; x_wconf 91' lang='lat' dir='ltr'><strong>si</strong></span> <span class='ocrx_word' id='word_1_245' title='bbox 1664 3136 1695 3176; x_wconf 89' lang='lat' dir='ltr'><strong>a</strong></span> <span class='ocrx_word' id='word_1_246' title='bbox 1731 3121 1890 3177; x_wconf 90' lang='lat' dir='ltr'><strong>malis</strong></span> <span class='ocrx_word' id='word_1_247' title='bbox 1914 3123 1988 3177; x_wconf 83' lang='lat' dir='ltr'><strong>ir-</strong></span> 
     </span>
    </p>
   </div>
   <div class='ocr_carea' id='block_1_35' title="bbox 396 3210 1985 3280">
    <p class='ocr_par' dir='ltr' id='par_1_35' title="bbox 396 3210 1985 3280">
     <span class='ocr_line' id='line_1_35' title="bbox 396 3210 1985 3280; baseline 0.002 -15"><span class='ocrx_word' id='word_1_248' title='bbox 396 3210 547 3265; x_wconf 89' lang='lat' dir='ltr'><strong>ritati</strong></span> <span class='ocrx_word' id='word_1_249' title='bbox 576 3211 753 3267; x_wconf 82' lang='lat' dir='ltr'><strong>vicem</strong></span> <span class='ocrx_word' id='word_1_250' title='bbox 797 3211 878 3267; x_wconf 88' lang='lat' dir='ltr'><strong>eis</strong></span> <span class='ocrx_word' id='word_1_251' title='bbox 914 3211 1228 3268; x_wconf 88' lang='lat' dir='ltr'><strong>ulciscendo</strong></span> <span class='ocrx_word' id='word_1_252' title='bbox 1265 3210 1587 3280; x_wconf 88' lang='lat' dir='ltr'><strong>referamus,</strong></span> <span class='ocrx_word' id='word_1_253' title='bbox 1635 3211 1795 3270; x_wconf 86' lang='lat' dir='ltr'><strong>bonis</strong></span> <span class='ocrx_word' id='word_1_254' title='bbox 1828 3227 1985 3269; x_wconf 91' lang='lat' dir='ltr'><strong>occa-</strong></span> 
     </span>
    </p>
   </div>
   <div class='ocr_carea' id='block_1_36' title="bbox 398 3301 1268 3373">
    <p class='ocr_par' dir='ltr' id='par_1_36' title="bbox 398 3301 1268 3373">
     <span class='ocr_line' id='line_1_36' title="bbox 398 3301 1268 3373; baseline 0.001 -17"><span class='ocrx_word' id='word_1_255' title='bbox 398 3301 606 3357; x_wconf 85' lang='lat' dir='ltr'><strong>sionem</strong></span> <span class='ocrx_word' id='word_1_256' title='bbox 637 3302 875 3359; x_wconf 87' lang='lat' dir='ltr'><strong>scandali</strong></span> <span class='ocrx_word' id='word_1_257' title='bbox 910 3303 1268 3373; x_wconf 74' lang='lat' dir='ltr'><strong>pnnbeamus.</strong></span> 
     </span>
    </p>
   </div>
   <div class='ocr_carea' id='block_1_37' title="bbox 470 3391 1986 3465">
    <p class='ocr_par' dir='ltr' id='par_1_37' title="bbox 470 3391 1986 3465">
     <span class='ocr_line' id='line_1_37' title="bbox 470 3391 1986 3465; baseline 0.001 -17"><span class='ocrx_word' id='word_1_258' title='bbox 470 3391 638 3448; x_wconf 87' lang='lat' dir='ltr'><strong>Sinite</strong></span> <span class='ocrx_word' id='word_1_259' title='bbox 665 3403 886 3465; x_wconf 87' lang='lat' dir='ltr'><strong>utraque</strong></span> <span class='ocrx_word' id='word_1_260' title='bbox 913 3410 1141 3448; x_wconf 85' lang='lat' dir='ltr'><strong>crescere</strong></span> <span class='ocrx_word' id='word_1_261' title='bbox 1169 3410 1330 3465; x_wconf 83' lang='lat' dir='ltr'><strong>usque</strong></span> <span class='ocrx_word' id='word_1_262' title='bbox 1373 3393 1444 3448; x_wconf 88' lang='lat' dir='ltr'><strong>ad</strong></span> <span class='ocrx_word' id='word_1_263' title='bbox 1487 3409 1725 3449; x_wconf 85' lang='lat' dir='ltr'><strong>messem.</strong></span> <span class='ocrx_word' id='word_1_264' title='bbox 1762 3393 1831 3449; x_wconf 89' lang='lat' dir='ltr'><strong>Et</strong></span> <span class='ocrx_word' id='word_1_265' title='bbox 1856 3394 1986 3465; x_wconf 89' lang='lat' dir='ltr'><strong>quid</strong></span> 
     </span>
    </p>
   </div>
   <div class='ocr_carea' id='block_1_38' title="bbox 394 3483 1988 3555">
    <p class='ocr_par' dir='ltr' id='par_1_38' title="bbox 394 3483 1988 3555">
     <span class='ocr_line' id='line_1_38' title="bbox 394 3483 1988 3555; baseline 0.002 -17"><span class='ocrx_word' id='word_1_266' title='bbox 394 3483 455 3538; x_wconf 86' lang='lat' dir='ltr'><strong>in</strong></span> <span class='ocrx_word' id='word_1_267' title='bbox 494 3484 599 3539; x_wconf 91' lang='lat' dir='ltr'><strong>hoc</strong></span> <span class='ocrx_word' id='word_1_268' title='bbox 642 3484 746 3539; x_wconf 88' lang='lat' dir='ltr'><strong>nisi</strong></span> <span class='ocrx_word' id='word_1_269' title='bbox 791 3484 1217 3555; x_wconf 84' lang='lat' dir='ltr'><strong>longanimitatis</strong></span> <span class='ocrx_word' id='word_1_270' title='bbox 1259 3483 1545 3540; x_wconf 65' lang='lat' dir='ltr'><strong>aediﬁcatio</strong></span> <span class='ocrx_word' id='word_1_271' title='bbox 1590 3485 1746 3541; x_wconf 83' lang='lat' dir='ltr'><strong>nobis</strong></span> <span class='ocrx_word' id='word_1_272' title='bbox 1792 3486 1988 3541; x_wconf 87' lang='lat' dir='ltr'><strong>datur?</strong></span> 
     </span>
    </p>
   </div>
   <div class='ocr_carea' id='block_1_39' title="bbox 396 3571 1985 3646">
    <p class='ocr_par' dir='ltr' id='par_1_39' title="bbox 396 3571 1985 3646">
     <span class='ocr_line' id='line_1_39' title="bbox 396 3571 1985 3646; baseline 0.003 -19"><span class='ocrx_word' id='word_1_273' title='bbox 396 3571 517 3629; x_wconf 86' lang='lat' dir='ltr'><strong>Non</strong></span> <span class='ocrx_word' id='word_1_274' title='bbox 546 3574 689 3628; x_wconf 85' lang='lat' dir='ltr'><strong>enim</strong></span> <span class='ocrx_word' id='word_1_275' title='bbox 712 3589 879 3644; x_wconf 88' lang='lat' dir='ltr'><strong>parvo</strong></span> <span class='ocrx_word' id='word_1_276' title='bbox 905 3584 1146 3645; x_wconf 89' lang='lat' dir='ltr'><strong>tempore</strong></span> <span class='ocrx_word' id='word_1_277' title='bbox 1175 3575 1429 3631; x_wconf 84' lang='lat' dir='ltr'><strong>virtutem</strong></span> <span class='ocrx_word' id='word_1_278' title='bbox 1458 3575 1736 3646; x_wconf 64' lang='lat' dir='ltr'><strong>patientiae</strong></span> <span class='ocrx_word' id='word_1_279' title='bbox 1763 3576 1985 3644; x_wconf 87' lang='lat' dir='ltr'><strong>habere,</strong></span> 
     </span>
    </p>
   </div>
   <div class='ocr_carea' id='block_1_40' title="bbox 398 3666 1989 3739">
    <p class='ocr_par' dir='ltr' id='par_1_40' title="bbox 398 3666 1989 3739">
     <span class='ocr_line' id='line_1_40' title="bbox 398 3666 1989 3739; baseline 0.003 -17"><span class='ocrx_word' id='word_1_280' title='bbox 398 3666 496 3722; x_wconf 85' lang='lat' dir='ltr'><strong>sed</strong></span> <span class='ocrx_word' id='word_1_281' title='bbox 522 3681 692 3737; x_wconf 90' lang='lat' dir='ltr'><strong>usque</strong></span> <span class='ocrx_word' id='word_1_282' title='bbox 716 3667 784 3722; x_wconf 90' lang='lat' dir='ltr'><strong>ad</strong></span> <span class='ocrx_word' id='word_1_283' title='bbox 816 3667 978 3722; x_wconf 86' lang='lat' dir='ltr'><strong>finem</strong></span> <span class='ocrx_word' id='word_1_284' title='bbox 1002 3668 1128 3722; x_wconf 82' lang='lat' dir='ltr'><strong>vitae</strong></span> <span class='ocrx_word' id='word_1_285' title='bbox 1164 3666 1546 3739; x_wconf 84' lang='lat' dir='ltr'><strong>longanimiter</strong></span> <span class='ocrx_word' id='word_1_286' title='bbox 1574 3668 1722 3723; x_wconf 80' lang='lat' dir='ltr'><strong>illam</strong></span> <span class='ocrx_word' id='word_1_287' title='bbox 1767 3684 1989 3727; x_wconf 88' lang='lat' dir='ltr'><strong>servare</strong></span> 
     </span>
    </p>
   </div>
   <div class='ocr_carea' id='block_1_41' title="bbox 401 3756 1990 3831">
    <p class='ocr_par' dir='ltr' id='par_1_41' title="bbox 401 3756 1990 3831">
     <span class='ocr_line' id='line_1_41' title="bbox 401 3756 1990 3831; baseline 0.004 -20"><span class='ocrx_word' id='word_1_288' title='bbox 401 3756 679 3813; x_wconf 85' lang='lat' dir='ltr'><strong>debemus.</strong></span> <span class='ocrx_word' id='word_1_289' title='bbox 726 3756 878 3813; x_wconf 83' lang='lat' dir='ltr'><strong>Unde</strong></span> <span class='ocrx_word' id='word_1_290' title='bbox 921 3758 1045 3813; x_wconf 85' lang='lat' dir='ltr'><strong>alibi</strong></span> <span class='ocrx_word' id='word_1_291' title='bbox 1076 3758 1339 3828; x_wconf 90' lang='lat' dir='ltr'><strong>scriptum</strong></span> <span class='ocrx_word' id='word_1_292' title='bbox 1382 3767 1466 3814; x_wconf 91' lang='lat' dir='ltr'><strong>est</strong></span> <span class='ocrx_word' id='word_1_293' title='bbox 1505 3777 1519 3813; x_wconf 92' lang='lat'><strong>:</strong></span> <span class='ocrx_word' id='word_1_294' title='bbox 1553 3760 1657 3826; x_wconf 85' lang='lat' dir='ltr'><strong>Qui</strong></span> <span class='ocrx_word' id='word_1_295' title='bbox 1690 3777 1990 3831; x_wconf 84' lang='lat' dir='ltr'><strong>persevera-</strong></span> 
     </span>
    </p>
   </div>
   <div class='ocr_carea' id='block_1_42' title="bbox 397 3847 1985 3924">
    <p class='ocr_par' dir='ltr' id='par_1_42' title="bbox 397 3847 1985 3924">
     <span class='ocr_line' id='line_1_42' title="bbox 397 3847 1985 3924; baseline 0.003 -22"><span class='ocrx_word' id='word_1_296' title='bbox 397 3847 527 3902; x_wconf 72' lang='lat' dir='ltr'><strong>verit</strong></span> <span class='ocrx_word' id='word_1_297' title='bbox 569 3864 731 3919; x_wconf 85' lang='lat' dir='ltr'><strong>usque</strong></span> <span class='ocrx_word' id='word_1_298' title='bbox 777 3850 833 3904; x_wconf 86' lang='lat' dir='ltr'><strong>in</strong></span> <span class='ocrx_word' id='word_1_299' title='bbox 865 3849 1022 3918; x_wconf 77' lang='lat' dir='ltr'><strong>ﬁnem</strong></span> <span class='ocrx_word' id='word_1_300' title='bbox 1062 3849 1146 3902; x_wconf 88' lang='lat' dir='ltr'><strong>hic</strong></span> <span class='ocrx_word' id='word_1_301' title='bbox 1177 3848 1352 3904; x_wconf 81' lang='lat' dir='ltr'><strong>salvus</strong></span> <span class='ocrx_word' id='word_1_302' title='bbox 1390 3850 1487 3904; x_wconf 89' lang='lat' dir='ltr'><strong>erit</strong></span> <span class='ocrx_word' id='word_1_303' title='bbox 1529 3850 1767 3923; x_wconf 83' lang='lat' dir='ltr'><strong>(Matth.</strong></span> <span class='ocrx_word' id='word_1_304' title='bbox 1812 3852 1985 3924; x_wconf 64' lang='grc' dir='ltr'><strong>ΠΝ).</strong></span> 
     </span>
    </p>
   </div>
   <div class='ocr_carea' id='block_1_43' title="bbox 401 3937 1989 4019">
    <p class='ocr_par' dir='ltr' id='par_1_43' title="bbox 401 3937 1989 4019">
     <span class='ocr_line' id='line_1_43' title="bbox 401 3937 1989 4019; baseline 0.004 -25"><span class='ocrx_word' id='word_1_305' title='bbox 401 3937 510 3995; x_wconf 88' lang='lat' dir='ltr'><strong>Sed</strong></span> <span class='ocrx_word' id='word_1_306' title='bbox 530 3940 658 4010; x_wconf 88' lang='lat' dir='ltr'><strong>quid</strong></span> <span class='ocrx_word' id='word_1_307' title='bbox 684 3941 1009 4013; x_wconf 83' lang='lat' dir='ltr'><strong>longanimis</strong></span> <span class='ocrx_word' id='word_1_308' title='bbox 1044 3941 1146 3996; x_wconf 89' lang='lat' dir='ltr'><strong>iste</strong></span> <span class='ocrx_word' id='word_1_309' title='bbox 1169 3940 1556 4019; x_wconf 83' lang='lat' dir='ltr'><strong>paterfamilias</strong></span> <span class='ocrx_word' id='word_1_310' title='bbox 1579 3943 1633 3998; x_wconf 89' lang='lat' dir='ltr'><strong>in</strong></span> <span class='ocrx_word' id='word_1_311' title='bbox 1665 3943 1771 4000; x_wconf 79' lang='lat' dir='ltr'><strong>line</strong></span> <span class='ocrx_word' id='word_1_312' title='bbox 1801 3943 1989 4012; x_wconf 89' lang='lat' dir='ltr'><strong>faciat,</strong></span> 
     </span>
    </p>
   </div>
   <div class='ocr_carea' id='block_1_44' title="bbox 402 4032 706 4088">
    <p class='ocr_par' dir='ltr' id='par_1_44' title="bbox 402 4032 706 4088">
     <span class='ocr_line' id='line_1_44' title="bbox 402 4032 706 4088; baseline -0.003 -2"><span class='ocrx_word' id='word_1_313' title='bbox 402 4032 706 4088; x_wconf 86' lang='lat' dir='ltr'><strong>audiamus.</strong></span> 
     </span>
    </p>
   </div>
   <div class='ocr_carea' id='block_1_45' title="bbox 472 4123 1989 4202">
    <p class='ocr_par' dir='ltr' id='par_1_45' title="bbox 472 4123 1989 4202">
     <span class='ocr_line' id='line_1_45' title="bbox 472 4123 1989 4202; baseline 0.007 -26"><span class='ocrx_word' id='word_1_314' title='bbox 472 4123 544 4177; x_wconf 83' lang='lat' dir='ltr'><strong>Et</strong></span> <span class='ocrx_word' id='word_1_315' title='bbox 584 4124 639 4177; x_wconf 88' lang='lat' dir='ltr'><strong>in</strong></span> <span class='ocrx_word' id='word_1_316' title='bbox 683 4133 914 4194; x_wconf 87' lang='lat' dir='ltr'><strong>tempore</strong></span> <span class='ocrx_word' id='word_1_317' title='bbox 940 4127 1121 4180; x_wconf 81' lang='lat' dir='ltr'><strong>messis</strong></span> <span class='ocrx_word' id='word_1_318' title='bbox 1151 4128 1323 4181; x_wconf 80' lang='lat' dir='ltr'><strong>dicant</strong></span> <span class='ocrx_word' id='word_1_319' title='bbox 1355 4128 1672 4184; x_wconf 85' lang='lat' dir='ltr'><strong>messoribus</strong></span> <span class='ocrx_word' id='word_1_320' title='bbox 1698 4149 1717 4187; x_wconf 84' lang='lat'><strong>.&#39;</strong></span> <span class='ocrx_word' id='word_1_321' title='bbox 1745 4127 1989 4202; x_wconf 86' lang='lat' dir='ltr'><strong>Colligite</strong></span> 
     </span>
    </p>
   </div>
   <div class='ocr_carea' id='block_1_46' title="bbox 400 4212 1988 4287">
    <p class='ocr_par' dir='ltr' id='par_1_46' title="bbox 400 4212 1988 4287">
     <span class='ocr_line' id='line_1_46' title="bbox 400 4212 1988 4287; baseline 0.008 -22"><span class='ocrx_word' id='word_1_322' title='bbox 400 4212 632 4283; x_wconf 84' lang='lat' dir='ltr'><strong>primum</strong></span> <span class='ocrx_word' id='word_1_323' title='bbox 661 4212 867 4267; x_wconf 76' lang='lat' dir='ltr'><strong>zizania</strong></span> <span class='ocrx_word' id='word_1_324' title='bbox 887 4253 902 4274; x_wconf 90' lang='lat'><strong>,</strong></span> <span class='ocrx_word' id='word_1_325' title='bbox 942 4224 988 4269; x_wconf 89' lang='lat' dir='ltr'><strong>et</strong></span> <span class='ocrx_word' id='word_1_326' title='bbox 1017 4214 1229 4286; x_wconf 88' lang='lat' dir='ltr'><strong>alligate</strong></span> <span class='ocrx_word' id='word_1_327' title='bbox 1250 4234 1312 4271; x_wconf 91' lang='lat' dir='ltr'><strong>ea</strong></span> <span class='ocrx_word' id='word_1_328' title='bbox 1340 4217 1396 4271; x_wconf 86' lang='lat' dir='ltr'><strong>in</strong></span> <span class='ocrx_word' id='word_1_329' title='bbox 1431 4218 1715 4287; x_wconf 84' lang='lat' dir='ltr'><strong>fasciculos</strong></span> <span class='ocrx_word' id='word_1_330' title='bbox 1742 4223 1811 4276; x_wconf 87' lang='lat' dir='ltr'><strong>ad</strong></span> <span class='ocrx_word' id='word_1_331' title='bbox 1844 4240 1988 4278; x_wconf 91' lang='lat' dir='ltr'><strong>com-</strong></span> 
     </span>
    </p>
   </div>
   <div class='ocr_carea' id='block_1_47' title="bbox 402 4301 1988 4379">
    <p class='ocr_par' dir='ltr' id='par_1_47' title="bbox 402 4301 1988 4379">
     <span class='ocr_line' id='line_1_47' title="bbox 402 4301 1988 4379; baseline 0.008 -21"><span class='ocrx_word' id='word_1_332' title='bbox 402 4302 715 4358; x_wconf 84' lang='lat' dir='ltr'><strong>burendum.</strong></span> <span class='ocrx_word' id='word_1_333' title='bbox 758 4301 1012 4359; x_wconf 87' lang='lat' dir='ltr'><strong>Triticum</strong></span> <span class='ocrx_word' id='word_1_334' title='bbox 1059 4315 1236 4361; x_wconf 90' lang='lat' dir='ltr'><strong>autem</strong></span> <span class='ocrx_word' id='word_1_335' title='bbox 1288 4319 1595 4379; x_wconf 84' lang='lat' dir='ltr'><strong>congregatc</strong></span> <span class='ocrx_word' id='word_1_336' title='bbox 1641 4312 1695 4365; x_wconf 90' lang='lat' dir='ltr'><strong>in</strong></span> <span class='ocrx_word' id='word_1_337' title='bbox 1744 4312 1988 4371; x_wconf 76' lang='lat' dir='ltr'><strong>horreum</strong></span> 
     </span>
    </p>
   </div>
   <div class='ocr_carea' id='block_1_48' title="bbox 402 4396 1989 4472">
    <p class='ocr_par' dir='ltr' id='par_1_48' title="bbox 402 4396 1989 4472">
     <span class='ocr_line' id='line_1_48' title="bbox 402 4396 1989 4472; baseline 0.008 -21"><span class='ocrx_word' id='word_1_338' title='bbox 402 4412 600 4452; x_wconf 81' lang='lat' dir='ltr'><strong>nteant.</strong></span> <span class='ocrx_word' id='word_1_339' title='bbox 624 4396 728 4465; x_wconf 86' lang='lat' dir='ltr'><strong>Qui</strong></span> <span class='ocrx_word' id='word_1_340' title='bbox 756 4405 881 4455; x_wconf 87' lang='lat' dir='ltr'><strong>ante</strong></span> <span class='ocrx_word' id='word_1_341' title='bbox 909 4413 1009 4468; x_wconf 89' lang='lat' dir='ltr'><strong>per</strong></span> <span class='ocrx_word' id='word_1_342' title='bbox 1039 4398 1499 4472; x_wconf 86' lang='lat' dir='ltr'><strong>longanimitatem</strong></span> <span class='ocrx_word' id='word_1_343' title='bbox 1527 4403 1797 4472; x_wconf 83' lang='lat' dir='ltr'><strong>patienter</strong></span> <span class='ocrx_word' id='word_1_344' title='bbox 1822 4408 1989 4463; x_wconf 88' lang='lat' dir='ltr'><strong>susti-</strong></span> 
     </span>
    </p>
   </div>
   <div class='ocr_carea' id='block_1_49' title="bbox 401 4483 2067 4593">
    <p class='ocr_par' dir='ltr' id='par_1_49' title="bbox 401 4483 2067 4593">
     <span class='ocr_line' id='line_1_49' title="bbox 401 4483 2067 4593; baseline 0.006 -49"><span class='ocrx_word' id='word_1_345' title='bbox 401 4489 543 4557; x_wconf 90' lang='lat' dir='ltr'><strong>nuit,</strong></span> <span class='ocrx_word' id='word_1_346' title='bbox 559 4483 727 4545; x_wconf 81' lang='lat' dir='ltr'><strong>modo</strong></span> <span class='ocrx_word' id='word_1_347' title='bbox 755 4506 855 4560; x_wconf 88' lang='lat' dir='ltr'><strong>per</strong></span> <span class='ocrx_word' id='word_1_348' title='bbox 886 4488 1154 4559; x_wconf 87' lang='lat' dir='ltr'><strong>justitiam</strong></span> <span class='ocrx_word' id='word_1_349' title='bbox 1183 4492 1393 4548; x_wconf 91' lang='lat' dir='ltr'><strong>meritis</strong></span> <span class='ocrx_word' id='word_1_350' title='bbox 1417 4493 1683 4565; x_wconf 79' lang='lat' dir='ltr'><strong>condigna</strong></span> <span class='ocrx_word' id='word_1_351' title='bbox 1721 4497 1984 4566; x_wconf 87' lang='lat' dir='ltr'><strong>rependit.</strong></span> <span class='ocrx_word' id='word_1_352' title='bbox 2014 4532 2067 4593; x_wconf 70' lang='grc' dir='ltr'><strong>Β</strong></span> 
     </span>
    </p>
   </div>
   <div class='ocr_carea' id='block_1_50' title="bbox 403 4579 1990 4658">
    <p class='ocr_par' dir='ltr' id='par_1_50' title="bbox 403 4579 1990 4658">
     <span class='ocr_line' id='line_1_50' title="bbox 403 4579 1990 4658; baseline 0.006 -23"><span class='ocrx_word' id='word_1_353' title='bbox 403 4579 677 4651; x_wconf 87' lang='lat' dir='ltr'><strong>Nobisque</strong></span> <span class='ocrx_word' id='word_1_354' title='bbox 718 4581 1024 4653; x_wconf 81' lang='lat' dir='ltr'><strong>exemplum</strong></span> <span class='ocrx_word' id='word_1_355' title='bbox 1069 4581 1122 4636; x_wconf 84' lang='lat' dir='ltr'><strong>in</strong></span> <span class='ocrx_word' id='word_1_356' title='bbox 1162 4582 1265 4638; x_wconf 91' lang='lat' dir='ltr'><strong>hoc</strong></span> <span class='ocrx_word' id='word_1_357' title='bbox 1294 4584 1502 4651; x_wconf 87' lang='lat' dir='ltr'><strong>tribuit,</strong></span> <span class='ocrx_word' id='word_1_358' title='bbox 1546 4594 1607 4640; x_wconf 92' lang='lat' dir='ltr'><strong>ut</strong></span> <span class='ocrx_word' id='word_1_359' title='bbox 1644 4586 1697 4642; x_wconf 90' lang='lat' dir='ltr'><strong>in</strong></span> <span class='ocrx_word' id='word_1_360' title='bbox 1738 4587 1990 4658; x_wconf 87' lang='lat' dir='ltr'><strong>patiendo</strong></span> 
     </span>
    </p>
   </div>
   <div class='ocr_carea' id='block_1_51' title="bbox 395 4668 1990 4747">
    <p class='ocr_par' dir='ltr' id='par_1_51' title="bbox 395 4668 1990 4747">
     <span class='ocr_line' id='line_1_51' title="bbox 395 4668 1990 4747; baseline 0.006 -22"><span class='ocrx_word' id='word_1_361' title='bbox 395 4668 664 4740; x_wconf 82' lang='lat' dir='ltr'><strong>justitiam</strong></span> <span class='ocrx_word' id='word_1_362' title='bbox 695 4672 1036 4738; x_wconf 81' lang='lat' dir='ltr'><strong>meditemur,</strong></span> <span class='ocrx_word' id='word_1_363' title='bbox 1070 4680 1126 4727; x_wconf 90' lang='lat' dir='ltr'><strong>ct</strong></span> <span class='ocrx_word' id='word_1_364' title='bbox 1148 4672 1203 4727; x_wconf 93' lang='lat' dir='ltr'><strong>in</strong></span> <span class='ocrx_word' id='word_1_365' title='bbox 1228 4673 1521 4745; x_wconf 88' lang='lat' dir='ltr'><strong>judicando</strong></span> <span class='ocrx_word' id='word_1_366' title='bbox 1545 4677 1862 4747; x_wconf 88' lang='lat' dir='ltr'><strong>patientiam</strong></span> <span class='ocrx_word' id='word_1_367' title='bbox 1894 4679 1990 4734; x_wconf 87' lang='lat' dir='ltr'><strong>ha-</strong></span> 
     </span>
    </p>
   </div>
   <div class='ocr_carea' id='block_1_52' title="bbox 400 4760 1990 4835">
    <p class='ocr_par' dir='ltr' id='par_1_52' title="bbox 400 4760 1990 4835">
     <span class='ocr_line' id='line_1_52' title="bbox 400 4760 1990 4835; baseline 0.006 -20"><span class='ocrx_word' id='word_1_368' title='bbox 400 4760 534 4816; x_wconf 87' lang='lat' dir='ltr'><strong>bere</strong></span> <span class='ocrx_word' id='word_1_369' title='bbox 576 4776 686 4817; x_wconf 89' lang='lat' dir='ltr'><strong>non</strong></span> <span class='ocrx_word' id='word_1_370' title='bbox 720 4762 1075 4833; x_wconf 73' lang='lat' dir='ltr'><strong>negliganius.</strong></span> <span class='ocrx_word' id='word_1_371' title='bbox 1122 4763 1203 4819; x_wconf 83' lang='lat' dir='ltr'><strong>Ita</strong></span> <span class='ocrx_word' id='word_1_372' title='bbox 1223 4764 1368 4819; x_wconf 89' lang='lat' dir='ltr'><strong>enim</strong></span> <span class='ocrx_word' id='word_1_373' title='bbox 1411 4766 1599 4835; x_wconf 87' lang='lat' dir='ltr'><strong>copula</strong></span> <span class='ocrx_word' id='word_1_374' title='bbox 1632 4767 1893 4823; x_wconf 89' lang='lat' dir='ltr'><strong>virtutum</strong></span> <span class='ocrx_word' id='word_1_375' title='bbox 1934 4769 1990 4824; x_wconf 89' lang='lat' dir='ltr'><strong>in</strong></span> 
     </span>
    </p>
   </div>
   <div class='ocr_carea' id='block_1_53' title="bbox 399 4852 1990 4920">
    <p class='ocr_par' dir='ltr' id='par_1_53' title="bbox 399 4852 1990 4920">
     <span class='ocr_line' id='line_1_53' title="bbox 399 4852 1990 4920; baseline 0.004 -13"><span class='ocrx_word' id='word_1_376' title='bbox 399 4852 627 4909; x_wconf 88' lang='lat' dir='ltr'><strong>unitatis</strong></span> <span class='ocrx_word' id='word_1_377' title='bbox 677 4868 860 4909; x_wconf 86' lang='lat' dir='ltr'><strong>massa</strong></span> <span class='ocrx_word' id='word_1_378' title='bbox 887 4860 970 4909; x_wconf 92' lang='lat' dir='ltr'><strong>est</strong></span> <span class='ocrx_word' id='word_1_379' title='bbox 997 4853 1286 4920; x_wconf 89' lang='lat' dir='ltr'><strong>collocata,</strong></span> <span class='ocrx_word' id='word_1_380' title='bbox 1328 4863 1388 4910; x_wconf 92' lang='lat' dir='ltr'><strong>ut</strong></span> <span class='ocrx_word' id='word_1_381' title='bbox 1422 4870 1615 4912; x_wconf 87' lang='lat' dir='ltr'><strong>omnes</strong></span> <span class='ocrx_word' id='word_1_382' title='bbox 1649 4858 1718 4913; x_wconf 86' lang='lat' dir='ltr'><strong>ab</strong></span> <span class='ocrx_word' id='word_1_383' title='bbox 1757 4859 1990 4913; x_wconf 75' lang='lat' dir='ltr'><strong>invicem</strong></span> 
     </span>
    </p>
   </div>
   <div class='ocr_carea' id='block_1_54' title="bbox 399 4942 1991 5014">
    <p class='ocr_par' dir='ltr' id='par_1_54' title="bbox 399 4942 1991 5014">
     <span class='ocr_line' id='line_1_54' title="bbox 399 4942 1991 5014; baseline 0.006 -17"><span class='ocrx_word' id='word_1_384' title='bbox 399 4956 501 5013; x_wconf 90' lang='lat' dir='ltr'><strong>per</strong></span> <span class='ocrx_word' id='word_1_385' title='bbox 529 4942 897 4998; x_wconf 89' lang='lat' dir='ltr'><strong>diversitatem</strong></span> <span class='ocrx_word' id='word_1_386' title='bbox 940 4943 1243 5013; x_wconf 88' lang='lat' dir='ltr'><strong>specierum</strong></span> <span class='ocrx_word' id='word_1_387' title='bbox 1289 4944 1398 5000; x_wconf 91' lang='lat' dir='ltr'><strong>sint</strong></span> <span class='ocrx_word' id='word_1_388' title='bbox 1427 4946 1693 5014; x_wconf 63' lang='lat' dir='ltr'><strong>discreto,</strong></span> <span class='ocrx_word' id='word_1_389' title='bbox 1718 4958 1775 5005; x_wconf 92' lang='lat' dir='ltr'><strong>et</strong></span> <span class='ocrx_word' id='word_1_390' title='bbox 1812 4960 1991 5007; x_wconf 89' lang='lat' dir='ltr'><strong>tamen</strong></span> 
     </span>
    </p>
   </div>
   <div class='ocr_carea' id='block_1_55' title="bbox 402 5035 1993 5107">
    <p class='ocr_par' dir='ltr' id='par_1_55' title="bbox 402 5035 1993 5107">
     <span class='ocr_line' id='line_1_55' title="bbox 402 5035 1993 5107; baseline 0.004 -17"><span class='ocrx_word' id='word_1_391' title='bbox 402 5035 757 5107; x_wconf 86' lang='lat' dir='ltr'><strong>sibimetipsis</strong></span> <span class='ocrx_word' id='word_1_392' title='bbox 784 5048 881 5106; x_wconf 87' lang='lat' dir='ltr'><strong>per</strong></span> <span class='ocrx_word' id='word_1_393' title='bbox 906 5035 1349 5092; x_wconf 90' lang='lat' dir='ltr'><strong>contrarietatem</strong></span> <span class='ocrx_word' id='word_1_394' title='bbox 1392 5037 1539 5094; x_wconf 90' lang='lat' dir='ltr'><strong>nullo</strong></span> <span class='ocrx_word' id='word_1_395' title='bbox 1575 5040 1735 5095; x_wconf 88' lang='lat' dir='ltr'><strong>modo</strong></span> <span class='ocrx_word' id='word_1_396' title='bbox 1763 5041 1871 5095; x_wconf 90' lang='lat' dir='ltr'><strong>sint</strong></span> <span class='ocrx_word' id='word_1_397' title='bbox 1899 5041 1993 5097; x_wconf 86' lang='lat' dir='ltr'><strong>ad-</strong></span> 
     </span>
    </p>
   </div>
   <div class='ocr_carea' id='block_1_56' title="bbox 402 5126 2056 5198">
    <p class='ocr_par' dir='ltr' id='par_1_56' title="bbox 402 5126 2056 5198">
     <span class='ocr_line' id='line_1_56' title="bbox 402 5126 2056 5198; baseline 0.005 -19"><span class='ocrx_word' id='word_1_398' title='bbox 402 5139 596 5183; x_wconf 67' lang='lat' dir='ltr'><strong>versae.</strong></span> <span class='ocrx_word' id='word_1_399' title='bbox 648 5126 774 5184; x_wconf 64' lang='lat' dir='ltr'><strong>limo</strong></span> <span class='ocrx_word' id='word_1_400' title='bbox 823 5142 1041 5198; x_wconf 92' lang='lat' dir='ltr'><strong>quoquo</strong></span> <span class='ocrx_word' id='word_1_401' title='bbox 1087 5126 1250 5183; x_wconf 92' lang='lat' dir='ltr'><strong>modo</strong></span> <span class='ocrx_word' id='word_1_402' title='bbox 1289 5127 1444 5198; x_wconf 73' lang='lat' dir='ltr'><strong>juxta</strong></span> <span class='ocrx_word' id='word_1_403' title='bbox 1489 5129 1888 5197; x_wconf 89' lang='lat' dir='ltr'><strong>moralitatcm,</strong></span> <span class='ocrx_word' id='word_1_404' title='bbox 1935 5140 1995 5187; x_wconf 93' lang='lat' dir='ltr'><strong>ut</strong></span> <span class='ocrx_word' id='word_1_405' title='bbox 2053 5143 2056 5146; x_wconf 80' lang='lat'><strong><em>&#39;</em></strong></span> 
     </span>
    </p>
   </div>
   <div class='ocr_carea' id='block_1_57' title="bbox 403 5217 1991 5292">
    <p class='ocr_par' dir='ltr' id='par_1_57' title="bbox 403 5217 1991 5292">
     <span class='ocr_line' id='line_1_57' title="bbox 403 5217 1991 5292; baseline 0.005 -22"><span class='ocrx_word' id='word_1_406' title='bbox 403 5218 778 5289; x_wconf 87' lang='lat' dir='ltr'><strong>promisimus,</strong></span> <span class='ocrx_word' id='word_1_407' title='bbox 805 5217 1011 5275; x_wconf 82' lang='lat' dir='ltr'><strong>dixisse</strong></span> <span class='ocrx_word' id='word_1_408' title='bbox 1037 5219 1284 5276; x_wconf 88' lang='lat' dir='ltr'><strong>sulIiciat.</strong></span> <span class='ocrx_word' id='word_1_409' title='bbox 1319 5218 1339 5291; x_wconf 86' lang='lat'><strong>(</strong></span> <span class='ocrx_word' id='word_1_410' title='bbox 1371 5218 1507 5292; x_wconf 82' lang='lat' dir='ltr'><strong>Aug.</strong></span> <span class='ocrx_word' id='word_1_411' title='bbox 1538 5219 1557 5292; x_wconf 89' lang='lat'>)</span> <span class='ocrx_word' id='word_1_412' title='bbox 1582 5220 1760 5288; x_wconf 83' lang='lat' dir='ltr'><strong>Quaeri</strong></span> <span class='ocrx_word' id='word_1_413' title='bbox 1812 5230 1991 5279; x_wconf 91' lang='lat' dir='ltr'><strong>autem</strong></span> 
     </span>
    </p>
   </div>
   <div class='ocr_carea' id='block_1_58' title="bbox 403 5309 1993 5383">
    <p class='ocr_par' dir='ltr' id='par_1_58' title="bbox 403 5309 1993 5383">
     <span class='ocr_line' id='line_1_58' title="bbox 403 5309 1993 5383; baseline 0.003 -17"><span class='ocrx_word' id='word_1_414' title='bbox 403 5309 540 5366; x_wconf 89' lang='lat' dir='ltr'><strong>illud</strong></span> <span class='ocrx_word' id='word_1_415' title='bbox 584 5318 785 5379; x_wconf 87' lang='lat' dir='ltr'><strong>potest,</strong></span> <span class='ocrx_word' id='word_1_416' title='bbox 823 5310 973 5381; x_wconf 91' lang='lat' dir='ltr'><strong>quod</strong></span> <span class='ocrx_word' id='word_1_417' title='bbox 1009 5312 1104 5379; x_wconf 89' lang='lat' dir='ltr'><strong>ait,</strong></span> <span class='ocrx_word' id='word_1_418' title='bbox 1150 5311 1366 5383; x_wconf 90' lang='lat' dir='ltr'><strong>alligate</strong></span> <span class='ocrx_word' id='word_1_419' title='bbox 1401 5330 1464 5368; x_wconf 89' lang='lat' dir='ltr'><strong>ea</strong></span> <span class='ocrx_word' id='word_1_420' title='bbox 1506 5313 1563 5367; x_wconf 90' lang='lat' dir='ltr'><strong>in</strong></span> <span class='ocrx_word' id='word_1_421' title='bbox 1600 5313 1882 5383; x_wconf 85' lang='lat' dir='ltr'><strong>fasciculos</strong></span> <span class='ocrx_word' id='word_1_422' title='bbox 1923 5316 1993 5370; x_wconf 84' lang='lat' dir='ltr'><strong>ad</strong></span> 
     </span>
    </p>
   </div>
   <div class='ocr_carea' id='block_1_59' title="bbox 408 5400 1998 5468">
    <p class='ocr_par' dir='ltr' id='par_1_59' title="bbox 408 5400 1998 5468">
     <span class='ocr_line' id='line_1_59' title="bbox 408 5400 1998 5468; baseline 0.004 -11"><span class='ocrx_word' id='word_1_423' title='bbox 408 5400 835 5468; x_wconf 86' lang='lat' dir='ltr'><strong>comburendum,</strong></span> <span class='ocrx_word' id='word_1_424' title='bbox 865 5419 963 5459; x_wconf 89' lang='lat' dir='ltr'><strong>cur</strong></span> <span class='ocrx_word' id='word_1_425' title='bbox 982 5419 1091 5460; x_wconf 91' lang='lat' dir='ltr'><strong>non</strong></span> <span class='ocrx_word' id='word_1_426' title='bbox 1118 5421 1286 5461; x_wconf 91' lang='lat' dir='ltr'><strong>unum</strong></span> <span class='ocrx_word' id='word_1_427' title='bbox 1309 5404 1512 5462; x_wconf 81' lang='lat' dir='ltr'><strong>fascem</strong></span> <span class='ocrx_word' id='word_1_428' title='bbox 1536 5414 1630 5461; x_wconf 91' lang='lat' dir='ltr'><strong>aut</strong></span> <span class='ocrx_word' id='word_1_429' title='bbox 1650 5422 1816 5461; x_wconf 91' lang='lat' dir='ltr'><strong>unum</strong></span> <span class='ocrx_word' id='word_1_430' title='bbox 1842 5423 1998 5463; x_wconf 89' lang='lat' dir='ltr'><strong>acer-</strong></span> 
     </span>
    </p>
   </div>
   <div class='ocr_carea' id='block_1_60' title="bbox 408 5493 1995 5567">
    <p class='ocr_par' dir='ltr' id='par_1_60' title="bbox 408 5493 1995 5567">
     <span class='ocr_line' id='line_1_60' title="bbox 408 5493 1995 5567; baseline 0.003 -19"><span class='ocrx_word' id='word_1_431' title='bbox 408 5509 540 5549; x_wconf 85' lang='lat' dir='ltr'><strong>vum</strong></span> <span class='ocrx_word' id='word_1_432' title='bbox 568 5493 899 5551; x_wconf 86' lang='lat' dir='ltr'><strong>zizaniorum</strong></span> <span class='ocrx_word' id='word_1_433' title='bbox 926 5497 1042 5552; x_wconf 82' lang='lat' dir='ltr'><strong>fieri</strong></span> <span class='ocrx_word' id='word_1_434' title='bbox 1069 5498 1304 5565; x_wconf 76' lang='lat' dir='ltr'><strong>dixerit,</strong></span> <span class='ocrx_word' id='word_1_435' title='bbox 1357 5499 1459 5554; x_wconf 91' lang='lat' dir='ltr'><strong>nisi</strong></span> <span class='ocrx_word' id='word_1_436' title='bbox 1490 5497 1630 5553; x_wconf 87' lang='lat' dir='ltr'><strong>forte</strong></span> <span class='ocrx_word' id='word_1_437' title='bbox 1654 5506 1875 5567; x_wconf 81' lang='lat' dir='ltr'><strong>propter</strong></span> <span class='ocrx_word' id='word_1_438' title='bbox 1898 5515 1995 5553; x_wconf 88' lang='lat' dir='ltr'><strong>va-</strong></span> 
     </span>
    </p>
   </div>
   <div class='ocr_carea' id='block_1_61' title="bbox 408 5586 1997 5656">
    <p class='ocr_par' dir='ltr' id='par_1_61' title="bbox 408 5586 1997 5656">
     <span class='ocr_line' id='line_1_61' title="bbox 408 5586 1997 5656; baseline 0.002 -13"><span class='ocrx_word' id='word_1_439' title='bbox 408 5587 661 5644; x_wconf 83' lang='lat' dir='ltr'><strong>rietatem</strong></span> <span class='ocrx_word' id='word_1_440' title='bbox 702 5586 1118 5656; x_wconf 70' lang='lat' dir='ltr'><strong>hmretieorum,</strong></span> <span class='ocrx_word' id='word_1_441' title='bbox 1164 5600 1220 5645; x_wconf 91' lang='lat' dir='ltr'><strong>et</strong></span> <span class='ocrx_word' id='word_1_442' title='bbox 1247 5605 1353 5645; x_wconf 91' lang='lat' dir='ltr'><strong>non</strong></span> <span class='ocrx_word' id='word_1_443' title='bbox 1380 5590 1555 5655; x_wconf 85' lang='lat' dir='ltr'><strong>solum</strong></span> <span class='ocrx_word' id='word_1_444' title='bbox 1596 5605 1627 5643; x_wconf 90' lang='lat' dir='ltr'><strong>a</strong></span> <span class='ocrx_word' id='word_1_445' title='bbox 1665 5589 1878 5656; x_wconf 89' lang='lat' dir='ltr'><strong>tritico,</strong></span> <span class='ocrx_word' id='word_1_446' title='bbox 1906 5606 1997 5646; x_wconf 87' lang='lat' dir='ltr'><strong>ve-</strong></span> 
     </span>
    </p>
   </div>
   <div class='ocr_carea' id='block_1_62' title="bbox 411 5680 1996 5753">
    <p class='ocr_par' dir='ltr' id='par_1_62' title="bbox 411 5680 1996 5753">
     <span class='ocr_line' id='line_1_62' title="bbox 411 5680 1996 5753; baseline 0.004 -19"><span class='ocrx_word' id='word_1_447' title='bbox 411 5696 532 5735; x_wconf 91' lang='lat' dir='ltr'><strong>rum</strong></span> <span class='ocrx_word' id='word_1_448' title='bbox 576 5696 607 5735; x_wconf 87' lang='lat' dir='ltr'><strong>a</strong></span> <span class='ocrx_word' id='word_1_449' title='bbox 648 5680 839 5752; x_wconf 88' lang='lat' dir='ltr'><strong>seipsis</strong></span> <span class='ocrx_word' id='word_1_450' title='bbox 892 5680 1357 5752; x_wconf 87' lang='lat' dir='ltr'><strong>discrepantium,</strong></span> <span class='ocrx_word' id='word_1_451' title='bbox 1418 5684 1547 5753; x_wconf 80' lang='lat' dir='ltr'><strong>ipsal</strong></span> <span class='ocrx_word' id='word_1_452' title='bbox 1573 5682 1996 5753; x_wconf 87' lang='lat' dir='ltr'><strong>uniuscujusque</strong></span> 
     </span>
    </p>
   </div>
   <div class='ocr_carea' id='block_1_63' title="bbox 412 5773 1996 5847">
    <p class='ocr_par' dir='ltr' id='par_1_63' title="bbox 412 5773 1996 5847">
     <span class='ocr_line' id='line_1_63' title="bbox 412 5773 1996 5847; baseline 0.001 -18"><span class='ocrx_word' id='word_1_453' title='bbox 412 5773 679 5833; x_wconf 61' lang='lat' dir='ltr'><strong>haereseos</strong></span> <span class='ocrx_word' id='word_1_454' title='bbox 708 5775 932 5847; x_wconf 87' lang='lat' dir='ltr'><strong>pr0pria</strong></span> <span class='ocrx_word' id='word_1_455' title='bbox 967 5774 1366 5839; x_wconf 87' lang='lat' dir='ltr'><strong>conventicula,</strong></span> <span class='ocrx_word' id='word_1_456' title='bbox 1404 5776 1457 5830; x_wconf 91' lang='lat' dir='ltr'><strong>in</strong></span> <span class='ocrx_word' id='word_1_457' title='bbox 1494 5775 1691 5847; x_wconf 81' lang='lat' dir='ltr'><strong>quibus</strong></span> <span class='ocrx_word' id='word_1_458' title='bbox 1718 5775 1996 5844; x_wconf 82' lang='lat' dir='ltr'><strong>sigillatim</strong></span> 
     </span>
    </p>
   </div>
   <div class='ocr_carea' id='block_1_64' title="bbox 2011 3175 2059 3240">
    <p class='ocr_par' dir='ltr' id='par_1_64' title="bbox 2011 3175 2059 3240">
     <span class='ocr_line' id='line_1_64' title="bbox 2011 3175 2059 3240; baseline 0 0"><span class='ocrx_word' id='word_1_459' title='bbox 2011 3175 2059 3240; x_wconf 85' lang='lat' dir='ltr'><strong><em>C</em></strong></span> 
     </span>
    </p>
   </div>
   <div class='ocr_carea' id='block_1_65' title="bbox 2102 561 3695 635">
    <p class='ocr_par' dir='ltr' id='par_1_65' title="bbox 2102 561 3695 635">
     <span class='ocr_line' id='line_1_65' title="bbox 2102 561 3695 635; baseline -0.001 -16"><span class='ocrx_word' id='word_1_460' title='bbox 2102 580 2222 619; x_wconf 87' lang='lat' dir='ltr'><strong>rum</strong></span> <span class='ocrx_word' id='word_1_461' title='bbox 2261 564 2622 635; x_wconf 81' lang='lat' dir='ltr'><strong>significavit;</strong></span> <span class='ocrx_word' id='word_1_462' title='bbox 2655 573 2716 619; x_wconf 91' lang='lat' dir='ltr'><strong>ut</strong></span> <span class='ocrx_word' id='word_1_463' title='bbox 2740 564 2853 635; x_wconf 80' lang='lat' dir='ltr'><strong>jam</strong></span> <span class='ocrx_word' id='word_1_464' title='bbox 2884 570 3012 618; x_wconf 89' lang='lat' dir='ltr'><strong>tunc</strong></span> <span class='ocrx_word' id='word_1_465' title='bbox 3055 561 3321 632; x_wconf 87' lang='lat' dir='ltr'><strong>incipiant</strong></span> <span class='ocrx_word' id='word_1_466' title='bbox 3363 562 3585 632; x_wconf 81' lang='lat' dir='ltr'><strong>alligari</strong></span> <span class='ocrx_word' id='word_1_467' title='bbox 3624 563 3695 617; x_wconf 79' lang='lat' dir='ltr'><strong>ad</strong></span> 
     </span>
    </p>
   </div>
   <div class='ocr_carea' id='block_1_66' title="bbox 2100 653 3698 723">
    <p class='ocr_par' dir='ltr' id='par_1_66' title="bbox 2100 653 3698 723">
     <span class='ocr_line' id='line_1_66' title="bbox 2100 653 3698 723; baseline -0.001 -12"><span class='ocrx_word' id='word_1_468' title='bbox 2100 656 2546 721; x_wconf 88' lang='lat' dir='ltr'><strong>comburendum,</strong></span> <span class='ocrx_word' id='word_1_469' title='bbox 2576 672 2701 710; x_wconf 89' lang='lat' dir='ltr'><strong>cum</strong></span> <span class='ocrx_word' id='word_1_470' title='bbox 2721 671 2755 709; x_wconf 83' lang='lat' dir='ltr'><strong>a</strong></span> <span class='ocrx_word' id='word_1_471' title='bbox 2781 653 3046 709; x_wconf 85' lang='lat' dir='ltr'><strong>catholica</strong></span> <span class='ocrx_word' id='word_1_472' title='bbox 3081 654 3468 709; x_wconf 89' lang='lat' dir='ltr'><strong>communione</strong></span> <span class='ocrx_word' id='word_1_473' title='bbox 3509 668 3698 723; x_wconf 75' lang='lat' dir='ltr'><strong>segre-</strong></span> 
     </span>
    </p>
   </div>
   <div class='ocr_carea' id='block_1_67' title="bbox 2100 740 3695 817">
    <p class='ocr_par' dir='ltr' id='par_1_67' title="bbox 2100 740 3695 817">
     <span class='ocr_line' id='line_1_67' title="bbox 2100 740 3695 817; baseline -0.001 -18"><span class='ocrx_word' id='word_1_474' title='bbox 2100 745 2210 816; x_wconf 84' lang='lat' dir='ltr'><strong>gati</strong></span> <span class='ocrx_word' id='word_1_475' title='bbox 2240 760 2366 801; x_wconf 89' lang='lat' dir='ltr'><strong>suas</strong></span> <span class='ocrx_word' id='word_1_476' title='bbox 2404 747 2654 817; x_wconf 89' lang='lat' dir='ltr'><strong>proprias</strong></span> <span class='ocrx_word' id='word_1_477' title='bbox 2679 745 2832 816; x_wconf 85' lang='lat' dir='ltr'><strong>quasi</strong></span> <span class='ocrx_word' id='word_1_478' title='bbox 2858 740 3115 799; x_wconf 84' lang='lat' dir='ltr'><strong>ecclesias</strong></span> <span class='ocrx_word' id='word_1_479' title='bbox 3151 744 3360 798; x_wconf 86' lang='lat' dir='ltr'><strong>habere</strong></span> <span class='ocrx_word' id='word_1_480' title='bbox 3395 743 3695 812; x_wconf 70' lang='lat' dir='ltr'><strong>creperint,</strong></span> 
     </span>
    </p>
   </div>
   <div class='ocr_carea' id='block_1_68' title="bbox 2099 831 3700 904">
    <p class='ocr_par' dir='ltr' id='par_1_68' title="bbox 2099 831 3700 904">
     <span class='ocr_line' id='line_1_68' title="bbox 2099 831 3700 904; baseline -0.003 -15"><span class='ocrx_word' id='word_1_481' title='bbox 2099 844 2160 889; x_wconf 92' lang='lat' dir='ltr'><strong>ut</strong></span> <span class='ocrx_word' id='word_1_482' title='bbox 2184 835 2489 891; x_wconf 87' lang='lat' dir='ltr'><strong>combustio</strong></span> <span class='ocrx_word' id='word_1_483' title='bbox 2517 850 2703 890; x_wconf 88' lang='lat' dir='ltr'><strong>earnm</strong></span> <span class='ocrx_word' id='word_1_484' title='bbox 2730 835 2804 889; x_wconf 89' lang='lat' dir='ltr'><strong>sit</strong></span> <span class='ocrx_word' id='word_1_485' title='bbox 2830 834 2884 888; x_wconf 93' lang='lat' dir='ltr'><strong>in</strong></span> <span class='ocrx_word' id='word_1_486' title='bbox 2915 832 3022 887; x_wconf 84' lang='lat' dir='ltr'><strong>line</strong></span> <span class='ocrx_word' id='word_1_487' title='bbox 3056 831 3259 897; x_wconf 70' lang='lat' dir='ltr'><strong>seculi,</strong></span> <span class='ocrx_word' id='word_1_488' title='bbox 3294 847 3406 887; x_wconf 87' lang='lat' dir='ltr'><strong>non</strong></span> <span class='ocrx_word' id='word_1_489' title='bbox 3450 831 3700 904; x_wconf 54' lang='grc' dir='ltr'><strong>διηθερθ</strong></span> 
     </span>
    </p>
   </div>
   <div class='ocr_carea' id='block_1_69' title="bbox 2097 921 3700 994">
    <p class='ocr_par' dir='ltr' id='par_1_69' title="bbox 2097 921 3700 994">
     <span class='ocr_line' id='line_1_69' title="bbox 2097 921 3700 994; baseline 0 -14"><span class='ocrx_word' id='word_1_490' title='bbox 2097 925 2497 982; x_wconf 86' lang='lat' dir='ltr'><strong>fasciculorum.</strong></span> <span class='ocrx_word' id='word_1_491' title='bbox 2528 925 2633 981; x_wconf 85' lang='lat' dir='ltr'><strong>Sed</strong></span> <span class='ocrx_word' id='word_1_492' title='bbox 2660 925 2705 980; x_wconf 91' lang='lat' dir='ltr'><strong>si</strong></span> <span class='ocrx_word' id='word_1_493' title='bbox 2738 926 2814 979; x_wconf 92' lang='lat' dir='ltr'><strong>ita</strong></span> <span class='ocrx_word' id='word_1_494' title='bbox 2852 932 3023 988; x_wconf 86' lang='lat' dir='ltr'><strong>esset,</strong></span> <span class='ocrx_word' id='word_1_495' title='bbox 3050 923 3235 978; x_wconf 75' lang='lat' dir='ltr'><strong>multa:</strong></span> <span class='ocrx_word' id='word_1_496' title='bbox 3262 938 3374 977; x_wconf 91' lang='lat' dir='ltr'><strong>non</strong></span> <span class='ocrx_word' id='word_1_497' title='bbox 3405 923 3532 994; x_wconf 84' lang='lat' dir='ltr'><strong>jam</strong></span> <span class='ocrx_word' id='word_1_498' title='bbox 3558 921 3700 980; x_wconf 79' lang='lat' dir='ltr'><strong>resi—</strong></span> 
     </span>
    </p>
   </div>
   <div class='ocr_carea' id='block_1_70' title="bbox 2095 1015 3697 1086">
    <p class='ocr_par' dir='ltr' id='par_1_70' title="bbox 2095 1015 3697 1086">
     <span class='ocr_line' id='line_1_70' title="bbox 2095 1015 3697 1086; baseline 0.001 -15"><span class='ocrx_word' id='word_1_499' title='bbox 2095 1017 2350 1086; x_wconf 85' lang='lat' dir='ltr'><strong>pisccudo</strong></span> <span class='ocrx_word' id='word_1_500' title='bbox 2390 1026 2445 1072; x_wconf 90' lang='lat' dir='ltr'><strong>et</strong></span> <span class='ocrx_word' id='word_1_501' title='bbox 2472 1019 2525 1072; x_wconf 92' lang='lat' dir='ltr'><strong>in</strong></span> <span class='ocrx_word' id='word_1_502' title='bbox 2557 1016 2879 1073; x_wconf 86' lang='lat' dir='ltr'><strong>catholicam</strong></span> <span class='ocrx_word' id='word_1_503' title='bbox 2922 1016 3212 1072; x_wconf 90' lang='lat' dir='ltr'><strong>remeando</strong></span> <span class='ocrx_word' id='word_1_504' title='bbox 3240 1016 3309 1071; x_wconf 89' lang='lat' dir='ltr'><strong>ab</strong></span> <span class='ocrx_word' id='word_1_505' title='bbox 3334 1030 3533 1071; x_wconf 85' lang='lat' dir='ltr'><strong>errore</strong></span> <span class='ocrx_word' id='word_1_506' title='bbox 3570 1015 3697 1072; x_wconf 76' lang='lat' dir='ltr'><strong>des—</strong></span> 
     </span>
    </p>
   </div>
   <div class='ocr_carea' id='block_1_71' title="bbox 2095 1108 2382 1163">
    <p class='ocr_par' dir='ltr' id='par_1_71' title="bbox 2095 1108 2382 1163">
     <span class='ocr_line' id='line_1_71' title="bbox 2095 1108 2382 1163; baseline 0 -1"><span class='ocrx_word' id='word_1_507' title='bbox 2095 1108 2382 1163; x_wconf 86' lang='lat' dir='ltr'><strong>ciscereut.</strong></span> 
     </span>
    </p>
   </div>
   <div class='ocr_carea' id='block_1_72' title="bbox 2164 1197 3695 1270">
    <p class='ocr_par' dir='ltr' id='par_1_72' title="bbox 2164 1197 3695 1270">
     <span class='ocr_line' id='line_1_72' title="bbox 2164 1197 3695 1270; baseline 0.001 -18"><span class='ocrx_word' id='word_1_508' title='bbox 2164 1199 2503 1270; x_wconf 75' lang='lat' dir='ltr'><strong>Quapropter</strong></span> <span class='ocrx_word' id='word_1_509' title='bbox 2527 1207 2582 1255; x_wconf 91' lang='lat' dir='ltr'><strong>ct</strong></span> <span class='ocrx_word' id='word_1_510' title='bbox 2605 1201 2846 1270; x_wconf 78' lang='lat' dir='ltr'><strong>alligatio</strong></span> <span class='ocrx_word' id='word_1_511' title='bbox 2872 1200 3254 1257; x_wconf 77' lang='lat' dir='ltr'><strong>fasciculorum</strong></span> <span class='ocrx_word' id='word_1_512' title='bbox 3288 1199 3347 1253; x_wconf 90' lang='lat' dir='ltr'><strong>in</strong></span> <span class='ocrx_word' id='word_1_513' title='bbox 3376 1198 3489 1253; x_wconf 83' lang='lat' dir='ltr'><strong>line</strong></span> <span class='ocrx_word' id='word_1_514' title='bbox 3515 1197 3695 1253; x_wconf 79' lang='lat' dir='ltr'><strong>futura</strong></span> 
     </span>
    </p>
   </div>
   <div class='ocr_carea' id='block_1_73' title="bbox 2091 1290 3698 1363">
    <p class='ocr_par' dir='ltr' id='par_1_73' title="bbox 2091 1290 3698 1363">
     <span class='ocr_line' id='line_1_73' title="bbox 2091 1290 3698 1363; baseline 0 -18"><span class='ocrx_word' id='word_1_515' title='bbox 2091 1299 2195 1355; x_wconf 89' lang='lat' dir='ltr'><strong>est,</strong></span> <span class='ocrx_word' id='word_1_516' title='bbox 2244 1301 2302 1346; x_wconf 92' lang='lat' dir='ltr'><strong>ut</strong></span> <span class='ocrx_word' id='word_1_517' title='bbox 2358 1309 2463 1348; x_wconf 91' lang='lat' dir='ltr'><strong>non</strong></span> <span class='ocrx_word' id='word_1_518' title='bbox 2519 1293 2765 1358; x_wconf 89' lang='lat' dir='ltr'><strong>confuse,</strong></span> <span class='ocrx_word' id='word_1_519' title='bbox 2809 1294 2904 1349; x_wconf 90' lang='lat' dir='ltr'><strong>sed</strong></span> <span class='ocrx_word' id='word_1_520' title='bbox 2961 1309 3060 1363; x_wconf 91' lang='lat' dir='ltr'><strong>pro</strong></span> <span class='ocrx_word' id='word_1_521' title='bbox 3100 1292 3263 1348; x_wconf 89' lang='lat' dir='ltr'><strong>modo</strong></span> <span class='ocrx_word' id='word_1_522' title='bbox 3308 1290 3698 1362; x_wconf 84' lang='lat' dir='ltr'><strong>perversitatis</strong></span> 
     </span>
    </p>
   </div>
   <div class='ocr_carea' id='block_1_74' title="bbox 2090 1384 3699 1457">
    <p class='ocr_par' dir='ltr' id='par_1_74' title="bbox 2090 1384 3699 1457">
     <span class='ocr_line' id='line_1_74' title="bbox 2090 1384 3699 1457; baseline -0.001 -19"><span class='ocrx_word' id='word_1_523' title='bbox 2090 1397 2203 1439; x_wconf 72' lang='lat' dir='ltr'><strong>sua:</strong></span> <span class='ocrx_word' id='word_1_524' title='bbox 2227 1385 2648 1457; x_wconf 87' lang='lat' dir='ltr'><strong>uniuscujusque</strong></span> <span class='ocrx_word' id='word_1_525' title='bbox 2676 1386 2879 1442; x_wconf 90' lang='lat' dir='ltr'><strong>erroris</strong></span> <span class='ocrx_word' id='word_1_526' title='bbox 2925 1386 3225 1457; x_wconf 82' lang='lat' dir='ltr'><strong>pertinacia</strong></span> <span class='ocrx_word' id='word_1_527' title='bbox 3267 1384 3563 1455; x_wconf 84' lang='lat' dir='ltr'><strong>puniatur.</strong></span> <span class='ocrx_word' id='word_1_528' title='bbox 3614 1384 3699 1437; x_wconf 77' lang='lat' dir='ltr'><strong>Nc</strong></span> 
     </span>
    </p>
   </div>
   <div class='ocr_carea' id='block_1_75' title="bbox 2090 1475 3695 1547">
    <p class='ocr_par' dir='ltr' id='par_1_75' title="bbox 2090 1475 3695 1547">
     <span class='ocr_line' id='line_1_75' title="bbox 2090 1475 3695 1547; baseline -0.001 -18"><span class='ocrx_word' id='word_1_529' title='bbox 2090 1475 2225 1545; x_wconf 86' lang='lat' dir='ltr'><strong>forte</strong></span> <span class='ocrx_word' id='word_1_530' title='bbox 2264 1476 2560 1547; x_wconf 87' lang='lat' dir='ltr'><strong>colligentes</strong></span> <span class='ocrx_word' id='word_1_531' title='bbox 2606 1479 2815 1532; x_wconf 74' lang='lat' dir='ltr'><strong>zizania</strong></span> <span class='ocrx_word' id='word_1_532' title='bbox 2841 1478 3118 1533; x_wconf 84' lang='lat' dir='ltr'><strong>eradicetis</strong></span> <span class='ocrx_word' id='word_1_533' title='bbox 3146 1475 3307 1531; x_wconf 87' lang='lat' dir='ltr'><strong>simul</strong></span> <span class='ocrx_word' id='word_1_534' title='bbox 3336 1486 3388 1530; x_wconf 88' lang='lat' dir='ltr'><strong>et</strong></span> <span class='ocrx_word' id='word_1_535' title='bbox 3426 1475 3695 1529; x_wconf 71' lang='lat' dir='ltr'><strong>triticum.</strong></span> 
     </span>
    </p>
   </div>
   <div class='ocr_carea' id='block_1_76' title="bbox 2107 1564 3701 1636">
    <p class='ocr_par' dir='ltr' id='par_1_76' title="bbox 2107 1564 3701 1636">
     <span class='ocr_line' id='line_1_76' title="bbox 2107 1564 3701 1636; baseline -0.003 -14"><span class='ocrx_word' id='word_1_536' title='bbox 2107 1564 2289 1622; x_wconf 77' lang='lat' dir='ltr'><strong>dtrum</strong></span> <span class='ocrx_word' id='word_1_537' title='bbox 2337 1567 2464 1636; x_wconf 88' lang='lat' dir='ltr'><strong>quia</strong></span> <span class='ocrx_word' id='word_1_538' title='bbox 2519 1567 2684 1622; x_wconf 89' lang='lat' dir='ltr'><strong>etiam</strong></span> <span class='ocrx_word' id='word_1_539' title='bbox 2728 1567 3007 1623; x_wconf 89' lang='lat' dir='ltr'><strong>bonicum</strong></span> <span class='ocrx_word' id='word_1_540' title='bbox 3061 1567 3242 1622; x_wconf 87' lang='lat' dir='ltr'><strong>adhuc</strong></span> <span class='ocrx_word' id='word_1_541' title='bbox 3301 1564 3518 1620; x_wconf 71' lang='lat' dir='ltr'><strong>infirmi</strong></span> <span class='ocrx_word' id='word_1_542' title='bbox 3567 1573 3701 1619; x_wconf 81' lang='lat' dir='ltr'><strong>sunt</strong></span> 
     </span>
    </p>
   </div>
   <div class='ocr_carea' id='block_1_77' title="bbox 2088 1654 3693 1729">
    <p class='ocr_par' dir='ltr' id='par_1_77' title="bbox 2088 1654 3693 1729">
     <span class='ocr_line' id='line_1_77' title="bbox 2088 1654 3693 1729; baseline -0.004 -15"><span class='ocrx_word' id='word_1_543' title='bbox 2088 1672 2225 1729; x_wconf 88' lang='lat' dir='ltr'><strong>opus</strong></span> <span class='ocrx_word' id='word_1_544' title='bbox 2258 1659 2459 1714; x_wconf 83' lang='lat' dir='ltr'><strong>habent</strong></span> <span class='ocrx_word' id='word_1_545' title='bbox 2501 1660 2556 1713; x_wconf 89' lang='lat' dir='ltr'><strong>in</strong></span> <span class='ocrx_word' id='word_1_546' title='bbox 2596 1658 2920 1728; x_wconf 88' lang='lat' dir='ltr'><strong>quibusdam</strong></span> <span class='ocrx_word' id='word_1_547' title='bbox 2981 1655 3251 1712; x_wconf 90' lang='lat' dir='ltr'><strong>malorum</strong></span> <span class='ocrx_word' id='word_1_548' title='bbox 3299 1654 3693 1725; x_wconf 81' lang='lat' dir='ltr'><strong>permistioue,</strong></span> 
     </span>
    </p>
   </div>
   <div class='ocr_carea' id='block_1_78' title="bbox 2088 1747 3699 1818">
    <p class='ocr_par' dir='ltr' id='par_1_78' title="bbox 2088 1747 3699 1818">
     <span class='ocr_line' id='line_1_78' title="bbox 2088 1747 3699 1818; baseline -0.004 -16"><span class='ocrx_word' id='word_1_549' title='bbox 2088 1748 2201 1804; x_wconf 88' lang='lat' dir='ltr'><strong>sive</strong></span> <span class='ocrx_word' id='word_1_550' title='bbox 2226 1757 2284 1803; x_wconf 92' lang='lat' dir='ltr'><strong>ut</strong></span> <span class='ocrx_word' id='word_1_551' title='bbox 2305 1762 2401 1818; x_wconf 89' lang='lat' dir='ltr'><strong>per</strong></span> <span class='ocrx_word' id='word_1_552' title='bbox 2426 1763 2522 1803; x_wconf 86' lang='lat' dir='ltr'><strong>cos</strong></span> <span class='ocrx_word' id='word_1_553' title='bbox 2564 1756 2942 1812; x_wconf 74' lang='lat' dir='ltr'><strong>exerceantur,</strong></span> <span class='ocrx_word' id='word_1_554' title='bbox 2987 1747 3102 1803; x_wconf 85' lang='lat' dir='ltr'><strong>sive</strong></span> <span class='ocrx_word' id='word_1_555' title='bbox 3149 1756 3210 1800; x_wconf 90' lang='lat' dir='ltr'><strong>ut</strong></span> <span class='ocrx_word' id='word_1_556' title='bbox 3237 1759 3431 1800; x_wconf 84' lang='lat' dir='ltr'><strong>eorum</strong></span> <span class='ocrx_word' id='word_1_557' title='bbox 3476 1758 3699 1813; x_wconf 78' lang='lat' dir='ltr'><strong>compa-</strong></span> 
     </span>
    </p>
   </div>
   <div class='ocr_carea' id='block_1_79' title="bbox 2088 1836 3698 1913">
    <p class='ocr_par' dir='ltr' id='par_1_79' title="bbox 2088 1836 3698 1913">
     <span class='ocr_line' id='line_1_79' title="bbox 2088 1836 3698 1913; baseline -0.004 -17"><span class='ocrx_word' id='word_1_558' title='bbox 2088 1841 2295 1897; x_wconf 77' lang='lat' dir='ltr'><strong>ratione</strong></span> <span class='ocrx_word' id='word_1_559' title='bbox 2343 1858 2535 1913; x_wconf 84' lang='lat' dir='ltr'><strong>magna</strong></span> <span class='ocrx_word' id='word_1_560' title='bbox 2583 1841 2687 1897; x_wconf 89' lang='lat' dir='ltr'><strong>illis</strong></span> <span class='ocrx_word' id='word_1_561' title='bbox 2732 1840 3041 1897; x_wconf 75' lang='lat' dir='ltr'><strong>exhortatio</strong></span> <span class='ocrx_word' id='word_1_562' title='bbox 3077 1838 3190 1905; x_wconf 86' lang='lat' dir='ltr'><strong>fiat,</strong></span> <span class='ocrx_word' id='word_1_563' title='bbox 3225 1847 3285 1893; x_wconf 89' lang='lat' dir='ltr'><strong>ut</strong></span> <span class='ocrx_word' id='word_1_564' title='bbox 3332 1837 3593 1891; x_wconf 85' lang='lat' dir='ltr'><strong>nitantur</strong></span> <span class='ocrx_word' id='word_1_565' title='bbox 3627 1836 3698 1890; x_wconf 83' lang='lat' dir='ltr'><strong>ad</strong></span> 
     </span>
    </p>
   </div>
   <div class='ocr_carea' id='block_1_80' title="bbox 2089 1928 3693 2002">
    <p class='ocr_par' dir='ltr' id='par_1_80' title="bbox 2089 1928 3693 2002">
     <span class='ocr_line' id='line_1_80' title="bbox 2089 1928 3693 2002; baseline -0.007 -10"><span class='ocrx_word' id='word_1_566' title='bbox 2089 1936 2331 1992; x_wconf 90' lang='lat' dir='ltr'><strong>melius?</strong></span> <span class='ocrx_word' id='word_1_567' title='bbox 2384 1934 2587 2002; x_wconf 85' lang='lat' dir='ltr'><strong>Quibus</strong></span> <span class='ocrx_word' id='word_1_568' title='bbox 2639 1934 2867 1991; x_wconf 87' lang='lat' dir='ltr'><strong>sublatis</strong></span> <span class='ocrx_word' id='word_1_569' title='bbox 2915 1931 3147 1989; x_wconf 86' lang='lat' dir='ltr'><strong>altitudo</strong></span> <span class='ocrx_word' id='word_1_570' title='bbox 3194 1930 3493 1986; x_wconf 86' lang='lat' dir='ltr'><strong>charitatis</strong></span> <span class='ocrx_word' id='word_1_571' title='bbox 3536 1928 3693 1998; x_wconf 80' lang='lat' dir='ltr'><strong>quasi</strong></span> 
     </span>
    </p>
   </div>
   <div class='ocr_carea' id='block_1_81' title="bbox 2087 2020 3695 2092">
    <p class='ocr_par' dir='ltr' id='par_1_81' title="bbox 2087 2020 3695 2092">
     <span class='ocr_line' id='line_1_81' title="bbox 2087 2020 3695 2092; baseline -0.007 -11"><span class='ocrx_word' id='word_1_572' title='bbox 2087 2026 2271 2081; x_wconf 87' lang='lat' dir='ltr'><strong>evulsa</strong></span> <span class='ocrx_word' id='word_1_573' title='bbox 2320 2034 2642 2084; x_wconf 84' lang='lat' dir='ltr'><strong>marcescat.</strong></span> <span class='ocrx_word' id='word_1_574' title='bbox 2690 2024 2843 2092; x_wconf 86' lang='lat' dir='ltr'><strong>Quod</strong></span> <span class='ocrx_word' id='word_1_575' title='bbox 2887 2033 2971 2081; x_wconf 87' lang='lat' dir='ltr'><strong>est</strong></span> <span class='ocrx_word' id='word_1_576' title='bbox 3015 2023 3307 2087; x_wconf 89' lang='lat' dir='ltr'><strong>eradicari,</strong></span> <span class='ocrx_word' id='word_1_577' title='bbox 3362 2034 3496 2075; x_wconf 88' lang='lat' dir='ltr'><strong>nam</strong></span> <span class='ocrx_word' id='word_1_578' title='bbox 3533 2020 3615 2074; x_wconf 87' lang='lat' dir='ltr'><strong>sic</strong></span> <span class='ocrx_word' id='word_1_579' title='bbox 3641 2027 3695 2072; x_wconf 81' lang='lat' dir='ltr'><strong>et</strong></span> 
     </span>
    </p>
   </div>
   <div class='ocr_carea' id='block_1_82' title="bbox 2086 2112 3699 2188">
    <p class='ocr_par' dir='ltr' id='par_1_82' title="bbox 2086 2112 3699 2188">
     <span class='ocr_line' id='line_1_82' title="bbox 2086 2112 3699 2188; baseline -0.008 -12"><span class='ocrx_word' id='word_1_580' title='bbox 2086 2116 2379 2188; x_wconf 76' lang='lat' dir='ltr'><strong>Apostolus</strong></span> <span class='ocrx_word' id='word_1_581' title='bbox 2441 2122 2536 2188; x_wconf 90' lang='lat' dir='ltr'><strong>ait,</strong></span> <span class='ocrx_word' id='word_1_582' title='bbox 2574 2128 2631 2174; x_wconf 88' lang='lat' dir='ltr'><strong>ut</strong></span> <span class='ocrx_word' id='word_1_583' title='bbox 2681 2120 2736 2173; x_wconf 87' lang='lat' dir='ltr'><strong>in</strong></span> <span class='ocrx_word' id='word_1_584' title='bbox 2777 2119 3037 2175; x_wconf 88' lang='lat' dir='ltr'><strong>charitate</strong></span> <span class='ocrx_word' id='word_1_585' title='bbox 3087 2115 3315 2172; x_wconf 85' lang='lat' dir='ltr'><strong>radicati</strong></span> <span class='ocrx_word' id='word_1_586' title='bbox 3370 2123 3420 2168; x_wconf 87' lang='lat' dir='ltr'><strong>et</strong></span> <span class='ocrx_word' id='word_1_587' title='bbox 3480 2112 3699 2183; x_wconf 68' lang='lat' dir='ltr'><strong>fundati</strong></span> 
     </span>
    </p>
   </div>
   <div class='ocr_carea' id='block_1_83' title="bbox 2085 2203 3699 2282">
    <p class='ocr_par' dir='ltr' id='par_1_83' title="bbox 2085 2203 3699 2282">
     <span class='ocr_line' id='line_1_83' title="bbox 2085 2203 3699 2282; baseline -0.004 -20"><span class='ocrx_word' id='word_1_588' title='bbox 2085 2210 2294 2279; x_wconf 82' lang='lat' dir='ltr'><strong>possitis</strong></span> <span class='ocrx_word' id='word_1_589' title='bbox 2340 2210 2769 2282; x_wconf 81' lang='lat' dir='ltr'><strong>comprehendere</strong></span> <span class='ocrx_word' id='word_1_590' title='bbox 2818 2209 3044 2280; x_wconf 77' lang='lat' dir='ltr'><strong>(Ep/tes.</strong></span> <span class='ocrx_word' id='word_1_591' title='bbox 3072 2206 3296 2278; x_wconf 87' lang='lat' dir='ltr'><strong>nt).An</strong></span> <span class='ocrx_word' id='word_1_592' title='bbox 3350 2203 3503 2259; x_wconf 83' lang='lat' dir='ltr'><strong>forte</strong></span> <span class='ocrx_word' id='word_1_593' title='bbox 3561 2203 3699 2257; x_wconf 69' lang='lat' dir='ltr'><strong>idern</strong></span> 
     </span>
    </p>
   </div>
   <div class='ocr_carea' id='block_1_84' title="bbox 2087 2294 3700 2357">
    <p class='ocr_par' dir='ltr' id='par_1_84' title="bbox 2087 2294 3700 2357">
     <span class='ocr_line' id='line_1_84' title="bbox 2087 2294 3700 2357; baseline -0.006 -1"><span class='ocrx_word' id='word_1_594' title='bbox 2087 2300 2246 2356; x_wconf 83' lang='lat' dir='ltr'><strong>simul</strong></span> <span class='ocrx_word' id='word_1_595' title='bbox 2283 2302 2591 2357; x_wconf 87' lang='lat' dir='ltr'><strong>eradicatur</strong></span> <span class='ocrx_word' id='word_1_596' title='bbox 2637 2301 2876 2356; x_wconf 90' lang='lat' dir='ltr'><strong>triticum</strong></span> <span class='ocrx_word' id='word_1_597' title='bbox 2907 2316 3031 2355; x_wconf 87' lang='lat' dir='ltr'><strong>cum</strong></span> <span class='ocrx_word' id='word_1_598' title='bbox 3090 2298 3419 2353; x_wconf 86' lang='lat' dir='ltr'><strong>auferuntur</strong></span> <span class='ocrx_word' id='word_1_599' title='bbox 3458 2294 3700 2348; x_wconf 76' lang='lat' dir='ltr'><strong>zizania?</strong></span> 
     </span>
    </p>
   </div>
   <div class='ocr_carea' id='block_1_85' title="bbox 2087 2384 3696 2463">
    <p class='ocr_par' dir='ltr' id='par_1_85' title="bbox 2087 2384 3696 2463">
     <span class='ocr_line' id='line_1_85' title="bbox 2087 2384 3696 2463; baseline -0.006 -17"><span class='ocrx_word' id='word_1_600' title='bbox 2087 2392 2214 2463; x_wconf 87' lang='lat' dir='ltr'><strong>quia</strong></span> <span class='ocrx_word' id='word_1_601' title='bbox 2243 2391 2396 2447; x_wconf 89' lang='lat' dir='ltr'><strong>multi</strong></span> <span class='ocrx_word' id='word_1_602' title='bbox 2423 2393 2599 2462; x_wconf 88' lang='lat' dir='ltr'><strong>primo</strong></span> <span class='ocrx_word' id='word_1_603' title='bbox 2628 2392 2836 2447; x_wconf 76' lang='lat' dir='ltr'><strong>zizania</strong></span> <span class='ocrx_word' id='word_1_604' title='bbox 2887 2398 3045 2456; x_wconf 86' lang='lat' dir='ltr'><strong>sunt,</strong></span> <span class='ocrx_word' id='word_1_605' title='bbox 3096 2396 3154 2443; x_wconf 88' lang='lat' dir='ltr'><strong>et</strong></span> <span class='ocrx_word' id='word_1_606' title='bbox 3200 2394 3397 2457; x_wconf 83' lang='lat' dir='ltr'><strong>postea</strong></span> <span class='ocrx_word' id='word_1_607' title='bbox 3443 2384 3696 2438; x_wconf 74' lang='lat' dir='ltr'><strong>triticum</strong></span> 
     </span>
    </p>
   </div>
   <div class='ocr_carea' id='block_1_86' title="bbox 2088 2476 3698 2549">
    <p class='ocr_par' dir='ltr' id='par_1_86' title="bbox 2088 2476 3698 2549">
     <span class='ocr_line' id='line_1_86' title="bbox 2088 2476 3698 2549; baseline -0.007 -11"><span class='ocrx_word' id='word_1_608' title='bbox 2088 2481 2248 2548; x_wconf 78' lang='lat' dir='ltr'><strong>(lunt,</strong></span> <span class='ocrx_word' id='word_1_609' title='bbox 2303 2483 2349 2539; x_wconf 91' lang='lat' dir='ltr'><strong>si</strong></span> <span class='ocrx_word' id='word_1_610' title='bbox 2393 2482 2673 2549; x_wconf 87' lang='lat' dir='ltr'><strong>tollantur,</strong></span> <span class='ocrx_word' id='word_1_611' title='bbox 2705 2481 2771 2537; x_wconf 92' lang='lat' dir='ltr'><strong>ad</strong></span> <span class='ocrx_word' id='word_1_612' title='bbox 2813 2479 3138 2535; x_wconf 84' lang='lat' dir='ltr'><strong>laudabilem</strong></span> <span class='ocrx_word' id='word_1_613' title='bbox 3189 2476 3570 2532; x_wconf 85' lang='lat' dir='ltr'><strong>mutationem</strong></span> <span class='ocrx_word' id='word_1_614' title='bbox 3596 2490 3698 2527; x_wconf 81' lang='lat' dir='ltr'><strong>non</strong></span> 
     </span>
    </p>
   </div>
   <div class='ocr_carea' id='block_1_87' title="bbox 2087 2567 3699 2646">
    <p class='ocr_par' dir='ltr' id='par_1_87' title="bbox 2087 2567 3699 2646">
     <span class='ocr_line' id='line_1_87' title="bbox 2087 2567 3699 2646; baseline -0.005 -16"><span class='ocrx_word' id='word_1_615' title='bbox 2087 2574 2450 2646; x_wconf 87' lang='lat' dir='ltr'><strong>perveniunt?</strong></span> <span class='ocrx_word' id='word_1_616' title='bbox 2476 2574 2666 2644; x_wconf 86' lang='lat' dir='ltr'><strong>Itaque</strong></span> <span class='ocrx_word' id='word_1_617' title='bbox 2694 2575 2741 2629; x_wconf 91' lang='lat' dir='ltr'><strong>si</strong></span> <span class='ocrx_word' id='word_1_618' title='bbox 2784 2572 2958 2629; x_wconf 88' lang='lat' dir='ltr'><strong>evulsi</strong></span> <span class='ocrx_word' id='word_1_619' title='bbox 2980 2571 3204 2635; x_wconf 88' lang='lat' dir='ltr'><strong>fuerint,</strong></span> <span class='ocrx_word' id='word_1_620' title='bbox 3250 2568 3419 2625; x_wconf 88' lang='lat' dir='ltr'><strong>simul</strong></span> <span class='ocrx_word' id='word_1_621' title='bbox 3447 2567 3699 2623; x_wconf 76' lang='lat' dir='ltr'><strong>eradica-</strong></span> 
     </span>
    </p>
   </div>
   <div class='ocr_carea' id='block_1_88' title="bbox 2087 2666 3687 2740">
    <p class='ocr_par' dir='ltr' id='par_1_88' title="bbox 2087 2666 3687 2740">
     <span class='ocr_line' id='line_1_88' title="bbox 2087 2666 3687 2740; baseline -0.004 -16"><span class='ocrx_word' id='word_1_622' title='bbox 2087 2679 2178 2725; x_wconf 88' lang='lat' dir='ltr'><strong>tur</strong></span> <span class='ocrx_word' id='word_1_623' title='bbox 2196 2678 2252 2724; x_wconf 90' lang='lat' dir='ltr'><strong>et</strong></span> <span class='ocrx_word' id='word_1_624' title='bbox 2279 2670 2540 2736; x_wconf 89' lang='lat' dir='ltr'><strong>triticum,</strong></span> <span class='ocrx_word' id='word_1_625' title='bbox 2561 2670 2705 2740; x_wconf 88' lang='lat' dir='ltr'><strong>quod</strong></span> <span class='ocrx_word' id='word_1_626' title='bbox 2733 2669 2902 2724; x_wconf 84' lang='lat' dir='ltr'><strong>futuri</strong></span> <span class='ocrx_word' id='word_1_627' title='bbox 2930 2676 3135 2734; x_wconf 87' lang='lat' dir='ltr'><strong>essent,</strong></span> <span class='ocrx_word' id='word_1_628' title='bbox 3161 2667 3207 2722; x_wconf 91' lang='lat' dir='ltr'><strong>si</strong></span> <span class='ocrx_word' id='word_1_629' title='bbox 3229 2666 3312 2722; x_wconf 92' lang='lat' dir='ltr'><strong>eis</strong></span> <span class='ocrx_word' id='word_1_630' title='bbox 3343 2672 3687 2736; x_wconf 81' lang='lat' dir='ltr'><strong>parceretur.</strong></span> 
     </span>
    </p>
   </div>
   <div class='ocr_carea' id='block_1_89' title="bbox 2094 2759 2935 2831">
    <p class='ocr_par' dir='ltr' id='par_1_89' title="bbox 2094 2759 2935 2831">
     <span class='ocr_line' id='line_1_89' title="bbox 2094 2759 2935 2831; baseline -0.005 -14"><span class='ocrx_word' id='word_1_631' title='bbox 2094 2759 2356 2831; x_wconf 90' lang='lat' dir='ltr'><strong>Sequitur</strong></span> <span class='ocrx_word' id='word_1_632' title='bbox 2378 2761 2663 2817; x_wconf 70' lang='lat' dir='ltr'><strong>Mattbazus</strong></span> <span class='ocrx_word' id='word_1_633' title='bbox 2685 2769 2741 2816; x_wconf 84' lang='lat' dir='ltr'><strong>et</strong></span> <span class='ocrx_word' id='word_1_634' title='bbox 2763 2760 2894 2816; x_wconf 88' lang='lat' dir='ltr'><strong>dicit</strong></span> <span class='ocrx_word' id='word_1_635' title='bbox 2921 2778 2935 2813; x_wconf 90' lang='lat'><strong>:</strong></span> 
     </span>
    </p>
   </div>
   <div class='ocr_carea' id='block_1_90' title="bbox 2162 2846 3698 2928">
    <p class='ocr_par' dir='ltr' id='par_1_90' title="bbox 2162 2846 3698 2928">
     <span class='ocr_line' id='line_1_90' title="bbox 2162 2846 3698 2928; baseline -0.004 -19"><span class='ocrx_word' id='word_1_636' title='bbox 2162 2853 2294 2928; x_wconf 60' lang='grc' dir='ltr'><strong>[ΠΗ</strong></span> <span class='ocrx_word' id='word_1_637' title='bbox 2315 2854 2493 2910; x_wconf 85' lang='lat' dir='ltr'><strong>Aliam</strong></span> <span class='ocrx_word' id='word_1_638' title='bbox 2514 2853 2819 2926; x_wconf 87' lang='lat' dir='ltr'><strong>parabolant</strong></span> <span class='ocrx_word' id='word_1_639' title='bbox 2847 2852 3116 2925; x_wconf 80' lang='lat' dir='ltr'><strong>proposuit</strong></span> <span class='ocrx_word' id='word_1_640' title='bbox 3142 2853 3216 2905; x_wconf 89' lang='lat' dir='ltr'><strong>eis</strong></span> <span class='ocrx_word' id='word_1_641' title='bbox 3256 2851 3442 2904; x_wconf 80' lang='lat' dir='ltr'><strong>dicens</strong></span> <span class='ocrx_word' id='word_1_642' title='bbox 3464 2863 3486 2900; x_wconf 89' lang='lat'><strong><em>:</em></strong></span> <span class='ocrx_word' id='word_1_643' title='bbox 3516 2846 3698 2903; x_wconf 71' lang='lat' dir='ltr'><strong>Simile</strong></span> 
     </span>
    </p>
   </div>
   <div class='ocr_carea' id='block_1_91' title="bbox 2087 2939 3689 3020">
    <p class='ocr_par' dir='ltr' id='par_1_91' title="bbox 2087 2939 3689 3020">
     <span class='ocr_line' id='line_1_91' title="bbox 2087 2939 3689 3020; baseline -0.007 -16"><span class='ocrx_word' id='word_1_644' title='bbox 2087 2956 2162 3005; x_wconf 83' lang='lat' dir='ltr'><strong>est</strong></span> <span class='ocrx_word' id='word_1_645' title='bbox 2205 2965 2421 3020; x_wconf 82' lang='lat' dir='ltr'><strong>regnum</strong></span> <span class='ocrx_word' id='word_1_646' title='bbox 2460 2946 2705 3002; x_wconf 75' lang='lat' dir='ltr'><strong>caelorum</strong></span> <span class='ocrx_word' id='word_1_647' title='bbox 2743 2962 2908 3017; x_wconf 89' lang='lat' dir='ltr'><strong>grano</strong></span> <span class='ocrx_word' id='word_1_648' title='bbox 2956 2943 3178 3015; x_wconf 88' lang='lat' dir='ltr'><strong>sinapis,</strong></span> <span class='ocrx_word' id='word_1_649' title='bbox 3231 2942 3379 3012; x_wconf 81' lang='lat' dir='ltr'><strong>quod</strong></span> <span class='ocrx_word' id='word_1_650' title='bbox 3418 2939 3689 3010; x_wconf 67' lang='lat' dir='ltr'><strong>accipiens</strong></span> 
     </span>
    </p>
   </div>
   <div class='ocr_carea' id='block_1_92' title="bbox 2088 3029 3693 3107">
    <p class='ocr_par' dir='ltr' id='par_1_92' title="bbox 2088 3029 3693 3107">
     <span class='ocr_line' id='line_1_92' title="bbox 2088 3029 3693 3107; baseline -0.008 -13"><span class='ocrx_word' id='word_1_651' title='bbox 2088 3040 2243 3094; x_wconf 88' lang='lat' dir='ltr'><strong>homo</strong></span> <span class='ocrx_word' id='word_1_652' title='bbox 2274 3038 2547 3093; x_wconf 70' lang='lat' dir='ltr'><strong>seminavit</strong></span> <span class='ocrx_word' id='word_1_653' title='bbox 2583 3037 2640 3091; x_wconf 86' lang='lat' dir='ltr'><strong>in</strong></span> <span class='ocrx_word' id='word_1_654' title='bbox 2675 3052 2803 3107; x_wconf 87' lang='lat' dir='ltr'><strong>agro</strong></span> <span class='ocrx_word' id='word_1_655' title='bbox 2834 3052 2948 3090; x_wconf 89' lang='lat' dir='ltr'><strong>suo.</strong></span> <span class='ocrx_word' id='word_1_656' title='bbox 2976 3033 3131 3101; x_wconf 83' lang='lat' dir='ltr'><strong>Quod</strong></span> <span class='ocrx_word' id='word_1_657' title='bbox 3166 3031 3451 3087; x_wconf 78' lang='lat' dir='ltr'><strong>minimum</strong></span> <span class='ocrx_word' id='word_1_658' title='bbox 3480 3029 3693 3100; x_wconf 71' lang='lat' dir='ltr'><strong>quidem</strong></span> 
     </span>
    </p>
   </div>
   <div class='ocr_carea' id='block_1_93' title="bbox 2089 3122 3697 3193">
    <p class='ocr_par' dir='ltr' id='par_1_93' title="bbox 2089 3122 3697 3193">
     <span class='ocr_line' id='line_1_93' title="bbox 2089 3122 3697 3193; baseline -0.007 -10"><span class='ocrx_word' id='word_1_659' title='bbox 2089 3138 2164 3184; x_wconf 92' lang='lat' dir='ltr'><strong>est</strong></span> <span class='ocrx_word' id='word_1_660' title='bbox 2208 3128 2446 3183; x_wconf 87' lang='lat' dir='ltr'><strong>omnibus</strong></span> <span class='ocrx_word' id='word_1_661' title='bbox 2488 3127 2810 3193; x_wconf 87' lang='lat' dir='ltr'><strong>seminibus;</strong></span> <span class='ocrx_word' id='word_1_662' title='bbox 2842 3143 2961 3180; x_wconf 85' lang='lat' dir='ltr'><strong>cum</strong></span> <span class='ocrx_word' id='word_1_663' title='bbox 3008 3136 3182 3179; x_wconf 84' lang='lat' dir='ltr'><strong>autem</strong></span> <span class='ocrx_word' id='word_1_664' title='bbox 3228 3124 3480 3188; x_wconf 70' lang='lat' dir='ltr'><strong>creverit,</strong></span> <span class='ocrx_word' id='word_1_665' title='bbox 3520 3122 3697 3190; x_wconf 70' lang='lat' dir='ltr'><strong>majus</strong></span> 
     </span>
    </p>
   </div>
   <div class='ocr_carea' id='block_1_94' title="bbox 2089 3210 3691 3285">
    <p class='ocr_par' dir='ltr' id='par_1_94' title="bbox 2089 3210 3691 3285">
     <span class='ocr_line' id='line_1_94' title="bbox 2089 3210 3691 3285; baseline -0.007 -10"><span class='ocrx_word' id='word_1_666' title='bbox 2089 3228 2166 3275; x_wconf 85' lang='lat' dir='ltr'><strong>est</strong></span> <span class='ocrx_word' id='word_1_667' title='bbox 2210 3217 2447 3273; x_wconf 88' lang='lat' dir='ltr'><strong>omnibus</strong></span> <span class='ocrx_word' id='word_1_668' title='bbox 2498 3216 2744 3282; x_wconf 85' lang='lat' dir='ltr'><strong>oleribus,</strong></span> <span class='ocrx_word' id='word_1_669' title='bbox 2779 3226 2827 3271; x_wconf 87' lang='lat' dir='ltr'><strong>et</strong></span> <span class='ocrx_word' id='word_1_670' title='bbox 2876 3216 2933 3285; x_wconf 78' lang='lat' dir='ltr'><strong>fit</strong></span> <span class='ocrx_word' id='word_1_671' title='bbox 2975 3214 3163 3279; x_wconf 87' lang='lat' dir='ltr'><strong>arbor,</strong></span> <span class='ocrx_word' id='word_1_672' title='bbox 3212 3214 3285 3266; x_wconf 87' lang='lat' dir='ltr'><strong>ita</strong></span> <span class='ocrx_word' id='word_1_673' title='bbox 3336 3221 3400 3265; x_wconf 84' lang='lat' dir='ltr'><strong>ut</strong></span> <span class='ocrx_word' id='word_1_674' title='bbox 3456 3210 3691 3266; x_wconf 58' lang='lat' dir='ltr'><strong>mlieres</strong></span> 
     </span>
    </p>
   </div>
   <div class='ocr_carea' id='block_1_95' title="bbox 2086 3301 3680 3378">
    <p class='ocr_par' dir='ltr' id='par_1_95' title="bbox 2086 3301 3680 3378">
     <span class='ocr_line' id='line_1_95' title="bbox 2086 3301 3680 3378; baseline -0.008 -10"><span class='ocrx_word' id='word_1_675' title='bbox 2086 3312 2201 3368; x_wconf 70' lang='lat' dir='ltr'><strong>coeli</strong></span> <span class='ocrx_word' id='word_1_676' title='bbox 2243 3313 2494 3378; x_wconf 82' lang='lat' dir='ltr'><strong>veniant,</strong></span> <span class='ocrx_word' id='word_1_677' title='bbox 2538 3319 2589 3364; x_wconf 82' lang='lat' dir='ltr'><strong>et</strong></span> <span class='ocrx_word' id='word_1_678' title='bbox 2635 3309 2864 3363; x_wconf 88' lang='lat' dir='ltr'><strong>habitent</strong></span> <span class='ocrx_word' id='word_1_679' title='bbox 2929 3307 2985 3360; x_wconf 89' lang='lat' dir='ltr'><strong>in</strong></span> <span class='ocrx_word' id='word_1_680' title='bbox 3020 3304 3181 3359; x_wconf 87' lang='lat' dir='ltr'><strong>ramis</strong></span> <span class='ocrx_word' id='word_1_681' title='bbox 3225 3303 3366 3373; x_wconf 79' lang='lat' dir='ltr'><strong>ejus.</strong></span> <span class='ocrx_word' id='word_1_682' title='bbox 3432 3301 3680 3372; x_wconf 75' lang='lat' dir='ltr'><strong>Regnum</strong></span> 
     </span>
    </p>
   </div>
   <div class='ocr_carea' id='block_1_96' title="bbox 2087 3392 3683 3474">
    <p class='ocr_par' dir='ltr' id='par_1_96' title="bbox 2087 3392 3683 3474">
     <span class='ocr_line' id='line_1_96' title="bbox 2087 3392 3683 3474; baseline -0.009 -14"><span class='ocrx_word' id='word_1_683' title='bbox 2087 3403 2349 3460; x_wconf 61' lang='lat' dir='ltr'><strong>coriorum</strong></span> <span class='ocrx_word' id='word_1_684' title='bbox 2399 3400 2712 3474; x_wconf 56' lang='lat' dir='ltr'><strong>praedicatio</strong></span> <span class='ocrx_word' id='word_1_685' title='bbox 2749 3396 3027 3470; x_wconf 84' lang='lat' dir='ltr'><strong>Evangelii</strong></span> <span class='ocrx_word' id='word_1_686' title='bbox 3056 3404 3157 3461; x_wconf 89' lang='lat' dir='ltr'><strong>est,</strong></span> <span class='ocrx_word' id='word_1_687' title='bbox 3194 3402 3251 3451; x_wconf 90' lang='lat' dir='ltr'><strong>et</strong></span> <span class='ocrx_word' id='word_1_688' title='bbox 3287 3393 3491 3448; x_wconf 88' lang='lat' dir='ltr'><strong>notitia</strong></span> <span class='ocrx_word' id='word_1_689' title='bbox 3533 3392 3683 3446; x_wconf 80' lang='lat' dir='ltr'><strong>Scri-</strong></span> 
     </span>
    </p>
   </div>
   <div class='ocr_carea' id='block_1_97' title="bbox 2085 3482 3683 3566">
    <p class='ocr_par' dir='ltr' id='par_1_97' title="bbox 2085 3482 3683 3566">
     <span class='ocr_line' id='line_1_97' title="bbox 2085 3482 3683 3566; baseline -0.008 -16"><span class='ocrx_word' id='word_1_690' title='bbox 2085 3503 2394 3566; x_wconf 87' lang='lat' dir='ltr'><strong>pturarum,</strong></span> <span class='ocrx_word' id='word_1_691' title='bbox 2419 3508 2543 3562; x_wconf 69' lang='lat' dir='ltr'><strong>qua:</strong></span> <span class='ocrx_word' id='word_1_692' title='bbox 2582 3489 2728 3547; x_wconf 91' lang='lat' dir='ltr'><strong>ducit</strong></span> <span class='ocrx_word' id='word_1_693' title='bbox 2749 3489 2818 3544; x_wconf 91' lang='lat' dir='ltr'><strong>ad</strong></span> <span class='ocrx_word' id='word_1_694' title='bbox 2847 3488 3039 3552; x_wconf 85' lang='lat' dir='ltr'><strong>vitam,</strong></span> <span class='ocrx_word' id='word_1_695' title='bbox 3064 3494 3120 3541; x_wconf 89' lang='lat' dir='ltr'><strong>et</strong></span> <span class='ocrx_word' id='word_1_696' title='bbox 3144 3485 3211 3541; x_wconf 89' lang='lat' dir='ltr'><strong>de</strong></span> <span class='ocrx_word' id='word_1_697' title='bbox 3247 3500 3358 3555; x_wconf 87' lang='lat' dir='ltr'><strong>qua</strong></span> <span class='ocrx_word' id='word_1_698' title='bbox 3389 3484 3597 3539; x_wconf 88' lang='lat' dir='ltr'><strong>dicitur</strong></span> <span class='ocrx_word' id='word_1_699' title='bbox 3616 3482 3683 3538; x_wconf 83' lang='lat' dir='ltr'><strong>ad</strong></span> 
     </span>
    </p>
   </div>
   <div class='ocr_carea' id='block_1_98' title="bbox 2086 3575 3682 3653">
    <p class='ocr_par' dir='ltr' id='par_1_98' title="bbox 2086 3575 3682 3653">
     <span class='ocr_line' id='line_1_98' title="bbox 2086 3575 3682 3653; baseline -0.009 -13"><span class='ocrx_word' id='word_1_700' title='bbox 2086 3585 2333 3641; x_wconf 68' lang='lat' dir='ltr'><strong>Indicos:</strong></span> <span class='ocrx_word' id='word_1_701' title='bbox 2374 3582 2659 3653; x_wconf 86' lang='lat' dir='ltr'><strong>Auferetur</strong></span> <span class='ocrx_word' id='word_1_702' title='bbox 2687 3598 2720 3635; x_wconf 89' lang='lat' dir='ltr'><strong>a</strong></span> <span class='ocrx_word' id='word_1_703' title='bbox 2761 3579 2903 3635; x_wconf 80' lang='lat' dir='ltr'><strong>vobis</strong></span> <span class='ocrx_word' id='word_1_704' title='bbox 2938 3593 3154 3648; x_wconf 82' lang='lat' dir='ltr'><strong>regnum</strong></span> <span class='ocrx_word' id='word_1_705' title='bbox 3195 3575 3317 3641; x_wconf 89' lang='lat' dir='ltr'><strong>Dei,</strong></span> <span class='ocrx_word' id='word_1_706' title='bbox 3361 3584 3417 3629; x_wconf 85' lang='lat' dir='ltr'><strong>et</strong></span> <span class='ocrx_word' id='word_1_707' title='bbox 3462 3575 3682 3628; x_wconf 66' lang='lat' dir='ltr'><strong>dabitur</strong></span> 
     </span>
    </p>
   </div>
   <div class='ocr_carea' id='block_1_99' title="bbox 2088 3667 3683 3748">
    <p class='ocr_par' dir='ltr' id='par_1_99' title="bbox 2088 3667 3683 3748">
     <span class='ocr_line' id='line_1_99' title="bbox 2088 3667 3683 3748; baseline -0.009 -17"><span class='ocrx_word' id='word_1_708' title='bbox 2088 3677 2225 3748; x_wconf 85' lang='lat' dir='ltr'><strong>genti</strong></span> <span class='ocrx_word' id='word_1_709' title='bbox 2253 3675 2466 3746; x_wconf 78' lang='lat' dir='ltr'><strong>facienti</strong></span> <span class='ocrx_word' id='word_1_710' title='bbox 2502 3672 2728 3742; x_wconf 81' lang='lat' dir='ltr'><strong>fructum</strong></span> <span class='ocrx_word' id='word_1_711' title='bbox 2753 3670 2886 3741; x_wconf 82' lang='lat' dir='ltr'><strong>ejus.</strong></span> <span class='ocrx_word' id='word_1_712' title='bbox 2933 3667 3118 3724; x_wconf 71' lang='lat' dir='ltr'><strong>Sinﬂe</strong></span> <span class='ocrx_word' id='word_1_713' title='bbox 3171 3676 3245 3722; x_wconf 88' lang='lat' dir='ltr'><strong>est</strong></span> <span class='ocrx_word' id='word_1_714' title='bbox 3284 3679 3425 3734; x_wconf 79' lang='lat' dir='ltr'><strong>ergo</strong></span> <span class='ocrx_word' id='word_1_715' title='bbox 3469 3680 3683 3736; x_wconf 74' lang='lat' dir='ltr'><strong>regnum</strong></span> 
     </span>
    </p>
   </div>
   <div class='ocr_carea' id='block_1_100' title="bbox 2090 3760 3689 3837">
    <p class='ocr_par' dir='ltr' id='par_1_100' title="bbox 2090 3760 3689 3837">
     <span class='ocr_line' id='line_1_100' title="bbox 2090 3760 3689 3837; baseline -0.009 -14"><span class='ocrx_word' id='word_1_716' title='bbox 2090 3767 2339 3823; x_wconf 80' lang='lat' dir='ltr'><strong>ctelorum</strong></span> <span class='ocrx_word' id='word_1_717' title='bbox 2367 3781 2533 3837; x_wconf 88' lang='lat' dir='ltr'><strong>grano</strong></span> <span class='ocrx_word' id='word_1_718' title='bbox 2559 3764 2783 3833; x_wconf 83' lang='lat' dir='ltr'><strong>sinapis,</strong></span> <span class='ocrx_word' id='word_1_719' title='bbox 2802 3762 2942 3834; x_wconf 83' lang='lat' dir='ltr'><strong>quod</strong></span> <span class='ocrx_word' id='word_1_720' title='bbox 2970 3761 3232 3831; x_wconf 83' lang='lat' dir='ltr'><strong>accipiens</strong></span> <span class='ocrx_word' id='word_1_721' title='bbox 3261 3760 3429 3813; x_wconf 80' lang='lat' dir='ltr'><strong>homo</strong></span> <span class='ocrx_word' id='word_1_722' title='bbox 3458 3760 3689 3812; x_wconf 70' lang='lat' dir='ltr'><strong>semius-</strong></span> 
     </span>
    </p>
   </div>
   <div class='ocr_carea' id='block_1_101' title="bbox 2094 3838 3695 3926">
    <p class='ocr_par' dir='ltr' id='par_1_101' title="bbox 2094 3838 3695 3926">
     <span class='ocr_line' id='line_1_101' title="bbox 2094 3838 3695 3926; baseline -0.007 -14"><span class='ocrx_word' id='word_1_723' title='bbox 2094 3858 2164 3912; x_wconf 85' lang='lat' dir='ltr'><strong>vit</strong></span> <span class='ocrx_word' id='word_1_724' title='bbox 2189 3857 2243 3912; x_wconf 86' lang='lat' dir='ltr'><strong>in</strong></span> <span class='ocrx_word' id='word_1_725' title='bbox 2273 3872 2401 3926; x_wconf 84' lang='lat' dir='ltr'><strong>agro</strong></span> <span class='ocrx_word' id='word_1_726' title='bbox 2428 3870 2525 3909; x_wconf 88' lang='lat' dir='ltr'><strong>suo</strong></span> <span class='ocrx_word' id='word_1_727' title='bbox 2550 3838 2767 3926; x_wconf 73' lang='lat' dir='ltr'><strong>(Matth.</strong></span> <span class='ocrx_word' id='word_1_728' title='bbox 2797 3851 2934 3923; x_wconf 55' lang='grc' dir='ltr'>κει).</span> <span class='ocrx_word' id='word_1_729' title='bbox 2956 3850 3109 3917; x_wconf 83' lang='lat' dir='ltr'><strong>Quia</strong></span> <span class='ocrx_word' id='word_1_730' title='bbox 3138 3849 3416 3920; x_wconf 86' lang='lat' dir='ltr'><strong>plerisque</strong></span> <span class='ocrx_word' id='word_1_731' title='bbox 3445 3847 3695 3902; x_wconf 67' lang='lat' dir='ltr'><strong>Salvator</strong></span> 
     </span>
    </p>
   </div>
   <div class='ocr_carea' id='block_1_102' title="bbox 2092 3940 3692 4016">
    <p class='ocr_par' dir='ltr' id='par_1_102' title="bbox 2092 3940 3692 4016">
     <span class='ocr_line' id='line_1_102' title="bbox 2092 3940 3692 4016; baseline -0.006 -13"><span class='ocrx_word' id='word_1_732' title='bbox 2092 3945 2434 4016; x_wconf 88' lang='lat' dir='ltr'><strong>intelligitur,</strong></span> <span class='ocrx_word' id='word_1_733' title='bbox 2458 3943 2604 4014; x_wconf 91' lang='lat' dir='ltr'><strong>quod</strong></span> <span class='ocrx_word' id='word_1_734' title='bbox 2631 3942 2686 3997; x_wconf 89' lang='lat' dir='ltr'><strong>in</strong></span> <span class='ocrx_word' id='word_1_735' title='bbox 2713 3943 2911 3997; x_wconf 89' lang='lat' dir='ltr'><strong>animis</strong></span> <span class='ocrx_word' id='word_1_736' title='bbox 2940 3940 3279 3997; x_wconf 86' lang='lat' dir='ltr'><strong>credentium</strong></span> <span class='ocrx_word' id='word_1_737' title='bbox 3314 3940 3583 3995; x_wconf 81' lang='lat' dir='ltr'><strong>seminat.</strong></span> <span class='ocrx_word' id='word_1_738' title='bbox 3613 3940 3692 3994; x_wconf 80' lang='lat' dir='ltr'><strong>Ah</strong></span> 
     </span>
    </p>
   </div>
   <div class='ocr_carea' id='block_1_103' title="bbox 2092 4035 3692 4112">
    <p class='ocr_par' dir='ltr' id='par_1_103' title="bbox 2092 4035 3692 4112">
     <span class='ocr_line' id='line_1_103' title="bbox 2092 4035 3692 4112; baseline -0.006 -14"><span class='ocrx_word' id='word_1_739' title='bbox 2092 4043 2215 4099; x_wconf 90' lang='lat' dir='ltr'><strong>aliis</strong></span> <span class='ocrx_word' id='word_1_740' title='bbox 2256 4056 2385 4097; x_wconf 85' lang='lat' dir='ltr'><strong>vero</strong></span> <span class='ocrx_word' id='word_1_741' title='bbox 2420 4041 2534 4112; x_wconf 90' lang='lat' dir='ltr'><strong>ipse</strong></span> <span class='ocrx_word' id='word_1_742' title='bbox 2563 4040 2749 4105; x_wconf 90' lang='lat' dir='ltr'><strong>homo,</strong></span> <span class='ocrx_word' id='word_1_743' title='bbox 2782 4037 2874 4108; x_wconf 91' lang='lat' dir='ltr'><strong>qui</strong></span> <span class='ocrx_word' id='word_1_744' title='bbox 2919 4038 3151 4093; x_wconf 89' lang='lat' dir='ltr'><strong>seminat</strong></span> <span class='ocrx_word' id='word_1_745' title='bbox 3179 4035 3235 4090; x_wconf 91' lang='lat' dir='ltr'><strong>in</strong></span> <span class='ocrx_word' id='word_1_746' title='bbox 3281 4051 3422 4107; x_wconf 88' lang='lat' dir='ltr'><strong>agro</strong></span> <span class='ocrx_word' id='word_1_747' title='bbox 3468 4053 3594 4101; x_wconf 88' lang='lat' dir='ltr'><strong>suo,</strong></span> <span class='ocrx_word' id='word_1_748' title='bbox 3642 4035 3692 4089; x_wconf 88' lang='lat' dir='ltr'><strong>id</strong></span> 
     </span>
    </p>
   </div>
   <div class='ocr_carea' id='block_1_104' title="bbox 2091 4130 3692 4206">
    <p class='ocr_par' dir='ltr' id='par_1_104' title="bbox 2091 4130 3692 4206">
     <span class='ocr_line' id='line_1_104' title="bbox 2091 4130 3692 4206; baseline -0.007 -10"><span class='ocrx_word' id='word_1_749' title='bbox 2091 4150 2197 4205; x_wconf 83' lang='lat' dir='ltr'><strong>est,</strong></span> <span class='ocrx_word' id='word_1_750' title='bbox 2242 4137 2297 4193; x_wconf 92' lang='lat' dir='ltr'><strong>in</strong></span> <span class='ocrx_word' id='word_1_751' title='bbox 2340 4136 2630 4206; x_wconf 89' lang='lat' dir='ltr'><strong>semetipso</strong></span> <span class='ocrx_word' id='word_1_752' title='bbox 2668 4134 2799 4190; x_wconf 87' lang='lat' dir='ltr'><strong>etin</strong></span> <span class='ocrx_word' id='word_1_753' title='bbox 2826 4134 2989 4189; x_wconf 88' lang='lat' dir='ltr'><strong>corde</strong></span> <span class='ocrx_word' id='word_1_754' title='bbox 3015 4147 3131 4188; x_wconf 90' lang='lat' dir='ltr'><strong>suo.</strong></span> <span class='ocrx_word' id='word_1_755' title='bbox 3177 4130 3315 4199; x_wconf 85' lang='lat' dir='ltr'><strong>Quis</strong></span> <span class='ocrx_word' id='word_1_756' title='bbox 3341 4140 3433 4187; x_wconf 89' lang='lat' dir='ltr'><strong>est</strong></span> <span class='ocrx_word' id='word_1_757' title='bbox 3468 4133 3578 4187; x_wconf 89' lang='lat' dir='ltr'><strong>iste</strong></span> <span class='ocrx_word' id='word_1_758' title='bbox 3604 4131 3692 4201; x_wconf 77' lang='lat' dir='ltr'><strong>qui</strong></span> 
     </span>
    </p>
   </div>
   <div class='ocr_carea' id='block_1_105' title="bbox 2092 4222 3691 4295">
    <p class='ocr_par' dir='ltr' id='par_1_105' title="bbox 2092 4222 3691 4295">
     <span class='ocr_line' id='line_1_105' title="bbox 2092 4222 3691 4295; baseline -0.006 -9"><span class='ocrx_word' id='word_1_759' title='bbox 2092 4230 2348 4295; x_wconf 89' lang='lat' dir='ltr'><strong>seminat,</strong></span> <span class='ocrx_word' id='word_1_760' title='bbox 2378 4227 2483 4282; x_wconf 91' lang='lat' dir='ltr'><strong>nisi</strong></span> <span class='ocrx_word' id='word_1_761' title='bbox 2511 4241 2702 4282; x_wconf 89' lang='lat' dir='ltr'><strong>sensus</strong></span> <span class='ocrx_word' id='word_1_762' title='bbox 2752 4232 2937 4281; x_wconf 86' lang='lat' dir='ltr'><strong>noster</strong></span> <span class='ocrx_word' id='word_1_763' title='bbox 2976 4231 3034 4278; x_wconf 91' lang='lat' dir='ltr'><strong>et</strong></span> <span class='ocrx_word' id='word_1_764' title='bbox 3068 4222 3333 4278; x_wconf 86' lang='lat' dir='ltr'><strong>animus?</strong></span> <span class='ocrx_word' id='word_1_765' title='bbox 3377 4223 3477 4293; x_wconf 85' lang='lat' dir='ltr'><strong>qui</strong></span> <span class='ocrx_word' id='word_1_766' title='bbox 3518 4225 3691 4277; x_wconf 74' lang='lat' dir='ltr'><strong>sus.i~</strong></span> 
     </span>
    </p>
   </div>
   <div class='ocr_carea' id='block_1_106' title="bbox 2089 4313 3691 4394">
    <p class='ocr_par' dir='ltr' id='par_1_106' title="bbox 2089 4313 3691 4394">
     <span class='ocr_line' id='line_1_106' title="bbox 2089 4313 3691 4394; baseline -0.008 -16"><span class='ocrx_word' id='word_1_767' title='bbox 2089 4324 2245 4394; x_wconf 89' lang='lat' dir='ltr'><strong>piens</strong></span> <span class='ocrx_word' id='word_1_768' title='bbox 2281 4334 2508 4393; x_wconf 88' lang='lat' dir='ltr'><strong>granum</strong></span> <span class='ocrx_word' id='word_1_769' title='bbox 2550 4317 2947 4388; x_wconf 65' lang='lat' dir='ltr'><strong>praedicationis</strong></span> <span class='ocrx_word' id='word_1_770' title='bbox 2970 4356 2986 4382; x_wconf 94' lang='lat'><strong>,</strong></span> <span class='ocrx_word' id='word_1_771' title='bbox 3033 4324 3091 4370; x_wconf 87' lang='lat' dir='ltr'><strong>et</strong></span> <span class='ocrx_word' id='word_1_772' title='bbox 3143 4313 3342 4369; x_wconf 84' lang='lat' dir='ltr'><strong>fovens</strong></span> <span class='ocrx_word' id='word_1_773' title='bbox 3387 4322 3691 4369; x_wconf 78' lang='lat' dir='ltr'><strong>sementem</strong></span> 
     </span>
    </p>
   </div>
   <div class='ocr_carea' id='block_1_107' title="bbox 2091 4404 3690 4479">
    <p class='ocr_par' dir='ltr' id='par_1_107' title="bbox 2091 4404 3690 4479">
     <span class='ocr_line' id='line_1_107' title="bbox 2091 4404 3690 4479; baseline -0.008 -11"><span class='ocrx_word' id='word_1_774' title='bbox 2091 4414 2320 4469; x_wconf 89' lang='lat' dir='ltr'><strong>humore</strong></span> <span class='ocrx_word' id='word_1_775' title='bbox 2361 4410 2519 4473; x_wconf 79' lang='lat' dir='ltr'><strong>fidei,</strong></span> <span class='ocrx_word' id='word_1_776' title='bbox 2569 4409 2699 4464; x_wconf 85' lang='lat' dir='ltr'><strong>facit</strong></span> <span class='ocrx_word' id='word_1_777' title='bbox 2746 4408 2800 4462; x_wconf 92' lang='lat' dir='ltr'><strong>in</strong></span> <span class='ocrx_word' id='word_1_778' title='bbox 2831 4421 2963 4479; x_wconf 88' lang='lat' dir='ltr'><strong>agro</strong></span> <span class='ocrx_word' id='word_1_779' title='bbox 3014 4406 3097 4461; x_wconf 90' lang='lat' dir='ltr'><strong>sui</strong></span> <span class='ocrx_word' id='word_1_780' title='bbox 3125 4404 3364 4476; x_wconf 82' lang='lat' dir='ltr'><strong>pectoris</strong></span> <span class='ocrx_word' id='word_1_781' title='bbox 3396 4404 3690 4475; x_wconf 79' lang='lat' dir='ltr'><strong>pullulare.</strong></span> 
     </span>
    </p>
   </div>
   <div class='ocr_carea' id='block_1_108' title="bbox 2093 4496 3689 4571">
    <p class='ocr_par' dir='ltr' id='par_1_108' title="bbox 2093 4496 3689 4571">
     <span class='ocr_line' id='line_1_108' title="bbox 2093 4496 3689 4571; baseline -0.004 -12"><span class='ocrx_word' id='word_1_782' title='bbox 2093 4502 2410 4559; x_wconf 61' lang='lat' dir='ltr'><strong>Praedicatio</strong></span> <span class='ocrx_word' id='word_1_783' title='bbox 2432 4498 2708 4571; x_wconf 84' lang='lat' dir='ltr'><strong>Evangelii</strong></span> <span class='ocrx_word' id='word_1_784' title='bbox 2730 4498 2953 4553; x_wconf 89' lang='lat' dir='ltr'><strong>minima</strong></span> <span class='ocrx_word' id='word_1_785' title='bbox 2976 4506 3061 4553; x_wconf 91' lang='lat' dir='ltr'><strong>est</strong></span> <span class='ocrx_word' id='word_1_786' title='bbox 3085 4496 3340 4553; x_wconf 88' lang='lat' dir='ltr'><strong>omnibus</strong></span> <span class='ocrx_word' id='word_1_787' title='bbox 3362 4497 3689 4567; x_wconf 82' lang='lat' dir='ltr'><strong>disciplinis,</strong></span> 
     </span>
    </p>
   </div>
   <div class='ocr_carea' id='block_1_109' title="bbox 2094 4588 3693 4665">
    <p class='ocr_par' dir='ltr' id='par_1_109' title="bbox 2094 4588 3693 4665">
     <span class='ocr_line' id='line_1_109' title="bbox 2094 4588 3693 4665; baseline -0.006 -15"><span class='ocrx_word' id='word_1_788' title='bbox 2094 4596 2161 4651; x_wconf 91' lang='lat' dir='ltr'><strong>ad</strong></span> <span class='ocrx_word' id='word_1_789' title='bbox 2189 4594 2419 4665; x_wconf 89' lang='lat' dir='ltr'><strong>primam</strong></span> <span class='ocrx_word' id='word_1_790' title='bbox 2449 4592 2645 4663; x_wconf 89' lang='lat' dir='ltr'><strong>quippe</strong></span> <span class='ocrx_word' id='word_1_791' title='bbox 2680 4590 2983 4646; x_wconf 89' lang='lat' dir='ltr'><strong>doctrinam</strong></span> <span class='ocrx_word' id='word_1_792' title='bbox 3010 4588 3167 4644; x_wconf 77' lang='lat' dir='ltr'><strong>fidem</strong></span> <span class='ocrx_word' id='word_1_793' title='bbox 3198 4604 3309 4642; x_wconf 91' lang='lat' dir='ltr'><strong>non</strong></span> <span class='ocrx_word' id='word_1_794' title='bbox 3348 4589 3519 4643; x_wconf 84' lang='lat' dir='ltr'><strong>habet</strong></span> <span class='ocrx_word' id='word_1_795' title='bbox 3544 4588 3693 4643; x_wconf 82' lang='lat' dir='ltr'><strong>veri-</strong></span> 
     </span>
    </p>
   </div>
   <div class='ocr_carea' id='block_1_110' title="bbox 2095 4678 3694 4748">
    <p class='ocr_par' dir='ltr' id='par_1_110' title="bbox 2095 4678 3694 4748">
     <span class='ocr_line' id='line_1_110' title="bbox 2095 4678 3694 4748; baseline -0.006 -9"><span class='ocrx_word' id='word_1_796' title='bbox 2095 4683 2246 4748; x_wconf 91' lang='lat' dir='ltr'><strong>tatis,</strong></span> <span class='ocrx_word' id='word_1_797' title='bbox 2285 4682 2557 4738; x_wconf 87' lang='lat' dir='ltr'><strong>hominem</strong></span> <span class='ocrx_word' id='word_1_798' title='bbox 2581 4680 2867 4735; x_wconf 90' lang='lat' dir='ltr'><strong>Dominum</strong></span> <span class='ocrx_word' id='word_1_799' title='bbox 2894 4678 3065 4733; x_wconf 89' lang='lat' dir='ltr'><strong>Deum</strong></span> <span class='ocrx_word' id='word_1_800' title='bbox 3095 4685 3397 4742; x_wconf 87' lang='lat' dir='ltr'><strong>mortuum,</strong></span> <span class='ocrx_word' id='word_1_801' title='bbox 3453 4688 3510 4732; x_wconf 85' lang='lat' dir='ltr'><strong>et</strong></span> <span class='ocrx_word' id='word_1_802' title='bbox 3532 4695 3694 4732; x_wconf 80' lang='lat' dir='ltr'><strong>scan-</strong></span> 
     </span>
    </p>
   </div>
   <div class='ocr_carea' id='block_1_111' title="bbox 2093 4769 3693 4843">
    <p class='ocr_par' dir='ltr' id='par_1_111' title="bbox 2093 4769 3693 4843">
     <span class='ocr_line' id='line_1_111' title="bbox 2093 4769 3693 4843; baseline -0.004 -12"><span class='ocrx_word' id='word_1_803' title='bbox 2093 4776 2274 4832; x_wconf 87' lang='lat' dir='ltr'><strong>dalum</strong></span> <span class='ocrx_word' id='word_1_804' title='bbox 2324 4775 2507 4830; x_wconf 91' lang='lat' dir='ltr'><strong>crucis</strong></span> <span class='ocrx_word' id='word_1_805' title='bbox 2540 4772 2862 4843; x_wconf 57' lang='lat' dir='ltr'><strong>praedicans.</strong></span> <span class='ocrx_word' id='word_1_806' title='bbox 2914 4770 3114 4826; x_wconf 69' lang='lat' dir='ltr'><strong>Conlbr</strong></span> <span class='ocrx_word' id='word_1_807' title='bbox 3158 4769 3545 4841; x_wconf 81' lang='lat' dir='ltr'><strong>hujuscemodi</strong></span> <span class='ocrx_word' id='word_1_808' title='bbox 3599 4771 3693 4824; x_wconf 78' lang='lat' dir='ltr'><strong>do-</strong></span> 
     </span>
    </p>
   </div>
   <div class='ocr_carea' id='block_1_112' title="bbox 2094 4859 3689 4934">
    <p class='ocr_par' dir='ltr' id='par_1_112' title="bbox 2094 4859 3689 4934">
     <span class='ocr_line' id='line_1_112' title="bbox 2094 4859 3689 4934; baseline -0.005 -13"><span class='ocrx_word' id='word_1_809' title='bbox 2094 4866 2324 4922; x_wconf 88' lang='lat' dir='ltr'><strong>ctrinam</strong></span> <span class='ocrx_word' id='word_1_810' title='bbox 2349 4862 2686 4934; x_wconf 84' lang='lat' dir='ltr'><strong>dogmatibus</strong></span> <span class='ocrx_word' id='word_1_811' title='bbox 2712 4861 3176 4931; x_wconf 90' lang='lat' dir='ltr'><strong>philosophorum,</strong></span> <span class='ocrx_word' id='word_1_812' title='bbox 3210 4869 3265 4914; x_wconf 93' lang='lat' dir='ltr'><strong>et</strong></span> <span class='ocrx_word' id='word_1_813' title='bbox 3287 4859 3448 4914; x_wconf 82' lang='lat' dir='ltr'><strong>libris</strong></span> <span class='ocrx_word' id='word_1_814' title='bbox 3477 4876 3689 4925; x_wconf 74' lang='lat' dir='ltr'><strong>comm,</strong></span> 
     </span>
    </p>
   </div>
   <div class='ocr_carea' id='block_1_113' title="bbox 2095 4951 3689 5025">
    <p class='ocr_par' dir='ltr' id='par_1_113' title="bbox 2095 4951 3689 5025">
     <span class='ocr_line' id='line_1_113' title="bbox 2095 4951 3689 5025; baseline -0.003 -14"><span class='ocrx_word' id='word_1_815' title='bbox 2095 4964 2150 5012; x_wconf 90' lang='lat' dir='ltr'><strong>et</strong></span> <span class='ocrx_word' id='word_1_816' title='bbox 2171 4953 2441 5025; x_wconf 86' lang='lat' dir='ltr'><strong>splendori</strong></span> <span class='ocrx_word' id='word_1_817' title='bbox 2464 4952 2809 5022; x_wconf 77' lang='lat' dir='ltr'><strong>eloquentiae,</strong></span> <span class='ocrx_word' id='word_1_818' title='bbox 2831 4951 3326 5022; x_wconf 89' lang='lat' dir='ltr'><strong>compositionique</strong></span> <span class='ocrx_word' id='word_1_819' title='bbox 3347 4966 3689 5007; x_wconf 87' lang='lat' dir='ltr'><strong>sermonum.</strong></span> 
     </span>
    </p>
   </div>
   <div class='ocr_carea' id='block_1_114' title="bbox 2098 5041 3691 5113">
    <p class='ocr_par' dir='ltr' id='par_1_114' title="bbox 2098 5041 3691 5113">
     <span class='ocr_line' id='line_1_114' title="bbox 2098 5041 3691 5113; baseline -0.004 -12"><span class='ocrx_word' id='word_1_820' title='bbox 2098 5054 2153 5101; x_wconf 92' lang='lat' dir='ltr'><strong>et</strong></span> <span class='ocrx_word' id='word_1_821' title='bbox 2184 5043 2394 5099; x_wconf 84' lang='lat' dir='ltr'><strong>videbis</strong></span> <span class='ocrx_word' id='word_1_822' title='bbox 2430 5050 2635 5113; x_wconf 88' lang='lat' dir='ltr'><strong>quanto</strong></span> <span class='ocrx_word' id='word_1_823' title='bbox 2683 5042 2859 5096; x_wconf 89' lang='lat' dir='ltr'><strong>minor</strong></span> <span class='ocrx_word' id='word_1_824' title='bbox 2893 5042 2964 5096; x_wconf 89' lang='lat' dir='ltr'><strong>sit</strong></span> <span class='ocrx_word' id='word_1_825' title='bbox 2995 5042 3207 5097; x_wconf 74' lang='lat' dir='ltr'><strong>cmteris</strong></span> <span class='ocrx_word' id='word_1_826' title='bbox 3253 5041 3564 5096; x_wconf 84' lang='lat' dir='ltr'><strong>seminibus</strong></span> <span class='ocrx_word' id='word_1_827' title='bbox 3604 5055 3691 5095; x_wconf 80' lang='lat' dir='ltr'><strong>se-</strong></span> 
     </span>
    </p>
   </div>
   <div class='ocr_carea' id='block_1_115' title="bbox 2097 5131 3691 5203">
    <p class='ocr_par' dir='ltr' id='par_1_115' title="bbox 2097 5131 3691 5203">
     <span class='ocr_line' id='line_1_115' title="bbox 2097 5131 3691 5203; baseline -0.007 -10"><span class='ocrx_word' id='word_1_828' title='bbox 2097 5136 2295 5193; x_wconf 88' lang='lat' dir='ltr'><strong>mentis</strong></span> <span class='ocrx_word' id='word_1_829' title='bbox 2361 5133 2656 5203; x_wconf 84' lang='lat' dir='ltr'><strong>Evangelii.</strong></span> <span class='ocrx_word' id='word_1_830' title='bbox 2719 5132 2827 5189; x_wconf 88' lang='lat' dir='ltr'><strong>Sed</strong></span> <span class='ocrx_word' id='word_1_831' title='bbox 2871 5131 3106 5187; x_wconf 85' lang='lat' dir='ltr'><strong>illacum</strong></span> <span class='ocrx_word' id='word_1_832' title='bbox 3176 5131 3489 5197; x_wconf 84' lang='lat' dir='ltr'><strong>creverint,</strong></span> <span class='ocrx_word' id='word_1_833' title='bbox 3558 5131 3691 5186; x_wconf 83' lang='lat' dir='ltr'><strong>nihil</strong></span> 
     </span>
    </p>
   </div>
   <div class='ocr_carea' id='block_1_116' title="bbox 2098 5224 3691 5296">
    <p class='ocr_par' dir='ltr' id='par_1_116' title="bbox 2098 5224 3691 5296">
     <span class='ocr_line' id='line_1_116' title="bbox 2098 5224 3691 5296; baseline -0.009 -7"><span class='ocrx_word' id='word_1_834' title='bbox 2098 5232 2347 5296; x_wconf 80' lang='lat' dir='ltr'><strong>mordax,</strong></span> <span class='ocrx_word' id='word_1_835' title='bbox 2410 5227 2547 5283; x_wconf 87' lang='lat' dir='ltr'><strong>nihil</strong></span> <span class='ocrx_word' id='word_1_836' title='bbox 2592 5227 2851 5290; x_wconf 84' lang='lat' dir='ltr'><strong>vividum,</strong></span> <span class='ocrx_word' id='word_1_837' title='bbox 2894 5225 3030 5280; x_wconf 87' lang='lat' dir='ltr'><strong>nihil</strong></span> <span class='ocrx_word' id='word_1_838' title='bbox 3084 5224 3246 5280; x_wconf 86' lang='lat' dir='ltr'><strong>vitale</strong></span> <span class='ocrx_word' id='word_1_839' title='bbox 3286 5224 3691 5283; x_wconf 83' lang='lat' dir='ltr'><strong>demonstrant,</strong></span> 
     </span>
    </p>
   </div>
   <div class='ocr_carea' id='block_1_117' title="bbox 2096 5314 3691 5391">
    <p class='ocr_par' dir='ltr' id='par_1_117' title="bbox 2096 5314 3691 5391">
     <span class='ocr_line' id='line_1_117' title="bbox 2096 5314 3691 5391; baseline -0.009 -10"><span class='ocrx_word' id='word_1_840' title='bbox 2096 5333 2268 5381; x_wconf 90' lang='lat' dir='ltr'><strong>totum</strong></span> <span class='ocrx_word' id='word_1_841' title='bbox 2313 5320 2610 5391; x_wconf 90' lang='lat' dir='ltr'><strong>placidum,</strong></span> <span class='ocrx_word' id='word_1_842' title='bbox 2665 5318 3072 5387; x_wconf 86' lang='lat' dir='ltr'><strong>marcidnmque</strong></span> <span class='ocrx_word' id='word_1_843' title='bbox 3096 5359 3112 5383; x_wconf 95' lang='lat'><strong>,</strong></span> <span class='ocrx_word' id='word_1_844' title='bbox 3163 5326 3219 5372; x_wconf 92' lang='lat' dir='ltr'><strong>et</strong></span> <span class='ocrx_word' id='word_1_845' title='bbox 3283 5316 3591 5371; x_wconf 88' lang='lat' dir='ltr'><strong>emollitum</strong></span> <span class='ocrx_word' id='word_1_846' title='bbox 3638 5314 3691 5367; x_wconf 85' lang='lat' dir='ltr'><strong>in</strong></span> 
     </span>
    </p>
   </div>
   <div class='ocr_carea' id='block_1_118' title="bbox 2098 5409 3692 5479">
    <p class='ocr_par' dir='ltr' id='par_1_118' title="bbox 2098 5409 3692 5479">
     <span class='ocr_line' id='line_1_118' title="bbox 2098 5409 3692 5479; baseline -0.008 -9"><span class='ocrx_word' id='word_1_847' title='bbox 2098 5416 2279 5477; x_wconf 85' lang='lat' dir='ltr'><strong>olera,</strong></span> <span class='ocrx_word' id='word_1_848' title='bbox 2334 5421 2388 5466; x_wconf 88' lang='lat' dir='ltr'><strong>et</strong></span> <span class='ocrx_word' id='word_1_849' title='bbox 2438 5411 2493 5465; x_wconf 91' lang='lat' dir='ltr'><strong>in</strong></span> <span class='ocrx_word' id='word_1_850' title='bbox 2535 5409 2766 5474; x_wconf 87' lang='lat' dir='ltr'><strong>herbas,</strong></span> <span class='ocrx_word' id='word_1_851' title='bbox 2805 5424 2925 5479; x_wconf 67' lang='lat' dir='ltr'><strong>qure</strong></span> <span class='ocrx_word' id='word_1_852' title='bbox 2971 5410 3079 5464; x_wconf 86' lang='lat' dir='ltr'><strong>cito</strong></span> <span class='ocrx_word' id='word_1_853' title='bbox 3124 5417 3380 5464; x_wconf 87' lang='lat' dir='ltr'><strong>crescunt</strong></span> <span class='ocrx_word' id='word_1_854' title='bbox 3438 5416 3501 5461; x_wconf 87' lang='lat' dir='ltr'><strong>et</strong></span> <span class='ocrx_word' id='word_1_855' title='bbox 3561 5420 3692 5459; x_wconf 81' lang='lat' dir='ltr'><strong>cor-</strong></span> 
     </span>
    </p>
   </div>
   <div class='ocr_carea' id='block_1_119' title="bbox 2099 5493 3687 5569">
    <p class='ocr_par' dir='ltr' id='par_1_119' title="bbox 2099 5493 3687 5569">
     <span class='ocr_line' id='line_1_119' title="bbox 2099 5493 3687 5569; baseline -0.006 -9"><span class='ocrx_word' id='word_1_856' title='bbox 2099 5513 2284 5560; x_wconf 90' lang='lat' dir='ltr'><strong>ruunt.</strong></span> <span class='ocrx_word' id='word_1_857' title='bbox 2327 5503 2452 5557; x_wconf 67' lang='lat' dir='ltr'><strong>llmc</strong></span> <span class='ocrx_word' id='word_1_858' title='bbox 2500 5509 2682 5556; x_wconf 87' lang='lat' dir='ltr'><strong>autem</strong></span> <span class='ocrx_word' id='word_1_859' title='bbox 2732 5499 3040 5569; x_wconf 65' lang='lat' dir='ltr'><strong>praedicatio</strong></span> <span class='ocrx_word' id='word_1_860' title='bbox 3093 5515 3215 5569; x_wconf 71' lang='lat' dir='ltr'><strong>quae</strong></span> <span class='ocrx_word' id='word_1_861' title='bbox 3259 5513 3425 5568; x_wconf 85' lang='lat' dir='ltr'><strong>parva</strong></span> <span class='ocrx_word' id='word_1_862' title='bbox 3460 5493 3687 5551; x_wconf 75' lang='lat' dir='ltr'><strong>videba—</strong></span> 
     </span>
    </p>
   </div>
   <div class='ocr_carea' id='block_1_120' title="bbox 2100 5586 3687 5667">
    <p class='ocr_par' dir='ltr' id='par_1_120' title="bbox 2100 5586 3687 5667">
     <span class='ocr_line' id='line_1_120' title="bbox 2100 5586 3687 5667; baseline -0.007 -16"><span class='ocrx_word' id='word_1_863' title='bbox 2100 5606 2188 5652; x_wconf 90' lang='lat' dir='ltr'><strong>tur</strong></span> <span class='ocrx_word' id='word_1_864' title='bbox 2212 5597 2267 5651; x_wconf 92' lang='lat' dir='ltr'><strong>in</strong></span> <span class='ocrx_word' id='word_1_865' title='bbox 2303 5596 2587 5667; x_wconf 88' lang='lat' dir='ltr'><strong>principio,</strong></span> <span class='ocrx_word' id='word_1_866' title='bbox 2614 5611 2735 5650; x_wconf 86' lang='lat' dir='ltr'><strong>cum</strong></span> <span class='ocrx_word' id='word_1_867' title='bbox 2761 5592 2843 5649; x_wconf 90' lang='lat' dir='ltr'><strong>vel</strong></span> <span class='ocrx_word' id='word_1_868' title='bbox 2889 5595 2940 5649; x_wconf 91' lang='lat' dir='ltr'><strong>in</strong></span> <span class='ocrx_word' id='word_1_869' title='bbox 2971 5594 3149 5648; x_wconf 84' lang='lat' dir='ltr'><strong>anima</strong></span> <span class='ocrx_word' id='word_1_870' title='bbox 3176 5591 3471 5653; x_wconf 86' lang='lat' dir='ltr'><strong>credentis,</strong></span> <span class='ocrx_word' id='word_1_871' title='bbox 3504 5586 3592 5645; x_wconf 72' lang='lat' dir='ltr'><strong>vel</strong></span> <span class='ocrx_word' id='word_1_872' title='bbox 3632 5587 3687 5641; x_wconf 77' lang='lat' dir='ltr'><strong>in</strong></span> 
     </span>
    </p>
   </div>
   <div class='ocr_carea' id='block_1_121' title="bbox 2096 5681 3689 5756">
    <p class='ocr_par' dir='ltr' id='par_1_121' title="bbox 2096 5681 3689 5756">
     <span class='ocr_line' id='line_1_121' title="bbox 2096 5681 3689 5756; baseline -0.005 -13"><span class='ocrx_word' id='word_1_873' title='bbox 2096 5696 2210 5743; x_wconf 91' lang='lat' dir='ltr'><strong>toto</strong></span> <span class='ocrx_word' id='word_1_874' title='bbox 2239 5689 2438 5743; x_wconf 89' lang='lat' dir='ltr'><strong>mundo</strong></span> <span class='ocrx_word' id='word_1_875' title='bbox 2484 5698 2600 5742; x_wconf 88' lang='lat' dir='ltr'><strong>sata</strong></span> <span class='ocrx_word' id='word_1_876' title='bbox 2644 5687 2828 5753; x_wconf 86' lang='lat' dir='ltr'><strong>fuerit,</strong></span> <span class='ocrx_word' id='word_1_877' title='bbox 2867 5702 2972 5741; x_wconf 87' lang='lat' dir='ltr'><strong>non</strong></span> <span class='ocrx_word' id='word_1_878' title='bbox 3008 5687 3247 5756; x_wconf 79' lang='lat' dir='ltr'><strong>exsurgit</strong></span> <span class='ocrx_word' id='word_1_879' title='bbox 3284 5686 3335 5740; x_wconf 89' lang='lat' dir='ltr'><strong>in</strong></span> <span class='ocrx_word' id='word_1_880' title='bbox 3361 5683 3534 5748; x_wconf 77' lang='lat' dir='ltr'><strong>olera,</strong></span> <span class='ocrx_word' id='word_1_881' title='bbox 3590 5681 3689 5735; x_wconf 82' lang='lat' dir='ltr'><strong>sed</strong></span> 
     </span>
    </p>
   </div>
   <div class='ocr_carea' id='block_1_122' title="bbox 2098 5772 3686 5847">
    <p class='ocr_par' dir='ltr' id='par_1_122' title="bbox 2098 5772 3686 5847">
     <span class='ocr_line' id='line_1_122' title="bbox 2098 5772 3686 5847; baseline -0.001 -15"><span class='ocrx_word' id='word_1_882' title='bbox 2098 5776 2291 5834; x_wconf 86' lang='lat' dir='ltr'><strong>crescit</strong></span> <span class='ocrx_word' id='word_1_883' title='bbox 2331 5777 2384 5832; x_wconf 89' lang='lat' dir='ltr'><strong>in</strong></span> <span class='ocrx_word' id='word_1_884' title='bbox 2414 5776 2683 5844; x_wconf 83' lang='lat' dir='ltr'><strong>arborem,</strong></span> <span class='ocrx_word' id='word_1_885' title='bbox 2731 5778 2805 5834; x_wconf 82' lang='lat' dir='ltr'><strong>ita</strong></span> <span class='ocrx_word' id='word_1_886' title='bbox 2857 5786 2915 5833; x_wconf 91' lang='lat' dir='ltr'><strong>ut</strong></span> <span class='ocrx_word' id='word_1_887' title='bbox 2955 5777 3198 5834; x_wconf 85' lang='lat' dir='ltr'><strong>volucres</strong></span> <span class='ocrx_word' id='word_1_888' title='bbox 3237 5777 3364 5832; x_wconf 67' lang='lat' dir='ltr'><strong>coeli</strong></span> <span class='ocrx_word' id='word_1_889' title='bbox 3409 5776 3568 5847; x_wconf 76' lang='lat' dir='ltr'><strong>(quas</strong></span> <span class='ocrx_word' id='word_1_890' title='bbox 3600 5772 3686 5825; x_wconf 74' lang='lat' dir='ltr'><strong>vei</strong></span> 
     </span>
    </p>
   </div>
  </div>
