3914 6472
219 382 326 439 949

1178 384 1526 444 ΟΟΜΜΕΝΤ.
1569 382 1639 441 ΙΝ
1677 384 2117 445 ΜᾹἹἼῊΑΕΗΜ.
2156 422 2225 431 -
2262 391 2391 447 LIB.
2432 393 2521 449 IV.

3380 406 3503 464 950.

218 497 429 554 animus
479 497 846 565 credentium,
907 497 990 553 vel
1046 496 1385 553 fortitudines
1435 500 1528 555 Dei
1574 500 1795 555 servitio
1824 506 1871 564 Α
1900 503 2204 557 rationabili
2252 505 2621 572 possideamus
2670 511 3028 581 prudentiam,
3073 517 3131 571 in
3174 517 3254 572 ira
3300 522 3491 577 odium-

219 594 555 663 maucipatas
596 595 799 649 sentire
836 594 1115 657 debemus)
1162 594 1421 659 veniant,
1471 603 1525 648 et
1553 593 1800 649 habitent

217 686 275 740 in
299 685 463 740 ramis
486 686 622 758 ejus.
674 686 874 742 Ramos
898 694 1026 757 puto
1055 686 1377 758 evangelica:
1404 686 1639 753 arboris,
1681 701 1801 756 qum

216 779 285 834 de
322 779 506 850 granis
550 779 754 850 sinapis
786 781 1037 843 creverit,
1066 780 1374 850 dogmatum
1404 794 1526 834 esse
1575 779 1801 834 diversi-

216 878 380 933 tates,
411 868 465 923 in
495 869 688 939 quibus
710 868 1140 939 supradictarum
1166 868 1440 924 volucrum
1470 884 1798 939 unaquaque

215 961 524 1031 requiescit.
548 961 900 1017 Assumamus
927 968 981 1017 et
997 976 1094 1016 nos
1111 976 1312 1031 pennas
1336 960 1619 1025 columbae,
1654 970 1713 1016 ut
1730 963 1799 1016 ad

215 1048 408 1104 altiora
436 1050 705 1115 volantes,
754 1050 1022 1121 possimus
1050 1050 1295 1105 habitare
1329 1049 1383 1104 iu
1437 1051 1603 1106 ramis
1631 1051 1798 1121 hujus

213 1141 446 1203 arboris,
482 1150 538 1195 ct
563 1142 773 1197 nidulos
800 1142 954 1197 nobis
980 1140 1160 1197 facere
1194 1142 1585 1207 doctrinarum,
1633 1152 1800 1199 terre-

215 1246 398 1301 naque
429 1232 711 1303 fugientes,
745 1233 813 1288 ad
841 1233 1082 1290 cmlestia
1107 1233 1380 1289 festinare.
1433 1234 1582 1289 Multi
1621 1236 1800 1308 legen—

215 1329 301 1376 tes
345 1337 570 1392 granum
619 1324 821 1394 sinapis
859 1324 1140 1378 minimum
1181 1324 1432 1380 omnibus
1477 1326 1796 1394 seminibus,

210 1418 271 1464 et
319 1411 447 1467 illud
481 1416 625 1483 quod
671 1414 723 1469 in
767 1412 1056 1484 Evangelio
1103 1414 1320 1479 dicitur,
1366 1414 1613 1483 Domine,
1667 1434 1800 1489 auge

209 1503 361 1557 nobis
407 1504 599 1573 ﬁdem;
643 1512 697 1560 et
721 1507 1076 1576 respondetur
1108 1505 1187 1559 eis
1210 1520 1240 1559 a
1284 1504 1563 1564 Salvatore
1588 1523 1604 1562 :
1634 1510 1799 1564 Amen

205 1594 329 1650 dico
357 1596 515 1661 vobis,
534 1598 658 1668 quia
672 1599 720 1653 si
738 1598 995 1671 haberetis
1013 1598 1167 1667 ﬁdem
1184 1598 1318 1652 sicut
1339 1609 1560 1672 granum
1575 1604 1793 1673 sinapis,

206 1684 450 1740 diceretis
491 1690 654 1742 monti
698 1690 840 1754 huic,
873 1690 1048 1762 Migra
1076 1694 1141 1747 de
1162 1692 1276 1746 loco
1307 1682 1426 1759 isto,
1469 1701 1518 1746 et
1549 1693 1796 1763 migraret

208 1770 362 1845 (Luc.
390 1774 547 1845 xvn),
577 1784 771 1847 putant
796 1780 1066 1848 apostolos
1094 1782 1177 1837 vel
1206 1798 1240 1853 p
1258 1774 1429 1836 trram
1459 1782 1618 1837 ﬁdem
1646 1788 1794 1852 pete-

1904 602 2092 649 contra
2122 596 2271 661 vitia,
2299 597 2350 651 iu
2380 599 2645 655 desiderio
2674 603 3026 672 cupiditatem
3063 608 3323 666 virtutum
3363 629 3379 675 ;
3428 625 3487 672 ct

1903 686 2006 740 hoc
2026 694 2196 741 totum
2227 687 2316 742 ﬁet
2336 704 2433 759 per
2452 689 2750 746 doctrinam
2780 693 3178 767 Evangelicam,
3201 714 3361 770 quam
3386 719 3484 759 uo.

1901 775 1985 830 bis
2013 789 2187 831 mater
2208 777 2445 834 Ecclesia
2472 782 2740 851 puestitit.
2776 784 2959 841 Dicam
3003 796 3058 842 et
3100 790 3312 846 tertiam
3348 806 3486 864 quo-

1901 867 2147 920 rumdam
2188 868 2611 941 intelligentiam,
2645 884 2699 930 ut
2728 876 2975 933 curiosus
2994 878 3161 935 lector
3183 897 3214 937 e
3237 881 3485 951 pluribus

1900 957 2042 1027 quod
2077 958 2358 1028 placuerit,
2391 962 2572 1034 eligat.
2598 964 2873 1021 Mulierem
2904 968 3061 1024 istam
3083 979 3137 1026 et
3163 971 3263 1043 ipsi
3288 972 3478 1030 Eccle-

1901 1047 2037 1101 siam
2060 1048 2503 1119 interpretantur,
2537 1070 2657 1124 qua:
2688 1055 2845 1111 fidunt
2871 1059 3106 1115 hominis
3134 1059 3325 1120 furium
3349 1067 3484 1122 satis

1899 1139 2073 1195 tribus
2116 1143 2538 1210 commiseuerit,
2584 1148 2887 1204 credulitati
2932 1150 3107 1208 Patris
3147 1161 3202 1209 et
3246 1155 3388 1222 Filii,
3428 1168 3484 1212 et

1900 1226 2133 1299 Spiritus
2162 1234 2355 1286 sancti.
2384 1232 2625 1305 Cumque
2668 1236 2719 1290 in
2769 1253 2932 1292 nullm
2982 1240 3146 1297 fuerit
3190 1242 3481 1301 fermenta-

1900 1333 2036 1385 tum,
2081 1335 2188 1376 non
2205 1336 2306 1377 nos
2332 1324 2397 1377 ad
2420 1323 2687 1394 triplicem
2716 1326 2908 1396 Deum,
2940 1331 3039 1386 sed
3058 1333 3124 1387 ad
3151 1333 3310 1390 unius
3338 1336 3448 1390 divi
3466 1364 3482 1378 ο

1899 1409 2083 1464 uitatis
2124 1412 2367 1481 perducit
2396 1414 2661 1470 notitiam.
2702 1416 2912 1476 Farina:
2951 1437 3165 1493 quoque
3209 1434 3323 1480 sata
3381 1426 3481 1481 tria

1898 1502 2025 1557 dum
2048 1519 2153 1559 non
2181 1513 2264 1561 est
2295 1506 2349 1560 in
2375 1507 2599 1579 singulis
2632 1510 2843 1567 diversa
2877 1522 3080 1590 natura.
3112 1516 3178 1571 ad
3218 1517 3478 1572 unitatem

1899 1594 2122 1650 trahunt
2164 1598 2493 1654 substantias.
2526 1600 2652 1657 Pius
2682 1604 2898 1672 quidem
2940 1621 3152 1672 sensus,
3202 1609 3294 1664 sed
3345 1625 3481 1663 nun-

1898 1705 2058 1759 quam
2090 1691 2362 1760 parabolm
2409 1702 2464 1748 et
2505 1694 2663 1750 dubia
2709 1697 3055 1769 miiiginatum
3105 1700 3476 1771 intelligentia,

1896 1787 2073 1847 potest
2118 1779 2183 1835 ad
2227 1782 2602 1838 auctoritatem
2641 1785 2951 1857 dogmatum
3010 1788 3291 1859 prolicere.
3340 1790 3480 1846 Non-

207 1876 288 1925 re,
312 1863 397 1918 vel
423 1865 706 1922 numinum
730 1868 797 1923 de
825 1884 987 1939 parva
1028 1871 1133 1928 ﬁde
1174 1874 1441 1938 dubitare,
1491 1888 1613 1928 cum
1660 1890 1791 1945 apo-
1821 1863 1866 1923 B
1894 1871 2025 1925 nulh
2049 1880 2104 1926 et
2125 1881 2373 1942 quartam
2401 1886 2610 1945 ponunt
2648 1879 2979 1948 opinionem,
3021 1882 3074 1937 in
3120 1883 3293 1939 tribus
3344 1886 3493 1940 satis.

205 1951 380 2024 stqlus
402 1952 600 2010 Paulus
623 1957 779 2012 ﬁdem
802 1974 979 2030 grano,
995 1962 1199 2031 sinapis
1229 1971 1593 2033 comparatam
1621 1965 1793 2020 maxi-

203 2062 353 2102 mam
390 2047 612 2117 judicet.
666 2053 805 2121 Quid
831 2057 974 2111 enim
1003 2058 1176 2114 dicit?
1227 2058 1290 2115 Si
1313 2060 1540 2113 habuero
1589 2065 1791 2111 tantum

201 2138 389 2206 fidem,
428 2141 503 2195 ita
534 2152 589 2196 ut
638 2155 834 2200 montes
866 2148 1204 2217 transferam,
1258 2151 1565 2205 charitatem
1615 2158 1791 2203 autem

205 2244 312 2283 non
352 2231 593 2299 habeam,
646 2235 776 2290 nihil
824 2238 951 2292 mihi
975 2242 1183 2310 prodest
1218 2239 1271 2312 (1
1295 2240 1419 2296 Cor.
1454 2239 1607 2311 xui).
1649 2239 1789 2310 Ergo

203 2319 349 2386 quod
392 2320 646 2379 Dominus
687 2326 821 2381 dixit
855 2329 956 2384 ﬁde
1009 2330 1149 2398 fieri,
1197 2348 1317 2403 qua:
1364 2348 1534 2404 grano
1582 2332 1788 2401 sinapis

202 2419 585 2478 comparatur,
634 2415 739 2471 hoc
786 2418 1074 2492 Apostolus
1125 2422 1283 2477 docet
1330 2431 1439 2477 tota
1480 2422 1587 2478 fide
1629 2437 1789 2493 posse

200 2497 341 2553 fieri.
366 2499 525 2569 (ΚΑΒ.
556 2504 575 2575 )
603 2505 868 2563 Potest‘in
912 2524 1082 2579 grano
1109 2512 1316 2582 sinapis
1349 2513 1464 2583 ipsa
1495 2513 1788 2569 Dominicze

203 2585 593 2646 incarnationis
622 2594 901 2653 humilitas
941 2599 1188 2671 intelligi,
1211 2601 1352 2672 quod
1380 2613 1649 2671 acceptum
1684 2603 1784 2657 ho-

204 2692 290 2729 mo
333 2678 471 2732 misit
494 2680 549 2734 in
591 2683 798 2738 hortum
824 2702 997 2753 suum,
1044 2691 1188 2760 quod
1236 2706 1435 2763 corpus
1489 2691 1786 2748 Salvatoris

202 2767 501 2837 accipiens,
527 2768 724 2843 Joseph
768 2774 823 2829 in
862 2777 1020 2832 horto
1056 2779 1329 2850 sepelivit.
1377 2781 1560 2837 Crevit
1603 2790 1783 2838 autem

200 2865 262 2911 et
283 2856 481 2914 factum
505 2869 589 2916 est
610 2863 666 2917 in
702 2866 973 2935 arborem,
1003 2870 1149 2939 quod
1192 2872 1554 2926 resurrexerit
1601 2880 1656 2927 et
1692 2888 1780 2929 as-

201 2950 384 3004 cendit
403 2951 459 3005 in
483 2954 703 3010 coelum.
727 2957 994 3028 Expandit
1021 2977 1204 3017 ramos
1232 2963 1289 3017 in
1310 2965 1505 3033 quibus
1533 2965 1784 3021 volucres

199 3040 325 3096 cteli
372 3046 791 3115 requiescerent,
826 3052 970 3121 quod
1013 3055 1395 3125 praedicatores
1433 3057 1686 3127 dispersit
1725 3058 1780 3112 in

199 3132 479 3201 mundum,
511 3136 566 3190 in
599 3152 830 3207 quorum
849 3141 1008 3197 dictis
1034 3153 1198 3214 atque
1231 3145 1691 3202 consolationibus
1711 3147 1780 3202 ab

199 3217 360 3288 hujus
387 3223 507 3279 vitae
544 3224 860 3298 fatigatione
889 3231 1078 3288 lideles
1105 3235 1309 3305 quique
1350 3236 1700 3306 respirareut.

274 3309 413 3384 [HL]
450 3313 624 3370 Aliam
650 3319 956 3387 parabolam
984 3321 1189 3377 locutus
1221 3333 1295 3379 est
1335 3327 1431 3381 eis.
1481 3326 1668 3382 Simile
1703 3337 1779 3383 est

198 3414 414 3470 regnum
435 3403 678 3460 scelerum
702 3407 972 3476 fermento,
999 3412 1137 3481 quod
1157 3424 1423 3484 acceptum
1446 3415 1634 3471 mulier
1654 3418 1776 3472 abs-

196 3490 378 3543 condit
402 3493 473 3569 in‘
501 3494 694 3563 farina:
718 3500 847 3553 satis
871 3500 1059 3567 tribus,
1090 3502 1254 3558 detrec
1293 3506 1663 3575 fermentatum
1701 3521 1777 3566 est

196 3587 388 3636 totum.
416 3584 435 3654 (
451 3583 707 3658 Hieron.)
729 3588 986 3647 Diversus
1015 3601 1100 3649 est
1126 3594 1404 3651 hominum
1431 3602 1772 3657 stomachus:

194 3668 290 3723 alii
319 3674 539 3741 amaris,
570 3676 659 3731 alii
681 3678 946 3747 dulcibus,
994 3684 1477 3755 hiausterioribus,
1523 3689 1601 3745 illi
1644 3692 1777 3749 leui-

193 3761 302 3819 bus
323 3765 656 3824 delectantur
678 3771 832 3828 cibis.
857 3774 1115 3845 Pmponit
1139 3793 1269 3849 ergo
1286 3779 1546 3837 Dominus
1565 3792 1625 3837 ut
1659 3783 1775 3852 jam

193 3864 362 3921 supra
393 3855 646 3925 diximus,
693 3861 936 3921 diversas
971 3867 1276 3935 parabolas,
1306 3879 1367 3925 ut
1403 3872 1567 3940 juxta
1590 3875 1776 3931 vulne-

194 3959 317 3999 rum
340 3947 629 4006 varietates
647 3961 703 4006 et
731 3955 995 4011 medicina
1033 3959 1244 4016 diversa
1276 3962 1367 4018 sit.
1413 3963 1601 4021 Mulier
1648 3966 1771 4034 ista,

190 4050 313 4105 quae
335 4036 656 4098 fermentum
685 4046 899 4116 accipit,
948 4058 1003 4106 et
1041 4052 1325 4109 abscondit
1369 4055 1498 4112 illud
1547 4057 1602 4112 in
1643 4061 1775 4116 satis

195 4126 367 4184 tribus
392 4128 598 4200 farinae,
629 4136 800 4194 donec
825 4137 1242 4198 fermentaretur
1262 4151 1458 4214 totum,
1497 4148 1582 4206 vel
1631 4164 1773 4219 pra:-

191 4219 390 4312 dicatio
413 4224 545 4281 mihi
574 4228 784 4285 videtur
807 4234 1122 4303 apostolica,
1167 4238 1254 4293 vel
1299 4238 1540 4296 Ecclesia
1584 4257 1704 4312 qua:
1741 4258 1773 4298 e

188 4311 420 4370 diversis
443 4318 690 4384 gentibus
717 4335 1039 4395 congregata
1063 4336 1166 4384 est.
1208 4313 1337 4386 llzec
1378 4332 1499 4387 tulit
1534 4311 1772 4390 fermen-

188 4408 328 4468 tum,
371 4406 618 4462 notitiam
659 4410 869 4468 scilicet
911 4423 967 4468 et
1010 4416 1417 4489 intelligentiam
1465 4421 1769 4492 Scriptura-

186 4508 331 4561 rum,
357 4504 406 4550 et
435 4498 706 4556 abscondit
740 4503 871 4559 illud
901 4506 955 4560 in
985 4507 1176 4575 farina:
1198 4513 1328 4566 satis
1361 4513 1548 4580 tribus,
1576 4524 1637 4570 ut
1659 4516 1769 4585 spi-

184 4585 346 4652 ritus,
374 4597 430 4643 et
454 4590 653 4656 anima,
676 4602 732 4648 et
757 4610 974 4667 c0rpus,
1001 4599 1055 4653 in
1076 4616 1242 4655 unum
1264 4603 1498 4668 redacta,
1524 4620 1633 4660 non
1655 4607 1766 4662 dis-

179 4688 409 4746 crepent
439 4681 580 4737 inter
604 4700 694 4751 se;
728 4688 820 4742 sed
854 4704 978 4744 cum
1025 4691 1252 4759 duobus,
1300 4695 1384 4749 vel
1420 4696 1593 4752 tribus
1634 4714 1761 4754 con-

177 4771 411 4837 venerit,
455 4772 804 4844 impetrarent
844 4795 875 4834 a
921 4779 1082 4838 Patre
1126 4784 1482 4855 quodcunque
1525 4788 1765 4858 postula-

178 4863 382 4919 verint.
405 4865 697 4923 Disseritur
716 4870 864 4927 locus
891 4871 990 4928 iste
1012 4881 1068 4928 et
1090 4875 1263 4931 aliter.
1292 4876 1547 4949 Legimus
1564 4878 1619 4933 in
1639 4879 1762 4934 Pla-

178 4960 330 5018 tone,
359 4964 417 5010 et
439 4957 879 5029 philosophorum
916 4964 1167 5035 dogmate
1207 4967 1480 5038 vulgatum
1525 4978 1611 5025 est
1651 4979 1765 5027 tres

173 5056 303 5096 esse
328 5043 381 5099 in
408 5045 639 5104 humana
661 5051 837 5107 anima
859 5056 1156 5124 passiones,
1178 5058 1236 5113 τό
1256 5059 1467 5132 λογικὸν,
1493 5063 1638 5130 quod
1660 5077 1763 5118 nos

172 5147 466 5226 possumus
482 5137 824 5211 interpretari
841 5147 1181 5214 rationabile;
1202 5152 1259 5205 τὸ
1278 5152 1597 5226 ὀργηστικὸν,
1618 5154 1763 5223 quod

172 5223 412 5281 dicimus
450 5228 659 5299 plenum
709 5234 826 5300 irw,
882 5236 966 5292 vel
1014 5223 1315 5302 irascibiler
1350 5242 1409 5297 τό
1448 5244 1759 5308 instruenda,

171 5316 323 5385 quod
347 5320 674 5389 appellamus
702 5328 1116 5397 concupiscibile.
1144 5330 1213 5383 Et
1236 5338 1391 5399 putat
1409 5331 1499 5388 ille
1524 5333 1761 5403 philoso-

172 5407 322 5477 phus
348 5412 665 5469 rationabile
686 5424 931 5472 nostrum
958 5419 1011 5473 in
1032 5421 1276 5486 cerebro,
1324 5422 1462 5477 iram
1508 5423 1561 5477 in
1612 5422 1757 5491 felle,

172 5497 506 5557 desiderium
536 5503 589 5557 in
611 5504 797 5575 jecore
823 5512 1164 5566 commorari.
1208 5512 1273 5566 Et
1300 5529 1400 5569 nos
1427 5529 1557 5583 ergo
1577 5514 1624 5568 si
1666 5531 1761 5571 ac-

172 5591 484 5658 ceperimus
527 5593 849 5652 fermentum
905 5599 1204 5670 Evangelii,
1265 5619 1387 5658 cum
1449 5612 1757 5659 sanctarum

168 5678 582 5752 Scripturarum
613 5688 823 5755 notitia,
853 5689 921 5744 de
948 5706 1055 5759 quo
1080 5705 1242 5761 supra
1269 5694 1469 5747 dictum
1498 5701 1603 5758 est,
1646 5701 1760 5749 tres

169 5768 429 5830 manans:
456 5777 647 5833 anima:
671 5779 951 5850 passiones
970 5782 1024 5836 in
1048 5797 1211 5838 unqu
1240 5784 1569 5855 redigentur,
1600 5792 1659 5838 ut
1702 5785 1753 5840 in

1792 4566 1844 4627 D

1895 1962 2058 2018 trium
2079 1963 2311 2020 filiorum
2333 1965 2444 2022 Noe
2469 1970 2818 2041 propaginem
2841 1973 3177 2043 recipientes,
3202 1975 3254 2031 in
3277 1977 3472 2046 quibus

1895 2061 2255 2110 restauratum
2311 2066 2394 2112 est
2441 2074 2611 2129 genus
2668 2062 2981 2130 humanum,
3028 2081 3164 2136 quos
3210 2066 3476 2124 fermento

1891 2142 2190 2215 Evangelii,
2220 2145 2415 2202 mulier
2436 2149 2692 2218 prmdicta
2726 2152 2777 2206 in
2814 2154 3076 2211 unitatem
3098 2156 3221 2212 ﬁdei
3248 2159 3469 2231 colligit.

1962 2234 1981 2307 (
1996 2235 2159 2309 illa.)
2186 2238 2419 2295 Possunt
2446 2240 2626 2310 itaque
2648 2251 2842 2311 praeter
2864 2244 2978 2301 lucc
3003 2257 3056 2301 et
3082 2249 3134 2304 in
3176 2248 3363 2305 farinae
3390 2266 3477 2306 sa-

1891 2325 1961 2382 tis
1988 2328 2160 2384 tribus
2198 2329 2274 2384 illi
2314 2329 2577 2387 Dominici
2625 2336 2848 2391 seminis
2890 2336 3118 2403 fructus,
3168 2340 3475 2397 tricesimus

1887 2419 2095 2474 scilicet
2126 2422 2512 2492 sexagesimus,
2544 2435 2599 2480 et
2624 2429 2951 2485 centesimus
2986 2430 3225 2501 intelligi,
3273 2432 3327 2487 id
3367 2443 3477 2497 est,

1887 2509 2317 2583 conjugatorum,
2343 2515 2733 2583 continentum,
2765 2519 3053 2590 virginum.
3090 2520 3316 2577 Pulchre
3340 2522 3473 2578 dicit

1885 2610 2115 2659 eatenus
2164 2604 2537 2662 absconditum
2592 2607 2644 2663 in
2687 2609 2856 2665 farina
2904 2609 3250 2678 fermentum,
3310 2614 3477 2669 donec

1885 2695 2286 2765 fermentaretur
2314 2708 2498 2766 totum,
2522 2702 2648 2771 quia
2683 2703 2920 2758 Charitas
2964 2703 3019 2759 in
3060 2713 3245 2760 nostra
3291 2717 3481 2760 mente

1885 2786 2159 2841 recondita
2180 2802 2419 2858 cousque
2436 2804 2683 2845 crescere
2709 2792 2887 2857 debet,
2917 2793 3089 2848 donec
3120 2802 3287 2847 totam
3310 2809 3476 2849 men--

1885 2885 1990 2931 tem
2015 2877 2071 2932 in
2097 2879 2178 2934 sui
2202 2879 2591 2948 perfectionem
2615 2890 2933 2947 commutet,
2957 2891 3017 2937 ut
3042 2883 3174 2938 nihil
3219 2883 3472 2938 videlicet

1881 2975 2080 3036 praeter
2128 2969 2298 3039 ipsam
2350 2971 2646 3027 conditoris
2690 2972 2773 3029 sui
2823 2972 3165 3029 dilectionem
3220 2975 3480 3046 diligere,

1881 3074 2064 3129 agere,
2088 3061 2330 3117 recolere
2358 3062 2538 3116 anima
2565 3063 2755 3132 possit.
2799 3062 2951 3130 Quod
2978 3065 3067 3120 hic
3110 3065 3329 3135 quidem
3378 3064 3468 3121 in~

1881 3150 2086 3215 choari,
2114 3152 2206 3206 sed
2232 3152 2303 3206 ibi
2329 3151 2490 3208 habet
2512 3153 2724 3223 perlici,
2753 3154 2843 3211 ubi
2875 3170 2997 3210 cum
3021 3155 3091 3210 sit
3111 3154 3249 3210 Deus
3290 3158 3466 3211 omnia

1803 3221 1848 3285 (Σ
1879 3241 1933 3296 in
1954 3243 2189 3297 omnibus
2211 3243 2274 3315 (1
2310 3243 2433 3298 Cor.
2472 3221 2606 3317 xv),
2642 3260 2831 3302 omnes
2866 3261 2975 3301 uno
3009 3247 3306 3317 eodemque
3356 3263 3476 3302 suae

1878 3330 2180 3389 dilectionis
2206 3335 2328 3406 igne
2345 3334 2609 3392 calefacit.
2645 3334 2834 3391 Satum
2876 3351 3045 3406 genus
3075 3343 3158 3392 est
3200 3351 3467 3393 mensura:

1870 3420 2023 3491 juxta
2049 3441 2251 3481 morem
2275 3428 2564 3497 provincia:
2591 3428 2895 3495 Palestina,
2920 3442 3083 3482 unum
3110 3435 3166 3483 et
3186 3427 3464 3484 dimidium

1877 3516 2115 3571 modium
2146 3518 2384 3588 capiens.

1949 3604 2078 3660 Htec
2098 3607 2275 3661 omnia
2299 3606 2505 3662 locutus
2528 3615 2602 3662 est
2624 3606 2778 3662 Iesus
2800 3608 2855 3661 in
2878 3604 3142 3677 parabolis
3163 3606 3233 3660 ad
3258 3606 3463 3673 turbas,

1875 3704 1923 3751 et
1951 3696 2063 3751 sine
2081 3695 2344 3766 parabolis
2375 3712 2478 3751 non
2505 3695 2813 3769 loquebatur
2845 3699 2940 3752 eis.
2986 3696 3117 3752 Haec
3155 3699 3352 3763 omnia,
3383 3698 3459 3752 in~

1875 3788 2012 3857 quit,
2046 3786 2250 3841 loculus
2272 3797 2347 3843 est
2367 3786 2522 3843 Iesus
2545 3791 2601 3843 in
2618 3788 2881 3860 parabolis
2910 3788 2979 3843 ad
3000 3789 3199 3856 turbas,
3221 3798 3277 3845 et
3302 3788 3465 3859 reliq.

1875 3878 1991 3933 Non
2022 3879 2146 3948 quia
2174 3879 2309 3934 nihil
2338 3880 2552 3951 proprie
2574 3879 2785 3936 locutus
2812 3888 2916 3946 est,
2953 3881 3045 3935 sed
3091 3880 3217 3951 quia
3253 3880 3456 3936 nullum

1874 3968 1989 4025 fere
2013 3985 2316 4026 sermonem
2339 3970 2626 4038 explicavit
2654 3971 2745 4027 ubi
2768 3986 2873 4026 nou
2909 3970 3111 4040 aliquid
3153 3986 3251 4040 per
3295 3986 3460 4041 para-

1871 4062 2049 4119 bolam
2081 4063 2424 4135 significavit,
2452 4064 2700 4135 quamvis
2736 4064 2790 4119 in
2834 4079 2900 4119 eo
2932 4063 3110 4135 aliqua
3140 4072 3197 4118 et
3241 4062 3474 4135 proprie-

1872 4156 2089 4221 dixerit,
2114 4157 2186 4211 ita
2209 4163 2270 4212 ut
2291 4172 2433 4227 smpe
2462 4157 2767 4212 inveniatur
2795 4164 2939 4212 totus
2964 4171 3143 4212 sermo
3160 4157 3277 4228 ejus
3298 4172 3459 4227 para-

1869 4246 2007 4302 bolis
2034 4246 2356 4316 explicatus,
2386 4255 2529 4302 totus
2565 4255 2747 4302 autem
2794 4245 3012 4317 proprie
3060 4245 3237 4302 dictus
3280 4245 3464 4301 mullus.

1870 4335 2192 4391 inveniatur.
2222 4335 2513 4408 (Ηίενοιι.)
2542 4337 2604 4391 Et
2632 4336 2926 4393 notandum
2959 4336 3100 4405 quod
3142 4351 3248 4389 non
3297 4336 3473 4391 disci-

1865 4428 2026 4496 pulis,
2056 4429 2151 4484 sed
2199 4429 2372 4483 turbis
2409 4443 2508 4498 per
2548 4428 2836 4498 parabolas
2885 4428 3141 4497 loquitur,
3187 4436 3239 4482 et
3285 4444 3463 4497 usque

1868 4517 2027 4572 hodie
2054 4519 2225 4573 turba:
2253 4518 2307 4572 in
2336 4518 2605 4588 parabolis
2628 4518 2874 4581 audiunt,
2922 4526 2977 4572 et
3016 4517 3260 4589 discipuli
3308 4519 3461 4574 domi

1870 4606 2206 4677 interrogant
2232 4606 2588 4663 Salvatorem.

1942 4697 2011 4752 Ut
2031 4697 2333 4769 impleretur
2356 4697 2497 4768 quod
2523 4698 2717 4751 dictum
2737 4707 2811 4751 est
2833 4713 2924 4767 per
2942 4695 3256 4766 Prophetam
3278 4697 3465 4752 dicen»

1869 4797 1969 4843 tem
1993 4805 2010 4842 :
2034 4788 2275 4857 Aperiam
2317 4790 2381 4842 in
2399 4787 2663 4857 parabolis
2688 4803 2745 4841 os
2770 4802 2963 4853 meum,
2994 4795 3042 4840 et
3067 4787 3311 4840 eructabo
3332 4787 3452 4842 abs-

1868 4880 2079 4937 condita
2122 4896 2155 4934 α
2190 4880 2560 4934 constitutione
2586 4878 2790 4932 mutuli.
2823 4876 2936 4933 Hoc
2974 4877 3341 4931 testimoniqu
3382 4876 3449 4931 de

1866 4969 2262 5039 septuagesimo
2289 4968 2525 5037 septimo
2544 4968 2750 5037 psalmo
2771 4975 3042 5036 sumptum
3067 4974 3168 5031 est,
3202 4966 3343 5035 quod
3389 4974 3447 5020 et

1864 5075 1932 5116 ex
1956 5076 2183 5133 persona
2209 5061 2415 5117 Domini
2443 5062 2658 5116 dicitur.
2685 5062 2951 5131 Aperiam,
2977 5061 3072 5127 ait,
3097 5061 3150 5115 in
3180 5060 3445 5132 parabolis

1864 5171 1920 5208 os
1944 5171 2136 5219 meum,
2162 5165 2207 5209 et
2235 5158 2479 5211 eructabo
2506 5157 2809 5211 abscondita
2827 5173 2858 5210 a
2875 5155 3238 5209 constitutione
3261 5156 3449 5210 mundi-

1864 5242 2048 5315 (Psal.
2072 5260 2249 5299 Lxxvn
2269 5245 2288 5317 )
2307 5284 2322 5299 .
2350 5245 2811 5302 Considerandum
2841 5253 2924 5300 est
2953 5260 3083 5317 ergo
3107 5245 3366 5302 attentius
3387 5254 3445 5301 et

1863 5334 2239 5390 inveniendum
2289 5335 2341 5390 iu
2395 5350 2461 5391 eo
2514 5336 2744 5392 describi
2798 5350 3073 5406 egressum
3113 5335 3327 5392 lsraelis
3373 5337 3445 5392 de

1864 5421 2120 5494 Aigj'pto,
2155 5432 2211 5478 et
2233 5425 2411 5479 omnia
2436 5425 2585 5496 signa
2616 5426 2851 5490 narrari,
2890 5440 3010 5496 qua:
3038 5426 3090 5479 in
3116 5425 3286 5480 Exodi
3313 5441 3442 5481 con-

1863 5516 2106 5570 tinentur
2136 5516 2378 5571 historia.
2412 5516 2489 5569 Ex
2517 5532 2629 5585 quo
2659 5514 3007 5587 intelligimus
3049 5516 3301 5571 universa
3347 5515 3443 5570 illa

1860 5620 1980 5675 qua:
2010 5605 2210 5675 scripta
2240 5614 2387 5670 sunt,
2408 5605 2716 5675 parabolice
2746 5605 3055 5671 seutienda;
3084 5620 3184 5661 nec
3209 5604 3438 5660 manife-

1858 5703 1997 5750 stam
2020 5710 2318 5751 consonare
2346 5694 2598 5759 litteram,
2623 5695 2717 5751 sed
2740 5694 3049 5751 abscondita
3075 5703 3430 5750 sacramenta.

1861 5784 1970 5844 lloc
2005 5787 2148 5843 enim
2180 5801 2238 5843 se
2267 5784 2515 5843 Salvator
2546 5786 2815 5843 dicturum
2836 5802 2957 5843 esse
2989 5786 3281 5859 promittit,
3307 5799 3429 5853 ape-
