  <div class='ocr_page' id='page_1' title='image "/cluster/home/n/w/nwhite01/storage/ocr_20150623/107/hvd.32044015466832/482.png"; bbox 0 0 3914 6512; ppageno 0'>
   <div class='ocr_carea' id='block_1_1' title="bbox 199 411 331 469">
    <p class='ocr_par' dir='ltr' id='par_1_1' title="bbox 199 411 331 469">
     <span class='ocr_line' id='line_1_1' title="bbox 199 411 331 469; baseline -0.015 0"><span class='ocrx_word' id='word_1_1' title='bbox 199 411 331 469; x_wconf 77' lang='grc'><strong>953</strong></span> 
     </span>
    </p>
   </div>
   <div class='ocr_carea' id='block_1_2' title="bbox 1196 406 2530 468">
    <p class='ocr_par' dir='ltr' id='par_1_2' title="bbox 1196 406 2530 468">
     <span class='ocr_line' id='line_1_2' title="bbox 1196 406 2530 468; baseline -0.003 0"><span class='ocrx_word' id='word_1_2' title='bbox 1196 408 1546 468; x_wconf 81' lang='lat' dir='ltr'><strong>COMMENT.</strong></span> <span class='ocrx_word' id='word_1_3' title='bbox 1586 409 1654 464; x_wconf 83' lang='lat' dir='ltr'><strong>1N</strong></span> <span class='ocrx_word' id='word_1_4' title='bbox 1691 406 2125 465; x_wconf 59' lang='lat' dir='ltr'><strong>MATTIL‘EUM.</strong></span> <span class='ocrx_word' id='word_1_5' title='bbox 2163 440 2237 451; x_wconf 94' lang='lat'>—</span> <span class='ocrx_word' id='word_1_6' title='bbox 2270 410 2398 467; x_wconf 82' lang='lat' dir='ltr'><strong>LIB.</strong></span> <span class='ocrx_word' id='word_1_7' title='bbox 2437 408 2530 465; x_wconf 74' lang='grc' dir='ltr'><strong>Ν.</strong></span> 
     </span>
    </p>
   </div>
   <div class='ocr_carea' id='block_1_3' title="bbox 3379 409 3504 469">
    <p class='ocr_par' dir='ltr' id='par_1_3' title="bbox 3379 409 3504 469">
     <span class='ocr_line' id='line_1_3' title="bbox 3379 409 3504 469; baseline -0.024 0"><span class='ocrx_word' id='word_1_8' title='bbox 3379 409 3504 469; x_wconf 75' lang='grc'><strong>954’</strong></span> 
     </span>
    </p>
   </div>
   <div class='ocr_carea' id='block_1_4' title="bbox 198 521 3483 597">
    <p class='ocr_par' dir='ltr' id='par_1_4' title="bbox 198 521 3483 597">
     <span class='ocr_line' id='line_1_4' title="bbox 198 521 3483 597; baseline 0.001 -18"><span class='ocrx_word' id='word_1_9' title='bbox 198 524 463 579; x_wconf 74' lang='lat' dir='ltr'><strong>scientia:</strong></span> <span class='ocrx_word' id='word_1_10' title='bbox 506 522 797 579; x_wconf 84' lang='lat' dir='ltr'><strong>absconditi</strong></span> <span class='ocrx_word' id='word_1_11' title='bbox 828 522 963 597; x_wconf 85' lang='lat' dir='ltr'><strong>(Col.</strong></span> <span class='ocrx_word' id='word_1_12' title='bbox 998 523 1082 595; x_wconf 91' lang='grc' dir='ltr'>ιι),</span> <span class='ocrx_word' id='word_1_13' title='bbox 1131 532 1227 579; x_wconf 91' lang='lat' dir='ltr'><strong>aut</strong></span> <span class='ocrx_word' id='word_1_14' title='bbox 1270 524 1365 579; x_wconf 86' lang='lat' dir='ltr'><strong>Dei</strong></span> <span class='ocrx_word' id='word_1_15' title='bbox 1418 522 1653 578; x_wconf 79' lang='lat' dir='ltr'><strong>Verbum</strong></span> <span class='ocrx_word' id='word_1_16' title='bbox 1700 528 1804 588; x_wconf 90' lang='lat' dir='ltr'><strong>est,</strong></span> <span class='ocrx_word' id='word_1_17' title='bbox 1832 523 1884 583; x_wconf 82' lang='grc' dir='ltr'>Α</span> <span class='ocrx_word' id='word_1_18' title='bbox 1910 529 1970 577; x_wconf 86' lang='grc' dir='ltr'><strong>ιιι</strong></span> <span class='ocrx_word' id='word_1_19' title='bbox 1994 537 2181 593; x_wconf 88' lang='lat' dir='ltr'><strong>purus,</strong></span> <span class='ocrx_word' id='word_1_20' title='bbox 2206 530 2263 578; x_wconf 91' lang='lat' dir='ltr'><strong>et</strong></span> <span class='ocrx_word' id='word_1_21' title='bbox 2280 523 2506 588; x_wconf 87' lang='lat' dir='ltr'><strong>solidus,</strong></span> <span class='ocrx_word' id='word_1_22' title='bbox 2524 529 2581 577; x_wconf 89' lang='lat' dir='ltr'><strong>et</strong></span> <span class='ocrx_word' id='word_1_23' title='bbox 2603 535 2870 593; x_wconf 79' lang='lat' dir='ltr'><strong>nusquam</strong></span> <span class='ocrx_word' id='word_1_24' title='bbox 2892 536 2925 577; x_wconf 93' lang='lat' dir='ltr'><strong>a</strong></span> <span class='ocrx_word' id='word_1_25' title='bbox 2950 536 3010 578; x_wconf 88' lang='lat' dir='ltr'><strong>se</strong></span> <span class='ocrx_word' id='word_1_26' title='bbox 3031 521 3314 581; x_wconf 81' lang='lat' dir='ltr'><strong>dissonans</strong></span> <span class='ocrx_word' id='word_1_27' title='bbox 3334 536 3483 582; x_wconf 86' lang='lat' dir='ltr'><strong>certa</strong></span> 
     </span>
    </p>
   </div>
   <div class='ocr_carea' id='block_1_5' title="bbox 203 612 1807 686">
    <p class='ocr_par' dir='ltr' id='par_1_5' title="bbox 203 612 1807 686">
     <span class='ocr_line' id='line_1_5' title="bbox 203 612 1807 686; baseline -0.002 -16"><span class='ocrx_word' id='word_1_28' title='bbox 203 617 375 686; x_wconf 85' lang='lat' dir='ltr'><strong>quod</strong></span> <span class='ocrx_word' id='word_1_29' title='bbox 428 615 482 669; x_wconf 89' lang='lat' dir='ltr'><strong>in</strong></span> <span class='ocrx_word' id='word_1_30' title='bbox 527 628 694 670; x_wconf 88' lang='lat' dir='ltr'><strong>carne</strong></span> <span class='ocrx_word' id='word_1_31' title='bbox 738 612 947 682; x_wconf 90' lang='lat' dir='ltr'><strong>_Christi</strong></span> <span class='ocrx_word' id='word_1_32' title='bbox 1000 615 1212 670; x_wconf 89' lang='lat' dir='ltr'><strong>videtur</strong></span> <span class='ocrx_word' id='word_1_33' title='bbox 1262 612 1666 679; x_wconf 90' lang='lat' dir='ltr'><strong>absconditum,</strong></span> <span class='ocrx_word' id='word_1_34' title='bbox 1713 619 1807 667; x_wconf 91' lang='lat' dir='ltr'><strong>aut</strong></span> 
     </span>
    </p>
   </div>
   <div class='ocr_carea' id='block_1_6' title="bbox 203 703 1807 776">
    <p class='ocr_par' dir='ltr' id='par_1_6' title="bbox 203 703 1807 776">
     <span class='ocr_line' id='line_1_6' title="bbox 203 703 1807 776; baseline -0.002 -15"><span class='ocrx_word' id='word_1_35' title='bbox 203 712 435 761; x_wconf 69' lang='lat' dir='ltr'><strong>sanctae</strong></span> <span class='ocrx_word' id='word_1_36' title='bbox 490 705 814 776; x_wconf 87' lang='lat' dir='ltr'><strong>Scripturae,</strong></span> <span class='ocrx_word' id='word_1_37' title='bbox 876 707 931 761; x_wconf 92' lang='lat' dir='ltr'><strong>in</strong></span> <span class='ocrx_word' id='word_1_38' title='bbox 989 706 1184 776; x_wconf 87' lang='lat' dir='ltr'><strong>quibus</strong></span> <span class='ocrx_word' id='word_1_39' title='bbox 1245 704 1480 775; x_wconf 89' lang='lat' dir='ltr'><strong>reposita</strong></span> <span class='ocrx_word' id='word_1_40' title='bbox 1526 711 1611 759; x_wconf 89' lang='lat' dir='ltr'><strong>est</strong></span> <span class='ocrx_word' id='word_1_41' title='bbox 1665 703 1807 758; x_wconf 88' lang='lat' dir='ltr'><strong>noti-</strong></span> 
     </span>
    </p>
   </div>
   <div class='ocr_carea' id='block_1_7' title="bbox 203 792 1807 866">
    <p class='ocr_par' dir='ltr' id='par_1_7' title="bbox 203 792 1807 866">
     <span class='ocr_line' id='line_1_7' title="bbox 203 792 1807 866; baseline 0 -18"><span class='ocrx_word' id='word_1_42' title='bbox 203 794 299 849; x_wconf 87' lang='lat' dir='ltr'><strong>tia</strong></span> <span class='ocrx_word' id='word_1_43' title='bbox 356 792 696 850; x_wconf 88' lang='lat' dir='ltr'><strong>Salvatoris:</strong></span> <span class='ocrx_word' id='word_1_44' title='bbox 748 809 908 866; x_wconf 86' lang='lat' dir='ltr'><strong>quem</strong></span> <span class='ocrx_word' id='word_1_45' title='bbox 952 809 1073 850; x_wconf 92' lang='lat' dir='ltr'><strong>cum</strong></span> <span class='ocrx_word' id='word_1_46' title='bbox 1147 794 1269 865; x_wconf 87' lang='lat' dir='ltr'><strong>quis</strong></span> <span class='ocrx_word' id='word_1_47' title='bbox 1332 795 1387 848; x_wconf 91' lang='lat' dir='ltr'><strong>in</strong></span> <span class='ocrx_word' id='word_1_48' title='bbox 1439 793 1520 849; x_wconf 91' lang='lat' dir='ltr'><strong>eis</strong></span> <span class='ocrx_word' id='word_1_49' title='bbox 1590 793 1807 848; x_wconf 83' lang='lat' dir='ltr'><strong>invene-</strong></span> 
     </span>
    </p>
   </div>
   <div class='ocr_carea' id='block_1_8' title="bbox 203 884 1809 949">
    <p class='ocr_par' dir='ltr' id='par_1_8' title="bbox 203 884 1809 949">
     <span class='ocr_line' id='line_1_8' title="bbox 203 884 1809 949; baseline 0 -10"><span class='ocrx_word' id='word_1_50' title='bbox 203 885 326 949; x_wconf 86' lang='lat' dir='ltr'><strong>rit,</strong></span> <span class='ocrx_word' id='word_1_51' title='bbox 379 885 541 942; x_wconf 80' lang='lat' dir='ltr'><strong>debet</strong></span> <span class='ocrx_word' id='word_1_52' title='bbox 583 886 764 941; x_wconf 84' lang='lat' dir='ltr'><strong>omnia</strong></span> <span class='ocrx_word' id='word_1_53' title='bbox 810 886 965 942; x_wconf 91' lang='lat' dir='ltr'><strong>istius</strong></span> <span class='ocrx_word' id='word_1_54' title='bbox 1016 885 1197 941; x_wconf 64' lang='lat' dir='ltr'><strong>surculi</strong></span> <span class='ocrx_word' id='word_1_55' title='bbox 1259 884 1622 939; x_wconf 90' lang='lat' dir='ltr'><strong>emolumenta</strong></span> <span class='ocrx_word' id='word_1_56' title='bbox 1680 898 1809 939; x_wconf 92' lang='lat' dir='ltr'><strong>con-</strong></span> 
     </span>
    </p>
   </div>
   <div class='ocr_carea' id='block_1_9' title="bbox 205 973 1805 1047">
    <p class='ocr_par' dir='ltr' id='par_1_9' title="bbox 205 973 1805 1047">
     <span class='ocr_line' id='line_1_9' title="bbox 205 973 1805 1047; baseline -0.002 -17"><span class='ocrx_word' id='word_1_57' title='bbox 205 983 497 1042; x_wconf 81' lang='lat' dir='ltr'><strong>temnere,</strong></span> <span class='ocrx_word' id='word_1_58' title='bbox 543 985 605 1032; x_wconf 89' lang='lat' dir='ltr'><strong>ut</strong></span> <span class='ocrx_word' id='word_1_59' title='bbox 647 976 795 1033; x_wconf 89' lang='lat' dir='ltr'><strong>illum</strong></span> <span class='ocrx_word' id='word_1_60' title='bbox 836 976 1007 1047; x_wconf 85' lang='lat' dir='ltr'><strong>possit</strong></span> <span class='ocrx_word' id='word_1_61' title='bbox 1051 977 1281 1039; x_wconf 89' lang='lat' dir='ltr'><strong>habere,</strong></span> <span class='ocrx_word' id='word_1_62' title='bbox 1329 988 1491 1045; x_wconf 86' lang='lat' dir='ltr'><strong>quem</strong></span> <span class='ocrx_word' id='word_1_63' title='bbox 1523 973 1805 1044; x_wconf 86' lang='lat' dir='ltr'><strong>repererit.</strong></span> 
     </span>
    </p>
   </div>
   <div class='ocr_carea' id='block_1_10' title="bbox 207 1065 1809 1139">
    <p class='ocr_par' dir='ltr' id='par_1_10' title="bbox 207 1065 1809 1139">
     <span class='ocr_line' id='line_1_10' title="bbox 207 1065 1809 1139; baseline -0.002 -18"><span class='ocrx_word' id='word_1_64' title='bbox 207 1065 388 1134; x_wconf 80' lang='lat' dir='ltr'><strong>Quod</strong></span> <span class='ocrx_word' id='word_1_65' title='bbox 438 1075 621 1123; x_wconf 86' lang='lat' dir='ltr'><strong>autem</strong></span> <span class='ocrx_word' id='word_1_66' title='bbox 676 1067 950 1139; x_wconf 83' lang='lat' dir='ltr'><strong>sequitur:</strong></span> <span class='ocrx_word' id='word_1_67' title='bbox 1004 1066 1170 1135; x_wconf 83' lang='lat' dir='ltr'><strong>Quem</strong></span> <span class='ocrx_word' id='word_1_68' title='bbox 1197 1084 1316 1122; x_wconf 85' lang='lat' dir='ltr'><strong>cum</strong></span> <span class='ocrx_word' id='word_1_69' title='bbox 1361 1067 1610 1121; x_wconf 79' lang='lat' dir='ltr'><strong>invenerit</strong></span> <span class='ocrx_word' id='word_1_70' title='bbox 1657 1066 1809 1119; x_wconf 91' lang='lat' dir='ltr'><strong>homo</strong></span> 
     </span>
    </p>
   </div>
   <div class='ocr_carea' id='block_1_11' title="bbox 208 1155 1808 1228">
    <p class='ocr_par' dir='ltr' id='par_1_11' title="bbox 208 1155 1808 1228">
     <span class='ocr_line' id='line_1_11' title="bbox 208 1155 1808 1228; baseline -0.001 -18"><span class='ocrx_word' id='word_1_71' title='bbox 208 1155 526 1225; x_wconf 77' lang='lat' dir='ltr'><strong>abscondit,</strong></span> <span class='ocrx_word' id='word_1_72' title='bbox 550 1157 753 1213; x_wconf 90' lang='lat' dir='ltr'><strong>idcirco</strong></span> <span class='ocrx_word' id='word_1_73' title='bbox 773 1158 989 1223; x_wconf 88' lang='lat' dir='ltr'><strong>dicitur,</strong></span> <span class='ocrx_word' id='word_1_74' title='bbox 1005 1173 1112 1213; x_wconf 90' lang='lat' dir='ltr'><strong>non</strong></span> <span class='ocrx_word' id='word_1_75' title='bbox 1133 1158 1277 1228; x_wconf 89' lang='lat' dir='ltr'><strong>quod</strong></span> <span class='ocrx_word' id='word_1_76' title='bbox 1304 1158 1372 1213; x_wconf 91' lang='lat' dir='ltr'><strong>de</strong></span> <span class='ocrx_word' id='word_1_77' title='bbox 1394 1155 1593 1212; x_wconf 84' lang='lat' dir='ltr'><strong>invidia</strong></span> <span class='ocrx_word' id='word_1_78' title='bbox 1619 1155 1808 1220; x_wconf 83' lang='lat' dir='ltr'><strong>faciat,</strong></span> 
     </span>
    </p>
   </div>
   <div class='ocr_carea' id='block_1_12' title="bbox 210 1248 1808 1320">
    <p class='ocr_par' dir='ltr' id='par_1_12' title="bbox 210 1248 1808 1320">
     <span class='ocr_line' id='line_1_12' title="bbox 210 1248 1808 1320; baseline -0.001 -17"><span class='ocrx_word' id='word_1_79' title='bbox 210 1248 326 1303; x_wconf 88' lang='lat' dir='ltr'><strong>sed</strong></span> <span class='ocrx_word' id='word_1_80' title='bbox 352 1249 497 1318; x_wconf 89' lang='lat' dir='ltr'><strong>quod</strong></span> <span class='ocrx_word' id='word_1_81' title='bbox 528 1249 723 1305; x_wconf 83' lang='lat' dir='ltr'><strong>timore</strong></span> <span class='ocrx_word' id='word_1_82' title='bbox 756 1251 1025 1306; x_wconf 89' lang='lat' dir='ltr'><strong>servantis</strong></span> <span class='ocrx_word' id='word_1_83' title='bbox 1066 1259 1122 1307; x_wconf 91' lang='lat' dir='ltr'><strong>et</strong></span> <span class='ocrx_word' id='word_1_84' title='bbox 1145 1250 1376 1307; x_wconf 87' lang='lat' dir='ltr'><strong>nolentis</strong></span> <span class='ocrx_word' id='word_1_85' title='bbox 1413 1249 1643 1320; x_wconf 82' lang='lat' dir='ltr'><strong>perdere</strong></span> <span class='ocrx_word' id='word_1_86' title='bbox 1681 1248 1808 1302; x_wconf 87' lang='lat' dir='ltr'><strong>abs-</strong></span> 
     </span>
    </p>
   </div>
   <div class='ocr_carea' id='block_1_13' title="bbox 212 1334 1811 1410">
    <p class='ocr_par' dir='ltr' id='par_1_13' title="bbox 212 1334 1811 1410">
     <span class='ocr_line' id='line_1_13' title="bbox 212 1334 1811 1410; baseline -0.002 -19"><span class='ocrx_word' id='word_1_87' title='bbox 212 1336 433 1391; x_wconf 86' lang='lat' dir='ltr'><strong>condat</strong></span> <span class='ocrx_word' id='word_1_88' title='bbox 468 1337 523 1392; x_wconf 90' lang='lat' dir='ltr'><strong>in</strong></span> <span class='ocrx_word' id='word_1_89' title='bbox 553 1337 716 1394; x_wconf 90' lang='lat' dir='ltr'><strong>corde</strong></span> <span class='ocrx_word' id='word_1_90' title='bbox 760 1353 879 1405; x_wconf 92' lang='lat' dir='ltr'><strong>suo,</strong></span> <span class='ocrx_word' id='word_1_91' title='bbox 910 1352 1070 1408; x_wconf 85' lang='lat' dir='ltr'><strong>quem</strong></span> <span class='ocrx_word' id='word_1_92' title='bbox 1093 1339 1334 1410; x_wconf 90' lang='lat' dir='ltr'><strong>pristinis</strong></span> <span class='ocrx_word' id='word_1_93' title='bbox 1377 1336 1615 1409; x_wconf 60' lang='lat' dir='ltr'><strong>praetulit</strong></span> <span class='ocrx_word' id='word_1_94' title='bbox 1642 1334 1811 1391; x_wconf 82' lang='lat' dir='ltr'><strong>[acul-</strong></span> 
     </span>
    </p>
   </div>
   <div class='ocr_carea' id='block_1_14' title="bbox 213 1427 1812 1503">
    <p class='ocr_par' dir='ltr' id='par_1_14' title="bbox 213 1427 1812 1503">
     <span class='ocr_line' id='line_1_14' title="bbox 213 1427 1812 1503; baseline -0.001 -20"><span class='ocrx_word' id='word_1_95' title='bbox 213 1429 457 1485; x_wconf 84' lang='lat' dir='ltr'><strong>tatibus.</strong></span> <span class='ocrx_word' id='word_1_96' title='bbox 510 1430 692 1503; x_wconf 81' lang='lat' dir='ltr'><strong>(Aug.)</strong></span> <span class='ocrx_word' id='word_1_97' title='bbox 724 1431 856 1486; x_wconf 90' lang='lat' dir='ltr'><strong>Item</strong></span> <span class='ocrx_word' id='word_1_98' title='bbox 901 1431 1213 1487; x_wconf 82' lang='lat' dir='ltr'><strong>thesaurum</strong></span> <span class='ocrx_word' id='word_1_99' title='bbox 1263 1432 1316 1486; x_wconf 90' lang='lat' dir='ltr'><strong>in</strong></span> <span class='ocrx_word' id='word_1_100' title='bbox 1348 1445 1479 1502; x_wconf 93' lang='lat' dir='ltr'><strong>agro</strong></span> <span class='ocrx_word' id='word_1_101' title='bbox 1526 1427 1812 1484; x_wconf 88' lang='lat' dir='ltr'><strong>abscondi-</strong></span> 
     </span>
    </p>
   </div>
   <div class='ocr_carea' id='block_1_15' title="bbox 215 1519 1811 1595">
    <p class='ocr_par' dir='ltr' id='par_1_15' title="bbox 215 1519 1811 1595">
     <span class='ocr_line' id='line_1_15' title="bbox 215 1519 1811 1595; baseline 0.001 -22"><span class='ocrx_word' id='word_1_102' title='bbox 215 1528 348 1575; x_wconf 88' lang='lat' dir='ltr'><strong>tum</strong></span> <span class='ocrx_word' id='word_1_103' title='bbox 400 1520 556 1586; x_wconf 84' lang='lat' dir='ltr'><strong>dixit,</strong></span> <span class='ocrx_word' id='word_1_104' title='bbox 599 1522 704 1578; x_wconf 90' lang='lat' dir='ltr'><strong>duo</strong></span> <span class='ocrx_word' id='word_1_105' title='bbox 743 1521 1088 1579; x_wconf 84' lang='lat' dir='ltr'><strong>Testamenta</strong></span> <span class='ocrx_word' id='word_1_106' title='bbox 1116 1523 1248 1595; x_wconf 89' lang='lat' dir='ltr'><strong>legis</strong></span> <span class='ocrx_word' id='word_1_107' title='bbox 1283 1524 1339 1578; x_wconf 93' lang='lat' dir='ltr'><strong>in</strong></span> <span class='ocrx_word' id='word_1_108' title='bbox 1366 1521 1625 1579; x_wconf 85' lang='lat' dir='ltr'><strong>Ecclesia.</strong></span> <span class='ocrx_word' id='word_1_109' title='bbox 1678 1519 1811 1575; x_wconf 88' lang='lat' dir='ltr'><strong>Cum</strong></span> 
     </span>
    </p>
   </div>
   <div class='ocr_carea' id='block_1_16' title="bbox 213 1610 1812 1686">
    <p class='ocr_par' dir='ltr' id='par_1_16' title="bbox 213 1610 1812 1686">
     <span class='ocr_line' id='line_1_16' title="bbox 213 1610 1812 1686; baseline 0.003 -24"><span class='ocrx_word' id='word_1_110' title='bbox 213 1610 354 1678; x_wconf 86' lang='lat' dir='ltr'><strong>quis</strong></span> <span class='ocrx_word' id='word_1_111' title='bbox 400 1625 463 1666; x_wconf 88' lang='lat' dir='ltr'><strong>ea</strong></span> <span class='ocrx_word' id='word_1_112' title='bbox 501 1626 568 1667; x_wconf 85' lang='lat' dir='ltr'><strong>ex</strong></span> <span class='ocrx_word' id='word_1_113' title='bbox 597 1620 753 1682; x_wconf 88' lang='lat' dir='ltr'><strong>parte</strong></span> <span class='ocrx_word' id='word_1_114' title='bbox 793 1613 1100 1669; x_wconf 91' lang='lat' dir='ltr'><strong>intellectus</strong></span> <span class='ocrx_word' id='word_1_115' title='bbox 1150 1614 1425 1686; x_wconf 77' lang='lat' dir='ltr'><strong>attigerit,</strong></span> <span class='ocrx_word' id='word_1_116' title='bbox 1484 1613 1652 1668; x_wconf 89' lang='lat' dir='ltr'><strong>sentit</strong></span> <span class='ocrx_word' id='word_1_117' title='bbox 1702 1611 1812 1667; x_wconf 91' lang='lat' dir='ltr'><strong>illic</strong></span> 
     </span>
    </p>
   </div>
   <div class='ocr_carea' id='block_1_17' title="bbox 211 1699 1815 1770">
    <p class='ocr_par' dir='ltr' id='par_1_17' title="bbox 211 1699 1815 1770">
     <span class='ocr_line' id='line_1_17' title="bbox 211 1699 1815 1770; baseline 0.002 -18"><span class='ocrx_word' id='word_1_118' title='bbox 211 1713 426 1768; x_wconf 84' lang='lat' dir='ltr'><strong>magna</strong></span> <span class='ocrx_word' id='word_1_119' title='bbox 476 1699 677 1768; x_wconf 87' lang='lat' dir='ltr'><strong>latere,</strong></span> <span class='ocrx_word' id='word_1_120' title='bbox 725 1710 774 1756; x_wconf 88' lang='lat' dir='ltr'><strong>et</strong></span> <span class='ocrx_word' id='word_1_121' title='bbox 798 1702 975 1770; x_wconf 79' lang='lat' dir='ltr'><strong>vadit,</strong></span> <span class='ocrx_word' id='word_1_122' title='bbox 1022 1713 1071 1758; x_wconf 85' lang='lat' dir='ltr'><strong>et</strong></span> <span class='ocrx_word' id='word_1_123' title='bbox 1115 1703 1287 1759; x_wconf 78' lang='lat' dir='ltr'><strong>vendit</strong></span> <span class='ocrx_word' id='word_1_124' title='bbox 1356 1703 1533 1758; x_wconf 83' lang='lat' dir='ltr'><strong>omnia</strong></span> <span class='ocrx_word' id='word_1_125' title='bbox 1586 1719 1719 1768; x_wconf 83' lang='lat' dir='ltr'><strong>sua,</strong></span> <span class='ocrx_word' id='word_1_126' title='bbox 1759 1710 1815 1756; x_wconf 87' lang='lat' dir='ltr'><strong>et</strong></span> 
     </span>
    </p>
   </div>
   <div class='ocr_carea' id='block_1_18' title="bbox 212 1793 1809 1868">
    <p class='ocr_par' dir='ltr' id='par_1_18' title="bbox 212 1793 1809 1868">
     <span class='ocr_line' id='line_1_18' title="bbox 212 1793 1809 1868; baseline 0.003 -21"><span class='ocrx_word' id='word_1_127' title='bbox 212 1793 361 1848; x_wconf 93' lang='lat' dir='ltr'><strong>emit</strong></span> <span class='ocrx_word' id='word_1_128' title='bbox 387 1793 557 1858; x_wconf 89' lang='lat' dir='ltr'><strong>illum,</strong></span> <span class='ocrx_word' id='word_1_129' title='bbox 589 1794 642 1849; x_wconf 90' lang='lat' dir='ltr'><strong>id</strong></span> <span class='ocrx_word' id='word_1_130' title='bbox 671 1802 774 1861; x_wconf 88' lang='lat' dir='ltr'><strong>est,</strong></span> <span class='ocrx_word' id='word_1_131' title='bbox 806 1804 1118 1866; x_wconf 88' lang='lat' dir='ltr'><strong>contemptu</strong></span> <span class='ocrx_word' id='word_1_132' title='bbox 1161 1798 1541 1867; x_wconf 87' lang='lat' dir='ltr'><strong>temporalium</strong></span> <span class='ocrx_word' id='word_1_133' title='bbox 1593 1812 1809 1868; x_wconf 78' lang='lat' dir='ltr'><strong>compa-</strong></span> 
     </span>
    </p>
   </div>
   <div class='ocr_carea' id='block_1_19' title="bbox 215 1883 1579 1958">
    <p class='ocr_par' dir='ltr' id='par_1_19' title="bbox 215 1883 1579 1958">
     <span class='ocr_line' id='line_1_19' title="bbox 215 1883 1579 1958; baseline 0.004 -21"><span class='ocrx_word' id='word_1_134' title='bbox 215 1891 314 1937; x_wconf 86' lang='lat' dir='ltr'><strong>rat</strong></span> <span class='ocrx_word' id='word_1_135' title='bbox 338 1883 446 1940; x_wconf 90' lang='lat' dir='ltr'><strong>sibi</strong></span> <span class='ocrx_word' id='word_1_136' title='bbox 472 1885 662 1946; x_wconf 85' lang='lat' dir='ltr'><strong>otium,</strong></span> <span class='ocrx_word' id='word_1_137' title='bbox 690 1892 751 1940; x_wconf 90' lang='lat' dir='ltr'><strong>ut</strong></span> <span class='ocrx_word' id='word_1_138' title='bbox 777 1885 850 1940; x_wconf 87' lang='lat' dir='ltr'><strong>sit</strong></span> <span class='ocrx_word' id='word_1_139' title='bbox 871 1885 1022 1942; x_wconf 83' lang='lat' dir='ltr'><strong>dives</strong></span> <span class='ocrx_word' id='word_1_140' title='bbox 1041 1886 1097 1941; x_wconf 91' lang='lat' dir='ltr'><strong>in</strong></span> <span class='ocrx_word' id='word_1_141' title='bbox 1123 1887 1431 1958; x_wconf 77' lang='lat' dir='ltr'><strong>cognitione</strong></span> <span class='ocrx_word' id='word_1_142' title='bbox 1462 1888 1579 1944; x_wconf 91' lang='lat' dir='ltr'><strong>Dei.</strong></span> 
     </span>
    </p>
   </div>
   <div class='ocr_carea' id='block_1_20' title="bbox 288 1973 1817 2053">
    <p class='ocr_par' dir='ltr' id='par_1_20' title="bbox 288 1973 1817 2053">
     <span class='ocr_line' id='line_1_20' title="bbox 288 1973 1817 2053; baseline 0.007 -25"><span class='ocrx_word' id='word_1_143' title='bbox 288 1973 517 2041; x_wconf 87' lang='lat' dir='ltr'><strong>Iterum,</strong></span> <span class='ocrx_word' id='word_1_144' title='bbox 538 1975 708 2031; x_wconf 81' lang='lat' dir='ltr'><strong>simile</strong></span> <span class='ocrx_word' id='word_1_145' title='bbox 743 1985 820 2031; x_wconf 88' lang='lat' dir='ltr'><strong>est</strong></span> <span class='ocrx_word' id='word_1_146' title='bbox 854 1994 1070 2048; x_wconf 83' lang='lat' dir='ltr'><strong>regnum</strong></span> <span class='ocrx_word' id='word_1_147' title='bbox 1092 1977 1340 2033; x_wconf 67' lang='lat' dir='ltr'><strong>calorum</strong></span> <span class='ocrx_word' id='word_1_148' title='bbox 1364 1980 1563 2034; x_wconf 82' lang='lat' dir='ltr'><strong>homini</strong></span> <span class='ocrx_word' id='word_1_149' title='bbox 1583 1985 1817 2053; x_wconf 85' lang='lat' dir='ltr'><strong>negotia-</strong></span> 
     </span>
    </p>
   </div>
   <div class='ocr_carea' id='block_1_21' title="bbox 216 2067 1817 2148">
    <p class='ocr_par' dir='ltr' id='par_1_21' title="bbox 216 2067 1817 2148">
     <span class='ocr_line' id='line_1_21' title="bbox 216 2067 1817 2148; baseline 0.006 -27"><span class='ocrx_word' id='word_1_150' title='bbox 216 2067 337 2122; x_wconf 84' lang='lat' dir='ltr'><strong>tori</strong></span> <span class='ocrx_word' id='word_1_151' title='bbox 353 2071 607 2136; x_wconf 72' lang='lat' dir='ltr'><strong>quaerenti</strong></span> <span class='ocrx_word' id='word_1_152' title='bbox 627 2074 788 2125; x_wconf 90' lang='lat' dir='ltr'><strong>bonas</strong></span> <span class='ocrx_word' id='word_1_153' title='bbox 802 2073 1118 2144; x_wconf 81' lang='lat' dir='ltr'><strong>margaritas</strong></span> <span class='ocrx_word' id='word_1_154' title='bbox 1130 2090 1152 2140; x_wconf 90' lang='lat'><strong><em>;</em></strong></span> <span class='ocrx_word' id='word_1_155' title='bbox 1164 2075 1369 2130; x_wconf 85' lang='lat' dir='ltr'><strong>inventa</strong></span> <span class='ocrx_word' id='word_1_156' title='bbox 1385 2086 1560 2130; x_wconf 86' lang='lat' dir='ltr'><strong>autem</strong></span> <span class='ocrx_word' id='word_1_157' title='bbox 1582 2092 1687 2131; x_wconf 88' lang='lat' dir='ltr'><strong>una</strong></span> <span class='ocrx_word' id='word_1_158' title='bbox 1702 2093 1817 2148; x_wconf 88' lang='lat' dir='ltr'><strong>pre-</strong></span> 
     </span>
    </p>
   </div>
   <div class='ocr_carea' id='block_1_22' title="bbox 216 2157 1813 2238">
    <p class='ocr_par' dir='ltr' id='par_1_22' title="bbox 216 2157 1813 2238">
     <span class='ocr_line' id='line_1_22' title="bbox 216 2157 1813 2238; baseline 0.008 -29"><span class='ocrx_word' id='word_1_159' title='bbox 216 2157 370 2211; x_wconf 88' lang='lat' dir='ltr'><strong>tiosa</strong></span> <span class='ocrx_word' id='word_1_160' title='bbox 397 2159 706 2228; x_wconf 82' lang='lat' dir='ltr'><strong>margarita,</strong></span> <span class='ocrx_word' id='word_1_161' title='bbox 739 2160 867 2215; x_wconf 86' lang='lat' dir='ltr'><strong>abiit</strong></span> <span class='ocrx_word' id='word_1_162' title='bbox 912 2171 958 2216; x_wconf 87' lang='lat' dir='ltr'><strong>et</strong></span> <span class='ocrx_word' id='word_1_163' title='bbox 988 2163 1219 2218; x_wconf 76' lang='lat' dir='ltr'><strong>uendidit</strong></span> <span class='ocrx_word' id='word_1_164' title='bbox 1249 2165 1427 2220; x_wconf 82' lang='lat' dir='ltr'><strong>omnia</strong></span> <span class='ocrx_word' id='word_1_165' title='bbox 1461 2182 1578 2238; x_wconf 70' lang='lat' dir='ltr'><strong>quat</strong></span> <span class='ocrx_word' id='word_1_166' title='bbox 1609 2167 1813 2234; x_wconf 83' lang='lat' dir='ltr'><strong>habuit,</strong></span> 
     </span>
    </p>
   </div>
   <div class='ocr_carea' id='block_1_23' title="bbox 215 2248 1813 2330">
    <p class='ocr_par' dir='ltr' id='par_1_23' title="bbox 215 2248 1813 2330">
     <span class='ocr_line' id='line_1_23' title="bbox 215 2248 1813 2330; baseline 0.008 -30"><span class='ocrx_word' id='word_1_167' title='bbox 215 2256 276 2300; x_wconf 87' lang='lat' dir='ltr'><strong>et</strong></span> <span class='ocrx_word' id='word_1_168' title='bbox 298 2249 423 2301; x_wconf 83' lang='lat' dir='ltr'><strong>emit</strong></span> <span class='ocrx_word' id='word_1_169' title='bbox 452 2265 588 2303; x_wconf 90' lang='lat' dir='ltr'><strong>eam.</strong></span> <span class='ocrx_word' id='word_1_170' title='bbox 622 2248 824 2322; x_wconf 81' lang='lat' dir='ltr'><strong>(Greg.)</strong></span> <span class='ocrx_word' id='word_1_171' title='bbox 852 2252 1086 2309; x_wconf 81' lang='lat' dir='ltr'><strong>Rursum</strong></span> <span class='ocrx_word' id='word_1_172' title='bbox 1108 2254 1305 2326; x_wconf 90' lang='lat' dir='ltr'><strong>quippe</strong></span> <span class='ocrx_word' id='word_1_173' title='bbox 1328 2256 1551 2313; x_wconf 77' lang='lat' dir='ltr'><strong>cceleste</strong></span> <span class='ocrx_word' id='word_1_174' title='bbox 1589 2273 1813 2330; x_wconf 89' lang='lat' dir='ltr'><strong>regnum</strong></span> 
     </span>
    </p>
   </div>
   <div class='ocr_carea' id='block_1_24' title="bbox 217 2337 1815 2416">
    <p class='ocr_par' dir='ltr' id='par_1_24' title="bbox 217 2337 1815 2416">
     <span class='ocr_line' id='line_1_24' title="bbox 217 2337 1815 2416; baseline 0.007 -24"><span class='ocrx_word' id='word_1_175' title='bbox 217 2337 436 2392; x_wconf 85' lang='lat' dir='ltr'><strong>homini</strong></span> <span class='ocrx_word' id='word_1_176' title='bbox 486 2341 809 2411; x_wconf 84' lang='lat' dir='ltr'><strong>negotiatori</strong></span> <span class='ocrx_word' id='word_1_177' title='bbox 849 2343 1025 2399; x_wconf 90' lang='lat' dir='ltr'><strong>simile</strong></span> <span class='ocrx_word' id='word_1_178' title='bbox 1071 2345 1288 2408; x_wconf 87' lang='lat' dir='ltr'><strong>dicitur,</strong></span> <span class='ocrx_word' id='word_1_179' title='bbox 1326 2347 1422 2416; x_wconf 90' lang='lat' dir='ltr'><strong>qui</strong></span> <span class='ocrx_word' id='word_1_180' title='bbox 1468 2348 1639 2403; x_wconf 90' lang='lat' dir='ltr'><strong>bonas</strong></span> <span class='ocrx_word' id='word_1_181' title='bbox 1671 2362 1815 2403; x_wconf 88' lang='lat' dir='ltr'><strong>mar-</strong></span> 
     </span>
    </p>
   </div>
   <div class='ocr_carea' id='block_1_25' title="bbox 218 2425 1811 2507">
    <p class='ocr_par' dir='ltr' id='par_1_25' title="bbox 218 2425 1811 2507">
     <span class='ocr_line' id='line_1_25' title="bbox 218 2425 1811 2507; baseline 0.008 -29"><span class='ocrx_word' id='word_1_182' title='bbox 218 2425 434 2496; x_wconf 85' lang='lat' dir='ltr'><strong>garitas</strong></span> <span class='ocrx_word' id='word_1_183' title='bbox 459 2428 671 2497; x_wconf 64' lang='lat' dir='ltr'><strong>quierit,</strong></span> <span class='ocrx_word' id='word_1_184' title='bbox 705 2430 801 2484; x_wconf 89' lang='lat' dir='ltr'><strong>sed</strong></span> <span class='ocrx_word' id='word_1_185' title='bbox 846 2446 1009 2487; x_wconf 89' lang='lat' dir='ltr'><strong>unam</strong></span> <span class='ocrx_word' id='word_1_186' title='bbox 1040 2435 1333 2503; x_wconf 85' lang='lat' dir='ltr'><strong>pretiosam</strong></span> <span class='ocrx_word' id='word_1_187' title='bbox 1378 2435 1608 2502; x_wconf 85' lang='lat' dir='ltr'><strong>invenit,</strong></span> <span class='ocrx_word' id='word_1_188' title='bbox 1648 2452 1811 2507; x_wconf 88' lang='lat' dir='ltr'><strong>quam</strong></span> 
     </span>
    </p>
   </div>
   <div class='ocr_carea' id='block_1_26' title="bbox 217 2516 1812 2598">
    <p class='ocr_par' dir='ltr' id='par_1_26' title="bbox 217 2516 1812 2598">
     <span class='ocr_line' id='line_1_26' title="bbox 217 2516 1812 2598; baseline 0.01 -31"><span class='ocrx_word' id='word_1_189' title='bbox 217 2516 478 2571; x_wconf 85' lang='lat' dir='ltr'><strong>videlicet</strong></span> <span class='ocrx_word' id='word_1_190' title='bbox 516 2518 788 2575; x_wconf 84' lang='lat' dir='ltr'><strong>inventam</strong></span> <span class='ocrx_word' id='word_1_191' title='bbox 832 2524 1013 2579; x_wconf 90' lang='lat' dir='ltr'><strong>omnia</strong></span> <span class='ocrx_word' id='word_1_192' title='bbox 1055 2526 1296 2582; x_wconf 83' lang='lat' dir='ltr'><strong>vendens</strong></span> <span class='ocrx_word' id='word_1_193' title='bbox 1341 2527 1492 2582; x_wconf 90' lang='lat' dir='ltr'><strong>emit.</strong></span> <span class='ocrx_word' id='word_1_194' title='bbox 1540 2526 1691 2595; x_wconf 87' lang='lat' dir='ltr'><strong>Quod</strong></span> <span class='ocrx_word' id='word_1_195' title='bbox 1718 2529 1812 2598; x_wconf 90' lang='lat' dir='ltr'><strong>qui</strong></span> 
     </span>
    </p>
   </div>
   <div class='ocr_carea' id='block_1_27' title="bbox 221 2606 1814 2689">
    <p class='ocr_par' dir='ltr' id='par_1_27' title="bbox 221 2606 1814 2689">
     <span class='ocr_line' id='line_1_27' title="bbox 221 2606 1814 2689; baseline 0.009 -28"><span class='ocrx_word' id='word_1_196' title='bbox 221 2606 467 2662; x_wconf 70' lang='lat' dir='ltr'><strong>caelestis</strong></span> <span class='ocrx_word' id='word_1_197' title='bbox 502 2608 626 2664; x_wconf 82' lang='lat' dir='ltr'><strong>vitae</strong></span> <span class='ocrx_word' id='word_1_198' title='bbox 674 2610 1035 2681; x_wconf 90' lang='lat' dir='ltr'><strong>dulcedinem,</strong></span> <span class='ocrx_word' id='word_1_199' title='bbox 1085 2616 1140 2671; x_wconf 92' lang='lat' dir='ltr'><strong>in</strong></span> <span class='ocrx_word' id='word_1_200' title='bbox 1179 2625 1439 2688; x_wconf 89' lang='lat' dir='ltr'><strong>quantum</strong></span> <span class='ocrx_word' id='word_1_201' title='bbox 1484 2619 1814 2689; x_wconf 87' lang='lat' dir='ltr'><strong>possibilitas</strong></span> 
     </span>
    </p>
   </div>
   <div class='ocr_carea' id='block_1_28' title="bbox 221 2700 1809 2779">
    <p class='ocr_par' dir='ltr' id='par_1_28' title="bbox 221 2700 1809 2779">
     <span class='ocr_line' id='line_1_28' title="bbox 221 2700 1809 2779; baseline 0.009 -26"><span class='ocrx_word' id='word_1_202' title='bbox 221 2700 487 2766; x_wconf 86' lang='lat' dir='ltr'><strong>admittit,</strong></span> <span class='ocrx_word' id='word_1_203' title='bbox 512 2700 753 2772; x_wconf 77' lang='lat' dir='ltr'><strong>perfecte</strong></span> <span class='ocrx_word' id='word_1_204' title='bbox 773 2708 1106 2777; x_wconf 88' lang='lat' dir='ltr'><strong>cognoverit,</strong></span> <span class='ocrx_word' id='word_1_205' title='bbox 1130 2723 1194 2763; x_wconf 89' lang='lat' dir='ltr'><strong>ea</strong></span> <span class='ocrx_word' id='word_1_206' title='bbox 1216 2724 1337 2779; x_wconf 82' lang='lat' dir='ltr'><strong>quae</strong></span> <span class='ocrx_word' id='word_1_207' title='bbox 1366 2710 1420 2765; x_wconf 90' lang='lat' dir='ltr'><strong>in</strong></span> <span class='ocrx_word' id='word_1_208' title='bbox 1458 2712 1621 2766; x_wconf 89' lang='lat' dir='ltr'><strong>terris</strong></span> <span class='ocrx_word' id='word_1_209' title='bbox 1659 2727 1809 2767; x_wconf 89' lang='lat' dir='ltr'><strong>ama-</strong></span> 
     </span>
    </p>
   </div>
   <div class='ocr_carea' id='block_1_29' title="bbox 220 2791 1812 2872">
    <p class='ocr_par' dir='ltr' id='par_1_29' title="bbox 220 2791 1812 2872">
     <span class='ocr_line' id='line_1_29' title="bbox 220 2791 1812 2872; baseline 0.008 -29"><span class='ocrx_word' id='word_1_210' title='bbox 220 2798 402 2856; x_wconf 84' lang='lat' dir='ltr'><strong>verat,</strong></span> <span class='ocrx_word' id='word_1_211' title='bbox 427 2791 660 2848; x_wconf 90' lang='lat' dir='ltr'><strong>libenter</strong></span> <span class='ocrx_word' id='word_1_212' title='bbox 681 2804 873 2851; x_wconf 90' lang='lat' dir='ltr'><strong>cuncta</strong></span> <span class='ocrx_word' id='word_1_213' title='bbox 887 2796 1230 2868; x_wconf 85' lang='lat' dir='ltr'><strong>derelinquit.</strong></span> <span class='ocrx_word' id='word_1_214' title='bbox 1257 2800 1314 2853; x_wconf 88' lang='lat' dir='ltr'><strong>In</strong></span> <span class='ocrx_word' id='word_1_215' title='bbox 1336 2801 1741 2872; x_wconf 88' lang='lat' dir='ltr'><strong>comparatione</strong></span> <span class='ocrx_word' id='word_1_216' title='bbox 1760 2802 1812 2857; x_wconf 90' lang='lat' dir='ltr'><strong>ei</strong></span> 
     </span>
    </p>
   </div>
   <div class='ocr_carea' id='block_1_30' title="bbox 221 2880 1806 2962">
    <p class='ocr_par' dir='ltr' id='par_1_30' title="bbox 221 2880 1806 2962">
     <span class='ocr_line' id='line_1_30' title="bbox 221 2880 1806 2962; baseline 0.008 -29"><span class='ocrx_word' id='word_1_217' title='bbox 221 2880 709 2950; x_wconf 78' lang='lat' dir='ltr'><strong>vilescuntomnia,</strong></span> <span class='ocrx_word' id='word_1_218' title='bbox 737 2884 1163 2956; x_wconf 88' lang='lat' dir='ltr'><strong>deseritbahita,</strong></span> <span class='ocrx_word' id='word_1_219' title='bbox 1189 2897 1514 2960; x_wconf 88' lang='lat' dir='ltr'><strong>congregata</strong></span> <span class='ocrx_word' id='word_1_220' title='bbox 1528 2889 1806 2962; x_wconf 88' lang='lat' dir='ltr'><strong>dispergit,</strong></span> 
     </span>
    </p>
   </div>
   <div class='ocr_carea' id='block_1_31' title="bbox 223 2968 1810 3046">
    <p class='ocr_par' dir='ltr' id='par_1_31' title="bbox 223 2968 1810 3046">
     <span class='ocr_line' id='line_1_31' title="bbox 223 2968 1810 3046; baseline 0.008 -23"><span class='ocrx_word' id='word_1_221' title='bbox 223 2968 524 3027; x_wconf 86' lang='lat' dir='ltr'><strong>inardescit</strong></span> <span class='ocrx_word' id='word_1_222' title='bbox 540 2972 593 3027; x_wconf 90' lang='lat' dir='ltr'><strong>in</strong></span> <span class='ocrx_word' id='word_1_223' title='bbox 617 2974 930 3032; x_wconf 68' lang='lat' dir='ltr'><strong>cmlestibus</strong></span> <span class='ocrx_word' id='word_1_224' title='bbox 946 2978 1179 3035; x_wconf 90' lang='lat' dir='ltr'><strong>animus.</strong></span> <span class='ocrx_word' id='word_1_225' title='bbox 1200 2978 1284 3034; x_wconf 83' lang='lat' dir='ltr'><strong>Nil</strong></span> <span class='ocrx_word' id='word_1_226' title='bbox 1316 2980 1373 3035; x_wconf 92' lang='lat' dir='ltr'><strong>in</strong></span> <span class='ocrx_word' id='word_1_227' title='bbox 1398 2981 1632 3036; x_wconf 88' lang='lat' dir='ltr'><strong>terrenis</strong></span> <span class='ocrx_word' id='word_1_228' title='bbox 1657 2981 1810 3046; x_wconf 89' lang='lat' dir='ltr'><strong>libet,</strong></span> 
     </span>
    </p>
   </div>
   <div class='ocr_carea' id='block_1_32' title="bbox 219 3057 1812 3142">
    <p class='ocr_par' dir='ltr' id='par_1_32' title="bbox 219 3057 1812 3142">
     <span class='ocr_line' id='line_1_32' title="bbox 219 3057 1812 3142; baseline 0.011 -30"><span class='ocrx_word' id='word_1_229' title='bbox 219 3057 470 3115; x_wconf 82' lang='lat' dir='ltr'><strong>deforme</strong></span> <span class='ocrx_word' id='word_1_230' title='bbox 488 3063 822 3133; x_wconf 89' lang='lat' dir='ltr'><strong>conspicitur</strong></span> <span class='ocrx_word' id='word_1_231' title='bbox 834 3066 1094 3137; x_wconf 86' lang='lat' dir='ltr'><strong>quidquid</strong></span> <span class='ocrx_word' id='word_1_232' title='bbox 1114 3069 1180 3125; x_wconf 90' lang='lat' dir='ltr'><strong>de</strong></span> <span class='ocrx_word' id='word_1_233' title='bbox 1202 3078 1414 3126; x_wconf 89' lang='lat' dir='ltr'><strong>terrena</strong></span> <span class='ocrx_word' id='word_1_234' title='bbox 1428 3071 1677 3142; x_wconf 88' lang='lat' dir='ltr'><strong>placebat</strong></span> <span class='ocrx_word' id='word_1_235' title='bbox 1689 3086 1812 3142; x_wconf 86' lang='lat' dir='ltr'><strong>spe-</strong></span> 
     </span>
    </p>
   </div>
   <div class='ocr_carea' id='block_1_33' title="bbox 223 3145 1809 3231">
    <p class='ocr_par' dir='ltr' id='par_1_33' title="bbox 223 3145 1809 3231">
     <span class='ocr_line' id='line_1_33' title="bbox 223 3145 1809 3231; baseline 0.009 -32"><span class='ocrx_word' id='word_1_236' title='bbox 223 3145 333 3212; x_wconf 90' lang='lat' dir='ltr'><strong>cie,</strong></span> <span class='ocrx_word' id='word_1_237' title='bbox 369 3148 512 3216; x_wconf 93' lang='lat' dir='ltr'><strong>quod</strong></span> <span class='ocrx_word' id='word_1_238' title='bbox 530 3149 645 3205; x_wconf 88' lang='lat' dir='ltr'><strong>sola</strong></span> <span class='ocrx_word' id='word_1_239' title='bbox 669 3152 921 3221; x_wconf 63' lang='lat' dir='ltr'><strong>pretiosae</strong></span> <span class='ocrx_word' id='word_1_240' title='bbox 944 3157 1251 3227; x_wconf 61' lang='lat' dir='ltr'><strong>margarita:</strong></span> <span class='ocrx_word' id='word_1_241' title='bbox 1286 3159 1526 3215; x_wconf 87' lang='lat' dir='ltr'><strong>charitas</strong></span> <span class='ocrx_word' id='word_1_242' title='bbox 1546 3158 1718 3231; x_wconf 83' lang='lat' dir='ltr'><strong>fulget</strong></span> <span class='ocrx_word' id='word_1_243' title='bbox 1755 3159 1809 3214; x_wconf 93' lang='lat' dir='ltr'><strong>in</strong></span> 
     </span>
    </p>
   </div>
   <div class='ocr_carea' id='block_1_34' title="bbox 1911 606 3484 683">
    <p class='ocr_par' dir='ltr' id='par_1_34' title="bbox 1911 606 3484 683">
     <span class='ocr_line' id='line_1_34' title="bbox 1911 606 3484 683; baseline 0.004 -17"><span class='ocrx_word' id='word_1_244' title='bbox 1911 617 2121 669; x_wconf 90' lang='lat' dir='ltr'><strong>rattone</strong></span> <span class='ocrx_word' id='word_1_245' title='bbox 2148 621 2422 679; x_wconf 87' lang='lat' dir='ltr'><strong>cernatur.</strong></span> <span class='ocrx_word' id='word_1_246' title='bbox 2470 614 2616 680; x_wconf 84' lang='lat' dir='ltr'><strong>Quos</strong></span> <span class='ocrx_word' id='word_1_247' title='bbox 2646 622 2826 669; x_wconf 88' lang='lat' dir='ltr'><strong>tamen</strong></span> <span class='ocrx_word' id='word_1_248' title='bbox 2869 606 3058 671; x_wconf 84' lang='lat' dir='ltr'><strong>omnes</strong></span> <span class='ocrx_word' id='word_1_249' title='bbox 3086 630 3268 683; x_wconf 86' lang='lat' dir='ltr'><strong>veros,</strong></span> <span class='ocrx_word' id='word_1_250' title='bbox 3300 625 3358 672; x_wconf 88' lang='lat' dir='ltr'><strong>et</strong></span> <span class='ocrx_word' id='word_1_251' title='bbox 3389 618 3484 672; x_wconf 84' lang='lat' dir='ltr'><strong>lir-</strong></span> 
     </span>
    </p>
   </div>
   <div class='ocr_carea' id='block_1_35' title="bbox 1907 702 3484 778">
    <p class='ocr_par' dir='ltr' id='par_1_35' title="bbox 1907 702 3484 778">
     <span class='ocr_line' id='line_1_35' title="bbox 1907 702 3484 778; baseline 0.004 -21"><span class='ocrx_word' id='word_1_252' title='bbox 1907 717 2047 767; x_wconf 91' lang='lat' dir='ltr'><strong>mos,</strong></span> <span class='ocrx_word' id='word_1_253' title='bbox 2079 710 2137 758; x_wconf 88' lang='lat' dir='ltr'><strong>et</strong></span> <span class='ocrx_word' id='word_1_254' title='bbox 2157 702 2428 772; x_wconf 83' lang='lat' dir='ltr'><strong>perfectos</strong></span> <span class='ocrx_word' id='word_1_255' title='bbox 2457 703 2758 760; x_wconf 88' lang='lat' dir='ltr'><strong>intellectus</strong></span> <span class='ocrx_word' id='word_1_256' title='bbox 2788 720 2930 761; x_wconf 91' lang='lat' dir='ltr'><strong>unus</strong></span> <span class='ocrx_word' id='word_1_257' title='bbox 2959 705 3049 761; x_wconf 90' lang='lat' dir='ltr'><strong>ille</strong></span> <span class='ocrx_word' id='word_1_258' title='bbox 3085 707 3344 774; x_wconf 81' lang='lat' dir='ltr'><strong>continet,</strong></span> <span class='ocrx_word' id='word_1_259' title='bbox 3383 722 3484 778; x_wconf 91' lang='lat' dir='ltr'><strong>per</strong></span> 
     </span>
    </p>
   </div>
   <div class='ocr_carea' id='block_1_36' title="bbox 1908 792 3485 867">
    <p class='ocr_par' dir='ltr' id='par_1_36' title="bbox 1908 792 3485 867">
     <span class='ocr_line' id='line_1_36' title="bbox 1908 792 3485 867; baseline 0.006 -21"><span class='ocrx_word' id='word_1_260' title='bbox 1908 806 2069 863; x_wconf 90' lang='lat' dir='ltr'><strong>quem</strong></span> <span class='ocrx_word' id='word_1_261' title='bbox 2091 792 2234 849; x_wconf 82' lang='lat' dir='ltr'><strong>facta</strong></span> <span class='ocrx_word' id='word_1_262' title='bbox 2261 802 2387 851; x_wconf 92' lang='lat' dir='ltr'><strong>sunt</strong></span> <span class='ocrx_word' id='word_1_263' title='bbox 2407 795 2609 862; x_wconf 87' lang='lat' dir='ltr'><strong>omnia,</strong></span> <span class='ocrx_word' id='word_1_264' title='bbox 2631 795 2775 866; x_wconf 91' lang='lat' dir='ltr'><strong>quod</strong></span> <span class='ocrx_word' id='word_1_265' title='bbox 2794 805 2879 852; x_wconf 90' lang='lat' dir='ltr'><strong>est</strong></span> <span class='ocrx_word' id='word_1_266' title='bbox 2906 795 3138 853; x_wconf 83' lang='lat' dir='ltr'><strong>Verbum</strong></span> <span class='ocrx_word' id='word_1_267' title='bbox 3159 798 3276 855; x_wconf 88' lang='lat' dir='ltr'><strong>Dei.</strong></span> <span class='ocrx_word' id='word_1_268' title='bbox 3301 798 3485 867; x_wconf 87' lang='lat' dir='ltr'><strong>Quod-</strong></span> 
     </span>
    </p>
   </div>
   <div class='ocr_carea' id='block_1_37' title="bbox 1909 883 3485 959">
    <p class='ocr_par' dir='ltr' id='par_1_37' title="bbox 1909 883 3485 959">
     <span class='ocr_line' id='line_1_37' title="bbox 1909 883 3485 959; baseline 0.008 -21"><span class='ocrx_word' id='word_1_269' title='bbox 1909 883 2039 940; x_wconf 90' lang='lat' dir='ltr'><strong>libet</strong></span> <span class='ocrx_word' id='word_1_270' title='bbox 2068 894 2247 942; x_wconf 86' lang='lat' dir='ltr'><strong>autem</strong></span> <span class='ocrx_word' id='word_1_271' title='bbox 2274 887 2469 943; x_wconf 90' lang='lat' dir='ltr'><strong>horum</strong></span> <span class='ocrx_word' id='word_1_272' title='bbox 2493 887 2658 943; x_wconf 89' lang='lat' dir='ltr'><strong>trium</strong></span> <span class='ocrx_word' id='word_1_273' title='bbox 2686 887 2778 959; x_wconf 89' lang='lat' dir='ltr'><strong>sit,</strong></span> <span class='ocrx_word' id='word_1_274' title='bbox 2816 888 2901 945; x_wconf 89' lang='lat' dir='ltr'><strong>vel</strong></span> <span class='ocrx_word' id='word_1_275' title='bbox 2928 888 2978 944; x_wconf 91' lang='lat' dir='ltr'><strong>si</strong></span> <span class='ocrx_word' id='word_1_276' title='bbox 3018 889 3163 947; x_wconf 86' lang='lat' dir='ltr'><strong>aliud</strong></span> <span class='ocrx_word' id='word_1_277' title='bbox 3188 904 3485 949; x_wconf 87' lang='lat' dir='ltr'><strong>occurrere</strong></span> 
     </span>
    </p>
   </div>
   <div class='ocr_carea' id='block_1_38' title="bbox 1909 976 3487 1053">
    <p class='ocr_par' dir='ltr' id='par_1_38' title="bbox 1909 976 3487 1053">
     <span class='ocr_line' id='line_1_38' title="bbox 1909 976 3487 1053; baseline 0.006 -23"><span class='ocrx_word' id='word_1_278' title='bbox 1909 976 2162 1045; x_wconf 87' lang='lat' dir='ltr'><strong>potuerit,</strong></span> <span class='ocrx_word' id='word_1_279' title='bbox 2189 979 2333 1049; x_wconf 88' lang='lat' dir='ltr'><strong>quod</strong></span> <span class='ocrx_word' id='word_1_280' title='bbox 2361 980 2670 1049; x_wconf 81' lang='lat' dir='ltr'><strong>margaritae</strong></span> <span class='ocrx_word' id='word_1_281' title='bbox 2696 996 2859 1037; x_wconf 75' lang='lat' dir='ltr'><strong>unius</strong></span> <span class='ocrx_word' id='word_1_282' title='bbox 2887 989 2945 1037; x_wconf 93' lang='lat' dir='ltr'><strong>et</strong></span> <span class='ocrx_word' id='word_1_283' title='bbox 2975 982 3228 1053; x_wconf 72' lang='lat' dir='ltr'><strong>pretiosa:</strong></span> <span class='ocrx_word' id='word_1_284' title='bbox 3262 984 3487 1040; x_wconf 84' lang='lat' dir='ltr'><strong>nomine</strong></span> 
     </span>
    </p>
   </div>
   <div class='ocr_carea' id='block_1_39' title="bbox 1910 1066 3483 1144">
    <p class='ocr_par' dir='ltr' id='par_1_39' title="bbox 1910 1066 3483 1144">
     <span class='ocr_line' id='line_1_39' title="bbox 1910 1066 3483 1144; baseline 0.006 -23"><span class='ocrx_word' id='word_1_285' title='bbox 1910 1066 2051 1122; x_wconf 88' lang='lat' dir='ltr'><strong>bene</strong></span> <span class='ocrx_word' id='word_1_286' title='bbox 2087 1068 2438 1139; x_wconf 87' lang='lat' dir='ltr'><strong>signiﬁcetur,</strong></span> <span class='ocrx_word' id='word_1_287' title='bbox 2462 1071 2699 1141; x_wconf 89' lang='lat' dir='ltr'><strong>pretium</strong></span> <span class='ocrx_word' id='word_1_288' title='bbox 2723 1071 2841 1142; x_wconf 86' lang='lat' dir='ltr'><strong>ejus</strong></span> <span class='ocrx_word' id='word_1_289' title='bbox 2878 1080 2965 1129; x_wconf 90' lang='lat' dir='ltr'><strong>est</strong></span> <span class='ocrx_word' id='word_1_290' title='bbox 2991 1088 3092 1129; x_wconf 92' lang='lat' dir='ltr'><strong>nos</strong></span> <span class='ocrx_word' id='word_1_291' title='bbox 3120 1072 3249 1143; x_wconf 86' lang='lat' dir='ltr'><strong>ipsi,</strong></span> <span class='ocrx_word' id='word_1_292' title='bbox 3285 1073 3378 1144; x_wconf 89' lang='lat' dir='ltr'><strong>qui</strong></span> <span class='ocrx_word' id='word_1_293' title='bbox 3412 1073 3483 1130; x_wconf 79' lang='lat' dir='ltr'><strong>ad</strong></span> 
     </span>
    </p>
   </div>
   <div class='ocr_carea' id='block_1_40' title="bbox 1910 1158 3485 1245">
    <p class='ocr_par' dir='ltr' id='par_1_40' title="bbox 1910 1158 3485 1245">
     <span class='ocr_line' id='line_1_40' title="bbox 1910 1158 3485 1245; baseline 0.004 -33"><span class='ocrx_word' id='word_1_294' title='bbox 1910 1170 2030 1212; x_wconf 88' lang='lat' dir='ltr'><strong>eam</strong></span> <span class='ocrx_word' id='word_1_295' title='bbox 2066 1158 2444 1228; x_wconf 86' lang='lat' dir='ltr'><strong>possidendam</strong></span> <span class='ocrx_word' id='word_1_296' title='bbox 2490 1176 2598 1216; x_wconf 91' lang='lat' dir='ltr'><strong>non</strong></span> <span class='ocrx_word' id='word_1_297' title='bbox 2648 1177 2836 1245; x_wconf 81' lang='lat' dir='ltr'><strong>sumus</strong></span> <span class='ocrx_word' id='word_1_298' title='bbox 2876 1163 3054 1231; x_wconf 87' lang='lat' dir='ltr'><strong>liberi,</strong></span> <span class='ocrx_word' id='word_1_299' title='bbox 3099 1163 3203 1220; x_wconf 90' lang='lat' dir='ltr'><strong>nisi</strong></span> <span class='ocrx_word' id='word_1_300' title='bbox 3230 1162 3485 1220; x_wconf 91' lang='lat' dir='ltr'><strong>omnibus</strong></span> 
     </span>
    </p>
   </div>
   <div class='ocr_carea' id='block_1_41' title="bbox 1909 1248 3485 1325">
    <p class='ocr_par' dir='ltr' id='par_1_41' title="bbox 1909 1248 3485 1325">
     <span class='ocr_line' id='line_1_41' title="bbox 1909 1248 3485 1325; baseline 0.007 -24"><span class='ocrx_word' id='word_1_301' title='bbox 1909 1261 2008 1317; x_wconf 92' lang='lat' dir='ltr'><strong>pro</strong></span> <span class='ocrx_word' id='word_1_302' title='bbox 2027 1257 2212 1304; x_wconf 90' lang='lat' dir='ltr'><strong>nostra</strong></span> <span class='ocrx_word' id='word_1_303' title='bbox 2245 1248 2565 1306; x_wconf 86' lang='lat' dir='ltr'><strong>liberatione</strong></span> <span class='ocrx_word' id='word_1_304' title='bbox 2591 1254 2939 1323; x_wconf 89' lang='lat' dir='ltr'><strong>contemptis,</strong></span> <span class='ocrx_word' id='word_1_305' title='bbox 2966 1270 3087 1325; x_wconf 79' lang='lat' dir='ltr'><strong>quae</strong></span> <span class='ocrx_word' id='word_1_306' title='bbox 3114 1255 3485 1325; x_wconf 88' lang='lat' dir='ltr'><strong>temporaliter</strong></span> 
     </span>
    </p>
   </div>
   <div class='ocr_carea' id='block_1_42' title="bbox 1911 1338 3484 1413">
    <p class='ocr_par' dir='ltr' id='par_1_42' title="bbox 1911 1338 3484 1413">
     <span class='ocr_line' id='line_1_42' title="bbox 1911 1338 3484 1413; baseline 0.005 -19"><span class='ocrx_word' id='word_1_307' title='bbox 1911 1338 2272 1409; x_wconf 86' lang='lat' dir='ltr'><strong>possidentur.</strong></span> <span class='ocrx_word' id='word_1_308' title='bbox 2321 1338 2567 1396; x_wconf 76' lang='lat' dir='ltr'><strong>Venditis</strong></span> <span class='ocrx_word' id='word_1_309' title='bbox 2602 1342 2744 1396; x_wconf 91' lang='lat' dir='ltr'><strong>enim</strong></span> <span class='ocrx_word' id='word_1_310' title='bbox 2791 1342 2955 1398; x_wconf 89' lang='lat' dir='ltr'><strong>rebus</strong></span> <span class='ocrx_word' id='word_1_311' title='bbox 3000 1346 3224 1413; x_wconf 89' lang='lat' dir='ltr'><strong>nostris,</strong></span> <span class='ocrx_word' id='word_1_312' title='bbox 3276 1346 3484 1405; x_wconf 87' lang='lat' dir='ltr'><strong>nullum</strong></span> 
     </span>
    </p>
   </div>
   <div class='ocr_carea' id='block_1_43' title="bbox 1912 1426 3493 1507">
    <p class='ocr_par' dir='ltr' id='par_1_43' title="bbox 1912 1426 3493 1507">
     <span class='ocr_line' id='line_1_43' title="bbox 1912 1426 3493 1507; baseline 0.008 -25"><span class='ocrx_word' id='word_1_313' title='bbox 1912 1426 2087 1497; x_wconf 87' lang='lat' dir='ltr'><strong>majus</strong></span> <span class='ocrx_word' id='word_1_314' title='bbox 2126 1441 2312 1482; x_wconf 89' lang='lat' dir='ltr'><strong>earum</strong></span> <span class='ocrx_word' id='word_1_315' title='bbox 2355 1428 2650 1499; x_wconf 90' lang='lat' dir='ltr'><strong>accipimus</strong></span> <span class='ocrx_word' id='word_1_316' title='bbox 2691 1431 2947 1499; x_wconf 88' lang='lat' dir='ltr'><strong>pretium,</strong></span> <span class='ocrx_word' id='word_1_317' title='bbox 2972 1446 3136 1502; x_wconf 89' lang='lat' dir='ltr'><strong>quam</strong></span> <span class='ocrx_word' id='word_1_318' title='bbox 3186 1450 3288 1491; x_wconf 91' lang='lat' dir='ltr'><strong>nos</strong></span> <span class='ocrx_word' id='word_1_319' title='bbox 3316 1436 3493 1507; x_wconf 75' lang='lat' dir='ltr'><strong>ipsos,</strong></span> 
     </span>
    </p>
   </div>
   <div class='ocr_carea' id='block_1_44' title="bbox 1913 1517 3489 1589">
    <p class='ocr_par' dir='ltr' id='par_1_44' title="bbox 1913 1517 3489 1589">
     <span class='ocr_line' id='line_1_44' title="bbox 1913 1517 3489 1589; baseline 0.008 -18"><span class='ocrx_word' id='word_1_320' title='bbox 1913 1517 2040 1587; x_wconf 91' lang='lat' dir='ltr'><strong>quia</strong></span> <span class='ocrx_word' id='word_1_321' title='bbox 2064 1517 2261 1573; x_wconf 89' lang='lat' dir='ltr'><strong>talibus</strong></span> <span class='ocrx_word' id='word_1_322' title='bbox 2290 1517 2567 1589; x_wconf 89' lang='lat' dir='ltr'><strong>implicati,</strong></span> <span class='ocrx_word' id='word_1_323' title='bbox 2606 1519 2780 1575; x_wconf 90' lang='lat' dir='ltr'><strong>nostri</strong></span> <span class='ocrx_word' id='word_1_324' title='bbox 2807 1534 2912 1576; x_wconf 91' lang='lat' dir='ltr'><strong>non</strong></span> <span class='ocrx_word' id='word_1_325' title='bbox 2950 1536 3185 1586; x_wconf 90' lang='lat' dir='ltr'><strong>eramus,</strong></span> <span class='ocrx_word' id='word_1_326' title='bbox 3219 1532 3280 1580; x_wconf 93' lang='lat' dir='ltr'><strong>ut</strong></span> <span class='ocrx_word' id='word_1_327' title='bbox 3303 1540 3489 1584; x_wconf 77' lang='lat' dir='ltr'><strong>rursus</strong></span> 
     </span>
    </p>
   </div>
   <div class='ocr_carea' id='block_1_45' title="bbox 1913 1607 3495 1684">
    <p class='ocr_par' dir='ltr' id='par_1_45' title="bbox 1913 1607 3495 1684">
     <span class='ocr_line' id='line_1_45' title="bbox 1913 1607 3495 1684; baseline 0.006 -21"><span class='ocrx_word' id='word_1_328' title='bbox 1913 1621 2014 1663; x_wconf 90' lang='lat' dir='ltr'><strong>nos</strong></span> <span class='ocrx_word' id='word_1_329' title='bbox 2041 1607 2186 1677; x_wconf 90' lang='lat' dir='ltr'><strong>ipsos</strong></span> <span class='ocrx_word' id='word_1_330' title='bbox 2212 1623 2311 1679; x_wconf 90' lang='lat' dir='ltr'><strong>pro</strong></span> <span class='ocrx_word' id='word_1_331' title='bbox 2349 1608 2438 1663; x_wconf 91' lang='lat' dir='ltr'><strong>illa</strong></span> <span class='ocrx_word' id='word_1_332' title='bbox 2487 1610 2784 1680; x_wconf 87' lang='lat' dir='ltr'><strong>margarita</strong></span> <span class='ocrx_word' id='word_1_333' title='bbox 2821 1612 3050 1678; x_wconf 90' lang='lat' dir='ltr'><strong>demus;</strong></span> <span class='ocrx_word' id='word_1_334' title='bbox 3100 1628 3208 1669; x_wconf 91' lang='lat' dir='ltr'><strong>non</strong></span> <span class='ocrx_word' id='word_1_335' title='bbox 3245 1616 3373 1684; x_wconf 87' lang='lat' dir='ltr'><strong>quia</strong></span> <span class='ocrx_word' id='word_1_336' title='bbox 3404 1614 3495 1672; x_wconf 77' lang='lat' dir='ltr'><strong>vel</strong></span> 
     </span>
    </p>
   </div>
   <div class='ocr_carea' id='block_1_46' title="bbox 1913 1695 3494 1775">
    <p class='ocr_par' dir='ltr' id='par_1_46' title="bbox 1913 1695 3494 1775">
     <span class='ocr_line' id='line_1_46' title="bbox 1913 1695 3494 1775; baseline 0.007 -26"><span class='ocrx_word' id='word_1_337' title='bbox 1913 1695 2051 1751; x_wconf 87' lang='lat' dir='ltr'><strong>tanti</strong></span> <span class='ocrx_word' id='word_1_338' title='bbox 2078 1695 2244 1763; x_wconf 89' lang='lat' dir='ltr'><strong>valet,</strong></span> <span class='ocrx_word' id='word_1_339' title='bbox 2265 1697 2358 1752; x_wconf 86' lang='lat' dir='ltr'><strong>sed</strong></span> <span class='ocrx_word' id='word_1_340' title='bbox 2385 1697 2512 1768; x_wconf 88' lang='lat' dir='ltr'><strong>quia</strong></span> <span class='ocrx_word' id='word_1_341' title='bbox 2541 1698 2662 1768; x_wconf 89' lang='lat' dir='ltr'><strong>plus</strong></span> <span class='ocrx_word' id='word_1_342' title='bbox 2690 1699 2821 1754; x_wconf 86' lang='lat' dir='ltr'><strong>dare</strong></span> <span class='ocrx_word' id='word_1_343' title='bbox 2847 1715 2957 1756; x_wconf 91' lang='lat' dir='ltr'><strong>non</strong></span> <span class='ocrx_word' id='word_1_344' title='bbox 2997 1715 3305 1771; x_wconf 90' lang='lat' dir='ltr'><strong>possumus.</strong></span> <span class='ocrx_word' id='word_1_345' title='bbox 3338 1704 3494 1775; x_wconf 88' lang='lat' dir='ltr'><strong>(Hie-</strong></span> 
     </span>
    </p>
   </div>
   <div class='ocr_carea' id='block_1_47' title="bbox 1886 1782 3494 1863">
    <p class='ocr_par' dir='ltr' id='par_1_47' title="bbox 1886 1782 3494 1863">
     <span class='ocr_line' id='line_1_47' title="bbox 1886 1782 3494 1863; baseline 0.006 -23"><span class='ocrx_word' id='word_1_346' title='bbox 1886 1782 2058 1859; x_wconf 59' lang='lat' dir='ltr'><strong>‘ron.)</strong></span> <span class='ocrx_word' id='word_1_347' title='bbox 2102 1786 2275 1863; x_wconf 87' lang='lat' dir='ltr'><strong>Aliter</strong></span> <span class='ocrx_word' id='word_1_348' title='bbox 2319 1796 2499 1844; x_wconf 90' lang='lat' dir='ltr'><strong>autem</strong></span> <span class='ocrx_word' id='word_1_349' title='bbox 2541 1789 2658 1844; x_wconf 88' lang='lat' dir='ltr'><strong>haec</strong></span> <span class='ocrx_word' id='word_1_350' title='bbox 2703 1789 2959 1859; x_wconf 86' lang='lat' dir='ltr'><strong>parabola</strong></span> <span class='ocrx_word' id='word_1_351' title='bbox 3009 1791 3132 1847; x_wconf 89' lang='lat' dir='ltr'><strong>aliis</strong></span> <span class='ocrx_word' id='word_1_352' title='bbox 3191 1793 3373 1849; x_wconf 88' lang='lat' dir='ltr'><strong>verbis</strong></span> <span class='ocrx_word' id='word_1_353' title='bbox 3414 1794 3494 1849; x_wconf 89' lang='lat' dir='ltr'><strong>id—</strong></span> 
     </span>
    </p>
   </div>
   <div class='ocr_carea' id='block_1_48' title="bbox 1841 1876 3490 1960">
    <p class='ocr_par' dir='ltr' id='par_1_48' title="bbox 1841 1876 3490 1960">
     <span class='ocr_line' id='line_1_48' title="bbox 1841 1876 3490 1960; baseline 0.003 -24"><span class='ocrx_word' id='word_1_354' title='bbox 1841 1876 1890 1960; x_wconf 69' lang='lat' dir='ltr'><strong>B</strong></span> <span class='ocrx_word' id='word_1_355' title='bbox 1918 1882 2091 1953; x_wconf 88' lang='lat' dir='ltr'><strong>ipsum</strong></span> <span class='ocrx_word' id='word_1_356' title='bbox 2118 1883 2420 1952; x_wconf 80' lang='lat' dir='ltr'><strong>exprimere</strong></span> <span class='ocrx_word' id='word_1_357' title='bbox 2444 1890 2624 1954; x_wconf 86' lang='lat' dir='ltr'><strong>potest</strong></span> <span class='ocrx_word' id='word_1_358' title='bbox 2642 1884 2888 1955; x_wconf 84' lang='lat' dir='ltr'><strong>intelligi,</strong></span> <span class='ocrx_word' id='word_1_359' title='bbox 2911 1884 3055 1955; x_wconf 90' lang='lat' dir='ltr'><strong>quod</strong></span> <span class='ocrx_word' id='word_1_360' title='bbox 3081 1900 3245 1956; x_wconf 87' lang='lat' dir='ltr'><strong>supra</strong></span> <span class='ocrx_word' id='word_1_361' title='bbox 3273 1885 3490 1942; x_wconf 91' lang='lat' dir='ltr'><strong>dicitur.</strong></span> 
     </span>
    </p>
   </div>
   <div class='ocr_carea' id='block_1_49' title="bbox 1915 1972 3492 2046">
    <p class='ocr_par' dir='ltr' id='par_1_49' title="bbox 1915 1972 3492 2046">
     <span class='ocr_line' id='line_1_49' title="bbox 1915 1972 3492 2046; baseline 0.002 -18"><span class='ocrx_word' id='word_1_362' title='bbox 1915 1972 2078 2029; x_wconf 82' lang='lat' dir='ltr'><strong>Bonae</strong></span> <span class='ocrx_word' id='word_1_363' title='bbox 2115 1973 2424 2044; x_wconf 71' lang='lat' dir='ltr'><strong>margarita:</strong></span> <span class='ocrx_word' id='word_1_364' title='bbox 2458 1989 2596 2043; x_wconf 86' lang='lat' dir='ltr'><strong>quas</strong></span> <span class='ocrx_word' id='word_1_365' title='bbox 2632 1974 2828 2043; x_wconf 70' lang='lat' dir='ltr'><strong>quaerit</strong></span> <span class='ocrx_word' id='word_1_366' title='bbox 2875 1974 3114 2042; x_wconf 90' lang='lat' dir='ltr'><strong>institor,</strong></span> <span class='ocrx_word' id='word_1_367' title='bbox 3160 1974 3247 2031; x_wconf 81' lang='lat' dir='ltr'><strong>lex</strong></span> <span class='ocrx_word' id='word_1_368' title='bbox 3279 1984 3335 2031; x_wconf 91' lang='lat' dir='ltr'><strong>et</strong></span> <span class='ocrx_word' id='word_1_369' title='bbox 3362 1991 3492 2046; x_wconf 89' lang='lat' dir='ltr'><strong>pro-</strong></span> 
     </span>
    </p>
   </div>
   <div class='ocr_carea' id='block_1_50' title="bbox 1913 2063 3495 2135">
    <p class='ocr_par' dir='ltr' id='par_1_50' title="bbox 1913 2063 3495 2135">
     <span class='ocr_line' id='line_1_50' title="bbox 1913 2063 3495 2135; baseline 0.004 -18"><span class='ocrx_word' id='word_1_370' title='bbox 1913 2063 2090 2135; x_wconf 87' lang='lat' dir='ltr'><strong>phetae</strong></span> <span class='ocrx_word' id='word_1_371' title='bbox 2114 2073 2260 2120; x_wconf 91' lang='lat' dir='ltr'><strong>sunt.</strong></span> <span class='ocrx_word' id='word_1_372' title='bbox 2289 2065 2452 2131; x_wconf 88' lang='lat' dir='ltr'><strong>Audi,</strong></span> <span class='ocrx_word' id='word_1_373' title='bbox 2500 2064 2777 2133; x_wconf 82' lang='lat' dir='ltr'><strong>Marcion;</strong></span> <span class='ocrx_word' id='word_1_374' title='bbox 2808 2065 2957 2131; x_wconf 89' lang='lat' dir='ltr'><strong>audi,</strong></span> <span class='ocrx_word' id='word_1_375' title='bbox 2985 2065 3276 2122; x_wconf 61' lang='lat' dir='ltr'><strong>Manichaee</strong></span> <span class='ocrx_word' id='word_1_376' title='bbox 3300 2081 3315 2121; x_wconf 92' lang='lat'><strong>:</strong></span> <span class='ocrx_word' id='word_1_377' title='bbox 3337 2067 3495 2123; x_wconf 76' lang='lat' dir='ltr'><strong>bona:</strong></span> 
     </span>
    </p>
   </div>
   <div class='ocr_carea' id='block_1_51' title="bbox 1914 2153 3495 2226">
    <p class='ocr_par' dir='ltr' id='par_1_51' title="bbox 1914 2153 3495 2226">
     <span class='ocr_line' id='line_1_51' title="bbox 1914 2153 3495 2226; baseline 0.002 -18"><span class='ocrx_word' id='word_1_378' title='bbox 1914 2154 2221 2226; x_wconf 78' lang='lat' dir='ltr'><strong>margaritae</strong></span> <span class='ocrx_word' id='word_1_379' title='bbox 2250 2162 2380 2211; x_wconf 92' lang='lat' dir='ltr'><strong>sunt</strong></span> <span class='ocrx_word' id='word_1_380' title='bbox 2418 2153 2505 2210; x_wconf 80' lang='lat' dir='ltr'><strong>lex</strong></span> <span class='ocrx_word' id='word_1_381' title='bbox 2543 2162 2599 2210; x_wconf 93' lang='lat' dir='ltr'><strong>et</strong></span> <span class='ocrx_word' id='word_1_382' title='bbox 2630 2155 2927 2224; x_wconf 84' lang='lat' dir='ltr'><strong>prophetae,</strong></span> <span class='ocrx_word' id='word_1_383' title='bbox 2965 2160 3021 2210; x_wconf 91' lang='lat' dir='ltr'><strong>et</strong></span> <span class='ocrx_word' id='word_1_384' title='bbox 3056 2154 3251 2210; x_wconf 88' lang='lat' dir='ltr'><strong>notitia</strong></span> <span class='ocrx_word' id='word_1_385' title='bbox 3282 2155 3495 2211; x_wconf 80' lang='lat' dir='ltr'><strong>Veteris</strong></span> 
     </span>
    </p>
   </div>
   <div class='ocr_carea' id='block_1_52' title="bbox 1912 2243 3493 2316">
    <p class='ocr_par' dir='ltr' id='par_1_52' title="bbox 1912 2243 3493 2316">
     <span class='ocr_line' id='line_1_52' title="bbox 1912 2243 3493 2316; baseline 0 -17"><span class='ocrx_word' id='word_1_386' title='bbox 1912 2243 2282 2301; x_wconf 88' lang='lat' dir='ltr'><strong>lnstrumenti.</strong></span> <span class='ocrx_word' id='word_1_387' title='bbox 2348 2245 2468 2303; x_wconf 88' lang='lat' dir='ltr'><strong>Una</strong></span> <span class='ocrx_word' id='word_1_388' title='bbox 2526 2254 2704 2302; x_wconf 89' lang='lat' dir='ltr'><strong>autem</strong></span> <span class='ocrx_word' id='word_1_389' title='bbox 2760 2254 2847 2301; x_wconf 91' lang='lat' dir='ltr'><strong>est</strong></span> <span class='ocrx_word' id='word_1_390' title='bbox 2899 2245 3136 2316; x_wconf 88' lang='lat' dir='ltr'><strong>pretiosa</strong></span> <span class='ocrx_word' id='word_1_391' title='bbox 3199 2246 3493 2316; x_wconf 88' lang='lat' dir='ltr'><strong>margarita</strong></span> 
     </span>
    </p>
   </div>
   <div class='ocr_carea' id='block_1_53' title="bbox 1912 2337 3491 2410">
    <p class='ocr_par' dir='ltr' id='par_1_53' title="bbox 1912 2337 3491 2410">
     <span class='ocr_line' id='line_1_53' title="bbox 1912 2337 3491 2410; baseline -0.001 -16"><span class='ocrx_word' id='word_1_392' title='bbox 1912 2339 2139 2394; x_wconf 90' lang='lat' dir='ltr'><strong>scientia</strong></span> <span class='ocrx_word' id='word_1_393' title='bbox 2175 2339 2493 2406; x_wconf 87' lang='lat' dir='ltr'><strong>Salvatoris,</strong></span> <span class='ocrx_word' id='word_1_394' title='bbox 2528 2348 2585 2396; x_wconf 88' lang='lat' dir='ltr'><strong>et</strong></span> <span class='ocrx_word' id='word_1_395' title='bbox 2609 2347 3010 2396; x_wconf 86' lang='lat' dir='ltr'><strong>sacramentum</strong></span> <span class='ocrx_word' id='word_1_396' title='bbox 3032 2337 3301 2410; x_wconf 89' lang='lat' dir='ltr'><strong>passionis</strong></span> <span class='ocrx_word' id='word_1_397' title='bbox 3324 2337 3491 2402; x_wconf 90' lang='lat' dir='ltr'><strong>illius,</strong></span> 
     </span>
    </p>
   </div>
   <div class='ocr_carea' id='block_1_54' title="bbox 1912 2427 3497 2502">
    <p class='ocr_par' dir='ltr' id='par_1_54' title="bbox 1912 2427 3497 2502">
     <span class='ocr_line' id='line_1_54' title="bbox 1912 2427 3497 2502; baseline -0.003 -17"><span class='ocrx_word' id='word_1_398' title='bbox 1912 2440 1968 2485; x_wconf 89' lang='lat' dir='ltr'><strong>et</strong></span> <span class='ocrx_word' id='word_1_399' title='bbox 2018 2431 2433 2487; x_wconf 87' lang='lat' dir='ltr'><strong>resurrectionis</strong></span> <span class='ocrx_word' id='word_1_400' title='bbox 2485 2445 2784 2498; x_wconf 89' lang='lat' dir='ltr'><strong>arcanum;</strong></span> <span class='ocrx_word' id='word_1_401' title='bbox 2837 2446 2997 2502; x_wconf 89' lang='lat' dir='ltr'><strong>quem</strong></span> <span class='ocrx_word' id='word_1_402' title='bbox 3050 2445 3172 2486; x_wconf 91' lang='lat' dir='ltr'><strong>eum</strong></span> <span class='ocrx_word' id='word_1_403' title='bbox 3225 2427 3497 2483; x_wconf 89' lang='lat' dir='ltr'><strong>invenerit</strong></span> 
     </span>
    </p>
   </div>
   <div class='ocr_carea' id='block_1_55' title="bbox 1913 2516 3496 2593">
    <p class='ocr_par' dir='ltr' id='par_1_55' title="bbox 1913 2516 3496 2593">
     <span class='ocr_line' id='line_1_55' title="bbox 1913 2516 3496 2593; baseline -0.003 -17"><span class='ocrx_word' id='word_1_404' title='bbox 1913 2520 2076 2576; x_wconf 89' lang='lat' dir='ltr'><strong>homo</strong></span> <span class='ocrx_word' id='word_1_405' title='bbox 2100 2521 2403 2592; x_wconf 80' lang='lat' dir='ltr'><strong>negotiator</strong></span> <span class='ocrx_word' id='word_1_406' title='bbox 2439 2521 2631 2578; x_wconf 88' lang='lat' dir='ltr'><strong>similis</strong></span> <span class='ocrx_word' id='word_1_407' title='bbox 2669 2521 2821 2576; x_wconf 91' lang='lat' dir='ltr'><strong>Pauli</strong></span> <span class='ocrx_word' id='word_1_408' title='bbox 2860 2521 3110 2593; x_wconf 89' lang='lat' dir='ltr'><strong>apostoli,</strong></span> <span class='ocrx_word' id='word_1_409' title='bbox 3137 2520 3319 2576; x_wconf 90' lang='lat' dir='ltr'><strong>omnia</strong></span> <span class='ocrx_word' id='word_1_410' title='bbox 3360 2516 3496 2588; x_wconf 89' lang='lat' dir='ltr'><strong>legis</strong></span> 
     </span>
    </p>
   </div>
   <div class='ocr_carea' id='block_1_56' title="bbox 1910 2604 3493 2683">
    <p class='ocr_par' dir='ltr' id='par_1_56' title="bbox 1910 2604 3493 2683">
     <span class='ocr_line' id='line_1_56' title="bbox 1910 2604 3493 2683; baseline -0.004 -17"><span class='ocrx_word' id='word_1_411' title='bbox 1910 2611 2405 2682; x_wconf 87' lang='lat' dir='ltr'><strong>prophetarumque</strong></span> <span class='ocrx_word' id='word_1_412' title='bbox 2439 2611 2715 2683; x_wconf 90' lang='lat' dir='ltr'><strong>mysteria,</strong></span> <span class='ocrx_word' id='word_1_413' title='bbox 2762 2618 2819 2666; x_wconf 90' lang='lat' dir='ltr'><strong>et</strong></span> <span class='ocrx_word' id='word_1_414' title='bbox 2865 2610 3270 2666; x_wconf 88' lang='lat' dir='ltr'><strong>observationes</strong></span> <span class='ocrx_word' id='word_1_415' title='bbox 3304 2604 3493 2678; x_wconf 85' lang='lat' dir='ltr'><strong>pristi-</strong></span> 
     </span>
    </p>
   </div>
   <div class='ocr_carea' id='block_1_57' title="bbox 1910 2702 3493 2774">
    <p class='ocr_par' dir='ltr' id='par_1_57' title="bbox 1910 2702 3493 2774">
     <span class='ocr_line' id='line_1_57' title="bbox 1910 2702 3493 2774; baseline -0.004 -17"><span class='ocrx_word' id='word_1_416' title='bbox 1910 2716 2032 2769; x_wconf 87' lang='lat' dir='ltr'><strong>nas,</strong></span> <span class='ocrx_word' id='word_1_417' title='bbox 2075 2702 2131 2758; x_wconf 92' lang='lat' dir='ltr'><strong>in</strong></span> <span class='ocrx_word' id='word_1_418' title='bbox 2157 2703 2352 2773; x_wconf 88' lang='lat' dir='ltr'><strong>quibus</strong></span> <span class='ocrx_word' id='word_1_419' title='bbox 2379 2702 2650 2774; x_wconf 89' lang='lat' dir='ltr'><strong>inculpate</strong></span> <span class='ocrx_word' id='word_1_420' title='bbox 2679 2703 2909 2769; x_wconf 79' lang='lat' dir='ltr'><strong>vixerat,</strong></span> <span class='ocrx_word' id='word_1_421' title='bbox 2947 2702 3102 2773; x_wconf 88' lang='lat' dir='ltr'><strong>quasi</strong></span> <span class='ocrx_word' id='word_1_422' title='bbox 3137 2706 3493 2772; x_wconf 87' lang='lat' dir='ltr'><strong>purgamenta</strong></span> 
     </span>
    </p>
   </div>
   <div class='ocr_carea' id='block_1_58' title="bbox 1911 2786 3494 2865">
    <p class='ocr_par' dir='ltr' id='par_1_58' title="bbox 1911 2786 3494 2865">
     <span class='ocr_line' id='line_1_58' title="bbox 1911 2786 3494 2865; baseline -0.005 -16"><span class='ocrx_word' id='word_1_423' title='bbox 1911 2793 2229 2860; x_wconf 84' lang='lat' dir='ltr'><strong>contemnit,</strong></span> <span class='ocrx_word' id='word_1_424' title='bbox 2259 2802 2314 2849; x_wconf 87' lang='lat' dir='ltr'><strong>et</strong></span> <span class='ocrx_word' id='word_1_425' title='bbox 2334 2793 2488 2863; x_wconf 87' lang='lat' dir='ltr'><strong>quasi</strong></span> <span class='ocrx_word' id='word_1_426' title='bbox 2516 2793 2856 2865; x_wconf 88' lang='lat' dir='ltr'><strong>quisquilias,</strong></span> <span class='ocrx_word' id='word_1_427' title='bbox 2880 2802 2941 2846; x_wconf 89' lang='lat' dir='ltr'><strong>ut</strong></span> <span class='ocrx_word' id='word_1_428' title='bbox 2967 2790 3242 2847; x_wconf 86' lang='lat' dir='ltr'><strong>Christum</strong></span> <span class='ocrx_word' id='word_1_429' title='bbox 3267 2786 3494 2843; x_wconf 80' lang='lat' dir='ltr'><strong>lucrifa-</strong></span> 
     </span>
    </p>
   </div>
   <div class='ocr_carea' id='block_1_59' title="bbox 1912 2881 3490 2956">
    <p class='ocr_par' dir='ltr' id='par_1_59' title="bbox 1912 2881 3490 2956">
     <span class='ocr_line' id='line_1_59' title="bbox 1912 2881 3490 2956; baseline -0.005 -15"><span class='ocrx_word' id='word_1_430' title='bbox 1912 2886 2020 2941; x_wconf 87' lang='lat' dir='ltr'><strong>ciat</strong></span> <span class='ocrx_word' id='word_1_431' title='bbox 2045 2881 2212 2956; x_wconf 83' lang='lat' dir='ltr'><strong>(Phil.</strong></span> <span class='ocrx_word' id='word_1_432' title='bbox 2241 2883 2346 2956; x_wconf 86' lang='grc' dir='ltr'>ιιι).</span> <span class='ocrx_word' id='word_1_433' title='bbox 2390 2882 2508 2939; x_wconf 89' lang='lat' dir='ltr'><strong>Non</strong></span> <span class='ocrx_word' id='word_1_434' title='bbox 2539 2897 2646 2953; x_wconf 91' lang='lat' dir='ltr'><strong>quo</strong></span> <span class='ocrx_word' id='word_1_435' title='bbox 2677 2882 2916 2938; x_wconf 88' lang='lat' dir='ltr'><strong>inventio</strong></span> <span class='ocrx_word' id='word_1_436' title='bbox 2954 2881 3115 2935; x_wconf 89' lang='lat' dir='ltr'><strong>unius</strong></span> <span class='ocrx_word' id='word_1_437' title='bbox 3147 2895 3298 2936; x_wconf 70' lang='lat' dir='ltr'><strong>nova:</strong></span> <span class='ocrx_word' id='word_1_438' title='bbox 3336 2895 3490 2934; x_wconf 87' lang='lat' dir='ltr'><strong>mar-</strong></span> 
     </span>
    </p>
   </div>
   <div class='ocr_carea' id='block_1_60' title="bbox 1911 2969 3496 3045">
    <p class='ocr_par' dir='ltr' id='par_1_60' title="bbox 1911 2969 3496 3045">
     <span class='ocr_line' id='line_1_60' title="bbox 1911 2969 3496 3045; baseline -0.003 -16"><span class='ocrx_word' id='word_1_439' title='bbox 1911 2973 2099 3045; x_wconf 73' lang='lat' dir='ltr'><strong>garita:</strong></span> <span class='ocrx_word' id='word_1_440' title='bbox 2125 2974 2505 3031; x_wconf 89' lang='lat' dir='ltr'><strong>condemnatio</strong></span> <span class='ocrx_word' id='word_1_441' title='bbox 2540 2973 2609 3029; x_wconf 89' lang='lat' dir='ltr'><strong>sit</strong></span> <span class='ocrx_word' id='word_1_442' title='bbox 2638 2981 2920 3038; x_wconf 86' lang='lat' dir='ltr'><strong>veterum;</strong></span> <span class='ocrx_word' id='word_1_443' title='bbox 2965 2969 3059 3026; x_wconf 89' lang='lat' dir='ltr'><strong>sed</strong></span> <span class='ocrx_word' id='word_1_444' title='bbox 3087 2984 3194 3040; x_wconf 91' lang='lat' dir='ltr'><strong>quo</strong></span> <span class='ocrx_word' id='word_1_445' title='bbox 3214 2983 3496 3040; x_wconf 86' lang='lat' dir='ltr'><strong>compara-</strong></span> 
     </span>
    </p>
   </div>
   <div class='ocr_carea' id='block_1_61' title="bbox 1913 3062 3061 3137">
    <p class='ocr_par' dir='ltr' id='par_1_61' title="bbox 1913 3062 3061 3137">
     <span class='ocr_line' id='line_1_61' title="bbox 1913 3062 3061 3137; baseline -0.003 -18"><span class='ocrx_word' id='word_1_446' title='bbox 1913 3065 2059 3120; x_wconf 90' lang='lat' dir='ltr'><strong>tione</strong></span> <span class='ocrx_word' id='word_1_447' title='bbox 2080 3065 2199 3137; x_wconf 82' lang='lat' dir='ltr'><strong>ejus</strong></span> <span class='ocrx_word' id='word_1_448' title='bbox 2226 3066 2403 3121; x_wconf 89' lang='lat' dir='ltr'><strong>omnis</strong></span> <span class='ocrx_word' id='word_1_449' title='bbox 2425 3064 2528 3120; x_wconf 88' lang='lat' dir='ltr'><strong>alia</strong></span> <span class='ocrx_word' id='word_1_450' title='bbox 2550 3079 2763 3136; x_wconf 87' lang='lat' dir='ltr'><strong>gemma</strong></span> <span class='ocrx_word' id='word_1_451' title='bbox 2789 3063 2861 3118; x_wconf 89' lang='lat' dir='ltr'><strong>sit</strong></span> <span class='ocrx_word' id='word_1_452' title='bbox 2883 3062 3061 3119; x_wconf 87' lang='lat' dir='ltr'><strong>vilior.</strong></span> 
     </span>
    </p>
   </div>
   <div class='ocr_carea' id='block_1_62' title="bbox 1982 3151 3495 3226">
    <p class='ocr_par' dir='ltr' id='par_1_62' title="bbox 1982 3151 3495 3226">
     <span class='ocr_line' id='line_1_62' title="bbox 1982 3151 3495 3226; baseline -0.002 -18"><span class='ocrx_word' id='word_1_453' title='bbox 1982 3152 2184 3209; x_wconf 82' lang='lat' dir='ltr'><strong>Iterum</strong></span> <span class='ocrx_word' id='word_1_454' title='bbox 2205 3156 2376 3210; x_wconf 85' lang='lat' dir='ltr'><strong>simile</strong></span> <span class='ocrx_word' id='word_1_455' title='bbox 2394 3166 2469 3210; x_wconf 91' lang='lat' dir='ltr'><strong>est</strong></span> <span class='ocrx_word' id='word_1_456' title='bbox 2492 3171 2706 3226; x_wconf 84' lang='lat' dir='ltr'><strong>regnum</strong></span> <span class='ocrx_word' id='word_1_457' title='bbox 2735 3152 2983 3208; x_wconf 73' lang='lat' dir='ltr'><strong>caelorum</strong></span> <span class='ocrx_word' id='word_1_458' title='bbox 3011 3169 3219 3225; x_wconf 74' lang='lat' dir='ltr'><strong>sagena:</strong></span> <span class='ocrx_word' id='word_1_459' title='bbox 3243 3151 3417 3206; x_wconf 77' lang='lat' dir='ltr'><strong>misstv</strong></span> <span class='ocrx_word' id='word_1_460' title='bbox 3438 3152 3495 3206; x_wconf 87' lang='lat' dir='ltr'><strong>in</strong></span> 
     </span>
    </p>
   </div>
   <div class='ocr_carea' id='block_1_63' title="bbox 223 3237 3493 3319">
    <p class='ocr_par' dir='ltr' id='par_1_63' title="bbox 223 3237 3493 3319">
     <span class='ocr_line' id='line_1_63' title="bbox 223 3237 3493 3319; baseline 0.007 -31"><span class='ocrx_word' id='word_1_461' title='bbox 223 3244 427 3291; x_wconf 88' lang='lat' dir='ltr'><strong>mente.</strong></span> <span class='ocrx_word' id='word_1_462' title='bbox 442 3237 680 3305; x_wconf 68' lang='lat' dir='ltr'><strong>Quaestio</strong></span> <span class='ocrx_word' id='word_1_463' title='bbox 692 3242 974 3314; x_wconf 87' lang='lat' dir='ltr'><strong>estitaque</strong></span> <span class='ocrx_word' id='word_1_464' title='bbox 994 3249 1603 3319; x_wconf 84' lang='lat' dir='ltr'><strong>curanumeroplurali,</strong></span> <span class='ocrx_word' id='word_1_465' title='bbox 1617 3250 1685 3305; x_wconf 88' lang='lat' dir='ltr'><strong>ad</strong></span> <span class='ocrx_word' id='word_1_466' title='bbox 1704 3250 1813 3306; x_wconf 87' lang='lat' dir='ltr'><strong>sin-</strong></span> <span class='ocrx_word' id='word_1_467' title='bbox 1838 3246 1883 3309; x_wconf 90' lang='lat' dir='ltr'>C</span> <span class='ocrx_word' id='word_1_468' title='bbox 1913 3261 2080 3312; x_wconf 78' lang='lat' dir='ltr'><strong>mare.</strong></span> <span class='ocrx_word' id='word_1_469' title='bbox 2120 3255 2169 3301; x_wconf 79' lang='lat' dir='ltr'><strong>et</strong></span> <span class='ocrx_word' id='word_1_470' title='bbox 2200 3261 2265 3300; x_wconf 70' lang='lat' dir='ltr'><strong>ex</strong></span> <span class='ocrx_word' id='word_1_471' title='bbox 2286 3246 2427 3300; x_wconf 78' lang='lat' dir='ltr'><strong>omni</strong></span> <span class='ocrx_word' id='word_1_472' title='bbox 2469 3261 2652 3317; x_wconf 78' lang='lat' dir='ltr'><strong>genere</strong></span> <span class='ocrx_word' id='word_1_473' title='bbox 2681 3244 2903 3314; x_wconf 76' lang='lat' dir='ltr'><strong>piscium</strong></span> <span class='ocrx_word' id='word_1_474' title='bbox 2936 3242 3295 3313; x_wconf 63' lang='lat' dir='ltr'><strong>contingenti.</strong></span> <span class='ocrx_word' id='word_1_475' title='bbox 3334 3255 3493 3309; x_wconf 74' lang='lat' dir='ltr'><strong>quam</strong></span> 
     </span>
    </p>
   </div>
   <div class='ocr_carea' id='block_1_64' title="bbox 224 3324 1814 3412">
    <p class='ocr_par' dir='ltr' id='par_1_64' title="bbox 224 3324 1814 3412">
     <span class='ocr_line' id='line_1_64' title="bbox 224 3324 1814 3412; baseline 0.012 -34"><span class='ocrx_word' id='word_1_476' title='bbox 224 3324 474 3394; x_wconf 85' lang='lat' dir='ltr'><strong>gularem</strong></span> <span class='ocrx_word' id='word_1_477' title='bbox 507 3329 805 3398; x_wconf 89' lang='lat' dir='ltr'><strong>transierit,</strong></span> <span class='ocrx_word' id='word_1_478' title='bbox 834 3341 895 3388; x_wconf 89' lang='lat' dir='ltr'><strong>ut</strong></span> <span class='ocrx_word' id='word_1_479' title='bbox 920 3349 1041 3390; x_wconf 90' lang='lat' dir='ltr'><strong>cum</strong></span> <span class='ocrx_word' id='word_1_480' title='bbox 1071 3346 1276 3406; x_wconf 75' lang='lat' dir='ltr'><strong>quaerat</strong></span> <span class='ocrx_word' id='word_1_481' title='bbox 1301 3339 1463 3395; x_wconf 88' lang='lat' dir='ltr'><strong>homo</strong></span> <span class='ocrx_word' id='word_1_482' title='bbox 1488 3342 1814 3412; x_wconf 86' lang='lat' dir='ltr'><strong>margaritas</strong></span> 
     </span>
    </p>
   </div>
   <div class='ocr_carea' id='block_1_65' title="bbox 222 3414 1815 3497">
    <p class='ocr_par' dir='ltr' id='par_1_65' title="bbox 222 3414 1815 3497">
     <span class='ocr_line' id='line_1_65' title="bbox 222 3414 1815 3497; baseline 0.013 -29"><span class='ocrx_word' id='word_1_483' title='bbox 222 3415 419 3482; x_wconf 82' lang='lat' dir='ltr'><strong>bonas,</strong></span> <span class='ocrx_word' id='word_1_484' title='bbox 445 3433 608 3474; x_wconf 89' lang='lat' dir='ltr'><strong>unam</strong></span> <span class='ocrx_word' id='word_1_485' title='bbox 638 3420 882 3479; x_wconf 87' lang='lat' dir='ltr'><strong>inveniat</strong></span> <span class='ocrx_word' id='word_1_486' title='bbox 904 3426 1220 3494; x_wconf 89' lang='lat' dir='ltr'><strong>pretiosam,</strong></span> <span class='ocrx_word' id='word_1_487' title='bbox 1240 3443 1424 3497; x_wconf 87' lang='lat' dir='ltr'><strong>quam,</strong></span> <span class='ocrx_word' id='word_1_488' title='bbox 1443 3414 1675 3487; x_wconf 86' lang='lat' dir='ltr'><strong>venditis</strong></span> <span class='ocrx_word' id='word_1_489' title='bbox 1694 3448 1815 3487; x_wconf 91' lang='lat' dir='ltr'><strong>om-</strong></span> 
     </span>
    </p>
   </div>
   <div class='ocr_carea' id='block_1_66' title="bbox 223 3504 1814 3588">
    <p class='ocr_par' dir='ltr' id='par_1_66' title="bbox 223 3504 1814 3588">
     <span class='ocr_line' id='line_1_66' title="bbox 223 3504 1814 3588; baseline 0.013 -30"><span class='ocrx_word' id='word_1_490' title='bbox 223 3504 386 3562; x_wconf 87' lang='lat' dir='ltr'><strong>nibus</strong></span> <span class='ocrx_word' id='word_1_491' title='bbox 423 3521 544 3577; x_wconf 66' lang='lat' dir='ltr'><strong>qua:</strong></span> <span class='ocrx_word' id='word_1_492' title='bbox 587 3509 772 3578; x_wconf 87' lang='lat' dir='ltr'><strong>habet,</strong></span> <span class='ocrx_word' id='word_1_493' title='bbox 799 3525 965 3569; x_wconf 89' lang='lat' dir='ltr'><strong>emat.</strong></span> <span class='ocrx_word' id='word_1_494' title='bbox 997 3515 1107 3572; x_wconf 83' lang='lat' dir='ltr'><strong>Aut</strong></span> <span class='ocrx_word' id='word_1_495' title='bbox 1129 3533 1260 3588; x_wconf 87' lang='lat' dir='ltr'><strong>ergo</strong></span> <span class='ocrx_word' id='word_1_496' title='bbox 1292 3519 1395 3574; x_wconf 89' lang='lat' dir='ltr'><strong>iste</strong></span> <span class='ocrx_word' id='word_1_497' title='bbox 1423 3519 1594 3576; x_wconf 86' lang='lat' dir='ltr'><strong>bonos</strong></span> <span class='ocrx_word' id='word_1_498' title='bbox 1639 3522 1814 3578; x_wconf 89' lang='lat' dir='ltr'><strong>homi-</strong></span> 
     </span>
    </p>
   </div>
   <div class='ocr_carea' id='block_1_67' title="bbox 222 3604 1814 3683">
    <p class='ocr_par' dir='ltr' id='par_1_67' title="bbox 222 3604 1814 3683">
     <span class='ocr_line' id='line_1_67' title="bbox 222 3604 1814 3683; baseline 0.013 -34"><span class='ocrx_word' id='word_1_499' title='bbox 222 3609 326 3651; x_wconf 86' lang='lat' dir='ltr'><strong>nes</strong></span> <span class='ocrx_word' id='word_1_500' title='bbox 351 3611 620 3667; x_wconf 67' lang='lat' dir='ltr'><strong>quaarens,</strong></span> <span class='ocrx_word' id='word_1_501' title='bbox 662 3617 787 3657; x_wconf 91' lang='lat' dir='ltr'><strong>cum</strong></span> <span class='ocrx_word' id='word_1_502' title='bbox 819 3604 1018 3675; x_wconf 85' lang='lat' dir='ltr'><strong>quibus</strong></span> <span class='ocrx_word' id='word_1_503' title='bbox 1058 3607 1265 3664; x_wconf 91' lang='lat' dir='ltr'><strong>utiliter</strong></span> <span class='ocrx_word' id='word_1_504' title='bbox 1301 3611 1468 3678; x_wconf 86' lang='lat' dir='ltr'><strong>vivat,</strong></span> <span class='ocrx_word' id='word_1_505' title='bbox 1497 3627 1668 3667; x_wconf 90' lang='lat' dir='ltr'><strong>unum</strong></span> <span class='ocrx_word' id='word_1_506' title='bbox 1701 3628 1814 3683; x_wconf 79' lang='lat' dir='ltr'><strong>prae</strong></span> 
     </span>
    </p>
   </div>
   <div class='ocr_carea' id='block_1_68' title="bbox 222 3687 1812 3765">
    <p class='ocr_par' dir='ltr' id='par_1_68' title="bbox 222 3687 1812 3765">
     <span class='ocr_line' id='line_1_68' title="bbox 222 3687 1812 3765; baseline 0.011 -26"><span class='ocrx_word' id='word_1_507' title='bbox 222 3687 478 3744; x_wconf 85' lang='lat' dir='ltr'><strong>omnibus</strong></span> <span class='ocrx_word' id='word_1_508' title='bbox 511 3689 719 3747; x_wconf 88' lang='lat' dir='ltr'><strong>invenit</strong></span> <span class='ocrx_word' id='word_1_509' title='bbox 740 3693 859 3749; x_wconf 88' lang='lat' dir='ltr'><strong>sine</strong></span> <span class='ocrx_word' id='word_1_510' title='bbox 885 3704 1110 3765; x_wconf 88' lang='lat' dir='ltr'><strong>peccato</strong></span> <span class='ocrx_word' id='word_1_511' title='bbox 1134 3699 1474 3755; x_wconf 86' lang='lat' dir='ltr'><strong>mediatorem</strong></span> <span class='ocrx_word' id='word_1_512' title='bbox 1495 3701 1596 3756; x_wconf 84' lang='lat' dir='ltr'><strong>Dei</strong></span> <span class='ocrx_word' id='word_1_513' title='bbox 1633 3712 1681 3756; x_wconf 90' lang='lat' dir='ltr'><strong>et</strong></span> <span class='ocrx_word' id='word_1_514' title='bbox 1715 3701 1812 3756; x_wconf 86' lang='lat' dir='ltr'><strong>ho-</strong></span> 
     </span>
    </p>
   </div>
   <div class='ocr_carea' id='block_1_69' title="bbox 222 3778 1813 3866">
    <p class='ocr_par' dir='ltr' id='par_1_69' title="bbox 222 3778 1813 3866">
     <span class='ocr_line' id='line_1_69' title="bbox 222 3778 1813 3866; baseline 0.011 -34"><span class='ocrx_word' id='word_1_515' title='bbox 222 3778 427 3834; x_wconf 84' lang='lat' dir='ltr'><strong>minum</strong></span> <span class='ocrx_word' id='word_1_516' title='bbox 468 3781 730 3839; x_wconf 84' lang='lat' dir='ltr'><strong>hominem</strong></span> <span class='ocrx_word' id='word_1_517' title='bbox 782 3784 1048 3843; x_wconf 79' lang='lat' dir='ltr'><strong>Christum</strong></span> <span class='ocrx_word' id='word_1_518' title='bbox 1098 3789 1279 3845; x_wconf 75' lang='lat' dir='ltr'><strong>Iesum</strong></span> <span class='ocrx_word' id='word_1_519' title='bbox 1319 3791 1374 3862; x_wconf 91' lang='lat' dir='ltr'><strong>(I</strong></span> <span class='ocrx_word' id='word_1_520' title='bbox 1414 3791 1547 3847; x_wconf 89' lang='lat' dir='ltr'><strong>Tim.</strong></span> <span class='ocrx_word' id='word_1_521' title='bbox 1572 3797 1674 3866; x_wconf 86' lang='grc' dir='ltr'>ιι);</span> <span class='ocrx_word' id='word_1_522' title='bbox 1717 3802 1813 3849; x_wconf 86' lang='lat' dir='ltr'><strong>aut</strong></span> 
     </span>
    </p>
   </div>
   <div class='ocr_carea' id='block_1_70' title="bbox 222 3878 1811 3948">
    <p class='ocr_par' dir='ltr' id='par_1_70' title="bbox 222 3878 1811 3948">
     <span class='ocr_line' id='line_1_70' title="bbox 222 3878 1811 3948; baseline 0.009 -23"><span class='ocrx_word' id='word_1_523' title='bbox 222 3881 492 3942; x_wconf 62' lang='lat' dir='ltr'><strong>praecepta</strong></span> <span class='ocrx_word' id='word_1_524' title='bbox 533 3889 803 3945; x_wconf 57' lang='lat' dir='ltr'><strong>quaerens,</strong></span> <span class='ocrx_word' id='word_1_525' title='bbox 835 3878 1032 3948; x_wconf 89' lang='lat' dir='ltr'><strong>quibus</strong></span> <span class='ocrx_word' id='word_1_526' title='bbox 1056 3882 1308 3948; x_wconf 89' lang='lat' dir='ltr'><strong>servatis,</strong></span> <span class='ocrx_word' id='word_1_527' title='bbox 1340 3897 1464 3938; x_wconf 90' lang='lat' dir='ltr'><strong>cum</strong></span> <span class='ocrx_word' id='word_1_528' title='bbox 1502 3884 1811 3939; x_wconf 88' lang='lat' dir='ltr'><strong>hominibus</strong></span> 
     </span>
    </p>
   </div>
   <div class='ocr_carea' id='block_1_71' title="bbox 225 3972 1810 4048">
    <p class='ocr_par' dir='ltr' id='par_1_71' title="bbox 225 3972 1810 4048">
     <span class='ocr_line' id='line_1_71' title="bbox 225 3972 1810 4048; baseline 0.008 -29"><span class='ocrx_word' id='word_1_529' title='bbox 225 3973 375 4022; x_wconf 81' lang='lat' dir='ltr'><strong>recte</strong></span> <span class='ocrx_word' id='word_1_530' title='bbox 401 3979 778 4037; x_wconf 86' lang='lat' dir='ltr'><strong>conversetur,</strong></span> <span class='ocrx_word' id='word_1_531' title='bbox 809 3972 1015 4029; x_wconf 90' lang='lat' dir='ltr'><strong>invenit</strong></span> <span class='ocrx_word' id='word_1_532' title='bbox 1062 3975 1402 4032; x_wconf 87' lang='lat' dir='ltr'><strong>dilectionem</strong></span> <span class='ocrx_word' id='word_1_533' title='bbox 1455 3977 1709 4048; x_wconf 82' lang='lat' dir='ltr'><strong>proximi.</strong></span> <span class='ocrx_word' id='word_1_534' title='bbox 1748 3976 1810 4032; x_wconf 86' lang='lat' dir='ltr'><strong>In</strong></span> 
     </span>
    </p>
   </div>
   <div class='ocr_carea' id='block_1_72' title="bbox 225 4058 1811 4132">
    <p class='ocr_par' dir='ltr' id='par_1_72' title="bbox 225 4058 1811 4132">
     <span class='ocr_line' id='line_1_72' title="bbox 225 4058 1811 4132; baseline 0.006 -21"><span class='ocrx_word' id='word_1_535' title='bbox 225 4069 335 4125; x_wconf 88' lang='lat' dir='ltr'><strong>quo</strong></span> <span class='ocrx_word' id='word_1_536' title='bbox 362 4071 471 4113; x_wconf 91' lang='lat' dir='ltr'><strong>uno</strong></span> <span class='ocrx_word' id='word_1_537' title='bbox 492 4058 625 4114; x_wconf 90' lang='lat' dir='ltr'><strong>dicit</strong></span> <span class='ocrx_word' id='word_1_538' title='bbox 648 4060 937 4132; x_wconf 85' lang='lat' dir='ltr'><strong>Apostolus</strong></span> <span class='ocrx_word' id='word_1_539' title='bbox 963 4064 1148 4119; x_wconf 91' lang='lat' dir='ltr'><strong>omnia</strong></span> <span class='ocrx_word' id='word_1_540' title='bbox 1178 4065 1466 4132; x_wconf 88' lang='lat' dir='ltr'><strong>contineri,</strong></span> <span class='ocrx_word' id='word_1_541' title='bbox 1509 4076 1568 4120; x_wconf 92' lang='lat' dir='ltr'><strong>ut</strong></span> <span class='ocrx_word' id='word_1_542' title='bbox 1595 4082 1699 4121; x_wconf 88' lang='lat' dir='ltr'><strong>non</strong></span> <span class='ocrx_word' id='word_1_543' title='bbox 1724 4082 1811 4121; x_wconf 87' lang='lat' dir='ltr'><strong>oc-</strong></span> 
     </span>
    </p>
   </div>
   <div class='ocr_carea' id='block_1_73' title="bbox 226 4150 1809 4229">
    <p class='ocr_par' dir='ltr' id='par_1_73' title="bbox 226 4150 1809 4229">
     <span class='ocr_line' id='line_1_73' title="bbox 226 4150 1809 4229; baseline 0.008 -24"><span class='ocrx_word' id='word_1_544' title='bbox 226 4150 385 4219; x_wconf 83' lang='lat' dir='ltr'><strong>cides,</strong></span> <span class='ocrx_word' id='word_1_545' title='bbox 412 4169 518 4207; x_wconf 89' lang='lat' dir='ltr'><strong>non</strong></span> <span class='ocrx_word' id='word_1_546' title='bbox 541 4153 822 4224; x_wconf 75' lang='lat' dir='ltr'><strong>furaberis,</strong></span> <span class='ocrx_word' id='word_1_547' title='bbox 853 4173 956 4212; x_wconf 88' lang='lat' dir='ltr'><strong>non</strong></span> <span class='ocrx_word' id='word_1_548' title='bbox 980 4157 1176 4229; x_wconf 81' lang='lat' dir='ltr'><strong>falsum</strong></span> <span class='ocrx_word' id='word_1_549' title='bbox 1199 4162 1554 4219; x_wconf 87' lang='lat' dir='ltr'><strong>testimonium</strong></span> <span class='ocrx_word' id='word_1_550' title='bbox 1575 4162 1737 4228; x_wconf 81' lang='lat' dir='ltr'><strong>dices,</strong></span> <span class='ocrx_word' id='word_1_551' title='bbox 1759 4171 1809 4217; x_wconf 88' lang='lat' dir='ltr'><strong>et</strong></span> 
     </span>
    </p>
   </div>
   <div class='ocr_carea' id='block_1_74' title="bbox 223 4241 1809 4326">
    <p class='ocr_par' dir='ltr' id='par_1_74' title="bbox 223 4241 1809 4326">
     <span class='ocr_line' id='line_1_74' title="bbox 223 4241 1809 4326; baseline 0.008 -30"><span class='ocrx_word' id='word_1_552' title='bbox 223 4241 278 4296; x_wconf 82' lang='lat' dir='ltr'><strong>si</strong></span> <span class='ocrx_word' id='word_1_553' title='bbox 316 4243 452 4314; x_wconf 85' lang='lat' dir='ltr'><strong>quod</strong></span> <span class='ocrx_word' id='word_1_554' title='bbox 492 4254 567 4299; x_wconf 85' lang='lat' dir='ltr'><strong>est</strong></span> <span class='ocrx_word' id='word_1_555' title='bbox 621 4245 767 4301; x_wconf 85' lang='lat' dir='ltr'><strong>aliud</strong></span> <span class='ocrx_word' id='word_1_556' title='bbox 813 4250 1122 4305; x_wconf 87' lang='lat' dir='ltr'><strong>mandatum</strong></span> <span class='ocrx_word' id='word_1_557' title='bbox 1164 4250 1342 4324; x_wconf 84' lang='lat' dir='ltr'><strong>(Rom.</strong></span> <span class='ocrx_word' id='word_1_558' title='bbox 1388 4253 1533 4325; x_wconf 80' lang='lat' dir='ltr'><strong>xm),</strong></span> <span class='ocrx_word' id='word_1_559' title='bbox 1585 4254 1809 4326; x_wconf 75' lang='lat' dir='ltr'><strong>singula:</strong></span> 
     </span>
    </p>
   </div>
   <div class='ocr_carea' id='block_1_75' title="bbox 224 4334 1804 4412">
    <p class='ocr_par' dir='ltr' id='par_1_75' title="bbox 224 4334 1804 4412">
     <span class='ocr_line' id='line_1_75' title="bbox 224 4334 1804 4412; baseline 0.009 -24"><span class='ocrx_word' id='word_1_560' title='bbox 224 4334 529 4406; x_wconf 66' lang='lat' dir='ltr'><strong>margaritae</strong></span> <span class='ocrx_word' id='word_1_561' title='bbox 553 4336 683 4404; x_wconf 89' lang='lat' dir='ltr'><strong>sint,</strong></span> <span class='ocrx_word' id='word_1_562' title='bbox 711 4354 832 4409; x_wconf 86' lang='lat' dir='ltr'><strong>quae</strong></span> <span class='ocrx_word' id='word_1_563' title='bbox 856 4342 1281 4412; x_wconf 89' lang='lat' dir='ltr'><strong>recapitulantur</strong></span> <span class='ocrx_word' id='word_1_564' title='bbox 1308 4343 1363 4398; x_wconf 91' lang='lat' dir='ltr'><strong>in</strong></span> <span class='ocrx_word' id='word_1_565' title='bbox 1385 4344 1490 4400; x_wconf 90' lang='lat' dir='ltr'><strong>hoc</strong></span> <span class='ocrx_word' id='word_1_566' title='bbox 1511 4360 1766 4402; x_wconf 87' lang='lat' dir='ltr'><strong>sermone</strong></span> <span class='ocrx_word' id='word_1_567' title='bbox 1790 4359 1804 4401; x_wconf 89' lang='lat'><strong>:</strong></span> 
     </span>
    </p>
   </div>
   <div class='ocr_carea' id='block_1_76' title="bbox 220 4423 1809 4506">
    <p class='ocr_par' dir='ltr' id='par_1_76' title="bbox 220 4423 1809 4506">
     <span class='ocr_line' id='line_1_76' title="bbox 220 4423 1809 4506; baseline 0.009 -26"><span class='ocrx_word' id='word_1_568' title='bbox 220 4423 425 4496; x_wconf 83' lang='lat' dir='ltr'><strong>Diliges</strong></span> <span class='ocrx_word' id='word_1_569' title='bbox 444 4429 742 4498; x_wconf 74' lang='lat' dir='ltr'><strong>proximum</strong></span> <span class='ocrx_word' id='word_1_570' title='bbox 770 4440 919 4487; x_wconf 86' lang='lat' dir='ltr'><strong>tuum</strong></span> <span class='ocrx_word' id='word_1_571' title='bbox 955 4442 1206 4505; x_wconf 84' lang='lat' dir='ltr'><strong>tanquam</strong></span> <span class='ocrx_word' id='word_1_572' title='bbox 1230 4435 1470 4506; x_wconf 86' lang='lat' dir='ltr'><strong>teipsum.</strong></span> <span class='ocrx_word' id='word_1_573' title='bbox 1500 4435 1610 4493; x_wconf 85' lang='lat' dir='ltr'><strong>Aut</strong></span> <span class='ocrx_word' id='word_1_574' title='bbox 1637 4438 1809 4495; x_wconf 91' lang='lat' dir='ltr'><strong>bonos</strong></span> 
     </span>
    </p>
   </div>
   <div class='ocr_carea' id='block_1_77' title="bbox 223 4514 1807 4596">
    <p class='ocr_par' dir='ltr' id='par_1_77' title="bbox 223 4514 1807 4596">
     <span class='ocr_line' id='line_1_77' title="bbox 223 4514 1807 4596; baseline 0.008 -26"><span class='ocrx_word' id='word_1_575' title='bbox 223 4514 530 4572; x_wconf 88' lang='lat' dir='ltr'><strong>intellectus</strong></span> <span class='ocrx_word' id='word_1_576' title='bbox 571 4517 750 4576; x_wconf 85' lang='lat' dir='ltr'><strong>homo.</strong></span> <span class='ocrx_word' id='word_1_577' title='bbox 765 4522 980 4591; x_wconf 88' lang='lat' dir='ltr'><strong>quaerit,</strong></span> <span class='ocrx_word' id='word_1_578' title='bbox 1008 4531 1065 4577; x_wconf 88' lang='lat' dir='ltr'><strong>et</strong></span> <span class='ocrx_word' id='word_1_579' title='bbox 1096 4524 1305 4580; x_wconf 90' lang='lat' dir='ltr'><strong>invenit</strong></span> <span class='ocrx_word' id='word_1_580' title='bbox 1338 4525 1470 4582; x_wconf 89' lang='lat' dir='ltr'><strong>illud</strong></span> <span class='ocrx_word' id='word_1_581' title='bbox 1493 4541 1602 4596; x_wconf 87' lang='lat' dir='ltr'><strong>quo</strong></span> <span class='ocrx_word' id='word_1_582' title='bbox 1626 4530 1807 4584; x_wconf 90' lang='lat' dir='ltr'><strong>cuncti</strong></span> 
     </span>
    </p>
   </div>
   <div class='ocr_carea' id='block_1_78' title="bbox 1915 3332 3531 3407">
    <p class='ocr_par' dir='ltr' id='par_1_78' title="bbox 1915 3332 3531 3407">
     <span class='ocr_line' id='line_1_78' title="bbox 1915 3332 3531 3407; baseline -0.004 -17"><span class='ocrx_word' id='word_1_583' title='bbox 1915 3352 2033 3390; x_wconf 85' lang='lat' dir='ltr'><strong>cum</strong></span> <span class='ocrx_word' id='word_1_584' title='bbox 2072 3336 2286 3407; x_wconf 87' lang='lat' dir='ltr'><strong>impleta</strong></span> <span class='ocrx_word' id='word_1_585' title='bbox 2313 3346 2443 3391; x_wconf 83' lang='lat' dir='ltr'><strong>esset</strong></span> <span class='ocrx_word' id='word_1_586' title='bbox 2481 3336 2778 3401; x_wconf 85' lang='lat' dir='ltr'><strong>educentes,</strong></span> <span class='ocrx_word' id='word_1_587' title='bbox 2799 3344 2849 3389; x_wconf 90' lang='lat' dir='ltr'><strong>et</strong></span> <span class='ocrx_word' id='word_1_588' title='bbox 2872 3351 3020 3388; x_wconf 87' lang='lat' dir='ltr'><strong>secus</strong></span> <span class='ocrx_word' id='word_1_589' title='bbox 3063 3332 3209 3386; x_wconf 86' lang='lat' dir='ltr'><strong>littus</strong></span> <span class='ocrx_word' id='word_1_590' title='bbox 3234 3332 3491 3395; x_wconf 84' lang='lat' dir='ltr'><strong>sedentes,</strong></span> <span class='ocrx_word' id='word_1_591' title='bbox 3518 3350 3531 3363; x_wconf 75' lang='grc' dir='ltr'><strong><em>ο</em></strong></span> 
     </span>
    </p>
   </div>
   <div class='ocr_carea' id='block_1_79' title="bbox 1913 3416 3491 3497">
    <p class='ocr_par' dir='ltr' id='par_1_79' title="bbox 1913 3416 3491 3497">
     <span class='ocr_line' id='line_1_79' title="bbox 1913 3416 3491 3497; baseline -0.003 -18"><span class='ocrx_word' id='word_1_592' title='bbox 1913 3424 2175 3497; x_wconf 85' lang='lat' dir='ltr'><strong>elegerunt</strong></span> <span class='ocrx_word' id='word_1_593' title='bbox 2201 3427 2359 3481; x_wconf 84' lang='lat' dir='ltr'><strong>bonos</strong></span> <span class='ocrx_word' id='word_1_594' title='bbox 2382 3427 2437 3480; x_wconf 89' lang='lat' dir='ltr'><strong>in</strong></span> <span class='ocrx_word' id='word_1_595' title='bbox 2466 3443 2610 3491; x_wconf 87' lang='lat' dir='ltr'><strong>vasa,</strong></span> <span class='ocrx_word' id='word_1_596' title='bbox 2644 3424 2810 3480; x_wconf 90' lang='lat' dir='ltr'><strong>malos</strong></span> <span class='ocrx_word' id='word_1_597' title='bbox 2840 3416 3188 3493; x_wconf 73' lang='lat' dir='ltr'><strong>autem&#39;foras</strong></span> <span class='ocrx_word' id='word_1_598' title='bbox 3216 3423 3491 3476; x_wconf 89' lang='lat' dir='ltr'><strong>miserunt.</strong></span> 
     </span>
    </p>
   </div>
   <div class='ocr_carea' id='block_1_80' title="bbox 1914 3510 3496 3588">
    <p class='ocr_par' dir='ltr' id='par_1_80' title="bbox 1914 3510 3496 3588">
     <span class='ocr_line' id='line_1_80' title="bbox 1914 3510 3496 3588; baseline 0 -22"><span class='ocrx_word' id='word_1_599' title='bbox 1914 3510 2117 3588; x_wconf 85' lang='lat' dir='ltr'><strong>(Grcg.)</strong></span> <span class='ocrx_word' id='word_1_600' title='bbox 2148 3515 2385 3571; x_wconf 83' lang='lat' dir='ltr'><strong>Rursum</strong></span> <span class='ocrx_word' id='word_1_601' title='bbox 2413 3531 2543 3588; x_wconf 89' lang='lat' dir='ltr'><strong>ergo</strong></span> <span class='ocrx_word' id='word_1_602' title='bbox 2571 3514 2740 3570; x_wconf 84' lang='lat' dir='ltr'><strong>simile</strong></span> <span class='ocrx_word' id='word_1_603' title='bbox 2773 3531 2988 3586; x_wconf 88' lang='lat' dir='ltr'><strong>regnum</strong></span> <span class='ocrx_word' id='word_1_604' title='bbox 3014 3512 3259 3569; x_wconf 76' lang='lat' dir='ltr'><strong>caelorum</strong></span> <span class='ocrx_word' id='word_1_605' title='bbox 3288 3528 3496 3583; x_wconf 75' lang='lat' dir='ltr'><strong>sugente</strong></span> 
     </span>
    </p>
   </div>
   <div class='ocr_carea' id='block_1_81' title="bbox 1913 3607 3496 3680">
    <p class='ocr_par' dir='ltr' id='par_1_81' title="bbox 1913 3607 3496 3680">
     <span class='ocr_line' id='line_1_81' title="bbox 1913 3607 3496 3680; baseline -0.006 -12"><span class='ocrx_word' id='word_1_606' title='bbox 1913 3613 2085 3668; x_wconf 78' lang='lat' dir='ltr'><strong>missa:</strong></span> <span class='ocrx_word' id='word_1_607' title='bbox 2114 3612 2169 3667; x_wconf 86' lang='lat' dir='ltr'><strong>in</strong></span> <span class='ocrx_word' id='word_1_608' title='bbox 2190 3611 2346 3676; x_wconf 88' lang='lat' dir='ltr'><strong>mari,</strong></span> <span class='ocrx_word' id='word_1_609' title='bbox 2375 3609 2596 3674; x_wconf 90' lang='lat' dir='ltr'><strong>dicitur,</strong></span> <span class='ocrx_word' id='word_1_610' title='bbox 2628 3625 2694 3663; x_wconf 76' lang='lat' dir='ltr'><strong>ea:</strong></span> <span class='ocrx_word' id='word_1_611' title='bbox 2732 3610 2874 3663; x_wconf 87' lang='lat' dir='ltr'><strong>omni</strong></span> <span class='ocrx_word' id='word_1_612' title='bbox 2907 3624 3092 3680; x_wconf 87' lang='lat' dir='ltr'><strong>genere</strong></span> <span class='ocrx_word' id='word_1_613' title='bbox 3116 3607 3336 3679; x_wconf 86' lang='lat' dir='ltr'><strong>piscium</strong></span> <span class='ocrx_word' id='word_1_614' title='bbox 3372 3621 3496 3659; x_wconf 86' lang='lat' dir='ltr'><strong>con-</strong></span> 
     </span>
    </p>
   </div>
   <div class='ocr_carea' id='block_1_82' title="bbox 1912 3695 3496 3774">
    <p class='ocr_par' dir='ltr' id='par_1_82' title="bbox 1912 3695 3496 3774">
     <span class='ocr_line' id='line_1_82' title="bbox 1912 3695 3496 3774; baseline -0.005 -17"><span class='ocrx_word' id='word_1_615' title='bbox 1912 3702 2185 3774; x_wconf 89' lang='lat' dir='ltr'><strong>greganti;</strong></span> <span class='ocrx_word' id='word_1_616' title='bbox 2224 3716 2345 3770; x_wconf 77' lang='lat' dir='ltr'><strong>qua:</strong></span> <span class='ocrx_word' id='word_1_617' title='bbox 2370 3699 2590 3770; x_wconf 90' lang='lat' dir='ltr'><strong>impleta</strong></span> <span class='ocrx_word' id='word_1_618' title='bbox 2620 3700 2689 3769; x_wconf 79' lang='lat' dir='ltr'><strong>ad</strong></span> <span class='ocrx_word' id='word_1_619' title='bbox 2731 3699 2885 3755; x_wconf 91' lang='lat' dir='ltr'><strong>littus</strong></span> <span class='ocrx_word' id='word_1_620' title='bbox 2911 3700 3148 3766; x_wconf 88' lang='lat' dir='ltr'><strong>ducitur,</strong></span> <span class='ocrx_word' id='word_1_621' title='bbox 3188 3704 3242 3751; x_wconf 90' lang='lat' dir='ltr'><strong>et</strong></span> <span class='ocrx_word' id='word_1_622' title='bbox 3267 3698 3321 3751; x_wconf 90' lang='lat' dir='ltr'><strong>in</strong></span> <span class='ocrx_word' id='word_1_623' title='bbox 3350 3695 3496 3750; x_wconf 87' lang='lat' dir='ltr'><strong>vasis</strong></span> 
     </span>
    </p>
   </div>
   <div class='ocr_carea' id='block_1_83' title="bbox 1912 3787 3496 3867">
    <p class='ocr_par' dir='ltr' id='par_1_83' title="bbox 1912 3787 3496 3867">
     <span class='ocr_line' id='line_1_83' title="bbox 1912 3787 3496 3867; baseline -0.006 -14"><span class='ocrx_word' id='word_1_624' title='bbox 1912 3797 2039 3853; x_wconf 87' lang='lat' dir='ltr'><strong>boni</strong></span> <span class='ocrx_word' id='word_1_625' title='bbox 2081 3796 2256 3867; x_wconf 90' lang='lat' dir='ltr'><strong>pisces</strong></span> <span class='ocrx_word' id='word_1_626' title='bbox 2277 3794 2589 3864; x_wconf 70' lang='lat' dir='ltr'><strong>&quot;eliguntur,</strong></span> <span class='ocrx_word' id='word_1_627' title='bbox 2621 3792 2747 3847; x_wconf 89' lang='lat' dir='ltr'><strong>mali</strong></span> <span class='ocrx_word' id='word_1_628' title='bbox 2786 3790 3143 3862; x_wconf 84' lang='lat' dir='ltr'><strong>projiciuntur</strong></span> <span class='ocrx_word' id='word_1_629' title='bbox 3170 3790 3335 3844; x_wconf 84' lang='lat' dir='ltr'><strong>foras.</strong></span> <span class='ocrx_word' id='word_1_630' title='bbox 3383 3787 3496 3843; x_wconf 83' lang='lat' dir='ltr'><strong>Sub</strong></span> 
     </span>
    </p>
   </div>
   <div class='ocr_carea' id='block_1_84' title="bbox 1912 3885 3495 3961">
    <p class='ocr_par' dir='ltr' id='par_1_84' title="bbox 1912 3885 3495 3961">
     <span class='ocr_line' id='line_1_84' title="bbox 1912 3885 3495 3961; baseline -0.007 -16"><span class='ocrx_word' id='word_1_631' title='bbox 1912 3891 2017 3945; x_wconf 86' lang='lat' dir='ltr'><strong>hac</strong></span> <span class='ocrx_word' id='word_1_632' title='bbox 2037 3903 2165 3961; x_wconf 88' lang='lat' dir='ltr'><strong>ergo</strong></span> <span class='ocrx_word' id='word_1_633' title='bbox 2187 3887 2445 3959; x_wconf 90' lang='lat' dir='ltr'><strong>parabola</strong></span> <span class='ocrx_word' id='word_1_634' title='bbox 2472 3894 2660 3941; x_wconf 90' lang='lat' dir='ltr'><strong>sancta</strong></span> <span class='ocrx_word' id='word_1_635' title='bbox 2694 3885 2937 3941; x_wconf 88' lang='lat' dir='ltr'><strong>Ecclesia</strong></span> <span class='ocrx_word' id='word_1_636' title='bbox 2971 3898 3184 3956; x_wconf 88' lang='lat' dir='ltr'><strong>sagenae</strong></span> <span class='ocrx_word' id='word_1_637' title='bbox 3214 3896 3495 3951; x_wconf 88' lang='lat' dir='ltr'><strong>compara-</strong></span> 
     </span>
    </p>
   </div>
   <div class='ocr_carea' id='block_1_85' title="bbox 1911 3975 3496 4050">
    <p class='ocr_par' dir='ltr' id='par_1_85' title="bbox 1911 3975 3496 4050">
     <span class='ocr_line' id='line_1_85' title="bbox 1911 3975 3496 4050; baseline -0.008 -14"><span class='ocrx_word' id='word_1_638' title='bbox 1911 3988 2020 4046; x_wconf 87' lang='lat' dir='ltr'><strong>tur,</strong></span> <span class='ocrx_word' id='word_1_639' title='bbox 2051 3994 2169 4050; x_wconf 67' lang='lat' dir='ltr'><strong>qua!</strong></span> <span class='ocrx_word' id='word_1_640' title='bbox 2204 3988 2261 4035; x_wconf 91' lang='lat' dir='ltr'><strong>et</strong></span> <span class='ocrx_word' id='word_1_641' title='bbox 2301 3978 2661 4049; x_wconf 90' lang='lat' dir='ltr'><strong>piscatoribus</strong></span> <span class='ocrx_word' id='word_1_642' title='bbox 2688 3984 2771 4033; x_wconf 90' lang='lat' dir='ltr'><strong>est</strong></span> <span class='ocrx_word' id='word_1_643' title='bbox 2797 3975 3110 4040; x_wconf 89' lang='lat' dir='ltr'><strong>commissa,</strong></span> <span class='ocrx_word' id='word_1_644' title='bbox 3158 3980 3213 4028; x_wconf 89' lang='lat' dir='ltr'><strong>et</strong></span> <span class='ocrx_word' id='word_1_645' title='bbox 3240 3986 3338 4043; x_wconf 88' lang='lat' dir='ltr'><strong>per</strong></span> <span class='ocrx_word' id='word_1_646' title='bbox 3374 3986 3496 4026; x_wconf 86' lang='lat' dir='ltr'><strong>eam</strong></span> 
     </span>
    </p>
   </div>
   <div class='ocr_carea' id='block_1_86' title="bbox 1912 4061 3496 4141">
    <p class='ocr_par' dir='ltr' id='par_1_86' title="bbox 1912 4061 3496 4141">
     <span class='ocr_line' id='line_1_86' title="bbox 1912 4061 3496 4141; baseline -0.006 -16"><span class='ocrx_word' id='word_1_647' title='bbox 1912 4070 2143 4141; x_wconf 91' lang='lat' dir='ltr'><strong>quisque</strong></span> <span class='ocrx_word' id='word_1_648' title='bbox 2168 4070 2236 4125; x_wconf 90' lang='lat' dir='ltr'><strong>ad</strong></span> <span class='ocrx_word' id='word_1_649' title='bbox 2274 4077 2538 4125; x_wconf 86' lang='lat' dir='ltr'><strong>aeternum</strong></span> <span class='ocrx_word' id='word_1_650' title='bbox 2569 4083 2795 4139; x_wconf 91' lang='lat' dir='ltr'><strong>regnum</strong></span> <span class='ocrx_word' id='word_1_651' title='bbox 2819 4082 2850 4121; x_wconf 95' lang='lat' dir='ltr'><strong>a</strong></span> <span class='ocrx_word' id='word_1_652' title='bbox 2874 4065 3157 4137; x_wconf 61' lang='lat' dir='ltr'><strong>praesentis</strong></span> <span class='ocrx_word' id='word_1_653' title='bbox 3186 4061 3496 4120; x_wconf 72' lang='lat' dir='ltr'><strong>smculiﬁu-</strong></span> 
     </span>
    </p>
   </div>
   <div class='ocr_carea' id='block_1_87' title="bbox 1910 4155 3497 4228">
    <p class='ocr_par' dir='ltr' id='par_1_87' title="bbox 1910 4155 3497 4228">
     <span class='ocr_line' id='line_1_87' title="bbox 1910 4155 3497 4228; baseline -0.006 -11"><span class='ocrx_word' id='word_1_654' title='bbox 1910 4163 2089 4217; x_wconf 86' lang='lat' dir='ltr'><strong>ctibus</strong></span> <span class='ocrx_word' id='word_1_655' title='bbox 2117 4161 2370 4227; x_wconf 87' lang='lat' dir='ltr'><strong>trahitur,</strong></span> <span class='ocrx_word' id='word_1_656' title='bbox 2401 4175 2471 4215; x_wconf 90' lang='lat' dir='ltr'><strong>ne</strong></span> <span class='ocrx_word' id='word_1_657' title='bbox 2505 4160 2560 4214; x_wconf 92' lang='lat' dir='ltr'><strong>in</strong></span> <span class='ocrx_word' id='word_1_658' title='bbox 2590 4168 2803 4214; x_wconf 64' lang='lat' dir='ltr'><strong>aeternae</strong></span> <span class='ocrx_word' id='word_1_659' title='bbox 2830 4156 3024 4213; x_wconf 90' lang='lat' dir='ltr'><strong>mortis</strong></span> <span class='ocrx_word' id='word_1_660' title='bbox 3051 4155 3319 4228; x_wconf 84' lang='lat' dir='ltr'><strong>profundo</strong></span> <span class='ocrx_word' id='word_1_661' title='bbox 3353 4169 3497 4209; x_wconf 61' lang='lat' dir='ltr'><strong>mera-</strong></span> 
     </span>
    </p>
   </div>
   <div class='ocr_carea' id='block_1_88' title="bbox 1912 4247 3497 4325">
    <p class='ocr_par' dir='ltr' id='par_1_88' title="bbox 1912 4247 3497 4325">
     <span class='ocr_line' id='line_1_88' title="bbox 1912 4247 3497 4325; baseline -0.004 -17"><span class='ocrx_word' id='word_1_662' title='bbox 1912 4263 2092 4325; x_wconf 89' lang='lat' dir='ltr'><strong>gatur.</strong></span> <span class='ocrx_word' id='word_1_663' title='bbox 2121 4252 2253 4321; x_wconf 73' lang='lat' dir='ltr'><strong>Qua:</strong></span> <span class='ocrx_word' id='word_1_664' title='bbox 2273 4268 2343 4310; x_wconf 84' lang='lat' dir='ltr'><strong>ex</strong></span> <span class='ocrx_word' id='word_1_665' title='bbox 2367 4252 2514 4309; x_wconf 91' lang='lat' dir='ltr'><strong>omni</strong></span> <span class='ocrx_word' id='word_1_666' title='bbox 2538 4265 2735 4323; x_wconf 88' lang='lat' dir='ltr'><strong>genere</strong></span> <span class='ocrx_word' id='word_1_667' title='bbox 2759 4251 2989 4321; x_wconf 91' lang='lat' dir='ltr'><strong>piscium</strong></span> <span class='ocrx_word' id='word_1_668' title='bbox 3016 4256 3327 4321; x_wconf 85' lang='lat' dir='ltr'><strong>congregat,</strong></span> <span class='ocrx_word' id='word_1_669' title='bbox 3353 4247 3497 4318; x_wconf 88' lang='lat' dir='ltr'><strong>quod</strong></span> 
     </span>
    </p>
   </div>
   <div class='ocr_carea' id='block_1_89' title="bbox 1911 4339 3498 4416">
    <p class='ocr_par' dir='ltr' id='par_1_89' title="bbox 1911 4339 3498 4416">
     <span class='ocr_line' id='line_1_89' title="bbox 1911 4339 3498 4416; baseline -0.006 -15"><span class='ocrx_word' id='word_1_670' title='bbox 1911 4346 1979 4401; x_wconf 88' lang='lat' dir='ltr'><strong>ad</strong></span> <span class='ocrx_word' id='word_1_671' title='bbox 2015 4353 2363 4416; x_wconf 85' lang='lat' dir='ltr'><strong>peccatorum</strong></span> <span class='ocrx_word' id='word_1_672' title='bbox 2401 4344 2613 4400; x_wconf 86' lang='lat' dir='ltr'><strong>veniam</strong></span> <span class='ocrx_word' id='word_1_673' title='bbox 2643 4343 2938 4415; x_wconf 88' lang='lat' dir='ltr'><strong>sapientes,</strong></span> <span class='ocrx_word' id='word_1_674' title='bbox 2964 4350 3021 4397; x_wconf 91' lang='lat' dir='ltr'><strong>et</strong></span> <span class='ocrx_word' id='word_1_675' title='bbox 3063 4339 3265 4407; x_wconf 84' lang='lat' dir='ltr'><strong>fatuos,</strong></span> <span class='ocrx_word' id='word_1_676' title='bbox 3296 4339 3498 4394; x_wconf 87' lang='lat' dir='ltr'><strong>liberos</strong></span> 
     </span>
    </p>
   </div>
   <div class='ocr_carea' id='block_1_90' title="bbox 1909 4430 3497 4504">
    <p class='ocr_par' dir='ltr' id='par_1_90' title="bbox 1909 4430 3497 4504">
     <span class='ocr_line' id='line_1_90' title="bbox 1909 4430 3497 4504; baseline -0.005 -14"><span class='ocrx_word' id='word_1_677' title='bbox 1909 4444 1967 4490; x_wconf 91' lang='lat' dir='ltr'><strong>et</strong></span> <span class='ocrx_word' id='word_1_678' title='bbox 1995 4451 2201 4503; x_wconf 89' lang='lat' dir='ltr'><strong>servos,</strong></span> <span class='ocrx_word' id='word_1_679' title='bbox 2233 4435 2429 4490; x_wconf 83' lang='lat' dir='ltr'><strong>divites</strong></span> <span class='ocrx_word' id='word_1_680' title='bbox 2453 4441 2509 4488; x_wconf 88' lang='lat' dir='ltr'><strong>et</strong></span> <span class='ocrx_word' id='word_1_681' title='bbox 2536 4447 2822 4504; x_wconf 89' lang='lat' dir='ltr'><strong>pauperes,</strong></span> <span class='ocrx_word' id='word_1_682' title='bbox 2854 4431 3023 4486; x_wconf 85' lang='lat' dir='ltr'><strong>fortes</strong></span> <span class='ocrx_word' id='word_1_683' title='bbox 3051 4440 3107 4485; x_wconf 89' lang='lat' dir='ltr'><strong>et</strong></span> <span class='ocrx_word' id='word_1_684' title='bbox 3135 4430 3379 4484; x_wconf 86' lang='lat' dir='ltr'><strong>inﬁrmos</strong></span> <span class='ocrx_word' id='word_1_685' title='bbox 3403 4442 3497 4483; x_wconf 86' lang='lat' dir='ltr'><strong>vo-</strong></span> 
     </span>
    </p>
   </div>
   <div class='ocr_carea' id='block_1_91' title="bbox 1910 4518 3495 4596">
    <p class='ocr_par' dir='ltr' id='par_1_91' title="bbox 1910 4518 3495 4596">
     <span class='ocr_line' id='line_1_91' title="bbox 1910 4518 3495 4596; baseline -0.008 -14"><span class='ocrx_word' id='word_1_686' title='bbox 1910 4534 2018 4582; x_wconf 87' lang='lat' dir='ltr'><strong>cat.</strong></span> <span class='ocrx_word' id='word_1_687' title='bbox 2048 4525 2202 4582; x_wconf 87' lang='lat' dir='ltr'><strong>Unde</strong></span> <span class='ocrx_word' id='word_1_688' title='bbox 2232 4541 2331 4596; x_wconf 83' lang='lat' dir='ltr'><strong>per</strong></span> <span class='ocrx_word' id='word_1_689' title='bbox 2355 4524 2700 4580; x_wconf 86' lang='lat' dir='ltr'><strong>Psalmistam</strong></span> <span class='ocrx_word' id='word_1_690' title='bbox 2745 4523 2856 4577; x_wconf 89' lang='lat' dir='ltr'><strong>Deo</strong></span> <span class='ocrx_word' id='word_1_691' title='bbox 2882 4521 3101 4586; x_wconf 91' lang='lat' dir='ltr'><strong>dicitur,</strong></span> <span class='ocrx_word' id='word_1_692' title='bbox 3144 4520 3214 4573; x_wconf 87' lang='lat' dir='ltr'><strong>ad</strong></span> <span class='ocrx_word' id='word_1_693' title='bbox 3243 4528 3292 4572; x_wconf 92' lang='lat' dir='ltr'><strong>te</strong></span> <span class='ocrx_word' id='word_1_694' title='bbox 3326 4518 3495 4572; x_wconf 88' lang='lat' dir='ltr'><strong>omnis</strong></span> 
     </span>
    </p>
   </div>
   <div class='ocr_carea' id='block_1_92' title="bbox 223 4604 3567 4689">
    <p class='ocr_par' dir='ltr' id='par_1_92' title="bbox 223 4604 3567 4689">
     <span class='ocr_line' id='line_1_92' title="bbox 223 4604 3567 4689; baseline 0.001 -28"><span class='ocrx_word' id='word_1_695' title='bbox 223 4604 589 4674; x_wconf 86' lang='lat' dir='ltr'><strong>continentur,</strong></span> <span class='ocrx_word' id='word_1_696' title='bbox 622 4607 693 4663; x_wconf 84' lang='lat' dir='ltr'><strong>In</strong></span> <span class='ocrx_word' id='word_1_697' title='bbox 734 4611 989 4682; x_wconf 84' lang='lat' dir='ltr'><strong>principio</strong></span> <span class='ocrx_word' id='word_1_698' title='bbox 1032 4611 1279 4682; x_wconf 83' lang='lat' dir='ltr'><strong>Verbum,</strong></span> <span class='ocrx_word' id='word_1_699' title='bbox 1309 4623 1357 4669; x_wconf 88' lang='lat' dir='ltr'><strong>et</strong></span> <span class='ocrx_word' id='word_1_700' title='bbox 1397 4613 1620 4671; x_wconf 85' lang='lat' dir='ltr'><strong>Verbum</strong></span> <span class='ocrx_word' id='word_1_701' title='bbox 1661 4619 1805 4689; x_wconf 87' lang='lat' dir='ltr'><strong>apud</strong></span> <span class='ocrx_word' id='word_1_702' title='bbox 1830 4605 1884 4669; x_wconf 83' lang='lat' dir='ltr'>D</span> <span class='ocrx_word' id='word_1_703' title='bbox 1910 4633 2034 4671; x_wconf 88' lang='lat' dir='ltr'><strong>caro</strong></span> <span class='ocrx_word' id='word_1_704' title='bbox 2078 4616 2241 4670; x_wconf 74' lang='lat' dir='ltr'><strong>vettiet</strong></span> <span class='ocrx_word' id='word_1_705' title='bbox 2281 4613 2454 4687; x_wconf 86' lang='lat' dir='ltr'><strong>(Psal.</strong></span> <span class='ocrx_word' id='word_1_706' title='bbox 2489 4613 2655 4685; x_wconf 71' lang='lat' dir='ltr'><strong>an).</strong></span> <span class='ocrx_word' id='word_1_707' title='bbox 2699 4613 2830 4680; x_wconf 73' lang='lat' dir='ltr'><strong>Qua:</strong></span> <span class='ocrx_word' id='word_1_708' title='bbox 2873 4626 3073 4682; x_wconf 83' lang='lat' dir='ltr'><strong>sagena</strong></span> <span class='ocrx_word' id='word_1_709' title='bbox 3116 4610 3325 4666; x_wconf 90' lang='lat' dir='ltr'><strong>scilicet</strong></span> <span class='ocrx_word' id='word_1_710' title='bbox 3368 4618 3496 4677; x_wconf 83' lang='lat' dir='ltr'><strong>tunc</strong></span> <span class='ocrx_word' id='word_1_711' title='bbox 3552 4655 3567 4665; x_wconf 76' lang='lat'><strong>.</strong></span> 
     </span>
    </p>
   </div>
   <div class='ocr_carea' id='block_1_93' title="bbox 222 4693 1801 4776">
    <p class='ocr_par' dir='ltr' id='par_1_93' title="bbox 222 4693 1801 4776">
     <span class='ocr_line' id='line_1_93' title="bbox 222 4693 1801 4776; baseline 0.01 -28"><span class='ocrx_word' id='word_1_712' title='bbox 222 4693 413 4762; x_wconf 84' lang='lat' dir='ltr'><strong>Deum,</strong></span> <span class='ocrx_word' id='word_1_713' title='bbox 442 4705 496 4751; x_wconf 91' lang='lat' dir='ltr'><strong>et</strong></span> <span class='ocrx_word' id='word_1_714' title='bbox 525 4698 763 4755; x_wconf 77' lang='lat' dir='ltr'><strong>Verbum</strong></span> <span class='ocrx_word' id='word_1_715' title='bbox 799 4701 968 4758; x_wconf 87' lang='lat' dir='ltr'><strong>Deum</strong></span> <span class='ocrx_word' id='word_1_716' title='bbox 1004 4702 1242 4760; x_wconf 91' lang='lat' dir='ltr'><strong>lucidum</strong></span> <span class='ocrx_word' id='word_1_717' title='bbox 1269 4706 1505 4761; x_wconf 89' lang='lat' dir='ltr'><strong>candore</strong></span> <span class='ocrx_word' id='word_1_718' title='bbox 1534 4707 1801 4776; x_wconf 86' lang='lat' dir='ltr'><strong>veritatis,</strong></span> 
     </span>
    </p>
   </div>
   <div class='ocr_carea' id='block_1_94' title="bbox 222 4786 1803 4868">
    <p class='ocr_par' dir='ltr' id='par_1_94' title="bbox 222 4786 1803 4868">
     <span class='ocr_line' id='line_1_94' title="bbox 222 4786 1803 4868; baseline 0.01 -29"><span class='ocrx_word' id='word_1_719' title='bbox 222 4794 286 4840; x_wconf 85' lang='lat' dir='ltr'><strong>et</strong></span> <span class='ocrx_word' id='word_1_720' title='bbox 306 4786 532 4844; x_wconf 90' lang='lat' dir='ltr'><strong>solidum</strong></span> <span class='ocrx_word' id='word_1_721' title='bbox 563 4789 822 4847; x_wconf 88' lang='lat' dir='ltr'><strong>ﬁrmitate</strong></span> <span class='ocrx_word' id='word_1_722' title='bbox 846 4794 1188 4863; x_wconf 60' lang='lat' dir='ltr'><strong>aeternitatis,</strong></span> <span class='ocrx_word' id='word_1_723' title='bbox 1218 4796 1313 4867; x_wconf 91' lang='lat' dir='ltr'><strong>qui</strong></span> <span class='ocrx_word' id='word_1_724' title='bbox 1343 4796 1487 4852; x_wconf 89' lang='lat' dir='ltr'><strong>Deus</strong></span> <span class='ocrx_word' id='word_1_725' title='bbox 1520 4807 1803 4868; x_wconf 88' lang='lat' dir='ltr'><strong>penetrata</strong></span> 
     </span>
    </p>
   </div>
   <div class='ocr_carea' id='block_1_95' title="bbox 221 4877 1805 4955">
    <p class='ocr_par' dir='ltr' id='par_1_95' title="bbox 221 4877 1805 4955">
     <span class='ocr_line' id='line_1_95' title="bbox 221 4877 1805 4955; baseline 0.009 -23"><span class='ocrx_word' id='word_1_726' title='bbox 221 4877 401 4933; x_wconf 88' lang='lat' dir='ltr'><strong>carnis</strong></span> <span class='ocrx_word' id='word_1_727' title='bbox 429 4882 698 4938; x_wconf 88' lang='lat' dir='ltr'><strong>testudine</strong></span> <span class='ocrx_word' id='word_1_728' title='bbox 724 4883 1100 4955; x_wconf 86' lang='lat' dir='ltr'><strong>intelligendus</strong></span> <span class='ocrx_word' id='word_1_729' title='bbox 1124 4894 1228 4943; x_wconf 87' lang='lat' dir='ltr'><strong>est.</strong></span> <span class='ocrx_word' id='word_1_730' title='bbox 1259 4887 1352 4943; x_wconf 89' lang='lat' dir='ltr'><strong>ille</strong></span> <span class='ocrx_word' id='word_1_731' title='bbox 1378 4889 1522 4944; x_wconf 88' lang='lat' dir='ltr'><strong>enim</strong></span> <span class='ocrx_word' id='word_1_732' title='bbox 1558 4890 1626 4945; x_wconf 92' lang='lat' dir='ltr'><strong>ad</strong></span> <span class='ocrx_word' id='word_1_733' title='bbox 1660 4906 1805 4946; x_wconf 88' lang='lat' dir='ltr'><strong>mar-</strong></span> 
     </span>
    </p>
   </div>
   <div class='ocr_carea' id='block_1_96' title="bbox 222 4967 1800 5049">
    <p class='ocr_par' dir='ltr' id='par_1_96' title="bbox 222 4967 1800 5049">
     <span class='ocr_line' id='line_1_96' title="bbox 222 4967 1800 5049; baseline 0.011 -29"><span class='ocrx_word' id='word_1_734' title='bbox 222 4967 448 5037; x_wconf 88' lang='lat' dir='ltr'><strong>garitam</strong></span> <span class='ocrx_word' id='word_1_735' title='bbox 479 4972 648 5042; x_wconf 89' lang='lat' dir='ltr'><strong>ipsam</strong></span> <span class='ocrx_word' id='word_1_736' title='bbox 664 4972 779 5042; x_wconf 89' lang='lat' dir='ltr'><strong>jam</strong></span> <span class='ocrx_word' id='word_1_737' title='bbox 806 4985 1145 5044; x_wconf 86' lang='lat' dir='ltr'><strong>pervenerat,</strong></span> <span class='ocrx_word' id='word_1_738' title='bbox 1176 4979 1270 5049; x_wconf 93' lang='lat' dir='ltr'><strong>qui</strong></span> <span class='ocrx_word' id='word_1_739' title='bbox 1297 4981 1623 5049; x_wconf 81' lang='lat' dir='ltr'><strong>tegumentis</strong></span> <span class='ocrx_word' id='word_1_740' title='bbox 1649 4997 1800 5037; x_wconf 90' lang='lat' dir='ltr'><strong>mor-</strong></span> 
     </span>
    </p>
   </div>
   <div class='ocr_carea' id='block_1_97' title="bbox 224 5059 1805 5142">
    <p class='ocr_par' dir='ltr' id='par_1_97' title="bbox 224 5059 1805 5142">
     <span class='ocr_line' id='line_1_97' title="bbox 224 5059 1805 5142; baseline 0.008 -28"><span class='ocrx_word' id='word_1_741' title='bbox 224 5059 444 5117; x_wconf 86' lang='lat' dir='ltr'><strong>talitatis</strong></span> <span class='ocrx_word' id='word_1_742' title='bbox 472 5067 627 5134; x_wconf 89' lang='lat' dir='ltr'><strong>quasi</strong></span> <span class='ocrx_word' id='word_1_743' title='bbox 646 5066 975 5122; x_wconf 83' lang='lat' dir='ltr'><strong>concharum</strong></span> <span class='ocrx_word' id='word_1_744' title='bbox 1005 5068 1306 5136; x_wconf 90' lang='lat' dir='ltr'><strong>obstaculo,</strong></span> <span class='ocrx_word' id='word_1_745' title='bbox 1333 5071 1387 5125; x_wconf 91' lang='lat' dir='ltr'><strong>in</strong></span> <span class='ocrx_word' id='word_1_746' title='bbox 1410 5072 1678 5142; x_wconf 81' lang='lat' dir='ltr'><strong>profundo</strong></span> <span class='ocrx_word' id='word_1_747' title='bbox 1700 5073 1805 5129; x_wconf 85' lang='lat' dir='ltr'><strong>hu-</strong></span> 
     </span>
    </p>
   </div>
   <div class='ocr_carea' id='block_1_98' title="bbox 215 5148 1801 5225">
    <p class='ocr_par' dir='ltr' id='par_1_98' title="bbox 215 5148 1801 5225">
     <span class='ocr_line' id='line_1_98' title="bbox 215 5148 1801 5225; baseline 0.009 -23"><span class='ocrx_word' id='word_1_748' title='bbox 215 5148 310 5224; x_wconf 81' lang='lat' dir='ltr'><strong>jus</strong></span> <span class='ocrx_word' id='word_1_749' title='bbox 357 5153 560 5220; x_wconf 64' lang='lat' dir='ltr'><strong>saeculi,</strong></span> <span class='ocrx_word' id='word_1_750' title='bbox 591 5161 753 5225; x_wconf 90' lang='lat' dir='ltr'><strong>atque</strong></span> <span class='ocrx_word' id='word_1_751' title='bbox 802 5155 944 5211; x_wconf 89' lang='lat' dir='ltr'><strong>inter</strong></span> <span class='ocrx_word' id='word_1_752' title='bbox 994 5156 1223 5215; x_wconf 89' lang='lat' dir='ltr'><strong>duritias</strong></span> <span class='ocrx_word' id='word_1_753' title='bbox 1253 5174 1447 5215; x_wconf 86' lang='lat' dir='ltr'><strong>saxeas</strong></span> <span class='ocrx_word' id='word_1_754' title='bbox 1490 5158 1801 5217; x_wconf 75' lang='lat' dir='ltr'><strong>Judmorum</strong></span> 
     </span>
    </p>
   </div>
   <div class='ocr_carea' id='block_1_99' title="bbox 223 5241 1801 5326">
    <p class='ocr_par' dir='ltr' id='par_1_99' title="bbox 223 5241 1801 5326">
     <span class='ocr_line' id='line_1_99' title="bbox 223 5241 1801 5326; baseline 0.007 -29"><span class='ocrx_word' id='word_1_755' title='bbox 223 5241 508 5313; x_wconf 86' lang='lat' dir='ltr'><strong>aliquando</strong></span> <span class='ocrx_word' id='word_1_756' title='bbox 540 5246 797 5305; x_wconf 87' lang='lat' dir='ltr'><strong>latuerat.</strong></span> <span class='ocrx_word' id='word_1_757' title='bbox 830 5248 924 5307; x_wconf 86' lang='lat' dir='ltr'><strong>Ille</strong></span> <span class='ocrx_word' id='word_1_758' title='bbox 965 5265 1096 5322; x_wconf 88' lang='lat' dir='ltr'><strong>ergo</strong></span> <span class='ocrx_word' id='word_1_759' title='bbox 1112 5251 1194 5307; x_wconf 79' lang='lat' dir='ltr'><strong>ad</strong></span> <span class='ocrx_word' id='word_1_760' title='bbox 1236 5252 1409 5323; x_wconf 89' lang='lat' dir='ltr'><strong>ipsam</strong></span> <span class='ocrx_word' id='word_1_761' title='bbox 1448 5254 1801 5326; x_wconf 87' lang='lat' dir='ltr'><strong>margaritam</strong></span> 
     </span>
    </p>
   </div>
   <div class='ocr_carea' id='block_1_100' title="bbox 221 5334 1798 5413">
    <p class='ocr_par' dir='ltr' id='par_1_100' title="bbox 221 5334 1798 5413">
     <span class='ocr_line' id='line_1_100' title="bbox 221 5334 1798 5413; baseline 0.004 -21"><span class='ocrx_word' id='word_1_762' title='bbox 221 5334 331 5408; x_wconf 78' lang='lat' dir='ltr'><strong>iam</strong></span> <span class='ocrx_word' id='word_1_763' title='bbox 368 5352 711 5411; x_wconf 88' lang='lat' dir='ltr'><strong>pervenerat,</strong></span> <span class='ocrx_word' id='word_1_764' title='bbox 756 5344 848 5413; x_wconf 91' lang='lat' dir='ltr'><strong>qui</strong></span> <span class='ocrx_word' id='word_1_765' title='bbox 877 5345 989 5400; x_wconf 89' lang='lat' dir='ltr'><strong>ait:</strong></span> <span class='ocrx_word' id='word_1_766' title='bbox 1018 5344 1089 5402; x_wconf 86' lang='lat' dir='ltr'><strong>Et</strong></span> <span class='ocrx_word' id='word_1_767' title='bbox 1115 5346 1164 5400; x_wconf 87' lang='lat' dir='ltr'><strong>si</strong></span> <span class='ocrx_word' id='word_1_768' title='bbox 1192 5362 1501 5402; x_wconf 80' lang='lat' dir='ltr'><strong>noveramus</strong></span> <span class='ocrx_word' id='word_1_769' title='bbox 1532 5347 1798 5402; x_wconf 86' lang='lat' dir='ltr'><strong>Christum</strong></span> 
     </span>
    </p>
   </div>
   <div class='ocr_carea' id='block_1_101' title="bbox 225 5431 1801 5506">
    <p class='ocr_par' dir='ltr' id='par_1_101' title="bbox 225 5431 1801 5506">
     <span class='ocr_line' id='line_1_101' title="bbox 225 5431 1801 5506; baseline 0.006 -21"><span class='ocrx_word' id='word_1_770' title='bbox 225 5431 506 5486; x_wconf 77' lang='lat' dir='ltr'><strong>secundum</strong></span> <span class='ocrx_word' id='word_1_771' title='bbox 530 5449 760 5499; x_wconf 82' lang='lat' dir='ltr'><strong>carnem,</strong></span> <span class='ocrx_word' id='word_1_772' title='bbox 789 5435 880 5489; x_wconf 87' lang='lat' dir='ltr'><strong>sed</strong></span> <span class='ocrx_word' id='word_1_773' title='bbox 924 5451 1061 5491; x_wconf 84' lang='lat' dir='ltr'><strong>nunc</strong></span> <span class='ocrx_word' id='word_1_774' title='bbox 1096 5436 1215 5506; x_wconf 82' lang='lat' dir='ltr'><strong>jam</strong></span> <span class='ocrx_word' id='word_1_775' title='bbox 1260 5453 1365 5493; x_wconf 91' lang='lat' dir='ltr'><strong>non</strong></span> <span class='ocrx_word' id='word_1_776' title='bbox 1399 5439 1658 5493; x_wconf 84' lang='lat' dir='ltr'><strong>novimus.</strong></span> <span class='ocrx_word' id='word_1_777' title='bbox 1688 5438 1801 5495; x_wconf 85' lang='lat' dir='ltr'><strong>Nec</strong></span> 
     </span>
    </p>
   </div>
   <div class='ocr_carea' id='block_1_102' title="bbox 228 5521 1798 5604">
    <p class='ocr_par' dir='ltr' id='par_1_102' title="bbox 228 5521 1798 5604">
     <span class='ocr_line' id='line_1_102' title="bbox 228 5521 1798 5604; baseline 0.008 -28"><span class='ocrx_word' id='word_1_778' title='bbox 228 5521 360 5580; x_wconf 87' lang='lat' dir='ltr'><strong>ullus</strong></span> <span class='ocrx_word' id='word_1_779' title='bbox 386 5525 610 5580; x_wconf 90' lang='lat' dir='ltr'><strong>omnino</strong></span> <span class='ocrx_word' id='word_1_780' title='bbox 662 5525 968 5584; x_wconf 88' lang='lat' dir='ltr'><strong>intellectus</strong></span> <span class='ocrx_word' id='word_1_781' title='bbox 1001 5531 1313 5602; x_wconf 74' lang='lat' dir='ltr'><strong>margarita:</strong></span> <span class='ocrx_word' id='word_1_782' title='bbox 1355 5532 1574 5588; x_wconf 91' lang='lat' dir='ltr'><strong>nomine</strong></span> <span class='ocrx_word' id='word_1_783' title='bbox 1603 5533 1798 5604; x_wconf 90' lang='lat' dir='ltr'><strong>dignus</strong></span> 
     </span>
    </p>
   </div>
   <div class='ocr_carea' id='block_1_103' title="bbox 226 5614 1799 5686">
    <p class='ocr_par' dir='ltr' id='par_1_103' title="bbox 226 5614 1799 5686">
     <span class='ocr_line' id='line_1_103' title="bbox 226 5614 1799 5686; baseline 0.008 -18"><span class='ocrx_word' id='word_1_784' title='bbox 226 5621 339 5680; x_wconf 87' lang='lat' dir='ltr'><strong>est,</strong></span> <span class='ocrx_word' id='word_1_785' title='bbox 396 5614 503 5670; x_wconf 90' lang='lat' dir='ltr'><strong>nisi</strong></span> <span class='ocrx_word' id='word_1_786' title='bbox 557 5616 626 5671; x_wconf 88' lang='lat' dir='ltr'><strong>ad</strong></span> <span class='ocrx_word' id='word_1_787' title='bbox 670 5631 833 5686; x_wconf 90' lang='lat' dir='ltr'><strong>quem</strong></span> <span class='ocrx_word' id='word_1_788' title='bbox 879 5617 1137 5675; x_wconf 91' lang='lat' dir='ltr'><strong>discussis</strong></span> <span class='ocrx_word' id='word_1_789' title='bbox 1192 5622 1445 5679; x_wconf 89' lang='lat' dir='ltr'><strong>omnibus</strong></span> <span class='ocrx_word' id='word_1_790' title='bbox 1489 5623 1799 5680; x_wconf 89' lang='lat' dir='ltr'><strong>carnalibus</strong></span> 
     </span>
    </p>
   </div>
   <div class='ocr_carea' id='block_1_104' title="bbox 228 5702 1798 5782">
    <p class='ocr_par' dir='ltr' id='par_1_104' title="bbox 228 5702 1798 5782">
     <span class='ocr_line' id='line_1_104' title="bbox 228 5702 1798 5782; baseline 0.007 -25"><span class='ocrx_word' id='word_1_791' title='bbox 228 5702 542 5772; x_wconf 77' lang='lat' dir='ltr'><strong>tegminibus</strong></span> <span class='ocrx_word' id='word_1_792' title='bbox 583 5705 914 5775; x_wconf 88' lang='lat' dir='ltr'><strong>pervenitur.</strong></span> <span class='ocrx_word' id='word_1_793' title='bbox 964 5706 1170 5774; x_wconf 85' lang='lat' dir='ltr'><strong>Quibus</strong></span> <span class='ocrx_word' id='word_1_794' title='bbox 1212 5710 1327 5767; x_wconf 87' lang='lat' dir='ltr'><strong>sive</strong></span> <span class='ocrx_word' id='word_1_795' title='bbox 1358 5725 1459 5782; x_wconf 89' lang='lat' dir='ltr'><strong>per</strong></span> <span class='ocrx_word' id='word_1_796' title='bbox 1490 5714 1653 5769; x_wconf 88' lang='lat' dir='ltr'><strong>verba</strong></span> <span class='ocrx_word' id='word_1_797' title='bbox 1695 5713 1798 5768; x_wconf 83' lang='lat' dir='ltr'><strong>hu-</strong></span> 
     </span>
    </p>
   </div>
   <div class='ocr_carea' id='block_1_105' title="bbox 230 5793 1791 5874">
    <p class='ocr_par' dir='ltr' id='par_1_105' title="bbox 230 5793 1791 5874">
     <span class='ocr_line' id='line_1_105' title="bbox 230 5793 1791 5874; baseline 0.005 -25"><span class='ocrx_word' id='word_1_798' title='bbox 230 5806 399 5862; x_wconf 82' lang='lat' dir='ltr'><strong>mana,</strong></span> <span class='ocrx_word' id='word_1_799' title='bbox 425 5793 536 5851; x_wconf 86' lang='lat' dir='ltr'><strong>sive</strong></span> <span class='ocrx_word' id='word_1_800' title='bbox 559 5810 657 5867; x_wconf 88' lang='lat' dir='ltr'><strong>per</strong></span> <span class='ocrx_word' id='word_1_801' title='bbox 681 5796 1061 5855; x_wconf 87' lang='lat' dir='ltr'><strong>similitudines</strong></span> <span class='ocrx_word' id='word_1_802' title='bbox 1098 5798 1507 5873; x_wconf 85' lang='lat' dir='ltr'><strong>circumpositas</strong></span> <span class='ocrx_word' id='word_1_803' title='bbox 1530 5804 1791 5874; x_wconf 77' lang='lat' dir='ltr'><strong>operitur,</strong></span> 
     </span>
    </p>
   </div>
   <div class='ocr_carea' id='block_1_106' title="bbox 1905 4699 3495 4777">
    <p class='ocr_par' dir='ltr' id='par_1_106' title="bbox 1905 4699 3495 4777">
     <span class='ocr_line' id='line_1_106' title="bbox 1905 4699 3495 4777; baseline -0.004 -19"><span class='ocrx_word' id='word_1_804' title='bbox 1905 4702 2284 4759; x_wconf 86' lang='lat' dir='ltr'><strong>univcrsaliter</strong></span> <span class='ocrx_word' id='word_1_805' title='bbox 2318 4703 2555 4773; x_wconf 87' lang='lat' dir='ltr'><strong>repletur</strong></span> <span class='ocrx_word' id='word_1_806' title='bbox 2579 4717 2703 4757; x_wconf 93' lang='lat' dir='ltr'><strong>cum</strong></span> <span class='ocrx_word' id='word_1_807' title='bbox 2729 4701 2783 4754; x_wconf 90' lang='lat' dir='ltr'><strong>in</strong></span> <span class='ocrx_word' id='word_1_808' title='bbox 2814 4700 2918 4755; x_wconf 91' lang='lat' dir='ltr'><strong>ﬁne</strong></span> <span class='ocrx_word' id='word_1_809' title='bbox 2944 4716 3043 4754; x_wconf 90' lang='lat' dir='ltr'><strong>suo</strong></span> <span class='ocrx_word' id='word_1_810' title='bbox 3073 4699 3291 4753; x_wconf 87' lang='lat' dir='ltr'><strong>humani</strong></span> <span class='ocrx_word' id='word_1_811' title='bbox 3330 4712 3495 4777; x_wconf 79' lang='lat' dir='ltr'><strong>gene-</strong></span> 
     </span>
    </p>
   </div>
   <div class='ocr_carea' id='block_1_107' title="bbox 1905 4785 3492 4856">
    <p class='ocr_par' dir='ltr' id='par_1_107' title="bbox 1905 4785 3492 4856">
     <span class='ocr_line' id='line_1_107' title="bbox 1905 4785 3492 4856; baseline -0.005 -9"><span class='ocrx_word' id='word_1_812' title='bbox 1905 4793 1983 4847; x_wconf 90' lang='lat' dir='ltr'><strong>ris</strong></span> <span class='ocrx_word' id='word_1_813' title='bbox 2017 4806 2227 4847; x_wconf 89' lang='lat' dir='ltr'><strong>summa</strong></span> <span class='ocrx_word' id='word_1_814' title='bbox 2252 4790 2610 4846; x_wconf 88' lang='lat' dir='ltr'><strong>concluditur.</strong></span> <span class='ocrx_word' id='word_1_815' title='bbox 2640 4788 2811 4856; x_wconf 85' lang='lat' dir='ltr'><strong>Quam</strong></span> <span class='ocrx_word' id='word_1_816' title='bbox 2838 4789 3093 4853; x_wconf 91' lang='lat' dir='ltr'><strong>educunt,</strong></span> <span class='ocrx_word' id='word_1_817' title='bbox 3127 4794 3183 4841; x_wconf 92' lang='lat' dir='ltr'><strong>et</strong></span> <span class='ocrx_word' id='word_1_818' title='bbox 3216 4801 3374 4842; x_wconf 85' lang='lat' dir='ltr'><strong>secus</strong></span> <span class='ocrx_word' id='word_1_819' title='bbox 3399 4785 3492 4839; x_wconf 89' lang='lat' dir='ltr'><strong>lit-</strong></span> 
     </span>
    </p>
   </div>
   <div class='ocr_carea' id='block_1_108' title="bbox 1907 4878 3494 4953">
    <p class='ocr_par' dir='ltr' id='par_1_108' title="bbox 1907 4878 3494 4953">
     <span class='ocr_line' id='line_1_108' title="bbox 1907 4878 3494 4953; baseline -0.003 -15"><span class='ocrx_word' id='word_1_820' title='bbox 1907 4892 1994 4939; x_wconf 92' lang='lat' dir='ltr'><strong>tus</strong></span> <span class='ocrx_word' id='word_1_821' title='bbox 2018 4883 2227 4948; x_wconf 91' lang='lat' dir='ltr'><strong>sedent,</strong></span> <span class='ocrx_word' id='word_1_822' title='bbox 2252 4883 2378 4953; x_wconf 87' lang='lat' dir='ltr'><strong>quia</strong></span> <span class='ocrx_word' id='word_1_823' title='bbox 2413 4880 2554 4937; x_wconf 89' lang='lat' dir='ltr'><strong>sicut</strong></span> <span class='ocrx_word' id='word_1_824' title='bbox 2583 4895 2735 4936; x_wconf 90' lang='lat' dir='ltr'><strong>mare</strong></span> <span class='ocrx_word' id='word_1_825' title='bbox 2777 4878 3052 4945; x_wconf 77' lang='lat' dir='ltr'><strong>saeculum,</strong></span> <span class='ocrx_word' id='word_1_826' title='bbox 3092 4880 3169 4935; x_wconf 89' lang='lat' dir='ltr'><strong>ita</strong></span> <span class='ocrx_word' id='word_1_827' title='bbox 3206 4878 3386 4936; x_wconf 55' lang='lat' dir='ltr'><strong>saeculi</strong></span> <span class='ocrx_word' id='word_1_828' title='bbox 3431 4878 3494 4934; x_wconf 89' lang='lat' dir='ltr'><strong>ﬁ-</strong></span> 
     </span>
    </p>
   </div>
   <div class='ocr_carea' id='block_1_109' title="bbox 1905 4971 3490 5048">
    <p class='ocr_par' dir='ltr' id='par_1_109' title="bbox 1905 4971 3490 5048">
     <span class='ocr_line' id='line_1_109' title="bbox 1905 4971 3490 5048; baseline -0.003 -17"><span class='ocrx_word' id='word_1_829' title='bbox 1905 4991 2031 5032; x_wconf 89' lang='lat' dir='ltr'><strong>nem</strong></span> <span class='ocrx_word' id='word_1_830' title='bbox 2065 4976 2335 5048; x_wconf 87' lang='lat' dir='ltr'><strong>signiﬁcat</strong></span> <span class='ocrx_word' id='word_1_831' title='bbox 2366 4976 2513 5030; x_wconf 86' lang='lat' dir='ltr'><strong>littus</strong></span> <span class='ocrx_word' id='word_1_832' title='bbox 2546 4975 2742 5040; x_wconf 90' lang='lat' dir='ltr'><strong>maris;</strong></span> <span class='ocrx_word' id='word_1_833' title='bbox 2774 4974 2826 5028; x_wconf 90' lang='lat' dir='ltr'><strong>in</strong></span> <span class='ocrx_word' id='word_1_834' title='bbox 2860 4990 2968 5045; x_wconf 92' lang='lat' dir='ltr'><strong>quo</strong></span> <span class='ocrx_word' id='word_1_835' title='bbox 2996 4973 3204 5030; x_wconf 91' lang='lat' dir='ltr'><strong>scilicet</strong></span> <span class='ocrx_word' id='word_1_836' title='bbox 3232 4973 3340 5027; x_wconf 91' lang='lat' dir='ltr'><strong>ﬁne</strong></span> <span class='ocrx_word' id='word_1_837' title='bbox 3361 4971 3490 5027; x_wconf 88' lang='lat' dir='ltr'><strong>boni</strong></span> 
     </span>
    </p>
   </div>
   <div class='ocr_carea' id='block_1_110' title="bbox 1905 5064 3491 5139">
    <p class='ocr_par' dir='ltr' id='par_1_110' title="bbox 1905 5064 3491 5139">
     <span class='ocr_line' id='line_1_110' title="bbox 1905 5064 3491 5139; baseline 0.001 -19"><span class='ocrx_word' id='word_1_838' title='bbox 1905 5067 2083 5139; x_wconf 89' lang='lat' dir='ltr'><strong>pisces</strong></span> <span class='ocrx_word' id='word_1_839' title='bbox 2122 5066 2178 5122; x_wconf 89' lang='lat' dir='ltr'><strong>in</strong></span> <span class='ocrx_word' id='word_1_840' title='bbox 2216 5066 2362 5123; x_wconf 87' lang='lat' dir='ltr'><strong>vasis</strong></span> <span class='ocrx_word' id='word_1_841' title='bbox 2405 5066 2700 5136; x_wconf 84' lang='lat' dir='ltr'><strong>eliguntur,</strong></span> <span class='ocrx_word' id='word_1_842' title='bbox 2753 5066 2881 5120; x_wconf 89' lang='lat' dir='ltr'><strong>mali</strong></span> <span class='ocrx_word' id='word_1_843' title='bbox 2916 5066 3279 5137; x_wconf 83' lang='lat' dir='ltr'><strong>projiciuntur</strong></span> <span class='ocrx_word' id='word_1_844' title='bbox 3318 5064 3491 5133; x_wconf 83' lang='lat' dir='ltr'><strong>foras,</strong></span> 
     </span>
    </p>
   </div>
   <div class='ocr_carea' id='block_1_111' title="bbox 1904 5158 3494 5231">
    <p class='ocr_par' dir='ltr' id='par_1_111' title="bbox 1904 5158 3494 5231">
     <span class='ocr_line' id='line_1_111' title="bbox 1904 5158 3494 5231; baseline 0 -17"><span class='ocrx_word' id='word_1_845' title='bbox 1904 5160 2032 5231; x_wconf 89' lang='lat' dir='ltr'><strong>quia</strong></span> <span class='ocrx_word' id='word_1_846' title='bbox 2060 5167 2115 5215; x_wconf 90' lang='lat' dir='ltr'><strong>et</strong></span> <span class='ocrx_word' id='word_1_847' title='bbox 2140 5158 2345 5215; x_wconf 89' lang='lat' dir='ltr'><strong>electus</strong></span> <span class='ocrx_word' id='word_1_848' title='bbox 2378 5160 2608 5230; x_wconf 91' lang='lat' dir='ltr'><strong>quisque</strong></span> <span class='ocrx_word' id='word_1_849' title='bbox 2640 5159 2695 5214; x_wconf 89' lang='lat' dir='ltr'><strong>in</strong></span> <span class='ocrx_word' id='word_1_850' title='bbox 2740 5158 3086 5215; x_wconf 84' lang='lat' dir='ltr'><strong>tabernacula</strong></span> <span class='ocrx_word' id='word_1_851' title='bbox 3114 5159 3397 5228; x_wconf 88' lang='lat' dir='ltr'><strong>recipitur,</strong></span> <span class='ocrx_word' id='word_1_852' title='bbox 3436 5165 3494 5214; x_wconf 88' lang='lat' dir='ltr'><strong>et</strong></span> 
     </span>
    </p>
   </div>
   <div class='ocr_carea' id='block_1_112' title="bbox 1904 5250 3491 5323">
    <p class='ocr_par' dir='ltr' id='par_1_112' title="bbox 1904 5250 3491 5323">
     <span class='ocr_line' id='line_1_112' title="bbox 1904 5250 3491 5323; baseline 0.001 -17"><span class='ocrx_word' id='word_1_853' title='bbox 1904 5251 2092 5306; x_wconf 69' lang='lat' dir='ltr'><strong>interni</strong></span> <span class='ocrx_word' id='word_1_854' title='bbox 2118 5250 2235 5307; x_wconf 89' lang='lat' dir='ltr'><strong>luce</strong></span> <span class='ocrx_word' id='word_1_855' title='bbox 2263 5251 2414 5323; x_wconf 87' lang='lat' dir='ltr'><strong>regni</strong></span> <span class='ocrx_word' id='word_1_856' title='bbox 2450 5251 2682 5322; x_wconf 87' lang='lat' dir='ltr'><strong>perdita,</strong></span> <span class='ocrx_word' id='word_1_857' title='bbox 2708 5251 2775 5306; x_wconf 90' lang='lat' dir='ltr'><strong>ad</strong></span> <span class='ocrx_word' id='word_1_858' title='bbox 2805 5251 3104 5306; x_wconf 84' lang='lat' dir='ltr'><strong>exteriores</strong></span> <span class='ocrx_word' id='word_1_859' title='bbox 3133 5251 3384 5308; x_wconf 88' lang='lat' dir='ltr'><strong>tenebras</strong></span> <span class='ocrx_word' id='word_1_860' title='bbox 3405 5266 3491 5307; x_wconf 90' lang='lat' dir='ltr'><strong>re-</strong></span> 
     </span>
    </p>
   </div>
   <div class='ocr_carea' id='block_1_113' title="bbox 1904 5342 3492 5414">
    <p class='ocr_par' dir='ltr' id='par_1_113' title="bbox 1904 5342 3492 5414">
     <span class='ocr_line' id='line_1_113' title="bbox 1904 5342 3492 5414; baseline 0.002 -19"><span class='ocrx_word' id='word_1_861' title='bbox 1904 5342 2058 5413; x_wconf 85' lang='lat' dir='ltr'><strong>probi</strong></span> <span class='ocrx_word' id='word_1_862' title='bbox 2103 5343 2413 5397; x_wconf 83' lang='lat' dir='ltr'><strong>trahuntur.</strong></span> <span class='ocrx_word' id='word_1_863' title='bbox 2450 5342 2605 5396; x_wconf 86' lang='lat' dir='ltr'><strong>Nunc</strong></span> <span class='ocrx_word' id='word_1_864' title='bbox 2633 5342 2777 5396; x_wconf 89' lang='lat' dir='ltr'><strong>enim</strong></span> <span class='ocrx_word' id='word_1_865' title='bbox 2819 5343 2991 5398; x_wconf 88' lang='lat' dir='ltr'><strong>honos</strong></span> <span class='ocrx_word' id='word_1_866' title='bbox 3032 5343 3311 5414; x_wconf 85' lang='lat' dir='ltr'><strong>malosque</strong></span> <span class='ocrx_word' id='word_1_867' title='bbox 3341 5358 3492 5398; x_wconf 91' lang='lat' dir='ltr'><strong>com-</strong></span> 
     </span>
    </p>
   </div>
   <div class='ocr_carea' id='block_1_114' title="bbox 1904 5432 3490 5507">
    <p class='ocr_par' dir='ltr' id='par_1_114' title="bbox 1904 5432 3490 5507">
     <span class='ocr_line' id='line_1_114' title="bbox 1904 5432 3490 5507; baseline 0.004 -21"><span class='ocrx_word' id='word_1_868' title='bbox 1904 5432 2161 5499; x_wconf 88' lang='lat' dir='ltr'><strong>muniter,</strong></span> <span class='ocrx_word' id='word_1_869' title='bbox 2215 5433 2369 5505; x_wconf 89' lang='lat' dir='ltr'><strong>quasi</strong></span> <span class='ocrx_word' id='word_1_870' title='bbox 2424 5433 2716 5504; x_wconf 86' lang='lat' dir='ltr'><strong>permistos</strong></span> <span class='ocrx_word' id='word_1_871' title='bbox 2757 5434 2935 5503; x_wconf 87' lang='lat' dir='ltr'><strong>pisces</strong></span> <span class='ocrx_word' id='word_1_872' title='bbox 2986 5434 3109 5490; x_wconf 92' lang='lat' dir='ltr'><strong>ﬁdei</strong></span> <span class='ocrx_word' id='word_1_873' title='bbox 3152 5450 3348 5507; x_wconf 88' lang='lat' dir='ltr'><strong>sagena</strong></span> <span class='ocrx_word' id='word_1_874' title='bbox 3389 5451 3490 5493; x_wconf 91' lang='lat' dir='ltr'><strong>nos</strong></span> 
     </span>
    </p>
   </div>
   <div class='ocr_carea' id='block_1_115' title="bbox 1904 5527 3485 5599">
    <p class='ocr_par' dir='ltr' id='par_1_115' title="bbox 1904 5527 3485 5599">
     <span class='ocr_line' id='line_1_115' title="bbox 1904 5527 3485 5599; baseline 0.003 -17"><span class='ocrx_word' id='word_1_875' title='bbox 1904 5527 2165 5592; x_wconf 85' lang='lat' dir='ltr'><strong>continet,</strong></span> <span class='ocrx_word' id='word_1_876' title='bbox 2194 5528 2291 5582; x_wconf 87' lang='lat' dir='ltr'><strong>sed</strong></span> <span class='ocrx_word' id='word_1_877' title='bbox 2306 5528 2464 5582; x_wconf 90' lang='lat' dir='ltr'><strong>littus</strong></span> <span class='ocrx_word' id='word_1_878' title='bbox 2492 5527 2695 5583; x_wconf 91' lang='lat' dir='ltr'><strong>indicat</strong></span> <span class='ocrx_word' id='word_1_879' title='bbox 2724 5543 2949 5599; x_wconf 87' lang='lat' dir='ltr'><strong>sagena,</strong></span> <span class='ocrx_word' id='word_1_880' title='bbox 2972 5529 3025 5585; x_wconf 93' lang='lat' dir='ltr'><strong>id</strong></span> <span class='ocrx_word' id='word_1_881' title='bbox 3050 5539 3134 5586; x_wconf 89' lang='lat' dir='ltr'><strong>est</strong></span> <span class='ocrx_word' id='word_1_882' title='bbox 3157 5540 3345 5587; x_wconf 87' lang='lat' dir='ltr'><strong>sancta</strong></span> <span class='ocrx_word' id='word_1_883' title='bbox 3378 5532 3485 5587; x_wconf 86' lang='lat' dir='ltr'><strong>Ec-</strong></span> 
     </span>
    </p>
   </div>
   <div class='ocr_carea' id='block_1_116' title="bbox 1901 5619 3485 5692">
    <p class='ocr_par' dir='ltr' id='par_1_116' title="bbox 1901 5619 3485 5692">
     <span class='ocr_line' id='line_1_116' title="bbox 1901 5619 3485 5692; baseline 0.001 -19"><span class='ocrx_word' id='word_1_884' title='bbox 1901 5619 2087 5685; x_wconf 83' lang='lat' dir='ltr'><strong>clesia,</strong></span> <span class='ocrx_word' id='word_1_885' title='bbox 2130 5619 2259 5690; x_wconf 88' lang='lat' dir='ltr'><strong>quid</strong></span> <span class='ocrx_word' id='word_1_886' title='bbox 2307 5619 2574 5674; x_wconf 87' lang='lat' dir='ltr'><strong>trahebat.</strong></span> <span class='ocrx_word' id='word_1_887' title='bbox 2617 5619 2685 5674; x_wconf 89' lang='lat' dir='ltr'><strong>Et</strong></span> <span class='ocrx_word' id='word_1_888' title='bbox 2725 5620 2945 5690; x_wconf 88' lang='lat' dir='ltr'><strong>quidem</strong></span> <span class='ocrx_word' id='word_1_889' title='bbox 2991 5622 3169 5690; x_wconf 89' lang='lat' dir='ltr'><strong>pisces</strong></span> <span class='ocrx_word' id='word_1_890' title='bbox 3209 5623 3302 5692; x_wconf 84' lang='lat' dir='ltr'><strong>qui</strong></span> <span class='ocrx_word' id='word_1_891' title='bbox 3339 5622 3485 5685; x_wconf 87' lang='lat' dir='ltr'><strong>capti</strong></span> 
     </span>
    </p>
   </div>
   <div class='ocr_carea' id='block_1_117' title="bbox 1901 5709 3481 5782">
    <p class='ocr_par' dir='ltr' id='par_1_117' title="bbox 1901 5709 3481 5782">
     <span class='ocr_line' id='line_1_117' title="bbox 1901 5709 3481 5782; baseline 0.001 -18"><span class='ocrx_word' id='word_1_892' title='bbox 1901 5709 2121 5766; x_wconf 85' lang='lat' dir='ltr'><strong>fuerunt</strong></span> <span class='ocrx_word' id='word_1_893' title='bbox 2144 5709 2341 5765; x_wconf 90' lang='lat' dir='ltr'><strong>mutari</strong></span> <span class='ocrx_word' id='word_1_894' title='bbox 2371 5724 2477 5765; x_wconf 91' lang='lat' dir='ltr'><strong>non</strong></span> <span class='ocrx_word' id='word_1_895' title='bbox 2500 5719 2724 5782; x_wconf 89' lang='lat' dir='ltr'><strong>possunt</strong></span> <span class='ocrx_word' id='word_1_896' title='bbox 2750 5727 2765 5777; x_wconf 86' lang='lat'><strong>;</strong></span> <span class='ocrx_word' id='word_1_897' title='bbox 2792 5727 2891 5766; x_wconf 92' lang='lat' dir='ltr'><strong>nos</strong></span> <span class='ocrx_word' id='word_1_898' title='bbox 2911 5727 3039 5766; x_wconf 85' lang='lat' dir='ltr'><strong>vero</strong></span> <span class='ocrx_word' id='word_1_899' title='bbox 3069 5712 3195 5767; x_wconf 86' lang='lat' dir='ltr'><strong>mali</strong></span> <span class='ocrx_word' id='word_1_900' title='bbox 3219 5727 3481 5782; x_wconf 76' lang='lat' dir='ltr'><strong>capimur,</strong></span> 
     </span>
    </p>
   </div>
   <div class='ocr_carea' id='block_1_118' title="bbox 1903 5802 3480 5875">
    <p class='ocr_par' dir='ltr' id='par_1_118' title="bbox 1903 5802 3480 5875">
     <span class='ocr_line' id='line_1_118' title="bbox 1903 5802 3480 5875; baseline -0.002 -16"><span class='ocrx_word' id='word_1_901' title='bbox 1903 5803 1995 5860; x_wconf 77' lang='lat' dir='ltr'><strong>sed</strong></span> <span class='ocrx_word' id='word_1_902' title='bbox 2032 5806 2083 5860; x_wconf 86' lang='lat' dir='ltr'><strong>in</strong></span> <span class='ocrx_word' id='word_1_903' title='bbox 2123 5804 2417 5860; x_wconf 83' lang='lat' dir='ltr'><strong>bonitatem</strong></span> <span class='ocrx_word' id='word_1_904' title='bbox 2461 5810 2855 5874; x_wconf 77' lang='lat' dir='ltr'><strong>permutamur.</strong></span> <span class='ocrx_word' id='word_1_905' title='bbox 2890 5802 3201 5875; x_wconf 81' lang='lat' dir='ltr'><strong>Cogitemus</strong></span> <span class='ocrx_word' id='word_1_906' title='bbox 3234 5804 3393 5875; x_wconf 72' lang='lat' dir='ltr'><strong>igitur</strong></span> <span class='ocrx_word' id='word_1_907' title='bbox 3424 5803 3480 5859; x_wconf 90' lang='lat' dir='ltr'><strong>in</strong></span> 
     </span>
    </p>
   </div>
  </div>
