3914 6456
463 373 570 436 955

1113 358 1472 420 B.'RABANI
1504 358 1726 417 MAURI
1759 354 2081 414 ARCIIIEP.
2121 354 2431 411 MOGUNT.
2469 354 2759 415 OPERUM
2813 356 2999 413 PARS
3034 357 3077 412 I.

3634 359 3737 418 9:6

465 492 738 565 captione,
761 503 829 544 ne
853 483 1155 543 dividamur
1178 483 1236 538 in
1256 482 1460 539 littore.
1488 478 1758 551 (llieron.)
1790 479 1924 534 Item
1946 475 2044 530 ali-
2073 474 2122 535 Α
2150 472 2397 528 thesauro
2426 489 2524 528 suo
2552 489 2685 565 nova
2715 483 2763 528 et
2784 482 2974 565 vetera.
3008 471 3194 565 Meg.)
3224 469 3350 565 Non.
3369 471 3518 527 dixit
3558 480 3736 565 vetera

465 593 572 650 ter,
626 579 811 637 Simile
856 587 932 633 est
981 592 1195 648 regnum
1237 572 1485 629 caelorum
1524 588 1731 643 sugente
1777 574 1953 627 missm
1986 577 2041 627 in

465 693 632 743 mare,
660 683 765 732 etc.
797 673 1018 744 Impleto
1044 669 1292 726 Ieremia:
1325 667 1586 724 vaticinio
1622 666 1872 729 dicentis,
1907 664 2044 719 Ecce

464 786 559 841 ego
582 770 728 822 mitto
756 765 828 820 ad
868 781 959 820 vos
1002 765 1286 835 piscatores
1330 760 1519 816 multos
1546 759 1682 830 (Jer.
1718 758 1851 829 xvr),
1897 765 2046 827 post—

465 880 630 937 quam
668 861 958 919 audierunt
995 861 1227 925 Petrus,
1272 866 1328 914 et
1377 856 1655 921 Andreas,
1706 853 1940 908 Iacobus
1991 858 2046 908 et

462 957 699 1016 Joannes
728 956 822 1011 lilii
861 954 1128 1021 Zcbedaai,
1158 953 1452 1024 Sequimini
1491 969 1592 1015 me,
1634 960 1681 1006 et
1722 950 1918 1020 faciam
1956 965 2043 1004 eos

462 1051 747 1121 piscatores
793 1047 912 1116 ﬁeri
956 1046 1222 1100 hominum
1259 1044 1474 1117 (Matth.
1529 1045 1628 1114 tv),
1684 1050 2044 1098 contexerant

464 1141 568 1196 sibi
596 1155 661 1197 ex
690 1140 877 1198 Veteri
896 1149 952 1195 et
978 1141 1127 1198 Novo
1151 1143 1501 1208 Testamento
1529 1154 1786 1211 sagenam
1814 1152 2044 1208 evange-

463 1231 693 1288 licorum
722 1231 1056 1304 dogmatum,
1081 1240 1137 1287 et
1165 1233 1431 1287 miserunt
1453 1246 1572 1286 eam
1619 1231 1671 1285 in
1706 1244 1857 1284 mare
1884 1229 2044 1297 hujus

464 1322 669 1386 seculi,
700 1338 822 1392 qum
851 1337 1025 1392 usque
1065 1322 1227 1377 hodie
1274 1323 1329 1377 in
1360 1322 1551 1377 mediis
1581 1320 1835 1376 ﬂuctibus
1869 1320 2043 1375 tendi-

465 1422 576 1477 tur,
606 1413 826 1482 capiens
856 1414 923 1467 de
959 1411 1111 1467 falsis
1149 1421 1203 1468 et
1233 1413 1434 1469 amaris
1458 1413 1757 1484 gurgitibus
1782 1410 2041 1483 quidquid

465 1503 737 1569 inciderit,
771 1503 823 1558 id
850 1512 952 1567 est,
978 1512 1032 1557 et
1055 1505 1227 1559 bonos
1259 1505 1506 1560 homines
1531 1513 1586 1559 et
1607 1504 1795 1569 malos,
1826 1512 1879 1558 et
1903 1503 2042 1574 opti-

460 1608 581 1649 mos
623 1594 801 1664 pisces
836 1604 892 1648 et
926 1594 1209 1664 pessimos.
1243 1594 1423 1665 (Manu
1451 1594 1469 1665 )
1497 1595 1643 1662 Quos
1670 1594 1737 1650 ad
1781 1595 1933 1649 littus
1962 1602 2042 1648 at-

463 1684 649 1750 trahit,
677 1683 740 1740 id
768 1692 873 1747 est,
904 1685 971 1739 ad
1006 1684 1167 1739 linem
1210 1686 1416 1749 mundi,
1448 1694 1507 1740 nt
1533 1694 1661 1741 tunc
1685 1685 1797 1754 jam
1842 1699 2037 1756 seque-

457 1774 654 1829 stratio
696 1774 959 1830 bonorum
1000 1782 1055 1829 et
1083 1773 1347 1830 malorum
1376 1776 1605 1846 piscium
1644 1777 1735 1832 sit.
1786 1775 1941 1832 Unde
1985 1784 2040 1831 et

448 1864 749 1922 subdﬂur:

528 1954 616 2011 Sic
641 1958 777 2012 enim
798 1960 900 2013 erit
920 1959 976 2014 in
999 1960 1439 2015 consummatione
1465 1959 1665 2016 surculi.
1694 1958 1922 2014 Exibunt
1945 1977 2039 2014 aa-

453 2043 576 2114 geli,
611 2055 660 2099 et
687 2049 1001 2119 separabunt
1035 2050 1202 2105 malos
1244 2051 1308 2105 de
1336 2052 1507 2105 medio
1525 2052 1817 2122 justorum,
1841 2061 1888 2105 et
1920 2053 2038 2105 mit-

453 2142 562 2187 tent
603 2151 691 2189 eos
731 2137 787 2190 in
813 2138 1075 2193 caminum
1113 2140 1387 2211 ignis:ibi
1425 2141 1522 2195 erit
1560 2142 1714 2210 ﬂetus
1761 2148 1809 2195 et
1839 2141 2039 2195 stridor

453 2222 709 2279 dentium.
766 2223 970 2299 (ϐπ-ες.)
1030 2229 1144 2286 Hoc
1194 2246 1325 2302 ergo
1368 2231 1665 2286 timendum
1719 2240 1801 2287 est
1856 2233 2037 2309 potius

450 2331 614 2386 quam
639 2323 1035 2390 exponendum.
1058 2324 1259 2395 Aperta
1286 2326 1429 2381 enim
1458 2340 1592 2380 voce
1618 2333 1887 2379 tormenta
1910 2340 2035 2395 pec-

450 2411 691 2466 cantium
716 2413 860 2469 dicta
883 2424 1033 2480 sunt,
1063 2433 1129 2471 ne
1149 2417 1271 2486 quis
1302 2418 1369 2471 ad
1393 2416 1708 2487 ignorantia:
1733 2432 1844 2471 suae
1864 2432 2032 2471 excu-

451 2498 716 2555 sationem
744 2504 1063 2568 recurrerit,
1094 2506 1139 2559 si
1163 2506 1292 2575 quid
1322 2506 1387 2560 de
1413 2513 1616 2559 aeterno
1647 2506 1910 2577 supplicio
1937 2508 2033 2564 ob-

451 2602 614 2643 scure
640 2590 929 2647 diceretur.
961 2592 1231 2665 (meram)
1256 2594 1390 2649 Cum
1412 2609 1540 2649 vero
1562 2596 1769 2649 venerit
1787 2611 2034 2652 consum-

446 2678 638 2745 matio,
669 2689 724 2735 et
750 2683 875 2738 ﬁnis
896 2685 1102 2750 mundi,
1142 2694 1202 2740 ut
1236 2686 1353 2756 ipse
1383 2685 1522 2741 infra
1557 2686 1896 2744 manifestius
1918 2689 2029 2745 dis-

447 2769 602 2836 serit,
632 2780 757 2829 tunc
803 2790 1003 2847 sagena
1035 2778 1353 2832 extrahetur
1376 2781 1442 2834 ad
1468 2778 1649 2843 littus;
1685 2786 1813 2835 tunc
1843 2796 2029 2835 verum

445 2864 900 2920 secernendorum
952 2868 1184 2937 piscium
1223 2867 1485 2938 judicium
1544 2871 2027 2937 demonstrabitur,

444 2960 502 3006 et
525 2954 679 3022 quasi
707 2955 763 3010 in
807 2957 1037 3026 quodam
1062 2960 1402 3029 quietissime
1434 2968 1594 3031 portu
1644 2961 1772 3016 boni
1803 2961 2028 3018 mitten-

443 3048 537 3095 tur
566 3043 618 3097 in
645 3060 772 3100 vasa
819 3048 1116 3104 caelestium
1168 3051 1532 3115 mansionum,
1563 3052 1737 3107 malos
1766 3067 1894 3107 vero
1923 3061 2029 3109 tor-

441 3133 641 3190 rendos
687 3143 743 3191 et
791 3140 1146 3196 exsiccandos
1185 3143 1449 3213 gehennae
1489 3141 1705 3197 ﬂamma
1744 3143 2021 3214 suscipiet.

2143 570 2199 617 et
2226 578 2388 629 nova,
2412 565 2557 633 quod
2589 563 2776 632 utique
2800 562 3027 617 dixisset
3057 562 3163 617 nisi
3188 561 3479 616 maluisset
3512 562 3735 616 merito-

2145 670 2263 709 rum
2289 656 2532 711 ordinem
2553 669 2772 712 servare
2801 670 2964 725 quam
2994 664 3317 725 temporum.
3349 653 3573 709 Novum
3596 656 3735 711 eluta

2146 744 2548 801 Testamentum
2589 747 2859 817 posterius
2905 755 2990 801 est
3037 753 3303 815 tempore,
3347 745 3451 800 sed
3481 744 3642 815 prius
3666 746 3740 800 ὥς

2145 838 2370 907 gnitate.
2405 839 2673 912 (Hierom)
2710 840 2965 895 Instructi
3011 841 3234 910 quidem
3285 848 3455 895 erant
3488 840 3735 910 apostoli,

2145 932 2337 987 scribae
2377 941 2432 987 et
2464 934 2660 988 notarii
2687 932 3009 999 Salvatoris,
3042 934 3135 1005 qui
3157 934 3326 989 verba
3356 933 3514 988 iliius
3538 943 3600 988 et
3617 950 3740 1003 pne-

2144 1031 2296 1093 cepta
2326 1024 2612 1095 signaliant
2647 1026 2700 1079 in
2729 1024 2926 1080 tabulis
2951 1027 3131 1081 cordis
3170 1025 3522 1091 carnalibus,
3556 1042 3739 1095 regno-

2147 1130 2267 1171 rum
2286 1115 2590 1171 coelestium
2617 1119 2991 1184 sacramentis,
3023 1127 3077 1173 et
3110 1119 3460 1188 pullulabant
3501 1126 3561 1174 et
3590 1119 3739 1188 polle-

2144 1203 2274 1259 bant
2319 1206 2510 1276 opibus
2549 1206 2973 1275 patrisfamilias,
3022 1208 3303 1279 cjicientes
3360 1210 3435 1264 de
3487 1210 3739 1264 thesauro

2144 1311 2365 1352 suarum
2393 1298 2762 1354 doctrinarum
2790 1316 2929 1355 nova
2963 1313 3019 1355 et
3046 1308 3267 1365 vetera;
3302 1309 3365 1354 ut
3391 1302 3670 1371 quidquid
3692 1302 3740 1354 is

2144 1388 2431 1460 Evangelio
2469 1391 2857 1461 praedicabant,
2890 1393 3023 1465 legis
3061 1402 3118 1448 et
3160 1395 3575 1465 prephetarum
3606 1395 3743 1447 voci-

2142 1482 2243 1539 bus
2273 1486 2708 1555 comprobarent.
2743 1487 2894 1544 Unde
2933 1496 2990 1542 et
3018 1503 3217 1557 sponsa
3266 1488 3404 1543 dicit
3439 1489 3501 1541 in
3525 1486 3741 1541 Cantica

2142 1576 2477 1632 canticorum
2503 1598 2516 1631 :
2547 1578 2700 1633 Nova
2734 1594 2854 1631 cum
2884 1579 3160 1645 veteribus,
3201 1579 3488 1648 fratruelis
3520 1580 3621 1643 mi,
3644 1595 3741 1631 ser-

2143 1666 2255 1720 vari
2298 1667 2399 1721 tibi
2416 1667 2592 1740 (Cant.
2626 1670 2746 1739 vn).
2792 1668 2945 1736 Quod
2996 1679 3176 1725 tamen
3216 1670 3454 1742 intelligi
3494 1678 3555 1724 et
3593 1670 3741 1723 aliter

2141 1766 2338 1827 potest.
2386 1758 2587 1832 (Greg.)
2618 1760 2902 1817 Vetustum
2948 1762 3113 1833 igitur
3141 1763 3373 1818 humani
3424 1764 3657 1833 generis
3683 1765 3742 1816 ad

2070 1876 2113 1935 Β
2144 1849 2338 1907 inferni
2370 1852 2604 1908 claustra
2646 1854 2991 1918 descendere,
3025 1870 3126 1926 pro
3154 1856 3402 1925 peccatis
3448 1855 3576 1910 suis
3624 1870 3741 1924 sup-

2143 1941 2299 2010 plicia
2338 1951 2539 1999 mterna
2566 1945 2833 2012 tolerare;
2863 1947 2947 2001 cui
2974 1961 3072 2016 per
3092 1947 3411 2001 mediatoris
3443 1948 3740 2002 adventum

2140 2051 2339 2091 novum
2367 2037 2568 2106 aliquid
2594 2039 2844 2103 accessit,
2884 2047 2944 2094 ut
2981 2040 3028 2093 si
3064 2040 3152 2094 hic
3186 2048 3339 2095 recte
3375 2040 3649 2094 studeant
3668 2040 3742 2092 ri-

2141 2138 2289 2190 vcre,
2321 2124 2580 2181 caelorum
2610 2142 2775 2197 regna
2796 2127 3013 2182 valeant
3044 2137 3364 2198 penetrare;
3394 2138 3453 2183 et
3488 2128 3663 2182 homo
3690 2128 3737 2181 in

2140 2221 2286 2268 terra
2310 2213 2509 2279 editus,
2542 2214 2586 2270 si
2614 2230 2644 2269 a
2669 2215 3006 2286 corruptibili
3038 2216 3149 2271 vita
3176 2217 3477 2282 moriatur,
3528 2217 3585 2270 iu
3611 2216 3739 2271 Cario

2138 2314 2281 2361 esset
2319 2306 2704 2373 collocandus;
2736 2316 2967 2364 etvetus
3003 2309 3187 2378 itaque
3210 2317 3317 2373 est,
3353 2319 3415 2362 ut
3447 2325 3564 2380 pro
3592 2310 3741 2379 culpa

2137 2410 2306 2466 genus
2326 2396 2622 2450 humanum
2650 2396 2904 2465 intereat,
2940 2408 2997 2453 et
3023 2414 3222 2455 novum
3248 2407 3310 2453 ut
3340 2414 3667 2455 conversus
3692 2401 3739 2453 ia

2136 2500 2302 2556 regno
2325 2487 2487 2542 vivat.
2511 2486 2662 2553 Quod
2684 2504 2813 2560 ergo
2843 2489 2897 2543 in
2922 2489 3272 2546 conclusione
3298 2490 3617 2545 locutionis
3640 2504 3739 2545 sua:

2136 2577 2395 2632 Dominus
2433 2578 2689 2644 subdidit,
2735 2581 2839 2635 hoc
2875 2587 2961 2634 est
3006 2580 3191 2649 utique
3247 2579 3398 2650 quod
3448 2581 3735 2651 praemisit.

2134 2664 2294 2723 Prius
2324 2668 2469 2723 enim
2496 2669 2562 2723 de
2606 2670 2758 2741 regni
2798 2670 3150 2727 similitudine
3184 2671 3527 2726 thesaurum
3558 2673 3736 2725 inven-

2136 2765 2249 2813 tum
2304 2773 2369 2814 ac
2422 2760 2620 2814 bonam
2664 2760 3013 2831 margaritam
3061 2761 3321 2832 protulit;
3384 2763 3735 2833 postmodum

2132 2867 2264 2908 vero
2291 2851 2486 2908 inferni
2514 2868 2704 2924 prunas
2730 2854 2796 2910 de
2841 2854 3104 2909 malorum
3135 2854 3535 2910 cotnbustione
3567 2871 3735 2909 tum

2131 2943 2229 3008 vit,
2277 2952 2439 3014 atque
2493 2946 2549 3000 in
2615 2945 2963 3002 conclusione
3010 2945 3329 3018 subiungit:
3368 2945 3515 3001 Ideo
3584 2949 3737 3000 omnis

2130 3034 2302 3089 scriba
2341 3035 2523 3091 doctus
2552 3037 2609 3090 in
2642 3054 2801 3108 regno
2828 3036 3075 3092 calorum
3097 3037 3285 3092 similis
3312 3048 3395 3093 est
3429 3038 3737 3107 patrifami-

2129 3124 2231 3181 lias
2263 3128 2548 3197 proferenti
2590 3129 2655 3183 de
2683 3130 2929 3184 thesauro
2959 3146 3054 3184 suo
3085 3147 3217 3184 nova
3244 3140 3295 3184 et
3326 3141 3544 3185 uetera.
3597 3132 3677 3185 Ac

441 3219 598 3288 Quod
623 3240 754 3281 vero
794 3226 1044 3285 salvator
1077 3231 1353 3303 proposita
1380 3232 1637 3304 parabola
1681 3233 1864 3289 suum
1896 3233 2028 3289 sub-
2054 3256 2100 3320 C
2133 3226 2320 3288 aperte
2348 3218 2656 3275 diceretur:
2681 3220 2771 3275 Ille
2802 3221 3071 3277 in'sancta
3103 3222 3347 3278 Ecclesia
3370 3223 3592 3278 doctus
3616 3238 3739 3291 pra-

404 3308 417 3321 '
436 3311 692 3385 iungens,
719 3317 839 3373 ait:
2059 3308 2100 3320 "
2133 3309 2345 3366 dicatur
2369 3319 2475 3377 est,
2517 3312 2610 3381 qui
2649 3323 2703 3368 et
2732 3329 2866 3367 nova
2898 3315 3002 3368 scit
3044 3313 3289 3383 proferre
3338 3313 3416 3368 de
3465 3313 3736 3367 suavitate

512 3403 853 3465 Intellexistis
900 3412 1011 3467 htec
1056 3416 1275 3470 omnia?
1324 3414 1519 3469 Dicunt
1564 3416 1613 3470 ei
1648 3414 1888 3470 :Etiam.
1950 3417 2034 3472 Ad
2133 3402 2306 3472 regni.
2344 3410 2400 3458 et
2442 3411 2614 3457 vetera
2664 3403 2848 3460 dicere
2886 3404 2955 3460 de
2983 3401 3192 3462 terrére
3228 3403 3522 3474 supplicii.
3560 3413 3624 3458 ut
3658 3404 3736 3457 τοι

440 3492 727 3563 Apostolos
754 3502 973 3571 proprie
1015 3519 1195 3559 sermo
1242 3513 1345 3571 ρει,
1388 3515 1445 3561 οι
1469 3506 1573 3561 illis
1603 3507 1834 3562 dicitur;
1864 3505 2033 3561 1,1131.
2129 3504 2306 3561 paena?
2334 3501 2577 3548 terreant
2617 3509 2755 3565 quos
2785 3495 3008 3565 prtemia
3054 3511 3160 3549 non
3210 3494 3473 3548 invitant.
3502 3492 3735 3565 (Μαι.)

440 3581 642 3639 lexistis
662 3587 775 3642 ha'c
805 3592 1021 3645 omnia?
1046 3593 1192 3660 Quos
1221 3611 1325 3650 non
1347 3595 1463 3650 vult
1492 3596 1682 3651 audire
1706 3605 1939 3661 tantum,
1970 3603 2032 3651 ut
2129 3584 2270 3640 E008
2297 3585 2442 3641 hunc
2468 3587 2823 3657 θεροδῖῑίοηίδ
2852 3586 3176 3656 evangelica?
3200 3586 3340 3640 liber
3372 3596 3621 3655 ι1¹¹πι⁰⁵
3644 3587 3735 3640 Ῐι³⁹

442 3675 721 3744 populum,
773 3682 866 3737 scd
917 3684 1216 3755 intemng
1259 3696 1320 3742 υι
1368 3689 1657 3759 magistros
1707 3687 1937 3751 τυιιιιροε,
1971 3695 2029 3743 ει
2128 3673 2255 3729 beat
2285 3676 2595 3741 terminum,
2629 3676 2719 3731 ubi
2742 3677 3120 3748 parabolarum
3152 3675 3365 3731 Domini
3399 3677 3651 3745 prolatio
3676 3678 3726 3728 in

442 3760 1193 3841 intelligentibns,parabolas
1229 3776 1451 3848 dignum
1501 3777 1869 3832 testimonium
1905 3775 2030 3832 red-
2124 3767 2376 3824 ἀίεῑτῖειο
2403 3769 2499 3825 ΒΘί
2529 3770 2689 3826 ﬁnem
2715 3773 2954 3827 OSlendii
2991 3772 3189 3827 habere
3215 3771 3505 3836 Simulum.
3542 3783 3611 3827 lli
3645 3773 3731 3825 df-

440 3848 540 3906 dit.
573 3854 727 3912 Unde
750 3866 805 3913 et
834 3862 1120 3919 subditur:

510 3944 581 3999 Et
593 3948 668 4002 ait
690 3949 796 4005 illis
819 3968 837 4005 :
866 3953 996 4010 Ideo
1018 3958 1187 4012 omnis
1208 3958 1380 4012 scriba
1409 3958 1593 4012 doctus
1614 3960 1669 4012 in
1696 3973 1854 4028 regno
1877 3957 2032 4013 coelo.

437 4051 554 4091 rum
603 4040 791 4097 similis
823 4055 897 4099 est
926 4048 1125 4103 homini
1166 4049 1566 4120 patrifamilias,
1614 4050 1704 4119 qui
1740 4047 1937 4118 profert
1963 4049 2029 4103 de

2126 3857 2256 3915 hinc
2273 3875 2336 3915 ea
2359 3877 2480 3931 quae
2505 3872 2804 3932 sequuntur
2823 3877 3048 3934 operum
3069 3871 3125 3919 et
3154 3878 3483 3919 sermonum
3509 3863 3728 3919 Domini

2128 3950 2237 4007 alio
2264 3952 2548 4009 initientur
2580 3954 2824 4011 exordio.

438 4183 3073 4213 Μ

1644 4284 1946 4363 LIBER
2004 4280 2501 4376 QUINTUS.

833 4520 1182 4589 SEQUITUR
1220 4521 1448 4579 CAPUT
1486 4522 1622 4577 XIII.

508 4611 646 4685 [VL]
687 4610 755 4666 Et
783 4615 981 4683 factum
1008 4624 1083 4668 est
1111 4631 1228 4668 cum
1259 4624 1664 4687 consummasset
1684 4613 1840 4668 Iesus
1863 4630 2021 4681 para-

430 4700 579 4757 bolas
602 4703 752 4769 istas,
783 4704 994 4757 transiit
1039 4704 1182 4769 inde,
1225 4714 1273 4759 et
1304 4706 1512 4759 veniens
1538 4706 1592 4758 in
1614 4706 1838 4775 patriam
1866 4720 2017 4758 suam

430 4792 646 4846 docebat
679 4808 764 4846 eos
794 4793 849 4845 in
877 4794 1154 4864 synagogis
1177 4810 1379 4859 eorum,
1404 4796 1479 4848 ita
1508 4805 1565 4847 ut
1599 4795 1921 4849 mirarentur
1970 4801 2020 4848 et

431 4887 663 4940 dicerent
692 4899 710 4937 :
745 4883 895 4939 Unde
918 4886 1038 4939 huic
1076 4887 1331 4956 sapientia
1362 4886 1473 4941 htrc
1500 4897 1548 4941 et
1578 4887 1789 4941 virtutes
1812 4887 1836 4940 ?
1862 4884 2018 4957 (Hie-

432 4976 573 5049 ron.)
602 4977 733 5033 Post
769 4976 1056 5047 parabolas
1086 4992 1222 5047 quas
1259 4977 1469 5033 locutus
1494 4984 1577 5032 est
1621 4977 1688 5031 ad
1737 4976 2014 5046 populum,

426 5078 480 5123 ct
502 5085 640 5139 quas
665 5069 765 5124 soli
792 5068 1019 5141 apostoli
1052 5069 1445 5142 intelligebant,
1478 5071 1673 5126 transit
1697 5071 1751 5126 in
1786 5071 2017 5141 patriam

429 5178 582 5216 suam
625 5162 908 5226 Dominus,
945 5171 1009 5217 ut
1060 5163 1133 5218 ibi
1176 5165 1418 5233 apertius
1459 5164 1670 5219 doceat.
1701 5163 1884 5236 (Rm)
1912 5162 2018 5217 Pa-

428 5254 592 5307 triam
638 5254 850 5310 Domini
900 5254 1198 5321 Galilaeam,
1244 5256 1357 5311 sive
1399 5255 1706 5325 specialiter
1749 5254 2017 5309 Nazareth

424 5342 579 5407 dicit,
618 5344 671 5397 in
707 5361 813 5415 qua
842 5356 961 5402 erat
1010 5347 1270 5413 nutritus,
1296 5347 1386 5401 ubi
1431 5355 1485 5401 et
1513 5347 1568 5401 in
1608 5346 1897 5418 synagogis
1925 5345 2020 5400 Ju-

428 5432 672 5487 daaornm
717 5437 1033 5505 praedicavit
1060 5451 1075 5491 :
1102 5445 1368 5513 Συναγωγή
1400 5437 1543 5493 enim
1570 5436 1780 5503 Grzece,
1825 5435 2017 5491 Latine

428 5525 633 5581 dicitur
663 5531 1022 5601 :ongregatio;
1065 5546 1174 5601 quo
1197 5532 1412 5586 nomine
1437 5546 1543 5586 non
1588 5530 1760 5586 solum
1792 5527 2017 5584 aIIIuen-

435 5619 571 5675 tium
605 5619 890 5675 turbarum
926 5632 1274 5688 conventum,
1311 5622 1406 5678 sed
1448 5630 1504 5677 et
1530 5622 1771 5686 domum,
1813 5636 1917 5691 qua
1948 5620 2016 5675 ad

433 5708 761 5763 audiendum
810 5709 1165 5767 dicendamve
1218 5711 1312 5767 Dei
1355 5713 1577 5766 verbum
1621 5709 2014 5765 conveniebant

428 5795 617 5869 Judaei,
647 5796 919 5870 appellare
944 5801 1210 5858 solebant.
1246 5802 1395 5859 Unde
1424 5802 1684 5857 Dominus
1709 5802 1774 5855 ad
1803 5801 2012 5856 Annam

2044 4523 2099 4584 D
2123 4520 2435 4593 pontiliccm
2460 4537 2474 4574 :
2500 4518 2615 4591 Ego
2658 4534 2876 4590 semper,
2910 4517 3104 4588 inquit,
3136 4517 3295 4572 docui
3343 4518 3399 4571 in
3429 4535 3731 4590 synagoga,

2127 4622 2175 4667 et
2219 4612 2275 4667 in
2320 4609 2510 4681 templo
2564 4627 2665 4682 quo
2713 4626 2890 4664 omnes
2940 4608 3120 4664 Judwi
3163 4608 3487 4663 conveniunt
3521 4606 3729 4678 (locis.

2125 4702 2324 4774 mn).
2367 4701 2519 4758 Sicut
2573 4710 2629 4758 et
2668 4716 2769 4757 nos
2813 4700 3073 4757 ecclesias
3123 4700 3367 4755 ﬁdelium
3412 4708 3473 4755 et
3517 4699 3644 4754 loca
3678 4710 3730 4754 et

2127 4796 2325 4851 choros
2368 4793 2688 4849 vocitamus.
2723 4793 2924 4849 Verum
2975 4791 3157 4848 dili‘ert
3195 4792 3340 4846 inter
3381 4798 3722 4867 συναγωγήν,

2126 4902 2247 4957 quae
2282 4886 2635 4957 congregatio,
2668 4892 2724 4940 et
2751 4884 3011 4944 ἐκκλησίαν
3054 4899 3175 4955 quae
3198 4885 3512 4938 convocatio
3556 4885 3726 4938 inter-

2125 4986 2391 5049 pretatur,
2422 4978 2565 5048 quod
2589 4977 2793 5033 veteris
2821 4976 3164 5033 instrumenti
3196 4975 3455 5046 populus,
3490 4987 3725 5047 utroque

2122 5070 2406 5134 vocabulo,
2436 5069 2560 5124 novi
2604 5078 2785 5124 autem
2829 5076 3038 5123 tantum
3066 5068 3307 5125 Ecclesia
3347 5080 3722 5137 nuncupatur.

2122 5160 2259 5226 Quia
2300 5158 2551 5215 videlicet
2592 5168 2648 5214 et
2700 5175 2899 5231 pecora
2953 5168 3008 5215 et
3062 5159 3314 5215 inanima:
3355 5175 3594 5230 qumque
3639 5176 3729 5214 res

2122 5252 2438 5324 congregari
2492 5251 2546 5307 in
2589 5268 2758 5307 unum
2799 5259 3049 5323 possunt,
3096 5251 3386 5307 convocari
3424 5267 3560 5306 vero
3613 5266 3725 5304 non

2122 5344 2226 5399 nisi
2275 5344 2485 5398 ratione
2527 5343 2735 5399 utentia
2779 5351 3022 5414 possunt.
3075 5342 3307 5412 Ideoque
3336 5358 3493 5397 nova:
3529 5342 3724 5412 gratia:

2124 5434 2379 5507 populum
2407 5435 2564 5505 quasi
2613 5436 2819 5506 majore
2861 5434 3125 5506 dignitate
3178 5435 3463 5506 przeditum
3512 5434 3722 5489 rectius

2123 5536 2481 5583 convocatum
2514 5525 2566 5581 in
2618 5526 2878 5581 unitatem
2929 5527 3072 5593 lidei,
3111 5543 3273 5598 quam
3315 5534 3721 5597 congregatum

2123 5621 2329 5685 dicere,
2355 5619 2407 5674 id
2430 5628 2513 5675 est
2537 5619 2854 5685 Ecclesium,
2880 5635 3045 5690 quam
3070 5634 3399 5691 synagogam
3421 5617 3721 5672 nominare

2118 5709 2431 5779 apostolicis
2476 5708 2832 5780 scriptoribus
2882 5717 2937 5763 ct
3008 5709 3322 5764 doctoribus
3371 5708 3550 5763 visum
3602 5714 3714 5760 est.

2116 5799 2471 5858 Conﬂuebant
2498 5814 2627 5858 vero
2656 5799 2742 5858 die
2790 5798 3000 5858 sabbati
3047 5814 3259 5873 semper
3299 5801 3354 5856 in
3386 5795 3691 5868 svnagogis
