3914 6456
136 370 243 431 957

1095 364 1447 423 COMMENT.
1484 363 1552 420 IN
1589 363 2024 423 MATTHA‘JUM.
2060 395 2131 408 —
2168 364 2296 421 LIB.
2342 365 2397 423 V.

3292 369 3398 427 {I58

138 482 371 553 utjuxta
414 478 557 550 quod
592 476 856 534 Dominus
905 476 1181 546 praecepit,
1242 474 1431 530 Vacate
1470 485 1517 529 et
1553 475 1718 529 videte
1746 479 1796 539 Α
1824 478 1953 533 tutis
1973 494 2138 550 opera
2179 480 2444 551 prosapiae
2478 480 2713 537 carnalis
2747 481 3198 555 contemplatione
3219 483 3401 559 diserti-

136 576 389 648 quoniam
426 590 519 645 ego
556 588 672 626 sum
711 569 853 623 Deus
884 566 1055 638 (Psal.
1085 566 1232 638 XLV),
1276 566 1485 622 feriatis
1531 566 1717 623 mundi

140 666 377 737 negotiis
404 665 474 719 ad
500 660 808 718 meditanda
838 659 970 729 legis
1005 660 1205 714 monita
1233 660 1417 728 quieto
1442 659 1605 713 corde
1630 672 1717 713 re-

141 757 405 812 siderent.
432 753 597 824 Cujus
626 766 700 816 .eo
727 751 815 805 die
856 748 1159 805 devotionis
1197 749 1416 819 agendae
1458 748 1719 804 hactenus

140 848 200 901 in
231 846 473 902 Ecclesia
517 844 778 913 perducat
821 840 1100 905 indicium,
1134 853 1254 907 quze
1297 838 1364 893 ad
1404 839 1720 893 memoriam

138 935 338 1005 prisca:
384 931 660 1003 religionis
716 928 987 985 canticum
1040 928 1459 992 Deuteronomii,
1511 928 1564 981 in
1614 941 1722 998 quo

139 1024 429 1078 universus
455 1021 656 1076 veteris
705 1018 887 1089 populi
929 1026 1125 1083 status,
1179 1019 1308 1087 quid
1358 1017 1605 1072 videlicet
1642 1016 1723 1072 of-

141 1116 315 1180 fcnso,
347 1114 477 1184 quid
500 1111 735 1183 propitio
760 1111 871 1165 Deo
894 1110 1112 1174 meruit,
1138 1109 1470 1173 continetur,
1498 1108 1724 1163 nonnul-

138 1206 213 1260 lis
247 1206 301 1260 in
331 1203 465 1259 locis
490 1201 718 1258 sabbato
746 1200 927 1254 dicere
962 1197 1261 1253 consuevit.
1299 1197 1549 1266 Alioquin
1578 1204 1724 1251 esset

139 1304 557 1367 praeposterum,
587 1302 647 1347 ut
684 1292 959 1362 prioribus
1007 1290 1321 1359 septimana:
1368 1289 1558 1343 diebus
1599 1302 1724 1358 pro-

136 1389 430 1458 phetarum
474 1384 634 1441 dictis
679 1382 1008 1438 carminibus
1060 1380 1229 1451 Moysi
1279 1379 1527 1434 ultimum
1577 1378 1725 1434 dice-

138 1485 316 1532 retur.

148 1602 155 1607 ·
213 1588 407 1644 Docuit
435 1601 565 1658 ergo
595 1585 650 1640 in
686 1585 970 1657 synagogis
1014 1583 1320 1639 Judreorum
1345 1583 1631 1650 Dominus,
1663 1591 1725 1638 ut

136 1679 477 1748 evangelista
525 1684 733 1742 narrat,
766 1676 840 1730 ita
876 1683 935 1730 ut.
972 1676 1301 1731 mirarentur
1331 1683 1386 1730 et
1439 1675 1719 1729 dicerent:

142 1769 295 1826 Unde
322 1770 443 1823 huic
472 1767 729 1838 sapientia
758 1766 868 1819 hwc
894 1775 940 1819 et
968 1766 1222 1819 virtutes?
1250 1763 1357 1820 Sed
1384 1770 1583 1834 quanta
1612 1762 1721 1816 Na-

1818 572 1984 628 ciunt.

1886 662 2041 718 Jesus
2080 674 2252 719 autem
2280 666 2413 721 dixit
2444 668 2517 721 eis
2542 681 2560 719 .'
2587 667 2708 722 Non
2747 679 2823 723 est
2864 672 3114 740 propheta
3150 675 3263 726 sine
3295 672 3396 729 Ito-

1819 771 1963 819 nore,
1996 756 2095 809 nisi
2136 757 2191 810 in
2226 759 2397 826 patria
2418 768 2466 812 et
2492 760 2547 813 in
2590 760 2744 814 domo
2773 778 2889 815 sua.
2932 762 3259 833 Prophetam
3282 763 3388 821 diei

1820 844 1874 899 in
1907 842 2204 925 Scripturis
2247 846 2532 902 Dominum
2573 847 2869 917 Christum,
2916 861 2972 906 et
3002 852 3211 925 Moyses
3240 856 3401 911 testis

1820 943 1924 1000 est,
1963 924 2052 1004 qui
2083 935 2318 991 futuram
2346 937 2462 1005 ejus
2495 939 2919 997 incarnationem
2943 924 3242 1012 prmdieens
3272 944 3403 1000 filiis

1820 1028 1984 1084 Israel
2014 1031 2126 1085 ait:
2156 1028 2473 1102 Prophetam
2512 1033 2649 1087 vobis
2679 1034 2950 1088 suscitabit
2979 1034 3235 1088 Dominus
3261 1034 3400 1088 Deus

1819 1129 1984 1175 vester
2006 1122 2069 1174 de
2099 1120 2349 1191 fratribus
2365 1124 2563 1188 vestris,
2579 1140 2726 1194 quem
2751 1135 3002 1195 tanquam
3027 1126 3279 1194 nteipsum
3303 1140 3402 1177 au-

1822 1210 1972 1265 dietis
1999 1210 2175 1281 (Deut.
2205 1214 2378 1282 xvtu).
2425 1211 2542 1267 Non
2579 1214 2751 1288 solum
2782 1229 2913 1268 vero
2953 1215 3070 1285 ipse
3103 1214 3194 1283 qui
3242 1222 3403 1283 caput

1822 1309 1905 1355 est
1930 1310 1982 1354 et
2013 1299 2707 1371 Dominus’prophetarum,
2735 1305 2828 1360 sed
2854 1313 2908 1359 et
2939 1304 3104 1370 Elius,
3135 1304 3402 1358 Jeremias

1823 1390 2108 1459 caeterique
2126 1392 2424 1461 prophetae,
2456 1392 2693 1447 minores
2724 1393 2776 1446 in
2803 1394 2979 1463 patria
3009 1409 3128 1459 sua,
3155 1408 3318 1463 quam
3343 1393 3399 1447 in

1822 1482 2026 1538 exteris
2051 1482 2357 1538 civitatibus
2379 1482 2546 1538 habiti
2575 1491 2722 1538 sunt.
2756 1483 3025 1556 (Ηίενοη.)
3050 1484 3184 1552 Quia
3206 1497 3403 1554 prope-

1824 1571 2043 1627 modum
2075 1572 2321 1627 naturale
2359 1581 2443 1628 cst
2471 1574 2618 1630 cives
2661 1589 2874 1644 semper
2903 1574 3110 1629 civibus
3136 1572 3401 1629 invidere.

1823 1662 1940 1718 Non
1964 1664 2106 1718 enim
2131 1664 2475 1719 considerant
2494 1666 2784 1735 praesentia
2812 1666 2911 1720 viri
2941 1680 3125 1735 opera,
3159 1665 3254 1720 sed
3288 1664 3402 1721 fra-

1827 1753 1986 1825 gilem
2017 1755 2369 1810 recordamur
2414 1755 2721 1821 infantiam,
2749 1757 2905 1827 quasi
2957 1772 3064 1813 non
3092 1765 3147 1811 et
3175 1756 3276 1825 ipsi
3306 1770 3405 1826 per

136 1874 465 1915 zarenorum
493 1857 732 1922 caecitas,
765 1855 857 1925 qui
889 1868 1013 1909 eum
1044 1870 1206 1925 quem
1245 1854 1299 1910 in
1330 1854 1514 1910 verbis
1544 1851 1724 1908 factis.

1831 1846 2040 1901 eosdem
2072 1845 2247 1900 aetatis
2270 1847 2469 1914 gradus
2497 1846 2565 1902 ad
2595 1857 2867 1902 maturam
2897 1856 3110 1903 aetatem
3142 1861 3403 1917 pervene-

136 1965 249 2021 que
272 1948 459 2020 ipsius,

771 2053 824 2103 Si
845 2064 985 2102 mens
1000 2064 1098 2103 non
1119 2052 1237 2102 laeva
1262 2052 1432 2103 luisset
1455 2091 1469 2112 ,

132 2193 421 2249 Christum
443 2200 767 2259 cognoscere
796 2193 1065 2256 poterant,
1087 2185 1157 2239 ob
1185 2184 1354 2239 solam
1382 2185 1595 2255 generis
1625 2199 1722 2240 no-

134 2285 321 2341 titiam
353 2288 723 2338 contemnunt.
778 2277 1108 2348 Sapientiam
1137 2292 1267 2333 vero
1298 2277 1367 2331 ad
1394 2277 1715 2340 doctrinam,

135 2376 375 2429 virtutes
411 2370 654 2426 referunt
704 2368 772 2423 ad
816 2368 1077 2423 sanitates
1111 2376 1166 2422 et
1209 2366 1469 2422 miracula
1495 2382 1616 2437 quae
1642 2366 1721 2421 fa-

135 2466 357 2529 ciebat;
390 2478 511 2533 qua:
539 2461 720 2517 solerti
755 2476 819 2515 ac
847 2460 1071 2531 pulchra
1102 2459 1357 2515 distantia
1398 2475 1722 2517 commento-

138 2568 229 2613 rat
252 2555 540 2628 Apostolus
570 2555 794 2610 dicens:
825 2552 1003 2608 Judazi
1043 2553 1193 2623 signa
1232 2561 1432 2622 petunt,
1461 2561 1510 2606 et
1550 2548 1721 2606 σι·ωεὶ

136 2650 453 2721 sapientiam
478 2655 745 2719 quterunt,
788 2661 882 2699 nos
919 2660 1038 2699 vero
1079 2642 1428 2713 prwdicamus
1456 2641 1720 2697 Christum

136 2743 476 2812 cruciﬁxum,
504 2739 710 2794 Judwis
738 2738 946 2811 quidem
974 2736 1305 2801 scandalum,
1347 2737 1581 2807 gentibus
1603 2753 1720 2792 vero

135 2832 457 2898 stultitiam;
485 2831 611 2902 ipsis
640 2846 759 2885 vero
802 2829 999 2883 vocatis
1027 2838 1074 2881 et
1098 2825 1295 2882 Grtrcis
1323 2827 1588 2882 Christum
1626 2827 1723 2883 Dei

134 2926 383 2980 virtutem
422 2934 469 2977 et
511 2921 610 2976 Dei
638 2920 949 2992 sapientiam
980 2918 1033 2991 (Ι
1057 2916 1179 2972 Cor.
1216 2918 1277 2991 ι).
1324 2919 1382 2973 In
1409 2934 1515 2988 qua
1564 2918 1724 2972 nimi-

136 3032 265 3072 rum
292 3015 562 3072 sententia
592 3013 846 3068 virtutem
873 3012 937 3065 ad
966 3012 1115 3082 signa
1160 3011 1346 3065 retulit
1378 3019 1597 3081 propter
1623 3009 1720 3065 Ju-

137 3109 309 3173 daeos,
339 3106 656 3177 sapientiam
685 3118 813 3160 vero
858 3104 929 3158 ad
976 3101 1282 3158 doctrinam
1321 3109 1544 3172 propter
1575 3099 1725 3157 Grie—

136 3212 258 3263 cos,
285 3197 339 3251 id
366 3204 472 3260 est,
511 3205 717 3267 gentes.

216 3305 405 3361 Nonne
423 3306 508 3360 hic
531 3313 606 3360 est
626 3304 763 3373 fabri
786 3303 968 3373 ﬁlius?
995 3303 1182 3359 Nonne
1204 3313 1372 3359 mater
1396 3306 1511 3375 ejus
1533 3306 1728 3362 dicitur

136 3398 342 3463 Maria,
381 3408 430 3453 et
455 3398 646 3468 fratres
676 3397 791 3467 ejus
830 3396 1084 3461 Jacobus,
1126 3406 1173 3451 et
1197 3396 1414 3468 Ioseph,
1441 3408 1490 3452 ct
1519 3397 1723 3465 Simon,

131 3499 191 3543 et
235 3487 448 3542 ludas?
491 3496 539 3542 et
586 3503 791 3542 sorores
845 3487 961 3556 ejus
1009 3503 1181 3540 nonne
1221 3503 1397 3542 omnes
1440 3489 1580 3559 apud
1633 3506 1727 3545 nos

131 3581 312 3636 sunt?
343 3572 490 3634 Unde
509 3595 632 3649 ergo
660 3579 781 3632 huic
811 3579 987 3633 omnia
1018 3578 1159 3632 ista?
1183 3579 1249 3632 Et
1288 3579 1727 3635 scandalizaban-

128 3682 229 3727 tur
261 3670 316 3724 in
336 3687 416 3725 eo.
447 3670 613 3724 Error
647 3668 951 3726 Judzcorum
981 3670 1129 3725 salus
1173 3679 1361 3726 nostra
1398 3680 1502 3737 est,
1535 3681 1590 3727 et
1618 3672 1728 3727 hie-

128 3761 435 3817 reticorum
464 3760 861 3816 condemnatio.
907 3760 965 3814 in
1007 3770 1215 3816 tantum
1245 3763 1392 3818 enim
1431 3764 1728 3819 cernebant

129 3849 419 3906 hominem
448 3849 745 3916 Christum,
789 3859 849 3905 ut
880 3850 1015 3907 fabri
1042 3860 1299 3921 putarent
1338 3853 1528 3919 lilium,
1556 3862 1612 3909 et
1646 3854 1728 3909 di-

130 3949 367 4007 cereut;
402 3941 592 3995 Nonne
620 3941 703 3995 hic
742 3951 815 3995 est
842 3941 982 4010 fabri
1001 3943 1186 4011 ﬁlius?
1214 3943 1430 3999 Miraris
1459 3946 1506 4000 si
1545 3953 1728 4000 errent

132 4031 197 4086 in
243 4029 528 4097 fratribus,
560 4047 684 4086 cum
713 4041 899 4088 errent
943 4033 999 4088 in
1037 4037 1232 4104 patre?
1266 4035 1488 4093 Fratres
1511 4052 1726 4107 quoque

132 4127 198 4174 et
225 4134 440 4175 sorores
472 4121 589 4191 ejus
615 4136 798 4177 secum
826 4137 947 4177 esse
974 4131 1259 4191 testentur,
1284 4126 1374 4195 qui
1414 4135 1592 4182 tamen
1618 4143 1726 4182 non

132 4210 297 4266 liberi
349 4208 546 4281 Joseph
594 4218 689 4266 aut
734 4210 918 4267 Maria:
957 4212 1113 4282 juxta
1146 4214 1431 4272 haereticos
1470 4217 1723 4287 putandi,

134 4302 240 4358 sed
287 4303 465 4373 potius
500 4300 654 4370 juxta
702 4319 911 4360 morem
959 4320 1128 4360 sacrae
1172 4306 1466 4378 Scriptura:
1510 4308 1725 4378 cognati

137 4394 383 4463 ipsorum
429 4403 557 4449 sunt
608 4394 969 4466 intelligendi;
1018 4399 1288 4466 quomodo
1336 4399 1606 4454 Abraham
1669 4407 1725 4454 et

136 4485 283 4540 Loth
321 4484 520 4540 fratres
554 4485 910 4554 appellantur,
938 4502 1061 4540 cum
1086 4495 1233 4542 esset
1258 4488 1397 4543 Loth
1447 4489 1591 4545 ﬁlius
1620 4489 1725 4544 fra-

137 4576 243 4630 tris
270 4574 519 4640 Abrahte,
551 4582 607 4629 et
633 4575 799 4630 multa
834 4576 1000 4631 habes
1035 4577 1362 4647 lmjusmodi.
1395 4577 1577 4651 (liam)
1606 4580 1724 4636 Non

134 4682 273 4722 vero
315 4667 432 4723 sine
460 4667 596 4724 certi
638 4668 949 4738 provisione
984 4670 1334 4737 sacramenti,
1370 4671 1631 4727 Dominus
1674 4672 1728 4727 in

135 4778 306 4818 carne
353 4778 621 4833 apparens
666 4761 839 4829 faber,
885 4771 944 4818 et
987 4762 1126 4818 fabri
1171 4763 1313 4820 ﬁlius
1347 4765 1628 4832 mstimari,
1666 4781 1730 4821 ac

139 4855 251 4912 dici
279 4855 464 4910 voluit.
493 4854 630 4922 Quin
661 4855 840 4925 potius
877 4854 1040 4910 etiam
1069 4870 1168 4927 per
1210 4856 1314 4912 hoc
1359 4873 1417 4914 se
1456 4857 1571 4926 ejus
1603 4867 1729 4914 ante

137 4945 336 5004 secula
360 4946 553 5001 Filium
581 4962 701 5001 esse
730 4946 930 5009 docuit,
953 4947 1046 5017 qui
1081 4946 1374 5003 fabricator
1398 4945 1639 5004 omnium
1674 4951 1728 5005 in

134 5037 397 5107 principio
442 5037 631 5091 creavit
662 5036 804 5092 Deus
839 5037 1024 5092 ctutum
1067 5048 1115 5093 et
1159 5047 1373 5094 terram.
1421 5039 1556 5094 Nam
1597 5039 1726 5095 etsi

137 5129 379 5184 humana
420 5143 526 5183 non
556 5136 680 5183 sunt
708 5130 1072 5200 comparanda
1097 5130 1315 5197 divinis,
1347 5141 1505 5203 typus
1547 5141 1725 5187 tamen

134 5218 355 5288 integer
379 5225 480 5283 est,
521 5218 647 5286 quia
680 5217 841 5274 Pater
867 5218 1068 5274 Christi
1099 5219 1221 5291 igne
1246 5229 1501 5291 operatur
1523 5230 1578 5276 et
1606 5220 1727 5291 Spi-

136 5307 293 5371 ritu;
327 5308 467 5363 unde
488 5317 544 5363 et
569 5302 635 5363 de
663 5310 777 5377 ipso
796 5318 1050 5380 tanquam
1079 5312 1145 5366 de
1176 5311 1310 5367 fabri
1335 5312 1443 5366 filio
1475 5313 1723 5369 Praecur-

138 5414 239 5455 sor
263 5414 391 5453 suus
416 5398 493 5455 ait
524 5416 536 5452 :
570 5399 692 5471 Ipse
721 5417 810 5454 vos
836 5401 1117 5471 baptizabit
1161 5404 1215 5457 in
1244 5402 1445 5473 Spiritu
1472 5415 1652 5457 sancto
1676 5413 1723 5458 et

136 5492 263 5561 igne
283 5489 499 5562 (Matth.
533 5489 640 5564 ιιι).
674 5490 775 5557 Qui
802 5492 858 5546 in
901 5493 1062 5548 domo
1091 5509 1287 5564 magna
1340 5492 1500 5562 hujus
1541 5494 1726 5549 mundi

139 5580 344 5635 diversi
367 5581 581 5650 generis
615 5597 740 5635 vasa
768 5580 1018 5646 fabricat,
1052 5581 1160 5636 imo
1185 5598 1314 5638 vasa
1359 5583 1475 5649 ine,
1511 5583 1593 5637 sui
1623 5583 1729 5653 spi-

140 5672 285 5727 ritus
316 5671 435 5743 igne
464 5672 771 5737 molliendo,
807 5673 861 5728 in
901 5672 1289 5729 misericordiae
1324 5689 1454 5729 vasa
1481 5690 1724 5729 commu-

140 5770 244 5819 tat.
279 5763 385 5820 Sed
427 5762 586 5838 hujus
628 5765 958 5824 sacramenti
984 5763 1152 5823 Judaei
1196 5765 1367 5837 ignari
1398 5767 1593 5824 divina:
1619 5769 1726 5823 vir-

1751 3195 1799 3260 C

1826 1936 1957 1992 rint.

1894 2027 1964 2083 Et
1994 2046 2097 2085 non
2130 2029 2249 2100 fecit
2271 2031 2340 2085 ibi
2366 2032 2576 2086 virtutes
2602 2031 2795 2087 multas
2828 2042 3037 2104 propter
3059 2032 3404 2088 incredulita-

1824 2132 1925 2176 tem
1953 2122 2186 2177 illorum.
2222 2122 2339 2178 Non
2371 2123 2513 2193 quod
2542 2125 2703 2178 etiam
2742 2124 2846 2179 illis
2889 2125 3178 2180 incredulis
3224 2124 3404 2179 facere

1822 2232 1929 2272 non
1960 2216 2195 2287 potuerit
2216 2216 2445 2271 virtutes
2470 2215 2688 2281 multas,
2726 2217 2822 2272 sed
2858 2231 2927 2271 ne
2952 2216 3152 2271 multas
3174 2215 3398 2281 faciens,

1823 2310 1972 2365 cives
2004 2308 2310 2364 incredulos
2346 2308 2751 2364 condemnaret.
2785 2308 2967 2364 Potest
2995 2323 3125 2364 vero
3151 2318 3206 2363 et
3243 2308 3406 2364 aliter

1822 2400 2072 2472 intelligi,
2099 2401 2222 2470 quia
2244 2399 2401 2457 Jcsus
2438 2402 2765 2471 despiciatur
2799 2402 2854 2457 in
2883 2403 3043 2459 domo
3066 2404 3194 2458 etin
3225 2401 3404 2472 patria

1823 2508 1940 2559 sua,
1983 2493 2036 2548 id
2062 2502 2167 2558 est,
2213 2493 2267 2548 in
2298 2493 2492 2564 populo
2517 2492 2847 2559 Judmorum,
2881 2502 2935 2549 et
2975 2495 3094 2549 ideo
3129 2494 3201 2548 ibi
3229 2506 3404 2563 pauca

1824 2586 1974 2657 signa
2003 2584 2213 2650 fecerit,
2244 2600 2312 2640 ne
2337 2585 2553 2655 penitus
2588 2586 2926 2641 excusabiles
2956 2585 3167 2640 ﬁerent.
3202 2585 3405 2655 Majora

1822 2692 1953 2732 vero
1980 2677 2133 2747 signa
2167 2677 2407 2746 quotidie
2447 2676 2501 2730 in
2528 2677 2778 2747 gentibus
2803 2691 2899 2746 per
2940 2675 3226 2746 Apostolos
3254 2674 3405 2741 facit,

1823 2782 1933 2823 non
1958 2776 2071 2822 tam
2097 2766 2152 2821 in
2180 2767 2461 2827 sanatione
2487 2780 2793 2835 corporum,
2831 2779 2993 2835 quam
3018 2764 3073 2819 in
3101 2764 3406 2818 animarum

1826 2858 2021 2914 salute.

2403 2943 2630 3001 CAPUT
2678 2943 2817 3000 XIV.

1828 3039 2101 3094 Narratur
2125 3036 2402 3093 decollatio
2427 3036 2653 3092 Joannis
2682 3034 2957 3106 Baptisttc,
2985 3051 3103 3088 cum
3142 3031 3400 3087 miraculo

1888 3110 2114 3180 quinque
2137 3124 2355 3179 panum,
2383 3117 2431 3162 et
2456 3105 2811 3160 ambulatione
2831 3121 2988 3175 super
3016 3120 3200 3175 aquas,
3234 3111 3341 3157 etc.

1901 3220 1990 3293 [1.]
2014 3219 2080 3274 In
2099 3219 2189 3274 illo
2209 3229 2436 3290 tempore
2456 3218 2653 3272 audivit
2671 3215 2905 3271 Herodes
2925 3215 3185 3271 tetrarcha
3207 3214 3407 3284 famam

1826 3312 1977 3380 Jesu,
2025 3321 2073 3367 et
2116 3312 2190 3365 ait
2232 3311 2409 3384 pueris
2453 3307 2728 3363 suis:Hic
2762 3317 2835 3362 est
2864 3306 3099 3361 Joannes
3140 3304 3408 3375 Baptista,

1827 3407 1936 3477 ipse
1962 3405 2190 3460 surrexit
2229 3421 2262 3456 a
2295 3402 2537 3468 mortuis,
2565 3410 2613 3456 et
2646 3401 2761 3455 ideo
2790 3400 3006 3454 virtutes
3038 3404 3324 3468 operantur
3352 3394 3413 3452 in

1826 3515 1906 3553 eo.
1940 3497 2122 3569 (ῐὶλις.)
2152 3496 2326 3551 Lucas
2352 3495 2418 3551 de
2445 3496 2531 3550 bis
2555 3494 2630 3549 ita
2658 3493 2847 3569 scribit
2882 3511 2894 3546 :
2924 3490 3136 3545 Audiuit
3157 3504 3276 3544 vero
3300 3485 3413 3543 He-

1828 3590 1979 3645 rodes
2004 3591 2267 3646 tetrarcha
2296 3590 2470 3645 omnia
2496 3606 2614 3661 qute
2644 3588 2841 3658 fiebant
2867 3587 2933 3641 ab
2959 3604 3040 3653 eo,
3063 3594 3111 3641 et
3137 3583 3413 3640 ha’sitabat

1827 3700 1887 3738 eo
1911 3684 2049 3755 quod
2071 3682 2335 3737 diceretur
2363 3700 2395 3736 a
2425 3681 2757 3753 quibusdam,
2782 3681 2909 3751 quia
2928 3679 3162 3734 Joannes
3186 3692 3416 3731 resurre-

1826 3775 1960 3829 xerit
1984 3792 2017 3828 a
2048 3774 2288 3840 mortuis,
2327 3792 2360 3828 a
2392 3773 2707 3845 quibusdam
2745 3788 2864 3828 vero
2902 3774 3030 3843 quia
3068 3770 3219 3825 Elius
3252 3785 3416 3839 appa-

1829 3866 1956 3930 ruit,
1982 3873 2088 3919 etc.
2125 3863 2277 3933 (Luc.
2304 3864 2403 3936 rx).
2449 3862 2855 3932 Intelligendum
2901 3867 2985 3916 est
3016 3874 3145 3931 ergo
3171 3866 3266 3913 aut
3295 3863 3416 3927 post

1828 3955 1970 4009 hanc
2002 3953 2396 4009 hmsitationem
2436 3950 2789 4007 confirmasse
2826 3965 2951 4005 eum
2990 3949 3045 4003 in
3088 3948 3270 4002 animo
3314 3959 3415 4000 suo

1828 4049 1971 4116 quod
2017 4048 2085 4102 ab
2125 4045 2247 4100 aliis
2277 4044 2577 4110 dicebatur,
2616 4059 2741 4099 cum
2781 4043 2878 4109 ait,
2926 4040 3030 4095 Hic
3074 4050 3147 4095 est
3178 4039 3415 4093 Joannes

1826 4138 2089 4209 Baptista,
2117 4139 2225 4208 ipse
2273 4137 2500 4192 surrexit
2534 4153 2565 4190 a
2607 4135 2868 4201 mortuis;
2914 4142 3007 4189 aut
3052 4133 3123 4187 ita
3174 4145 3414 4201 pronun-

1826 4229 2010 4284 tianda
2039 4235 2167 4282 sunt
2194 4228 2309 4283 haec
2351 4229 2538 4291 verba,
2571 4234 2629 4280 ut
2675 4226 3015 4280 haesitantem
3047 4223 3223 4277 adhuc
3267 4220 3411 4274 indi-

1827 4326 1981 4384 cent;
2025 4317 2072 4373 si
2119 4318 2263 4372 enim
2309 4315 2550 4372 diceret:
2579 4315 2959 4384 Nunquidnam
3003 4313 3093 4368 hic
3138 4312 3259 4367 est?
3297 4316 3411 4374 aut,

1827 4407 2080 4478 Nunquid
2122 4406 2263 4461 forte
2301 4406 2390 4461 hic
2427 4415 2509 4461 est
2533 4404 2768 4459 Joannes
2803 4401 3093 4472 Baptista?
3133 4415 3238 4454 non
3279 4412 3416 4467 opus

1827 4507 1976 4556 esset
2002 4499 2295 4554 admonere
2318 4496 2520 4566 aliquid
2548 4496 2614 4550 de
2637 4492 3097 4565 pronuntiatione,
3126 4504 3231 4559 qua
3262 4487 3415 4541 dubiv

1831 4597 1951 4643 tans
1971 4594 2133 4658 atque
2155 4585 2410 4641 haesitans
2439 4584 2789 4653 intelligatur.
2815 4580 2969 4636 Nunc
2988 4580 3113 4649 quia
3136 4577 3225 4632 illa
3252 4577 3415 4631 verba

1829 4679 2043 4745 desunt,
2096 4686 2325 4747 utroque
2366 4675 2526 4731 modo
2567 4674 2904 4745 pronuntiari
2960 4680 3161 4742 potest,
3216 4681 3277 4724 ut
3324 4676 3416 4723 aut

1829 4767 2210 4824 confirmatum
2263 4781 2388 4822 eum
2446 4782 2514 4821 ex
2567 4765 2796 4819 aliorum
2854 4763 3039 4819 verbis
3101 4762 3416 4817 credentem

1827 4859 2028 4914 dixisse
2064 4858 2412 4927 accipiamus,
2458 4863 2552 4911 aut
2590 4856 2766 4911 adhuc
2799 4856 2940 4911 sicut
2965 4855 3141 4911 Lucas
3178 4867 3416 4908 comme-

1829 4962 2028 5016 morat,
2060 4953 2425 5009 hmsitantcm.

1905 5046 2131 5116 (ΜΑυιι.)
2151 5044 2452 5100 Notandum
2476 5043 2808 5113 tamenquod
2828 5042 3067 5098 Herodes
3090 5040 3273 5113 pueris
3302 5039 3419 5098 suis

1834 5138 1889 5193 in
1915 5137 2017 5191 bac
2062 5134 2327 5191 sententia
2382 5135 2449 5190 de
2479 5133 2894 5189 resurrectionis
2921 5132 3092 5203 gloria
3154 5129 3415 5201 praedica-

1832 5227 1944 5282 bat.
1975 5225 2090 5279 Non
2146 5224 2292 5279 enim
2334 5224 2429 5289 ait,
2467 5223 2567 5278 llic
2604 5231 2688 5278 est
2739 5221 2978 5280 Joannes
3031 5222 3291 5293 Baptista,
3320 5221 3415 5292 qui

1833 5321 2088 5382 operatur
2112 5313 2362 5376 virtutes,
2389 5309 2480 5366 sed
2516 5310 2618 5364 llic
2641 5321 2739 5377 est,
2768 5311 2964 5381 inquit,
2987 5310 3224 5369 Joannes
3267 5311 3415 5385 Bap-

1832 5403 1974 5465 tista,
1999 5403 2107 5472 ipse
2128 5402 2407 5456 resurrexit
2437 5418 2469 5454 a
2514 5401 2754 5466 mortuis,
2779 5411 2826 5455 et
2873 5402 2989 5456 ideo
3036 5404 3249 5458 virtutes
3302 5418 3423 5475 0pc-

1832 5506 2021 5549 rantur
2065 5496 2118 5550 in
2148 5512 2227 5549 eo.
2260 5496 2404 5549 Bene
2424 5493 2733 5548 omnimode
2764 5494 2829 5550 de
2879 5494 3081 5551 virtute
3136 5508 3418 5551 resurrec-

1832 5587 1995 5641 tionis
2035 5595 2298 5651 senserat,
2331 5584 2475 5654 quod
2512 5582 2740 5652 majoris
2791 5585 3046 5655 potentia:
3094 5586 3259 5641 futuri
3307 5586 3419 5640 sint

1831 5678 2026 5743 sancti,
2066 5693 2187 5732 cum
2227 5692 2256 5730 a
2296 5675 2523 5730 mortuis
2564 5677 2981 5743 resurrexerint,
3007 5693 3168 5747 quam
3214 5674 3416 5731 fuerint

1832 5785 1956 5825 cum
2009 5769 2188 5825 carnis
2251 5767 2427 5823 adhuc
2496 5766 2809 5825 infirmitate
2878 5777 3252 5839 gravarentur.
3307 5763 3417 5821 Sed
