3914 6462
515 343 624 403 959

1156 340 1218 396 Β.
1259 336 1517 396 RABANI
1552 335 1772 394 MAURI
1810 330 2129 391 ARCHIEP.
2174 329 2481 389 MOGUNT.
2522 330 2809 389 OPERUM
2847 299 3028 386 PARS
3068 330 3108 385 ι.

3691 332 3783 387 900

514 466 721 532 quanta
766 454 1071 514 Judazorum
1133 453 1332 509 invidia
1360 493 1375 520 ,
1420 451 1513 521 qui
1563 458 1751 506 contra
1800 446 2087 503 Dominum
2114 442 2496 503 Aeuuuchum
2520 443 2626 498 vita
2680 442 3114 514 privarijubens,
3143 458 3251 514 quo
3294 442 3513 515 longius
3569 459 3605 498 a
3658 461 3783 503 vera

514 547 736 604 malitiae
766 544 916 600 furor
942 541 1230 607 exstiterit,
1258 549 1312 595 et
1349 541 1404 595 in
1445 540 1548 595 isto
1567 538 1708 605 loco,
1740 546 1796 593 et
1824 553 1891 593 ex
1919 536 2091 593 omni-

513 639 615 695 bus
640 651 778 710 peue
800 635 931 703 locis
959 630 1232 702 Evangelii
1254 631 1528 686 docemur.
1558 629 1698 684 Ecce
1747 628 1892 683 enim
1924 626 2090 681 Joan-

513 745 662 797 nem,
695 728 760 785 de
797 742 904 798 quo
939 725 1140 781 dictum
1184 729 1289 788 est,
1312 721 1437 792 quia
1477 721 1683 791 signum
1724 718 1842 789 fecit
1889 715 2090 771 nullan:

514 821 695 893 (Joan.
745 817 827 888 ι),
877 833 909 871 a
936 814 1164 871 mortuis
1213 812 1455 885 potuisse
1509 826 1791 882 resurgere
1842 810 1988 866 nullo
2011 820 2091 866 at-

510 919 745 967 testante
789 909 1047 973 Herodes,
1075 904 1166 976 qui
1212 912 1333 961 erat
1366 903 1685 974 alienigena,
1712 903 2091 974 pronuntiave-

508 1010 630 1069 rat;
669 1001 771 1073 ipsi
828 1014 957 1055 vero
1009 996 1214 1065 Jcsum,
1242 1012 1400 1068 quem
1456 995 1730 1065 prophetae
1763 1010 1950 1051 eorum
2012 995 2091 1051 cis

505 1091 872 1164 prmdixerant
917 1092 1088 1146 virum
1136 1088 1477 1160 approbatum
1507 1103 1540 1140 a
1587 1086 1693 1141 Deo
1722 1087 1995 1143 virtutibus
2040 1098 2086 1143 et

504 1184 668 1254 signis
721 1182 862 1253 (Act.
894 1181 981 1254 ιι),
1040 1178 1194 1251 cujus
1247 1178 1498 1235 videlicet
1541 1187 1771 1235 mortem
1823 1179 2088 1235 elementa

505 1271 1335 1337 tremuerunt,resurrectionem
1355 1284 1487 1325 vero
1524 1278 1685 1341 atque
1719 1270 2088 1326 ascensionem

504 1364 703 1435 angeli,
734 1364 985 1435 apostoli,
1011 1363 1113 1417 viri
1145 1376 1209 1417 ac
1256 1360 1488 1428 femiute,
1539 1361 1787 1417 certatim
1830 1361 2088 1434 praedica-

498 1453 653 1519 bant,
714 1468 824 1508 non
871 1452 1257 1517 resurrexisse,
1293 1452 1386 1507 sed
1433 1450 1618 1506 furtim
1668 1466 1789 1507 esse
1848 1452 2085 1508 ablatum

506 1545 726 1601 credere
742 1545 1064 1601 maluerunt.
1091 1545 1155 1599 Et
1177 1545 1232 1600 in
1252 1546 1355 1600 hoc
1375 1559 1588 1615 quoque
1616 1544 1918 1599 insinuatur
1943 1545 2086 1615 quod

505 1637 804 1706 promptior
824 1644 906 1693 est
925 1638 1139 1693 animus
1169 1636 1407 1708 gentium
1437 1637 1505 1692 ad
1525 1636 1897 1692 credulitatem
1923 1653 2084 1707 quam

499 1728 829 1785 Judzeorum.
864 1729 1001 1797 Quia
1028 1730 1170 1786 sicut
1199 1730 1460 1800 propheta
1505 1728 1571 1783 de
1600 1729 1705 1783 illis
1732 1729 1809 1783 ait
1833 1749 1845 1784 :
1885 1729 2084 1795 Quibus

2191 535 2336 590 cultu
2364 535 2640 606 religionis
2668 536 2879 600 aberat,
2907 550 2972 591 eo
2998 535 3169 591 levius
3204 537 3258 591 in
3312 536 3631 592 violatione
3686 554 3783 593 su:

2191 624 2499 681 festivitatis
2526 626 2771 697 deliquit.
2808 626 3061 681 Attamen
3087 641 3155 681 ex
3201 627 3494 696 utriusque
3545 629 3783 698 exemplo

2189 719 2451 789 probatur
2473 719 2656 774 utilius
2691 733 2811 774 esse
2842 717 2997 773 nobis
3042 718 3186 773 diem
3232 718 3433 773 mortis
3480 718 3689 774 futurae
3734 722 3783 774 ti—

2188 808 2385 865 mendo
2416 818 2471 865 et
2520 818 2667 864 caste
2693 808 2898 878 agendo
2926 809 3123 879 saepius
3146 808 3204 864 in
3250 809 3594 864 memoriam
3641 825 3782 865 revo-

2188 916 2337 967 care,
2366 916 2528 971 quam
2552 901 2695 956 diem
2751 900 3047 955 nativitatis
3100 899 3436 955 luxuriando
3489 899 3780 955 celebrare.

2189 987 2361 1045 Homo
2381 989 2524 1045 enim
2554 989 2620 1044 ad
2644 987 2883 1043 laborem
2908 988 3152 1042 nascitur
3175 988 3230 1042 in
3265 986 3503 1052 mundo,
3532 994 3600 1040 et
3643 988 3780 1042 enecti

2189 1081 2256 1136 ad
2286 1081 2527 1151 requiem
2560 1095 2658 1149 per
2685 1090 2913 1136 mortem
2943 1086 3225 1135 transeunt
3247 1094 3281 1135 e
3304 1079 3542 1133 mundo.
3569 1077 3780 1151 (nam)

2189 1173 2296 1229 Sed
2324 1174 2417 1244 qui
2439 1174 2622 1229 mundi
2647 1189 2831 1230 amore
2858 1182 3131 1240 tenentur,
3170 1175 3438 1232 excaecati
3474 1176 3547 1231 de
3603 1174 3780 1231 futuris

2188 1279 2294 1318 non
2323 1264 2579 1335 cogitant.
2605 1264 2672 1318 Et
2696 1264 2766 1320 ob
2785 1265 2887 1321 hoc
2907 1280 3002 1320 nec
3026 1266 3315 1337 przesentia
3334 1266 3487 1321 bene
3513 1267 3775 1328 onlinant:

2187 1354 2330 1424 quod
2354 1355 2492 1411 bene
2523 1354 2576 1410 in
2602 1352 2810 1411 luxuria
2838 1356 3206 1411 conviviorum
3259 1371 3503 1413 suorum
3553 1356 3780 1413 Herodes

2187 1449 2594 1505 demonstravit.
2617 1450 2692 1506 De
2718 1466 2825 1521 quo
2847 1450 3191 1522 subjungitur
3215 1471 3228 1507 :

2260 1538 2407 1595 Unde
2428 1558 2545 1596 cum
2563 1542 2864 1612 juramento
2886 1543 3149 1599 pollicitus
3178 1554 3254 1599 est
3275 1546 3326 1599 ei
3355 1545 3501 1600 dare
3520 1546 3776 1617 quodcun-

2186 1647 2285 1701 que
2309 1632 2619 1702 postulasset
2645 1632 2709 1687 ab
2757 1650 2837 1689 eo.
2867 1632 3136 1707 (Hierou.)
3163 1635 3281 1691 Non
3329 1646 3649 1691 excusatur
3689 1637 3776 1691 lle-

2190 1723 2369 1789 rodes,
2398 1725 2542 1794 quod
2570 1724 2773 1780 invitus
2797 1733 2852 1780 et
2881 1725 3071 1781 nolens
3124 1734 3353 1796 propter
3397 1726 3771 1796 jar-amentum

500 1828 700 1874 nonest
744 1819 1111 1873 annuntiatum
1160 1818 1224 1872 de
1265 1817 1644 1884 eo,videbunt;
1672 1818 1763 1873 isti
1824 1832 1953 1873 vero
2005 1819 2084 1873 vi-
2113 1803 2158 1861 Β
2188 1815 2537 1871 homicidium
2589 1816 2799 1883 fecerit,
2828 1817 2954 1887 quia
3005 1816 3072 1872 ad
3126 1818 3232 1873 hoc
3278 1817 3435 1874 forte
3475 1819 3774 1889 iuravit,"

498 1910 688 1965 dentes
711 1924 816 1965 non
837 1910 1042 1977 vident,
1072 1909 1198 1980 quia
1226 1918 1286 1964 ut
1319 1909 1595 1980 legislator
1617 1909 1681 1964 de
1703 1909 1784 1965 eis
1829 1918 2077 1976 testatur,

495 2001 760 2069 generatio
801 2010 877 2055 est
931 2016 1115 2072 prava,
1146 2010 1193 2055 et
1240 2016 1479 2070 perversa
1508 1999 1688 2071 (Deut.
1719 2002 1915 2073 χχχιι),
1956 2001 2076 2068 ﬁlii,

496 2090 551 2145 in
581 2090 778 2160 quibus
803 2106 908 2147 non
937 2099 1021 2147 est
1055 2089 1189 2147 ﬁdes
1229 2090 1284 2145 in
1320 2090 1416 2146 eis.

569 2183 810 2239 Herodes
847 2193 1022 2240 autem
1053 2184 1216 2239 tenuit
1235 2181 1497 2239 Joannem
1530 2193 1577 2238 ct
1610 2183 1841 2255 alligavit
1864 2202 2003 2250 eum,
2028 2196 2076 2240 et

492 2278 667 2347 posuit
700 2278 756 2331 in
783 2291 1043 2331 carcerem
1064 2284 1274 2346 propter
1304 2273 1658 2329 Herodiadem
1701 2292 1914 2330 uxorem
1960 2275 2077 2345 fra-

492 2368 591 2421 tris
610 2367 725 2433 sui;
775 2366 976 2422 dicebat
1016 2378 1191 2422 autem
1234 2364 1313 2419 illi
1343 2364 1608 2431 Joannes,
1636 2364 1761 2420 Non
1805 2366 1923 2421 licet
1983 2367 2077 2421 tibi

493 2456 683 2512 habere
730 2474 865 2511 eam.
892 2455 1163 2528 (Hieron.)
1193 2455 1358 2512 Vetus
1382 2464 1570 2511 narrat
1607 2457 1829 2512 historia
1877 2456 2077 2528 Philip-

491 2560 619 2614 pum
643 2545 866 2616 majoris
895 2546 1123 2602 Herodis
1164 2546 1353 2613 ﬁlium,
1373 2545 1473 2602 sub
1496 2562 1602 2617 quo
1624 2547 1883 2604 Dominus
1939 2547 2078 2622 fugit

494 2635 548 2689 in
576 2634 891 2707 ngyptum,
922 2636 1141 2693 fratrem
1168 2637 1327 2709 hujus
1353 2636 1598 2704 Herodis,
1627 2639 1727 2693 sub
1749 2653 1856 2709 quo
1883 2653 2075 2709 passus

491 2733 577 2783 est
596 2724 865 2795 Christus,
893 2728 1111 2784 duxisse
1137 2743 1361 2783 uxorem
1382 2727 1759 2795 llerodiadem,
1788 2728 1954 2784 ﬁliam
1995 2747 2078 2787 rc-

490 2819 576 2889 gis
601 2818 809 2888 Arene;
841 2831 1028 2892 postea
1055 2838 1183 2879 vero
1208 2838 1421 2879 socrum
1445 2814 1580 2895 ejus,
1612 2826 1816 2880 exortis
1853 2826 2075 2897 quibus-

489 2912 613 2966 dam
663 2919 852 2967 contra
912 2928 1171 2984 generum
1238 2914 1623 2981 simultatibus,
1669 2915 1856 2971 tulisse
1905 2916 2072 2972 ﬁliam

489 3015 668 3068 suam,
710 3008 766 3057 et
816 3002 870 3056 in
917 3003 1156 3058 dolorem
1209 3003 1391 3058 mariti
1436 2990 1654 3073 prioris,
1712 3004 1917 3060 inimici
1956 3005 2073 3076 ejus

488 3088 692 3159 nuptiis
737 3089 1037 3160 copulasse.
1069 3090 1174 3158 Qui
1204 3092 1276 3146 sit
1303 3106 1433 3147 vero
1460 3091 1550 3145 hic
1579 3088 1875 3163 Philippus,
1900 3108 2069 3148 evan-

488 3178 680 3248 gelista
718 3179 895 3236 Lucas
951 3180 1162 3252 plenius
1219 3180 1405 3238 docet:
1437 3181 1589 3235 Anno
1640 3183 1821 3253 quinto
1869 3182 2070 3238 decimo

486 3270 691 3339 imperii
745 3269 936 3326 Tiberii
999 3269 1247 3339 Caesaris,
1286 3280 1602 3342 procurante
1646 3269 1837 3327 Pontio
1891 3271 2070 3327 Pilato

486 3358 755 3426 Juelteam,
826 3362 1089 3417 tetrarelta
1156 3379 1276 3418 vero
1355 3361 1593 3418 Galiltea:
1655 3363 1886 3431 Herode,
1940 3363 2071 3419 Plci-

488 3444 626 3517 lippo
675 3464 792 3502 vero
849 3448 1015 3518 fratre
1061 3465 1174 3519 ejus
1226 3449 1491 3503 tetrarclta
1547 3448 1763 3504 Iturtea:
1817 3460 1866 3505 et
1910 3449 2073 3526 Tltra-

490 3539 736 3594 conitidis
787 3543 1012 3612 regionis
1065 3543 1219 3617 (Luc.
1279 3543 1385 3614 ιιι).
1417 3543 1559 3614 Ergo
1601 3542 1836 3600 Joannes
1884 3546 2070 3616 Bapti-

490 3635 593 3692 sta,
644 3630 738 3698 qui
798 3632 946 3687 venit
991 3634 1045 3688 in
1090 3633 1281 3703 spiritu
1324 3641 1380 3688 et
1413 3632 1613 3688 virtute
1652 3633 1781 3689 Elia:
1810 3676 1825 3699 ,
1879 3637 2070 3692 eadem

490 3721 813 3777 auctoritate
844 3739 946 3793 qua
1008 3724 1096 3780 ille
1138 3724 1323 3780 Achab
1374 3724 1713 3796 corripuerat
1761 3735 1815 3782 et
1857 3726 2073 3786 Iezabel

493 3810 614 3883 (ΙΙΙ
659 3812 785 3885 Reg.
831 3816 967 3887 xxi),
1028 3818 1205 3890 arguit
1257 3817 1526 3873 Herodem
1579 3828 1635 3876 et
1690 3820 2069 3892 llcrodiadem,

486 3905 633 3974 quod
692 3907 907 3964 illicitas
971 3911 1186 3980 nuptias
1247 3910 1513 3979 fecerint,
1584 3923 1639 3969 et
1692 3929 1798 3969 non
1879 3916 2068 3986 liceat,

487 3991 653 4051 fratre
702 3996 916 4052 Vivente
957 4015 1235 4068 germano,
1259 4001 1403 4056 illius
1433 4018 1656 4059 uxorem
1710 4005 1928 4071 ducere,
1963 4023 2074 4063 ma-

486 4082 603 4138 lens
649 4085 944 4155 pcriclitari
969 4091 1109 4157 apud
1130 4106 1336 4162 regem,
1364 4108 1525 4161 quam
1554 4104 1773 4165 propter
1811 4098 2074 4155 adulatio-

488 4189 613 4229 nem
644 4191 764 4232 esse
786 4177 1071 4235 immemor
1101 4192 1498 4255 praeceptorum
1521 4186 1639 4241 Dei.

561 4265 629 4319 Et
657 4266 831 4323 volens
856 4268 1005 4325 illum
1026 4274 1263 4329 occidere
1292 4276 1464 4329 timuit
1487 4278 1757 4347 populum,
1790 4282 1915 4351 quia
1937 4268 2072 4338 sicut

485 4357 788 4428 prophetam
813 4377 931 4416 eum
959 4364 1238 4421 habebant.
1270 4365 1600 4424 Seditionem
1650 4372 1868 4441 quidem
1893 4377 2073 4447 pepuli

486 4451 775 4506 verebatur
804 4461 1024 4524 praptcr
1050 4454 1312 4512 Joannem
1335 4456 1655 4528 Baptistam,
1679 4477 1709 4515 a
1732 4478 1839 4533 quo
1865 4466 2072 4523 sciebat

487 4544 672 4598 turbas
726 4543 782 4598 in
829 4543 1065 4602 Jordane
1112 4546 1373 4617 plurimas
1422 4565 1543 4605 esse
1599 4552 1935 4623 baptizatas;
1976 4558 2072 4613 sed

485 4648 673 4689 amore
694 4634 1011 4691 vincebatur
1050 4637 1254 4704 uxoris,
1281 4638 1353 4693 ob
1398 4639 1552 4710 cujus
1606 4640 1856 4697 ardorem
1906 4645 2071 4700 etiam

485 4722 580 4779 Dei
612 4733 878 4796 praecepta
906 4727 1237 4798 neglexerat.

555 4814 655 4870 Die
693 4825 864 4870 autem
888 4816 1077 4871 natalis
1104 4816 1332 4873 Herodis
1351 4820 1559 4874 saltavit
1584 4821 1699 4891 ﬁlia
1746 4823 2068 4884 Herodiadis

484 4907 538 4959 in
568 4905 763 4971 medio,
790 4916 838 4961 et
882 4905 1079 4977 placuit
1117 4906 1340 4963 llerodi.
1370 4909 1552 4985 litae.)
1585 4911 1697 4969 Soli
1753 4918 2066 4975 mortalium

484 4995 724 5051 Herodes
751 5004 807 5052 et
836 4995 1047 5052 Pharao
1085 4998 1335 5070 leguntur
1368 5000 1513 5056 diem
1560 5005 1756 5062 natalis
1794 5009 1878 5062 sui
1931 5026 2065 5080 gau-

488 5085 589 5140 diis
618 5084 827 5141 festivis
873 5087 1178 5144 celebrasse
1206 5088 1358 5162 (Gen.
1396 5092 1506 5163 xc).
1540 5092 1645 5151 Sed
1685 5105 1913 5169 uterque
1958 5118 2057 5158 rex

482 5174 723 5232 infausto
745 5179 988 5249 auspicio
1015 5179 1363 5237 festivitatem
1390 5199 1544 5239 suam
1589 5189 1851 5259 sanguine
1896 5190 2069 5248 foeda-

478 5266 581 5322 vit.
613 5263 816 5332 Verum
844 5270 1082 5329 Herodes
1119 5282 1266 5331 tanto
1295 5276 1497 5347 majore
1535 5278 1830 5350 impietate,
1858 5295 2064 5355 quanto

484 5372 732 5420 sanctum
757 5376 814 5423 et
834 5367 1176 5424 innocentem
1196 5370 1472 5426 doctorem
1500 5375 1748 5431 veritatis
1777 5384 1832 5432 et
1860 5394 2067 5448 praeco-

483 5471 609 5511 nem
631 5458 757 5515 vitae
776 5475 841 5516 ac
874 5462 1025 5533 regni
1063 5462 1298 5518 caelestis
1322 5464 1542 5529 occidit,
1578 5474 1634 5520 et
1684 5467 1787 5522 hoc
1814 5485 1911 5539 pro
1942 5482 2064 5529 voto

484 5561 549 5602 ac
583 5548 839 5617 petitione
861 5550 1171 5617 saltatricis,
1199 5565 1375 5622 neque
1401 5568 1522 5609 eam
1547 5555 1710 5610 occisi
1738 5568 1898 5627 caput
1940 5570 2066 5620 ante

486 5638 741 5694 convivas
772 5640 973 5698 inferre
995 5642 1205 5711 puduit.
1229 5640 1365 5697 Nam
1398 5642 1610 5698 Pharao
1639 5645 1767 5700 nihil
1794 5648 1915 5705 talis
1971 5667 2064 5708 ve-

486 5732 651 5789 sania:
679 5733 1013 5791 commisisse
1038 5734 1253 5805 legitur,
1285 5735 1379 5792 sed
1403 5743 1580 5791 tamen
1620 5748 1935 5807 peccantem
1963 5744 2064 5803 sibi

2099 4524 2150 4585 D

2184 1903 2380 1961 futura:
2404 1907 2673 1962 occasioni
2725 1908 3006 1964 machinas
3046 1917 3403 1979 prmpararet.
3439 1910 3700 1981 Alioquin
3734 1914 3771 1965 si

2180 1996 2641 2069 objusjurandum
2666 1998 2860 2055 fecisse
2889 2015 2947 2055 se
3002 1999 3154 2065 dicit,
3181 2001 3227 2055 si
3254 2000 3459 2071 patris,
3503 2001 3551 2056 si
3604 2005 3770 2056 matris

2181 2088 2477 2158 postularet
2498 2090 2796 2155 interitum,
2825 2090 3068 2145 facturus
3096 2090 3291 2157 fuerat,
3340 2107 3410 2146 an
3452 2094 3608 2146 non?
3634 2094 3767 2160 Quod

2178 2177 2234 2231 in
2271 2192 2331 2233 se
2372 2178 2754 2249 repudiaturus
2802 2180 2923 2247 fuit,
2949 2188 3300 2238 contemnere
3353 2183 3558 2239 debuit
3614 2195 3668 2240 et
3721 2188 3765 2240 in

2178 2267 2465 2337 propheta.

2247 2361 2313 2415 At
2354 2360 2449 2416 illa
2484 2364 2796 2432 prwmonita
2824 2381 2857 2418 a
2899 2372 3066 2420 matre
3105 2379 3235 2419 sua:
3264 2365 3354 2420 Da
3387 2384 3555 2435 mmt,
3596 2380 3763 2437 inquit,

2177 2451 2261 2506 hic
2289 2452 2344 2507 in
2368 2453 2512 2509 disco
2537 2463 2693 2525 caput
2716 2453 2942 2511 Joannis
2975 2454 3248 2527 Baptistre.
3277 2456 3567 2513 Herodias
3591 2461 3764 2515 timens

2176 2559 2245 2600 ne
2272 2544 2513 2602 Herodes
2538 2545 2829 2616 aliquando
2866 2548 3231 2618 resipisceret,
3251 2549 3339 2605 vel
3367 2549 3634 2623 Philippo
3671 2552 3764 2606 fra-

2179 2636 2245 2690 tri
2274 2638 2481 2694 amicus
2501 2638 2678 2704 ﬁeret,
2706 2648 2871 2710 atque
2898 2640 3098 2697 illicitze
3125 2643 3333 2712 nuptiae
3392 2646 3625 2714 repudio
3668 2647 3767 2700 sol-

2176 2736 2452 2795 verentur,
2478 2738 2664 2785 monet
2706 2730 2873 2786 ﬁliam
2916 2739 2976 2786 ut
3026 2732 3081 2786 in
3128 2733 3246 2804 ipso
3276 2736 3476 2790 statim
3536 2739 3769 2792 convivio

2176 2829 2338 2890 caput
2364 2819 2587 2876 Joannis
2637 2823 2891 2893 postulet,
2923 2823 3088 2893 digno
3124 2839 3289 2896 apere
3337 2827 3660 2885 saltationis
3700 2832 3771 2885 di—

2175 2927 2340 2983 gnum
2369 2915 2646 2986 sanguinis
2670 2916 2971 2986 praemium.

2244 3005 2315 3060 Et
2344 3009 2683 3063 contristatus
2700 3019 2775 3063 est
2815 3026 2907 3065 rex
2930 3027 2947 3065 :
2970 3020 3180 3082 propter
3193 3013 3587 3081 juramentum
3612 3024 3771 3068 am

2173 3106 2223 3151 et
2267 3114 2355 3153 eos
2408 3099 2499 3166 qui
2526 3100 2913 3169 recumbebant,
2936 3103 3097 3173 jussit
3154 3104 3298 3160 dari.
3352 3104 3774 3161 Consuetudinis

2099 3161 2143 3224 C
2177 3188 2578 3260 Scripturarum
2608 3201 2713 3260 est,
2745 3203 2804 3248 ut
2823 3194 3128 3265 opinionem
3154 3196 3462 3252 multorum
3497 3199 3583 3254 sic
3610 3210 3774 3253 nam:

2171 3282 2769 3356 historicus,quomodo
2794 3301 2860 3343 eo
2890 3296 3129 3357 tempore
3146 3288 3215 3343 ab
3228 3290 3500 3346 erunibus
3529 3293 3773 3347 credeba-

2175 3380 2278 3426 tur.
2299 3372 2451 3428 Sicut
2472 3372 2669 3446 Ioseph
2685 3376 2753 3432 ab
2778 3376 2890 3445 ipsa
2912 3392 3127 3449 quoque
3152 3376 3321 3433 Maria
3349 3381 3673 3451 appellatur
3699 3399 3772 3452 pa-

2173 3468 2258 3516 ter
2291 3460 2439 3529 Jesu,
2467 3463 2539 3518 ita
2576 3472 2632 3520 et
2667 3479 2813 3520 nunc
2853 3464 3093 3522 Her'odes
3139 3467 3343 3523 dicitur
3397 3471 3771 3531 contristams.

2173 3552 2299 3622 quia
2327 3554 2434 3610 hoc
2460 3555 2865 3613 discumbentes
2891 3559 3173 3630 putabant.
3204 3560 3615 3619 Dissimulator
3649 3566 3769 3619 enim

2174 3649 2372 3704 mentis
2406 3665 2517 3705 suae
2550 3658 2607 3705 et
2627 3650 2824 3707 artifex
2862 3652 3134 3707 homicida
3183 3653 3483 3710 tristitiam
3527 3657 3768 3727 μηνίει-ει

2173 3738 2265 3795 bat
2316 3742 2373 3796 in
2424 3741 2585 3810 facie,
2609 3760 2731 3798 cum
2762 3744 3003 3801 laetitiam
3054 3746 3281 3802 haberet
3311 3749 3372 3803 in
3424 3761 3645 3806 mente.
3670 3752 3770 3808 See

2174 3830 2368 3902 Iusque
2395 3842 2619 3889 excusat
2638 3832 2971 3903 juramento,
3001 3844 3064 3890 ut
3093 3835 3194 3892 sub
3216 3841 3530 3895 occasione
3572 3843 3769 3912 pietatis

2174 3922 2371 3993 impius
2401 3923 2574 3979 ﬁeret.
2605 3924 2759 3991 Quod
2804 3941 2933 3982 vero
2964 3925 3202 3995 subjicit,
3229 3938 3280 3981 et
3313 3940 3548 3998 propter
3584 3949 3672 3987 eos
3695 3934 3770 4000 qui

2172 4013 2372 4083 pariter
2416 4013 2800 4080 recumbebant,
2846 4015 2962 4083 vult
3000 4029 3192 4071 omnes
3239 4006 3474 4075 sceleris
3517 4020 3613 4075 sui
3669 4035 3771 4074 ese

2175 4112 2492 4173 consortes,
2546 4116 2608 4161 ut
2659 4106 2713 4161 in
2775 4106 3088 4164 luxurioso‘
3114 4109 3449 4180 impuroque
3528 4114 3769 4169 convivia

2175 4203 2414 4267 cruenta:
2429 4196 2599 4266 epulze
2620 4196 2983 4253 deferrentur.

2246 4283 2493 4356 Misitque
2512 4295 2561 4341 et
2583 4286 2864 4342 decollavit
2912 4287 3172 4344 Joannem
3199 4307 3253 4345 in
3277 4307 3525 4360 carcere,
3551 4303 3607 4349 et
3652 4293 3769 4348 ulla.

2176 4385 2287 4431 tum
2325 4387 2402 4434 est
2434 4390 2589 4450 caput
2620 4381 2734 4451 ejus
2771 4382 2829 4438 in
2872 4383 3036 4449 disco,
3064 4394 3114 4438 et
3150 4384 3334 4439 datum
3373 4399 3456 4442 est
3490 4391 3770 4458 pultem

2178 4470 2296 4526 tulit
2316 4474 2474 4527 matri
2496 4490 2627 4530 suae.
2654 4474 2928 4547 (Iliorum)
2950 4476 3204 4548 Legimus
3229 4478 3284 4533 in
3313 4478 3579 4536 Romam
3611 4482 3772 4538 histo-

2176 4563 2257 4618 ria
2288 4563 2614 4621 Flaminium
2640 4566 2831 4622 ducem
2864 4568 3233 4625 Romanorum
3279 4572 3429 4641 quod
3479 4577 3772 4630 accubanti

2166 4652 2322 4723 juxta
2352 4670 2412 4710 se
2436 4656 2815 4722 meretriculae,
2845 4674 2966 4729 quae
2987 4675 3263 4730 nunquam
3288 4661 3498 4718 vidisse
3523 4680 3594 4719 se
3637 4666 3772 4719 dicc-

2171 4753 2257 4801 ret
2284 4746 2554 4802 hominem
2583 4748 2928 4815 decollatum,
2955 4751 3189 4807 assensit
3214 4760 3274 4807 ut
3300 4752 3351 4807 ei
3380 4769 3514 4810 reus
3553 4757 3771 4826 quidam

2172 4836 2417 4907 capitalis
2442 4836 2687 4893 criminis
2711 4838 2763 4892 in
2788 4841 3036 4896 convivio
3069 4849 3438 4909 truncaretur,
3462 4860 3495 4900 a
3525 4848 3743 4901 censori

2168 4924 2271 4980 bus
2297 4926 2509 4995 pulsum
2537 4927 2709 4994 curia,
2735 4930 2877 4998 quod
2902 4930 3089 4999 epulas
3114 4931 3364 5002 sanguini
3388 4937 3761 4991 commissae-

2169 5015 2264 5081 rit,
2294 5024 2350 5070 et
2392 5020 2912 5087 mortem,quamvis
2959 5021 3107 5075 noxii
3154 5021 3392 5079 hominis
3424 5026 3482 5079 in
3530 5026 3762 5082 alterius

2171 5104 2394 5162 delicias
2419 5107 2748 5177 praestiterit,
2781 5117 2842 5164 ut
2876 5108 3043 5165 libido
3071 5120 3120 5166 et
3150 5112 3508 5170 homicidium
3564 5116 3771 5188 pariter

2171 5194 2548 5251 miscerentur.
2580 5196 2796 5265 Quanto
2843 5197 3156 5256 sceleratior
3204 5201 3448 5259 Herodes
3494 5214 3555 5260 et
3614 5206 3770 5261 Hero-

2172 5285 2310 5351 dias,
2338 5302 2402 5342 ac
2449 5288 2623 5357 puella
2655 5305 2775 5359 qum
2810 5290 3048 5358 saltavit,
3072 5291 3125 5347 in
3188 5294 3422 5363 pretium
3480 5299 3769 5368 sanguinis

2174 5385 2335 5448 caput
2367 5378 2603 5448 postulat
2621 5380 2920 5451 prophetae,
2947 5391 3007 5437 ut
3036 5383 3233 5439 haheat
3263 5386 3317 5439 in
3352 5395 3637 5456 potestate
3681 5389 3770 5443 lin-

2174 5481 2352 5537 guam,
2385 5482 2504 5536 qua:
2530 5467 2742 5525 illicitas
2760 5472 2976 5541 nuptias
2997 5472 3292 5544 arguebat?
3317 5475 3433 5531 Hoc
3470 5478 3639 5548 juxta
3688 5479 3771 5533 li:-

2175 5568 2344 5615 teram
2375 5559 2575 5617 factum
2604 5563 2711 5630 sit;
2739 5579 2838 5621 nos
2860 5580 2989 5623 vero
3008 5583 3179 5637 usque
3217 5569 3270 5624 in
3298 5568 3445 5626 hunc
3472 5573 3629 5628 diem
3660 5589 3770 5628 cer-

2174 5650 2352 5707 nimus
2384 5653 2437 5707 in
2467 5653 2640 5724 capite
2665 5653 2885 5712 Joannis
2906 5658 3198 5728 prophetae,
3223 5658 3435 5717 Iudaeos
3457 5660 3766 5723 Christum.

2176 5744 2265 5815 qui
2291 5755 2445 5815 caput
2463 5745 2845 5829 prophetarum
2867 5758 2968 5817 cst,
2993 5749 3307 5819 perdidisse.
3338 5751 3523 5827 (ΚΑΒ.)
3563 5754 3770 5823 Aliter,
