3914 6508
106 431 237 487 961

103 541 463 601 decollatio
515 542 735 599 Joannis
782 541 1193 598 minorationem
1243 542 1396 597 fama:
1457 541 1623 605 illius,
1654 555 1759 609 qua

102 634 425 689 Christus
451 648 480 687 a
510 632 704 704 populo
720 632 1312 698 crcdebaturinsinuat,
1339 632 1477 687 sicut
1501 629 1759 684 exaltatio

106 728 182 782 in
242 741 441 782 cruce
473 724 684 781 Domini
732 724 1028 780 Salvatoris
1071 723 1373 793 profectum
1436 722 1761 793 designabat

106 817 304 882 ﬁdei,
344 832 461 887 qua
492 816 607 887 ipse
636 814 726 886 qui
755 814 905 886 prius
939 831 968 869 a
1010 813 1177 869 turbis
1204 813 1462 883 propheta
1488 827 1611 867 esse
1663 827 1759 882 pu-

109 907 412 972 tabatur,
484 907 743 962 Dominus
796 908 1177 977 prophetarum
1231 913 1286 959 et
1362 904 1617 959 Christus
1663 901 1757 958 Dei

110 997 332 1055 Filius
366 1012 402 1052 a
446 998 657 1054 cunctis
686 996 932 1053 fidelibus
957 1005 1038 1052 est
1078 996 1311 1067 agnitus.
1344 994 1584 1049 Minutus
1630 1008 1759 1065 ergo

112 1091 341 1161 capite
377 1097 469 1145 est
493 1088 746 1150 Joannes,
780 1088 1046 1143 cxaltatus
1092 1096 1173 1143 est
1211 1088 1263 1142 in
1310 1102 1524 1143 crucem
1574 1084 1758 1139 Domi-

112 1196 274 1246 nus,
310 1179 456 1250 quia
496 1179 637 1234 sicut
690 1179 828 1234 idem
873 1177 1105 1234 Joannes
1158 1178 1253 1242 ait,
1293 1177 1440 1231 illum
1488 1174 1757 1248 oportebat

113 1284 417 1331 crescere,
458 1267 720 1323 Joannem
743 1282 873 1323 vero
914 1267 1114 1332 minui;
1145 1266 1294 1320 illum
1341 1266 1432 1337 qui
1484 1266 1754 1337 propheta

112 1357 565 1423 aestimabatur,
593 1356 866 1412 Christum
894 1355 1164 1427 cognosci,
1193 1364 1248 1410 et
1293 1370 1414 1411 cum
1449 1356 1538 1424 qui
1589 1352 1753 1409 Chri-

116 1457 267 1503 stus
296 1464 425 1519 prae
447 1448 704 1503 virtutum
720 1447 1048 1503 sublimitate
1067 1448 1378 1517 putabatur,
1407 1444 1607 1501 Christi
1630 1459 1752 1501 esse

114 1531 488 1611 prophetam
537 1548 591 1596 et
632 1555 1021 1611 praecursorem
1062 1539 1287 1595 decebat
1332 1539 1573 1610 intelligi.
1599 1538 1749 1605 Quod

119 1630 337 1702 ipsum
394 1646 609 1702 quoque
664 1629 1010 1686 distinctione
1053 1631 1329 1701 temporis,
1360 1646 1468 1700 quo
1522 1641 1748 1700 uterque

120 1737 348 1777 eorum
372 1730 538 1778 natus
589 1730 693 1789 est,
721 1722 854 1778 satis
911 1729 1097 1792 aperte
1147 1721 1418 1792 signatum
1465 1728 1578 1786 est;
1621 1720 1747 1790 quia

118 1811 400 1868 Joannes
422 1812 640 1884 quidem
661 1828 820 1882 quem
847 1812 1130 1883 oportebat
1149 1811 1336 1878 minui,
1352 1827 1473 1866 cum
1496 1812 1746 1867 diurnum

122 1904 342 1962 lumen
400 1906 760 1972 decresceret,
808 1912 968 1961 natus
1007 1912 1130 1961 est:
1164 1904 1422 1960 Dominus
1469 1918 1598 1958 vero
1657 1902 1748 1971 qui

120 2008 280 2049 vera
330 1994 428 2050 lux
496 1996 681 2050 mundi
734 2003 930 2061 est,eo
987 1995 1115 2049 anni
1164 2003 1403 2064 tempore
1464 2007 1571 2063 quo
1631 1992 1747 2047 dies

122 2099 413 2142 crescere
445 2087 651 2158 incipit,
674 2086 887 2142 luciflua
953 2085 1109 2143 nobis
1137 2102 1247 2142 suae
1271 2087 1411 2143 dona
1450 2085 1747 2141 nativitatis

126 2160 430 2230 exhibuit.

221 2265 300 2318 Et
355 2267 659 2323 accedentes
719 2270 966 2340 discipuli
1010 2270 1124 2340 ejus
1168 2268 1398 2324 tulerunt
1444 2286 1652 2340 corpus,
1698 2277 1746 2323 et

133 2355 477 2425 sepelierunt
500 2357 652 2412 illud.
682 2358 782 2415 Hic
805 2375 932 2431 ergo
962 2360 1253 2431 discipulos
1279 2370 1336 2416 et
1387 2361 1556 2432 ipsius
1580 2361 1746 2417 Joan-

141 2445 245 2500 nis
279 2453 336 2501 et
376 2444 675 2503 Salvatoris
703 2465 989 2519 possumus
1040 2450 1358 2521 intelligere.
1387 2450 1497 2506 Nec
1520 2459 1744 2521 prmter-

140 2537 399 2592 eundum
438 2540 581 2609 quod
618 2549 804 2596 narrat
846 2539 1136 2612 Josephus,
1192 2543 1431 2598 vinctum
1484 2542 1746 2597 Joannem

139 2628 206 2682 in
239 2628 526 2683 castellum
555 2629 903 2685 Macherunta
930 2631 1241 2697 abductum,
1281 2631 1462 2702 ibique
1522 2639 1743 2686 trunca-

145 2718 525 2774 tum.'Narrat
548 2730 603 2775 et
622 2721 860 2777 Ilistoria
882 2722 1249 2777 ecclesiastica
1303 2722 1571 2793 sepultum
1621 2736 1745 2776 cum

144 2813 208 2863 in
283 2808 513 2865 Sebaste
560 2812 693 2867 urbe
759 2811 1061 2877 Palestimc,
1127 2828 1247 2883 qua:
1297 2814 1563 2882 quondam
1643 2811 1745 2867 Sa-

144 2904 334 2957 maria
365 2904 508 2957 dicta
537 2912 653 2970 est;
688 2914 745 2959 at
787 2913 1030 2974 tempore
1076 2903 1270 2959 Juliani
1298 2905 1558 2974 principis
1612 2904 1747 2958 invi-

151 2995 354 3049 dentes
375 2993 723 3061 Christianis,
760 2995 852 3065 qui
877 2994 1179 3064 sepulcrum
1209 2995 1346 3065 ejus,
1374 2994 1463 3064 pia
1489 2993 1746 3049 sollicitu-

149 3085 289 3138 dine
316 3084 751 3155 frequentabant,
774 3099 1012 3156 paganos
1029 3084 1294 3140 invasisse
1317 3092 1745 3148 monumentum,

155 3191 285 3230 ossa
318 3175 637 3247 dispersisse
660 3191 756 3247 per
776 3191 1015 3246 campos,
1049 3185 1103 3232 et
1130 3192 1345 3232 rursum
1372 3175 1594 3231 collecta
1625 3176 1749 3244 igne

157 3280 456 3331 cremasse,
486 3281 549 3321 ac
576 3267 752 3322 denuo
793 3267 1115 3337 dispersisse
1162 3282 1258 3338 per
1303 3282 1478 3337 agros.
1514 3264 1747 3321 Affuisse

161 3373 297 3413 vero
325 3366 451 3413 tunc
480 3358 736 3428 temporis
760 3357 958 3412 ibidem
989 3357 1055 3413 de
1115 3357 1503 3430 Hierosolymis
1560 3373 1749 3413 mona-

162 3449 316 3514 chos,
340 3449 428 3518 qui
472 3448 615 3504 misti
670 3449 911 3522 paganis
937 3463 1061 3505 ossa
1104 3449 1404 3520 legentibus
1454 3449 1746 3504 maximam

164 3558 351 3597 eorum
392 3553 595 3613 partem
621 3544 1090 3614 congregaverint,
1121 3553 1176 3599 et
1221 3545 1287 3600 ad
1336 3553 1542 3616 patrem
1590 3561 1746 3601 suum

162 3631 468 3702 Philippum
497 3622 921 3704 HieroSolymam
947 3634 1260 3690 detulerint.
1298 3635 1369 3690 At
1401 3635 1488 3691 ille
1541 3637 1750 3692 miserit

167 3738 233 3777 ca
261 3722 411 3777 beato
437 3723 731 3780 Athanasio
760 3726 1100 3782 Alexandria:
1138 3728 1410 3799 episcopo,
1436 3729 1614 3800 ibique
1638 3745 1751 3786 ser-

169 3821 295 3867 vata
321 3827 486 3883 usque
515 3815 583 3870 ad
606 3824 843 3886 tempora
882 3818 1164 3890 The0phili
1190 3817 1430 3887 ejusdem
1456 3821 1603 3877 urbis
1631 3823 1748 3893 cpi-

173 3902 338 3971 scopi,
390 3904 603 3973 quando
646 3903 871 3975 jubente
928 3907 1229 3965 Theodosio
1281 3910 1526 3981 principe
1568 3912 1750 3968 omnia

173 3993 405 4063 gentium
429 3992 550 4048 fana
574 3994 842 4053 destructa
867 4008 1011 4054 sunt.
1035 3998 1187 4055 Tunc
1209 4011 1504 4071 expurgato
1525 4017 1553 4056 a
1584 4003 1753 4059 sordi-

177 4083 281 4138 bus
306 4081 495 4152 templo
517 4081 756 4155 Serapis,
789 4085 987 4142 ibidem
1033 4087 1205 4156 illata,
1228 4098 1282 4144 et
1324 4090 1605 4145 basilicam
1651 4106 1750 4161 pro

180 4170 389 4227 aedicula
418 4172 637 4245 Serapis
659 4175 711 4229 in
734 4177 995 4233 honorem
1024 4178 1196 4233 sancti
1228 4179 1454 4237 Joannis
1477 4195 1596 4236 esse
1621 4196 1751 4235 con-

183 4274 457 4330 secratam,
489 4280 608 4336 quae
635 4269 955 4341 martyrium
990 4270 1306 4341 appellatur.
1341 4271 1484 4343 Lege
1523 4273 1752 4330 undeci-

185 4369 324 4407 mum
346 4350 589 4409 Historire
616 4357 997 4413 ecclesiasticae
1016 4360 1233 4415 librum.
1262 4360 1550 4432 Sequitur:

260 4443 320 4499 Et
360 4448 613 4501 venientes
649 4449 1017 4504 nuntiaverunt
1056 4450 1207 4505 Iesu.
1237 4451 1355 4508 Non
1410 4454 1582 4509 solum
1633 4470 1754 4526 quas

190 4535 286 4606 ipsi
316 4545 582 4607 gesserant
608 4545 662 4593 et
686 4538 982 4594 docuerant
1011 4542 1237 4611 apostoli
1284 4542 1509 4599 Domino
1556 4561 1755 4601 renun-

190 4628 351 4693 tiant,’
371 4628 461 4683 sed
488 4629 651 4684 etiam
671 4645 791 4700 quae
815 4629 1051 4687 Joannes
1073 4633 1151 4687 eis
1177 4632 1230 4687 in
1256 4634 1497 4691 docendo
1525 4651 1756 4708 occupa-

193 4718 263 4772 tis
281 4716 341 4771 sit
365 4732 571 4788 passus,
600 4719 684 4774 vel
715 4720 796 4775 sui
838 4721 923 4777 vel
952 4722 1192 4793 ejusdem
1232 4724 1482 4795 discipuli
1519 4727 1757 4783 Joannes

193 4809 245 4863 ei
272 4810 584 4865 renuntiant.
609 4810 832 4882 Mysticc
858 4822 1037 4868 autem
1081 4812 1317 4871 Joannes
1367 4816 1595 4873 Domino
1621 4830 1762 4889 prte-

196 4916 371 4956 cursor
391 4901 561 4972 legem
584 4903 796 4959 Veteris
824 4903 1153 4960 Tcstamenti
1178 4908 1482 4979 signiﬁcare
1515 4913 1756 4967 videtur:

200 4991 286 5046 ille
306 4993 573 5049 tenebatur
596 4992 648 5047 in
675 4993 903 5050 vinculis
941 5003 995 5049 ct
1030 5010 1271 5065 carcere,
1295 5008 1349 5054 et
1377 4999 1461 5054 lex
1489 5000 1541 5055 in
1574 5002 1764 5057 obscu-

202 5097 260 5137 ra
279 5084 522 5154 angustia,
559 5093 614 5139 et
658 5087 946 5142 tenebroso
993 5088 1155 5143 corde
1200 5091 1380 5161 populi
1426 5091 1754 5150 Judreorum.

201 5169 289 5226 Ille
321 5172 485 5241 capite
529 5180 806 5231 truncatus
849 5184 950 5243 est,
983 5178 1126 5247 quod
1176 5180 1495 5251 pnesagium
1546 5182 1647 5237 fuit
1695 5199 1760 5240 eo

207 5263 334 5333 quod
355 5263 594 5319 amissuri
620 5274 798 5321 essent
820 5265 988 5322 Judaei
1019 5268 1313 5336 Christum,
1331 5273 1422 5341 qui
1446 5282 1608 5342 caput
1629 5273 1761 5344 legis

209 5359 261 5406 et
301 5353 685 5423 prophetarum,
709 5356 846 5411 sicut
888 5372 1049 5427 supra
1097 5360 1472 5428 ostendimus;
1511 5363 1758 5433 discipuli

212 5441 337 5497 illius
359 5443 441 5512 qui
474 5457 671 5514 corpus
702 5444 818 5515 ejus
840 5446 1185 5516 sepelierunt,
1213 5459 1269 5505 et
1312 5460 1432 5522 post
1482 5453 1760 5509 venientes

216 5535 566 5592 nuntiaverunt
621 5537 866 5603 Domino,
891 5555 1009 5609 qua:
1056 5551 1204 5611 gesta
1269 5552 1412 5609 sunt,
1456 5544 1760 5613 significare

219 5626 437 5682 videntur
461 5627 582 5684 illos
614 5629 704 5699 qui
729 5628 901 5701 legem
930 5630 982 5684 in
1012 5633 1320 5689 carnalibus
1362 5634 1475 5705 jam
1501 5635 1757 5690 observa-

222 5718 422 5776 tionibus
446 5719 766 5781 exstinctam
823 5722 1036 5778 sibimet
1082 5724 1377 5782 indicantes
1416 5729 1482 5783 ad
1530 5730 1759 5799 gratiam

224 5811 552 5868 trausiverunt
585 5813 791 5871 Domini
825 5811 1139 5884 Salvatoris,
1163 5818 1286 5888 quia
1313 5820 1583 5891 sepultura
1608 5819 1757 5876 Joau~

1146 424 1491 484 COMJIENT.
1539 425 1606 480 IN
1646 426 2077 484 MATTIMSUM.
2119 458 2187 468 --
2221 426 2347 483 LIB.
2388 430 2453 486 V.

3338 434 3442 491 969..

1787 543 1835 602 Α
1865 539 1950 594 nis
1974 538 2315 596 abolitionem
2360 541 2494 612 legis
2513 542 2799 613 significat.
2843 544 2911 601 Ut
2945 545 3107 614 igitur
3143 545 3286 600 istud
3319 563 3438 601 ma-

1863 629 2111 687 nifestius
2169 630 2261 687 fiat
2289 647 2467 689 sermo
2489 633 2556 688 ad
2579 634 2846 706 originem
2871 636 3252 708 propositionis
3293 637 3434 692 refe-

1862 720 2061 776 rendus
2083 729 2184 776 est.
2203 720 2459 789 Joannes,
2489 731 2549 778 ut
2577 721 2890 795 frequenter
2916 726 3312 791 admonuimus,
3329 726 3438 781 for-

1861 825 2002 864 mam
2024 811 2255 881 przetulit
2290 812 2441 883 legis,
2468 814 2594 883 quia
2636 814 2718 868 lex
2760 814 3036 869 Christum
3105 815 3436 886 praedicavit,

1861 909 1915 954 et
1935 899 2166 956 Joannes
2193 901 2465 972 profectus
2490 917 2558 957 ex
2609 902 2725 974 lege
2748 912 2850 968 est,
2879 903 3153 959 Christum
3208 920 3275 960 ex
3322 904 3438 975 lege

1858 991 2254 1059 praenuntians;
2283 991 2524 1049 IIcrodcs
2573 1008 2702 1049 vero
2744 994 2994 1065 princeps
3029 1004 3113 1050 est
3149 996 3350 1065 populi,
3381 1005 3438 1051 ει

1804 1081 1812 1097 ⁸
1859 1081 2106 1152 princeps
2150 1083 2331 1154 p0puli
2390 1085 2615 1165 subjecti
2669 1086 2791 1151 sibi,
2825 1087 3190 1143 universitatis
3240 1101 3435 1142 nomen

1860 1186 2185 1242 causamque
2250 1174 2644 1244 complectitur.
2685 1174 2921 1232 Joannes
2989 1192 3117 1249 ergo
3166 1177 3435 1233 Herodem

1858 1261 2128 1327 monebat,
2160 1277 2228 1316 ue
2254 1261 2439 1318 fratris
2486 1264 2567 1317 sui
2594 1280 2818 1320 uxorem
2855 1267 2956 1322 sibi
2989 1267 3260 1340 iungeret.
3295 1268 3435 1325 Sunt

1857 1351 2000 1405 enim
2031 1363 2190 1422 atque
2218 1363 2373 1408 erant
2397 1355 2503 1411 duo
2548 1356 2750 1425 populi,
2781 1358 3209 1415 circumcisionis
3235 1369 3289 1414 ct
3309 1374 3439 1432 gen-

1859 1441 2008 1497 tium.
2051 1442 2156 1498 Sed
2185 1443 2437 1500 lsraclem
2473 1445 2556 1501 lex
2616 1447 2939 1503 admonebat
2984 1465 3052 1504 ne
3099 1465 3263 1520 opera
3304 1466 3435 1522 gen-

1856 1531 1985 1586 tium
2028 1532 2504 1606 infidelitatemque
2542 1535 2644 1591 sibi
2686 1538 2954 1608 jungcret.
2987 1538 3237 1594 Gentium
3287 1541 3434 1596 enim

1852 1624 1998 1680 socia
2029 1623 2318 1682 infidelitas
2344 1637 2444 1693 est,
2479 1643 2597 1697 qua:
2626 1629 2757 1699 ipsis
2788 1638 3040 1699 tanquam
3065 1629 3277 1685 vinculo
3308 1644 3439 1686 con-

1845 1713 2046 1786 jugalis
2068 1715 2271 1771 amoris
2301 1731 2512 1772 annexa
2535 1729 2637 1772 est.
2682 1718 2744 1771 lli
2782 1719 2945 1789 igitur
2974 1718 3167 1774 fratres
3222 1733 3289 1773 ex
3341 1733 3436 1776 eo-

1852 1807 1974 1860 dem
2001 1805 2222 1860 humani
2250 1806 2463 1879 generis
2493 1816 2620 1861 sunt
2666 1815 2915 1875 parente,
2945 1808 3014 1862 ob
3065 1808 3204 1861 hanc
3252 1806 3437 1877 itaque

1778 1899 1825 1958 B
1853 1913 2059 1968 aspera:
2103 1900 2489 1956 admonitionis
2545 1901 2850 1968 veritatem,
2897 1900 3130 1958 Joannes
3178 1911 3435 1971 tanquam

1850 1989 2011 2045 lexin
2060 2006 2282 2048 carcere
2337 1993 2735 2049 continebatur.
2756 1994 2854 2049 Die
2901 2003 3082 2048 autem
3136 1992 3350 2058 natalis,
3377 1991 3435 2048 id

1847 2092 1948 2149 εει,
1978 2097 2159 2139 rerum
2183 2086 2542 2156 corporalium
2572 2085 2783 2156 gaudiis
2811 2085 3123 2140 Ilcrodiadis
3146 2084 3251 2139 filia
3272 2084 3436 2139 salta-

1846 2173 1945 2227 vit.
1996 2172 2256 2231 Voluntas
2300 2176 2446 2230 enim
2504 2185 2759 2246 tanquam
2813 2189 2881 2231 ex
2941 2174 3255 2231 infidelitate
3284 2183 3428 2241 orta,

1796 2260 1799 2265 ’
1851 2266 1977 2320 totis
1999 2265 2377 2321 illecebrarum
2399 2267 2648 2323 cursibus
2662 2267 3007 2333 efferebatur,
3030 2268 3117 2323 cui
3139 2282 3197 2323 se
3216 2280 3436 2324 omnem

1847 2360 2009 2414 etiam
2032 2366 2372 2415 sacramento
2399 2360 2647 2415 venalem
2676 2359 2887 2430 populis
2912 2359 3154 2426 addixit;
3187 2360 3287 2416 sub
3308 2373 3440 2430 peo-

1848 2450 1985 2505 catis
2011 2450 2157 2505 enim
2185 2457 2239 2504 et
2259 2449 2440 2506 saeculi
2465 2451 2829 2521 voluptatibus
2857 2451 3108 2506 Israelitae
3129 2451 3253 2506 vitae
3277 2460 3440 2508 aeter-

1848 2555 1931 2595 nzc
1958 2554 2182 2594 munera
2208 2540 2582 2595 vendiderunt.
2614 2539 2741 2596 Hzec
2762 2540 2954 2595 matris
2979 2555 3107 2605 sum,
3138 2540 3191 2595 id
3214 2549 3316 2605 est,
3348 2541 3435 2596 in—

1849 2630 2122 2685 fidelitatis
2153 2630 2431 2695 instinctu,
2451 2628 2649 2686 deferri
2672 2629 2773 2684 sibi
2802 2626 3026 2684 Joannis
3046 2638 3227 2699 caput,
3257 2629 3309 2683 id
3329 2639 3436 2695 est,

1851 2723 2075 2793 gloriam
2107 2722 2241 2794 legis
2287 2723 2484 2790 oravit,
2511 2723 2635 2793 quia
2689 2722 2777 2778 lex
2828 2723 3194 2779 inccstuorum
3245 2722 3435 2789 Israel,

1848 2813 2170 2868 auctoritate
2224 2813 2530 2868 divinorum
2576 2821 2967 2883 praeceptorum
3013 2813 3290 2885 arguebat.
3329 2813 3438 2869 Sed

1848 2902 2095 2969 superius
2115 2900 2355 2958 Herodes
2386 2901 2721 2973 significatus
2747 2911 2829 2957 est
2858 2901 3121 2957 Joannem
3138 2903 3276 2958 velle
3294 2902 3435 2957 occi-
3458 2958 3461 2963 ,

1849 2991 1998 3056 dere,
2023 2999 2077 3046 et
2106 3000 2252 3046 metu
2300 2991 2480 3062 populi
2507 2991 2796 3058 demorari,
2830 2991 2956 3061 quia
2986 2991 3127 3045 sicut
3174 2990 3440 3060 prepbeta

1851 3082 2171 3138 habebatur.
2204 3082 2357 3138 Nunc
2381 3098 2510 3139 vero
2536 3082 2771 3152 expetita
2815 3083 2932 3151 ejus
2971 3096 3102 3137 nece
3139 3097 3262 3137 cum
3301 3095 3438 3151 prte-

1850 3179 2035 3233 sertim
2070 3178 2331 3249 religione
2357 3179 2680 3233 sacramenti
2713 3178 3001 3243 detinetur,
3030 3175 3297 3247 quomodo
3340 3174 3437 3228 tri-

1775 3249 1820 3312 (ἶ
1853 3271 1953 3326 stis
1999 3268 2266 3325 efﬁcitur?
2309 3270 2655 3326 Contrarium
2704 3270 2952 3325 videlicet
2996 3277 3081 3322 est
3129 3276 3257 3322 tunc
3312 3280 3436 3320 eum

1848 3361 2104 3429 voluisse,
2129 3371 2183 3418 et
2217 3377 2361 3417 nunc
2385 3361 2546 3428 nolle,
2572 3370 2627 3417 et
2652 3376 2892 3429 prmsens
2914 3358 3158 3414 molestia
3178 3356 3437 3412 anteriori

1848 3468 1957 3508 non
1978 3453 2231 3509 convenit
2255 3452 2538 3507 voluntati.
2566 3451 2765 3508 Verum
2790 3451 2844 3505 in
2867 3448 3235 3520 superioribus
3275 3453 3438 3518 gestae

1849 3543 1930 3599 rei
1956 3544 2090 3599 ordo
2113 3551 2216 3609 est,
2246 3543 2300 3597 in
2329 3543 2415 3598 his
2449 3550 2629 3597 autem
2659 3557 2800 3597 nunc
2848 3540 3056 3611 species
3085 3553 3263 3594 causae
3314 3552 3437 3593 30n—

1850 3635 2128 3705 scquentis
2149 3635 2455 3705 exponitur.
2480 3634 2721 3690 Gloriam
2762 3633 2896 3702 legis
2934 3631 3180 3686 voluntas
3205 3645 3273 3685 ex
3313 3626 3441 3684 infl-

1850 3727 2071 3783 delitatc
2098 3735 2219 3782 orta
2247 3726 2549 3796 occupavit.
2591 3723 2698 3779 Sed
2728 3722 2955 3794 populus
2983 3721 3110 3777 boni
3144 3718 3262 3789 ejus
3293 3715 3442 3789 quod

1850 3820 1904 3874 in
1928 3819 2045 3890 lege
2071 3827 2189 3873 crat
2244 3818 2511 3882 conscius,
2541 3817 2831 3871 voluntatis
2879 3813 3276 3869 conditionibus
3322 3825 3431 3865 non

1851 3910 1968 3965 sine
1992 3910 2173 3980 aliquo
2199 3909 2333 3964 certi
2354 3908 2577 3979 periculi
2600 3909 2682 3963 sui
2711 3907 2895 3991 dolore
2913 3898 3457 3972 cobibetur,scitque‘

1852 4003 2011 4059 talem
2034 4012 2422 4075 praeceptorum
2453 4002 2677 4075 gloriam
2704 4017 2811 4056 non
2835 4000 3139 4071 Oportuisse
3164 4014 3223 4054 se
3244 4012 3439 4053 concc-

1850 4094 1997 4160 dere,
2031 4095 2126 4149 sed
2168 4093 2401 4164 peccatis
2443 4100 2701 4163 tanquam
2729 4090 3085 4146 sacramentis
3110 4097 3352 4151 coactus,
3383 4094 3441 4140 et

1849 4185 2152 4253 principum
2183 4182 2541 4252 adiacentium
2572 4189 2719 4236 metu
2744 4189 2907 4250 atque
2952 4178 3200 4249 exemplo
3240 4178 3438 4246 depra-

1851 4282 2027 4340 vatus,
2058 4282 2111 4327 et
2137 4273 2313 4328 victus
2340 4271 2606 4327 illecebris
2653 4270 2947 4341 voluptatis
2987 4269 3151 4324 etiam
3208 4274 3437 4322 moestus

1851 4363 2207 4433 obtemperat.
2269 4362 2437 4434 Igitur
2487 4362 2626 4417 inter
2681 4361 2887 4430 reliqua
2920 4358 3197 4417 dissoluta
3250 4355 3435 4426 populi

1851 4456 2045 4527 gaudia
2076 4455 2299 4525 inLdisco
2320 4453 2543 4509 Joannis
2567 4461 2727 4523 caput
2747 4451 3210 4506 afl'ertur.Damno
3231 4446 3440 4502 scilicet

1858 4546 1991 4619 legis
2016 4546 2265 4618 voluptas
2291 4560 2577 4616 corporum
2604 4544 2671 4599 ad
2698 4544 2986 4599 smcularcs
3006 4542 3167 4596 luxus
3187 4550 3439 4612 augetur,

1782 4607 1834 4665 D
1859 4607 2011 4693 etvita
2039 4607 2481 4708 per-puellamad
2507 4641 2736 4688 matrem
2757 4631 3019 4696 defertur,
3049 4646 3112 4686 ac
3135 4630 3181 4685 si
3218 4607 3457 4699 probro—'

1861 4745 1952 4784 sus
1981 4727 2147 4783 Israel
2168 4736 2223 4783 et
2251 4726 2514 4782 voluntati
2566 4734 2622 4781 et
2671 4723 2973 4779 infidelitati
3036 4737 3149 4778 sure
3204 4721 3442 4788 familiae,

1861 4819 2067 4876 scilicet
2105 4827 2229 4874 ante
2255 4818 2493 4889 gentium
2538 4816 2789 4887 gloriam,
2819 4816 2954 4887 legis
2991 4814 3218 4870 addixit.
3251 4813 3449 4871 Finitis

1864 4907 2026 4980 igitur
2052 4906 2189 4978 legis
2215 4906 2561 4977 temporibus,
2593 4915 2793 4961 etcum
2844 4905 3050 4960 Joanne
3091 4902 3447 4973 conscpultis,

1864 4998 2110 5069 discipuli
2140 4996 2256 5068 ejus
2284 4998 2460 5053 rcsita
2495 5004 2675 5069 gestas
2711 4997 2937 5053 Domino
2986 4995 3287 5059 enuntiant,
3320 5006 3448 5048 cum

1865 5090 1929 5145 ad
1950 5089 2236 5161 Evangelia
2261 5088 2464 5145 scilicet
2497 5104 2565 5144 ex
2590 5089 2707 5159 lege
2721 5089 2997 5143 venientes
3026 5101 3156 5158 erga
3193 5085 3285 5140 Dei
3308 5076 3448 5140 Ver-

1867 5182 1992 5235 bum
2020 5180 2218 5235 curiosi
2248 5180 2520 5234 auditores
2576 5180 2728 5234 fiunt.
2780 5179 2949 5250 Igitur
2990 5178 3107 5250 lege
3166 5177 3317 5231 finita
3378 5177 3448 5231 ad

1866 5289 2024 5345 quem
2052 5273 2214 5327 alium
2249 5273 2330 5328 eis
2374 5274 2860 5345 transmigrandum
2888 5280 3025 5334 erat,
3049 5270 3153 5324 nisi
3212 5268 3281 5323 ad
3324 5281 3448 5321 eum

1868 5367 1959 5439 qui
1998 5376 2403 5422 consummator
2458 5364 2574 5434 ejus
2624 5362 2917 5420 cst?Finis
2959 5363 3094 5417 enim
3154 5361 3321 5431 legis,
3374 5360 3452 5414 ait

1867 5457 2175 5528 Apostolus,
2205 5457 2445 5511 Christus
2489 5465 2562 5509 est
2605 5455 2673 5508 ad
2718 5454 2985 5525 justitiam
3029 5453 3171 5507 omni
3217 5451 3450 5507 credenti

1869 5549 2043 5621 (Rom.
2077 5550 2153 5619 κ),
2185 5550 2276 5619 qui
2306 5550 2667 5603 Instrumenta
2695 5545 2872 5601 Veteri
2902 5545 3108 5601 Novum
3154 5545 3281 5601 fecit
3324 5549 3453 5600 suc-'

1868 5643 2061 5696 cedere
2087 5641 2515 5696 Testamentum.
2926 5650 2929 5651 '

1940 5731 2093 5796 Quod
2118 5747 2236 5785 cum
2276 5728 2507 5782 audisset
2527 5728 2701 5792 Jesus,
2725 5728 2928 5782 secessit
2958 5744 3079 5782 mae
3124 5743 3177 5781 m
3210 5721 3450 5781 navicula

1869 5826 1922 5877 in
1955 5824 2125 5879 locum
2150 5823 2408 5880 desertum
2425 5837 2678 5877 seorsum.
2704 5819 2840 5891 Non,
2858 5830 2918 5877 ut
2939 5824 3158 5892 quidam
3181 5820 3451 5873 arbitran-
