3914 6456
553 365 662 424 9ὓό

1245 352 1307 408 B.
1347 347 1602 405 RABANI
1638 346 1860 403 MAURI
1896 340 2217 401 ARC‘HIEP.
2260 341 2572 402 MOGUNT.
2609 340 2894 399 OPERUM
2915 339 3092 396 PARS
3125 339 3166 394 Ι.
3590 356 3645 415 9N

553 486 661 536 tur,
687 473 882 529 timore
907 466 1118 531 mortis,
1137 462 1231 520 sed
1251 477 1482 534 parcens
1509 459 1745 515 inimicis
1770 457 1904 521 suis,
1936 470 2007 512 ne
2038 456 2131 512 ho-
2156 454 2205 515 A
2233 455 2461 527 mystice
2502 454 2772 527 signiﬁcat
2816 452 3086 507 fastidium
3124 449 3398 509 Judaeon
3421 468 3560 515 contra
3585 477 3649 522 tur.

551 563 775 621 micidio
800 555 1482 625 homicidiumjungerent;
1507 550 1593 605 vel
1639 551 1692 605 in
1720 549 1861 605 diem
1912 547 2132 602 Paschae

553 670 712 712 suum
739 652 1014 710 interitum
1042 647 1317 710 diderens,
1347 645 1399 698 in
1428 659 1535 714 quo
1564 650 1786 713 propter
1821 654 2131 695 sacramen-

555 756 670 802 tum
703 741 1062 800 immolandus
1104 746 1189 794 est
1242 750 1436 805 agnus,
1461 742 1517 788 et
1572 741 1754 803 postes
1798 729 2134 786 credentium

556 834 816 906 sanguine
853 825 1219 900 respergendi.
1266 824 1394 879 Sive
1437 822 1557 879 ideo
1608 819 1854 885 recessit,
1886 827 1947 872 ut
1981 816 2136 872 nobis

554 923 819 994 praeberet
866 917 1170 987 exemplum
1220 913 1452 968 vitanda:
1505 912 1648 966 ultro
1703 909 2030 965 tradentium
2078 921 2137 963 se

556 1010 910 1069 temeritatis:
946 1007 1073 1078 quia
1104 1021 1210 1060 non
1241 1018 1430 1061 omnes
1458 1002 1648 1058 eadem
1674 1000 1979 1057 constantia
2017 1013 2137 1069 per-

559 1109 815 1159 severant
855 1116 907 1154 m
936 1098 1239 1161 tormentis,
1267 1096 1358 1165 qui
1411 1110 1472 1150 se
1520 1093 1849 1163 torquendos
1879 1090 2134 1147 oderunt.

557 1192 639 1250 0b
675 1192 816 1248 hanc
866 1203 1107 1253 causam,
1167 1185 1348 1241 sciens
1415 1183 1621 1239 scilicet
1655 1198 1775 1253 qua:
1820 1181 1960 1236 mala
2024 1181 2138 1235 suis

558 1281 917 1338 sectatoribus
938 1277 1157 1334 vesania
1184 1275 1492 1331 Judazorum
1523 1282 1577 1330 et
1602 1274 1880 1346 gentilium
1902 1281 2048 1328 esset
2070 1273 2136 1328 il-

558 1374 753 1438 latura,
777 1372 900 1428 etin
926 1370 1032 1425 alio
1053 1369 1168 1424 loco
1193 1368 1447 1439 prtecepit
1466 1388 1477 1422 :
1495 1367 1627 1422 Cum
1648 1384 1738 1421 vos
1753 1366 2007 1438 persecuti
2028 1365 2142 1435 fue-

559 1468 665 1521 rint
680 1468 734 1519 in
751 1466 851 1518 ista
873 1463 1100 1526 civitate,
1132 1460 1295 1531 fugite
1309 1460 1363 1513 in
1375 1458 1535 1513 aliant
1553 1457 1770 1529 (Matth.
1787 1456 1899 1529 xx).
1916 1456 2142 1526 Elegan-

560 1569 645 1615 ter
664 1569 877 1628 quoque
908 1554 1236 1625 evangelista
1262 1568 1367 1609 non
1398 1552 1495 1617 ait,
1518 1551 1653 1622 fugit
1681 1550 1736 1604 in
1757 1549 1933 1605 locum
1960 1549 2141 1604 deser-

563 1660 698 1713 tum,
714 1648 806 1703 sed
817 1646 1048 1710 secessit,
1065 1652 1124 1698 ut
1145 1649 1520 1714 persecutores
1532 1641 1785 1697 vitaverit
1797 1640 1967 1711 magis
1979 1653 2140 1709 quam

563 1738 822 1795 timuerit.
863 1736 1036 1792 Aliter
1061 1754 1073 1790 :
1106 1734 1397 1804 Postquam
1415 1749 1444 1788 a
1471 1732 1671 1789 Judteis
1695 1742 1750 1788 et
1782 1746 1910 1800 rege
1932 1728 2144 1787 Judaeu-

2232 549 2329 604 l:as
2353 548 2611 619 gentium,
2648 548 2739 617 qui
2776 546 2843 601 de
2867 560 3049 600 earum
3085 546 3366 614 receptione
3390 563 3551 621 semper
3570 572 3650 615 Iatr-

2233 638 2544 702 murabant,
2574 646 2629 693 et
2675 636 2847 708 magis
2863 633 3173 703 judicabant
3216 651 3301 691 eos
3335 647 3462 708 aptos
3498 658 3593 712 esse,
3621 664 3651 705 ω

2233 728 2537 797 quaererent
2564 727 2666 783 sibi
2704 726 2887 782 cibum
2914 727 2969 781 in
2997 728 3360 783 conventiculis
3385 730 3652 809 haereticorum,

2235 817 2348 873 sive
2375 816 2991 888 pseudoprophetarnm,
3029 831 3123 871 seu
3148 818 3541 891 philosophorum,
3563 846 3654 899 quam

2236 909 2539 964 divinornrn
2596 908 2858 964 librorum
2914 916 3196 963 uterentur
3240 911 3469 980 pastione.
3512 916 3657 983 Quorum

2234 1013 2365 1053 voce
2387 1006 2442 1053 et
2478 997 2644 1052 Isaias
2688 997 2815 1053 olim
2845 997 3053 1053 loeutus
3081 998 3155 1052 ait
3193 1015 3206 1051 :
3244 999 3364 1054 Ecce
3409 1014 3541 1072 gentes
3576 1016 3659 1078 quasi

2234 1088 2377 1144 stilla
2423 1087 2597 1142 situla:
2622 1128 2637 1154 ,
2659 1096 2709 1143 et
2751 1090 2902 1159 quasi
2948 1098 3257 1142 momentum
3302 1100 3476 1146 statera
3512 1109 3661 1165 reputate

2236 1189 2378 1233 sunt.
2405 1178 2470 1233 Et
2498 1179 2629 1234 item
2661 1197 2674 1232 :
2708 1178 2920 1243 Omnes,
2958 1178 3150 1249 inquit,
3179 1191 3340 1250 gentes
3372 1186 3495 1252 quasi
3517 1204 3586 1241 non
3609 1172 3667 1245 au.

2237 1272 2312 1325 sic
2342 1281 2463 1325 sunt
2492 1287 2669 1325 coram
2695 1287 2777 1335 eo,
2802 1279 2851 1325 et
2871 1271 3021 1342 quasi
3060 1270 3273 1325 nihilum
3296 1282 3339 1325 et
3361 1273 3489 1328 inane
3515 1290 3664 1346 reputate

2238 1372 2358 1417 sunt
2388 1361 2521 1433 (lsa.
2554 1361 2665 1433 ιι).
2698 1360 2806 1417 Sed
2835 1362 3117 1427 Dominus,
3155 1362 3244 1432 qui
3283 1354 3438 1419 futura
3473 1374 3521 1421 ut
3541 1380 3667 1437 prater.

2240 1455 2316 1509 ita
2367 1454 2536 1519 novit,
2571 1461 2626 1508 et
2667 1452 2755 1508 cui
2780 1453 2960 1508 omnia
3003 1455 3287 1524 praesentia
3314 1464 3441 1521 sunt,
3464 1472 3543 1511 non
3564 1461 3667 1515 iam

2242 1545 2614 1611 dimittendas,
2662 1545 2756 1600 sed
2796 1544 2971 1616 magis
2999 1559 3096 1615 per
3136 1545 3274 1615 ipsos
3300 1546 3525 1615 apostolos
3554 1550 3670 1607 calet

2243 1637 2365 1694 cibo
2390 1653 2483 1693 eas
2513 1638 2789 1693 satiantlas
2820 1637 3081 1692 decrevit.
3114 1636 3261 1693 Unde
3293 1646 3344 1693 et
3379 1639 3596 1694 subditur:

2315 1726 2471 1783 Iesus
2497 1739 2670 1783 autem
2693 1727 2825 1783 dixit
2857 1729 2932 1782 eis
2956 1744 2974 1782 :
3005 1727 3127 1782 Non
3152 1728 3327 1782 habent
3351 1744 3517 1803 necesse
3537 1732 3673 1793 item

562 1846 680 1885 rum
709 1827 987 1899 propheta:
1013 1832 1321 1880 truncatum
1347 1831 1432 1877 est
1459 1829 1639 1892 caput,
1672 1837 1735 1876 ac
1791 1820 2026 1892 linguam
2075 1833 2142 1874 ac
2169 1811 2351 1875 Billis
2374 1837 2462 1875 vos
2493 1820 2834 1874 manducare.
2864 1818 3137 1890 (Ηίετοη.)
3170 1819 3415 1875 Provocat
3439 1821 3627 1890 apostolos
3642 1825 3676 1875 ad

560 1934 748 1976 vocem
776 1918 918 1990 apud
944 1933 1039 1973 eos
1063 1916 1297 1987 perdidit
1321 1914 1628 1986 prophetia,
1652 1912 1810 1968 Jesus
1841 1910 2059 1966 transiit
2077 1909 2145 1965 ad

559 2011 836 2066 desertum
866 2007 1124 2063 Ecclesiae
1156 2005 1356 2071 locum,
1390 2018 1509 2074 quae
1534 2003 1709 2058 virum
1746 2010 1872 2059 ante
1905 2016 2024 2077 _nou
2048 2000 2146 2055 ha-

562 2101 775 2156 buerat.
1242 2142 1250 2149 .

634 2190 702 2244 Et
737 2205 852 2244 cum
875 2188 1138 2244 audissent
1164 2185 1352 2253 turbtr,
1371 2192 1563 2239 secuta:
1581 2191 1704 2238 sunt
1741 2199 1859 2238 eum
1885 2182 2148 2253 pedestres

562 2296 627 2334 ae
654 2279 966 2334 civitatibus.
1000 2277 1183 2333 Potest
1220 2285 1276 2332 et
1326 2276 1401 2330 ita
1450 2273 1643 2345 accipi,
1676 2274 1821 2344 quod
1865 2273 2027 2328 aliam
2078 2274 2149 2330 ob

562 2384 804 2435 causam,
832 2369 1015 2424 audito
1075 2366 1300 2422 Joannis
1343 2366 1585 2430 interitu,
1614 2365 1837 2420 secessit
1883 2363 2039 2420 Jesus
2093 2364 2148 2420 in

565 2462 841 2515 desertum
864 2460 1062 2524 locum,
1091 2466 1152 2511 ut
1178 2457 1510 2512 credentium
1541 2455 1797 2526 probaret
1828 2453 2009 2508 ﬁdem.
2041 2453 2148 2520 De—

575 2552 738 2621 nique
760 2552 926 2605 turba:
951 2560 1140 2605 secutte
1166 2558 1286 2603 sunt
1313 2564 1432 2602 eum
1462 2546 1723 2615 pedestres
1740 2545 1805 2600 de
1826 2546 2147 2613 civitatibus,

569 2656 675 2693 non
739 2640 794 2694 in
838 2638 1117 2708 iumentis,
1175 2653 1281 2693 non
1335 2638 1389 2692 in
1436 2636 1664 2692 diversis
1704 2635 2003 2703 vehiculis,
2056 2636 2152 2693 sed

566 2730 785 2799 proprio
843 2729 1030 2785 labore
1085 2730 1284 2800 pedum
1334 2738 1393 2785 ut
1428 2730 1677 2785 ardorem
1719 2729 1917 2785 mentis
1969 2739 2152 2784 osten-

566 2820 773 2876 derent.
796 2821 1036 2892 llludque
1063 2824 1357 2878 notandum
1389 2824 1553 2894 quod,
1578 2831 1864 2894 postquam
1888 2822 2150 2879 Dominus

565 2913 619 2967 in
650 2914 922 2970 desertum
950 2916 1179 2981 venerit,
1206 2924 1408 2972 secuta:
1438 2924 1567 2971 sunt
1594 2932 1720 2970 cum
1753 2917 1923 2970 turba:
1944 2915 2147 2982 multae;

567 3021 692 3060 nam
726 3013 1015 3075 antequam
1041 3007 1254 3062 veniret
1309 3007 1364 3062 in
1414 3006 1734 3062 solitudines
1783 3007 2046 3077 gentium,
2083 3007 2152 3062 ab

565 3114 674 3152 uno
698 3106 906 3153 tantum
932 3099 1127 3169 populo
1153 3098 1449 3156 colebatur.

636 3189 702 3243 Et
725 3191 900 3244 exiens
922 3165 1049 3244 cidit
1086 3190 1291 3244 turbam
1328 3192 1566 3257 multant,
1592 3201 1640 3247 et
1660 3192 1901 3246 misertus
1921 3199 1996 3245 est
2021 3188 2147 3254 illis,
2178 3165 2222 3226 C

564 3290 610 3333 et
639 3282 838 3334 curavit
865 3279 1141 3352 languidos
1179 3298 1377 3336 eorum.
1410 3282 1468 3336 ln
1514 3282 1853 3354 Evangelicis
1881 3280 2150 3337 sermoni—

565 3370 666 3424 bus
712 3384 927 3440 semper
965 3369 1155 3424 littera:
1193 3370 1413 3440 junctus
1441 3380 1525 3427 est
1568 3388 1763 3427 sensus
1812 3370 2054 3441 spiritus,
2096 3376 2152 3424 et

567 3460 829 3529 quidquld
877 3460 1053 3529 primo
1103 3459 1301 3531 frigere
1337 3461 1551 3517 videtur
1585 3471 1840 3533 aspectu,
1885 3462 1931 3517 si
1965 3460 2153 3532 tetige-

565 3552 662 3616 ris,
690 3551 846 3606 calet.
876 3551 932 3605 ln
961 3551 1076 3607 loco
1107 3553 1320 3608 deserto
1346 3563 1463 3608 erat
1486 3553 1776 3618 Dominus;
1804 3561 2003 3608 secuta:
2027 3559 2154 3606 sunt

566 3655 692 3695 cum
719 3641 889 3696 turba:
918 3641 1286 3710 relinquentes
1309 3642 1559 3697 civitates
1581 3657 1732 3720 suas,
1761 3641 1813 3695 id
1835 3649 1940 3707 est,
1964 3638 2151 3710 pristi-

567 3745 665 3785 nas
694 3730 1135 3786 conversatioues
1171 3741 1227 3785 et
1264 3732 1559 3787 varietates
1595 3730 1927 3802 dogmatum.
1960 3730 2155 3802 Egres-

566 3840 659 3881 sus
684 3841 811 3881 vero
838 3824 996 3881 Jesus
1032 3825 1303 3896 signiﬁcat
1329 3826 1472 3896 quod
1517 3827 1687 3882 turbae
1714 3826 2004 3883 habuerint
2034 3826 2154 3897 qui-

569 3917 692 3971 dem
726 3917 886 3972 eundi
930 3916 1296 3982 volunlatcm,
1332 3918 1428 3972 sed
1471 3917 1615 3973 vires
1644 3917 1992 3988 perveniendi
2045 3934 2154 3973 non

566 4007 888 4074 habuerint;
917 4006 1039 4061 ideo
1089 4006 1340 4061 Salvator
1385 4007 1660 4078 egreditur
1687 4009 1753 4063 de
1796 4008 1915 4064 loco
1942 4023 2062 4073 suo,
2101 4017 2156 4064 et

567 4099 743 4168 pergit
778 4098 1023 4162 obviam,
1056 4098 1196 4151 sicut
1230 4106 1284 4151 et
1314 4097 1368 4150 in
1413 4097 1515 4151 alia
1546 4098 1803 4168 parabola
1836 4098 1946 4153 lilio
1974 4099 2153 4169 ι)ωηί-

569 4188 698 4242 tenti
745 4186 913 4257 (Luc.
942 4187 1075 4258 xv);
1115 4188 1336 4256 visaque
1369 4188 1522 4243 turba
1553 4190 1863 4255 miseretur,
1903 4198 1960 4245 ct
2000 4198 2156 4246 curat

568 4282 852 4351 languorcs
888 4293 1100 4347 eorum,
1146 4290 1205 4336 ut
1252 4282 1386 4337 lides
1430 4282 1586 4353 plena
1637 4284 1822 4339 statim
1873 4283 2154 4352 prtemium

566 4381 947 4447 consequatur.

649 4460 862 4533 Vespere
895 4473 1071 4517 autem
1093 4462 1233 4532 facto
1264 4471 1591 4518 accesserunt
1621 4463 1690 4516 ad
1745 4479 1861 4517 eum
1909 4462 2152 4534 discipuli

2246 1912 2568 1969 fractionem
2594 1911 2768 1982 panis,
2808 1920 2869 1967 ut
2894 1911 2998 1966 illis
3025 1927 3085 1968 sc
3114 1925 3219 1966 non
3249 1911 3428 1968 habere
3460 1914 3677 1973 testantem.

2245 2004 2555 2076 magnitudo
2597 2003 2736 2074 signi
2782 2003 2963 2058 notior
2994 2001 3124 2066 liat;
3156 2002 3310 2058 simul
3337 2003 3580 2067 insinuans,
3602 2008 3679 2074 quoi

2243 2093 2484 2165 quotidie
2506 2108 2603 2164 per
2626 2109 2721 2149 eos
2751 2091 2935 2162 jejuna
2967 2102 3156 2148 nostra
3183 2101 3304 2148 sunt
3339 2094 3479 2149 corda

2243 2183 2496 2240 videlicet
2519 2199 2643 2240 cum
2686 2198 2877 2239 eorum
2930 2183 3015 2239 vel
3057 2183 3341 2255 exemplis,
3375 2184 3450 2239 vel
3491 2185 3625 2240 litteris
3647 2186 3680 2237 al
3759 2224 3761 2285 ‘

2248 2277 2478 2333 amanda
2508 2278 2747 2334 cmlestia
2792 2277 3145 2333 suscitamnr.
3195 2276 3253 2333 Si
3282 2293 3426 2348 quem
3459 2292 3557 2333 vero
3587 2288 3683 2332 more
3760 2276 3763 2361 χ

2248 2369 2517 2439 quomodo
2562 2369 2857 2425 secundum
2882 2369 3254 2424 narrationem
3280 2368 3477 2424 Joannis
3501 2368 3685 2439 primum
3764 2404 3765 2437 ι

2249 2445 2421 2514 turbis
2458 2457 2732 2529 qmcsierit
2774 2459 3035 2514 Dominus
3066 2474 3096 2513 a
3141 2457 3379 2529 Philippo
3423 2466 3684 2521 tentansetn,
3766 2494 3767 2515 ι

2249 2548 2393 2605 unde
2425 2549 2529 2605 illis
2570 2565 2709 2606 esca:
2747 2550 2863 2604 dari
2892 2551 3105 2621 possint
3128 2549 3309 2623 (Joan.
3335 2549 3430 2621 vr);
3455 2558 3499 2603 et
3528 2548 3686 2618 quomodo
3768 2582 3769 2587 η

2251 2641 2431 2696 cancri
2485 2640 2832 2712 evangelista:
2880 2641 3230 2696 narraverint
3277 2640 3415 2710 prius
3451 2638 3594 2695 dixisse
3626 2637 3685 2690 Do—

2250 2732 2399 2788 mino
2443 2731 2766 2802 discipulos,
2827 2742 2887 2786 ut
2939 2732 3242 2787 dimitteret
3297 2730 3493 2795 turbas,
3526 2742 3690 2798 quotus

2256 2831 2379 2878 sent
2399 2822 2499 2879 sibi
2523 2821 2775 2879 alimenta
2803 2836 2984 2878 emere
3010 2822 3083 2893 de
3105 2822 3363 2893 proximis
3380 2821 3493 2877 locis
3508 2818 3636 2889 (Herc.
3648 2834 3690 2877 ης

2252 2913 2382 2969 Luc.
2415 2913 2514 2987 rx),
2531 2916 2726 2985 quibus
2750 2914 2838 2970 ille
2860 2914 3146 2985 respondit
3171 2915 3448 2970 secundum
3466 2912 3689 2967 Matthm:

2258 3007 2382 3061 Non
2403 3007 2593 3063 habent
2621 3023 2824 3062 necesse
2846 3007 2941 3072 ire,
2982 3007 3111 3062 date
3145 3008 3219 3062 eis
3248 3023 3333 3061 vos
3370 2999 3695 3065 manducamui
3778 3030 3779 3033 η

2254 3098 2416 3153 etiam
2464 3097 2679 3154 Marcus
2726 3098 3009 3168 Lucasque
3052 3097 3415 3161 consentiunt,
3461 3103 3613 3149 tantum
3643 3092 3695 3144 hoc
3780 3120 3781 3129 ι

2252 3189 2748 3259 prtctermittentes,
2777 3189 2922 3259 quod
2951 3189 3063 3254 ait,
3116 3207 3222 3244 non
3274 3189 3446 3243 habent
3485 3184 3697 3239 Μηδείης
3782 3208 3783 3213 η

2256 3282 2572 3354 intelligitur
2594 3296 2727 3354 ergo
2753 3290 2878 3352 post
2901 3282 3019 3337 hmo
3046 3281 3213 3336 verba
3236 3279 3496 3336 Dominum
3518 3273 3699 3343 inspexisse

2254 3374 2690 3440 multitudinem,
2736 3381 2792 3429 et
2839 3374 3041 3429 dixisse
3085 3372 3367 3443 Philippo,
3417 3369 3534 3441 quod
3564 3366 3700 3421 Joanne

2255 3474 2677 3533 commemorat,
2716 3466 2806 3522 isti
2865 3474 3048 3521 autem
3106 3464 3551 3536 prmterntisemnt.
3587 3455 3702 3510 Deinfc

2255 3559 2397 3630 quod
2440 3557 2719 3628 Philippus
2744 3557 2884 3628 apud
2910 3556 3179 3612 Joannem
3216 3554 3498 3627 respondet,
3529 3551 3601 3603 hoc
3628 3545 3704 3598 Μπ·

2255 3666 2350 3705 cus
2388 3665 2419 3703 a
2448 3647 2726 3718 discipulis
2757 3662 3074 3718 responsum
3117 3662 3241 3704 esse
3290 3646 3630 3701 commemorat,
3656 3648 3705 3685 w-

2254 3740 2372 3795 lens
2422 3739 2645 3810 intelligi
2688 3739 2792 3796 hoc
2814 3747 2871 3794 et
2899 3754 2996 3795 ore
3043 3748 3363 3795 caeterorum
3406 3733 3635 3802 Philippum
3660 3740 3706 3778 re-

2255 3832 2555 3904 spondisse.

2326 3922 2722 3996 Responderunt
2746 3924 2794 3978 ei
2817 3940 2835 3979 :
2864 3923 2989 3978 Non
3011 3924 3266 3978 habemus
3294 3922 3391 3976 nisi
3425 3920 3602 3991 quinque
3617 3923 3706 3980 μηδ

2256 4024 2304 4069 et
2355 4015 2487 4069 duos
2515 4016 2700 4085 pisces.
2749 4011 2853 4068 Per
2891 4014 3133 4084 quinque
3176 4027 3345 4083 panes
3381 4005 3655 4079 apostolorum
3680 4004 3710 4049 cl

2256 4104 2393 4161 duos
2442 4105 2621 4175 pisces
2662 4112 2773 4160 tota
2815 4102 3153 4159 Testamenti
3198 4101 3402 4158 Veteris
3444 4098 3643 4170 scriptura
3672 4087 3712 4140 si-

2256 4205 2483 4269 gnatur;
2519 4211 2616 4265 per
2659 4196 2900 4266 quinque
2928 4194 3184 4250 videlicet
3230 4208 3394 4266 panes
3435 4190 3620 4261 quinque
3655 4179 3714 4232 lle

2257 4288 2418 4343 saicze
2443 4287 2576 4358 legis
2611 4286 2757 4353 libri,
2788 4286 2985 4356 quibus
3010 4286 3210 4342 divina:
3236 4281 3531 4341 aeternitatis
3551 4270 3714 4345 cognitio.

2256 4379 2443 4434 mundi
2486 4379 2710 4444 creatio,
2759 4392 3055 4448 procursus
3097 4376 3284 4433 saeculi
3340 4372 3556 4433 labentis,
3582 4374 3715 4420 etttﬂ

2258 4472 2370 4525 Deo
2412 4470 2681 4525 serviendi
2706 4468 2917 4539 religio,
2956 4468 3143 4539 generi
3192 4469 3423 4524 humano
3446 4457 3639 4519 innotuit.
3659 4449 3715 4503 Pet

565 4557 700 4626 ejus,
742 4531 969 4610 dicentes
994 4570 1012 4609 :
1040 4531 1286 4610 Desertus
1312 4554 1455 4608 locus
1500 4564 1598 4620 est,
1640 4564 1687 4609 et
1728 4555 1860 4608 hora
1880 4557 1998 4624 jam
2025 4531 2155 4625 prte-
2183 4531 2231 4591 Β
2256 4559 2392 4616 duos
2432 4574 2564 4615 vero
2594 4560 2773 4629 pisces
3040 4566 3168 4619 sunt
3196 4567 3251 4615 et
3291 4556 3538 4628 propheta:
3569 4539 3717 4617 ῧειιηιίν

566 4645 737 4710 teriit;
763 4644 964 4699 dimitte
989 4644 1185 4707 turbas,
1218 4653 1272 4698 ut
1297 4654 1476 4699 euntes
1504 4645 1559 4699 in
1580 4644 1820 4706 castella,
1844 4654 2016 4699 emant
2055 4644 2155 4699 sibi

564 4754 729 4793 escas.
755 4737 947 4792 Omnia
972 4737 1131 4808 plena
1155 4737 1427 4809 mysteriis
1446 4745 1591 4791 sunt.
1608 4735 1831 4792 ltecedit
1856 4737 1921 4791 de
1942 4735 2153 4802 Judma,

568 4829 716 4884 venit
743 4828 796 4883 in
828 4828 1100 4884 desertum
1131 4829 1341 4894 locum;
1371 4834 1672 4897 sequuntur
1690 4843 1813 4883 eum
1846 4828 2041 4894 turbze,
2066 4843 2154 4885 re-

567 4921 710 4977 lictis
738 4921 1047 4977 civitatibus
1076 4921 1217 4986 suis;
1262 4921 1538 4992 egreditur
1570 4922 1636 4975 ad
1658 4935 1752 4977 eos
1776 4918 1953 4987 Jesus,
1990 4923 2155 4978 mise-

570 5022 721 5067 retur
745 5012 935 5076 turbte,
954 5019 1111 5067 curat
1132 5010 1414 5081 languidos
1436 5026 1654 5068 eorum:
1678 5021 1733 5067 et
1758 5014 1862 5069 hoc
1890 5013 2020 5070 facit
2042 5028 2151 5070 non

568 5118 746 5168 mane,
777 5119 884 5159 non
908 5113 1185 5160 crescente
1214 5103 1321 5169 die,
1364 5119 1468 5159 non
1500 5105 1744 5172 meridie,
1777 5107 1873 5162 sed
1901 5122 2148 5177 vespere,

568 5194 785 5262 quando
812 5192 891 5248 sol
905 5191 1130 5261 iustitiae
1150 5191 1493 5260 occubuit,et
1511 5194 1633 5249 linis
1655 5196 1837 5251 mundi
1862 5198 2152 5269 appropin-

568 5285 773 5353 quavit.
2100 5338 2105 5345 .

641 5373 867 5446 (suum)
894 5373 1047 5443 Quod
1076 5384 1256 5432 autem
1302 5375 1552 5432 carnales
1576 5376 1755 5433 adhuc
1782 5378 2053 5448 discipuli,
2094 5389 2151 5435 et

570 5465 743 5535 ignari
770 5465 836 5521 de
870 5464 1049 5521 futuro
1100 5465 1412 5523 relectionis
1444 5467 1723 5534 miraculo,
1756 5479 1946 5539 rogant
1979 5470 2151 5524 Deum

568 5564 628 5611 ut
655 5555 892 5611 dimittat
922 5557 1109 5611 turbas
1138 5564 1199 5611 ut
1226 5566 1411 5612 emant
1459 5557 1562 5613 sibi
1600 5558 1751 5613 cibos
1780 5574 1877 5628 per
1905 5558 2147 5626 castella,

568 5647 802 5704 maxime
828 5648 1024 5720 quibus
1050 5663 1115 5703 eo
1158 5648 1335 5704 adhuc
1365 5656 1608 5720 tempore
1652 5657 1981 5720 praeceptum
2028 5659 2147 5707 est:

568 5733 640 5792 In
679 5735 814 5796 ciam
858 5738 1084 5809 gentium
1117 5754 1178 5793 ne
1222 5739 1423 5795 abirent
1454 5739 1668 5811 (Matth.
1700 5742 1787 5813 χ),
1818 5750 1871 5796 et
1921 5741 2149 5815 reliqua,

2256 4652 2349 4723 qui
2393 4652 2662 4707 eruditum
2690 4651 2744 4705 in
2772 4650 2891 4722 lege
2923 4650 3017 4706 Dei
3061 4650 3338 4721 populum,
3386 4648 3449 4703 de
3473 4640 3717 4715 μόωίδείοα

2257 4743 2552 4799 Dominicae
2570 4742 2962 4798 incarnationis
2979 4755 3121 4796 nova
3146 4742 3336 4813 gratia:
3356 4733 3592 4795 dulcedine
3605 4733 3715 4798 Ρ³⁵ί⁶⁴

2256 4835 2407 4890 bant.
2440 4835 2554 4902 Qua
2586 4834 2729 4888 trina
2762 4832 3058 4903 Scriptura:
3085 4848 3257 4889 sacrm
3280 4824 3718 4917 distinctione,

2258 4927 2473 4983 Veteris
2509 4926 2862 4982 lnstrumenti
2908 4926 3104 4982 seriem
3148 4921 3514 4996 comprehendi
3538 4910 3719 4971 Domini“

2253 5017 2577 5073 auctoritate
2625 5017 2903 5073 docemur.
2959 5016 3240 5087 Apparens
3291 5016 3429 5071 enim
3469 5016 3569 5081 post
3607 5010 3722 5056 resuf'

2253 5107 2552 5164 rectionem
2573 5105 2876 5175 discipulis,
2901 5106 2978 5160 ait
3004 5106 3266 5161 Dominus
3293 5106 3404 5175 ipse
3432 5120 3445 5155 :
3482 5097 3723 5185 Quid

2254 5200 2391 5255 tebat
2413 5197 2620 5270 impleri
2653 5198 2829 5252 omnia
2855 5214 2973 5267 qua:
3021 5198 3217 5268 scripta
3245 5205 3364 5252 sunt
3388 5195 3439 5249 in
3463 5192 3557 5260 lege
3577 5180 3722 5249 Ιοὲδίδν

2254 5301 2300 5345 et
2329 5289 2613 5360 prophetis,
2642 5296 2691 5342 et
2732 5286 2947 5358 psalmis
2998 5287 3063 5341 de
3090 5304 3170 5341 me
3197 5286 3345 5358 (Luc.
3393 5278 3543 5349 xxiv).
3568 5273 3618 5328 Et
3646 5275 3724 5360 cui!

2254 5359 2467 5450 aperuit
2509 5379 2614 5434 illis
2659 5392 2877 5433 sensum
2928 5386 2987 5434 ut
3032 5378 3389 5449 intelligerent
3419 5359 3728 5458 Scripturasttl

2255 5471 2532 5527 intellecta
2577 5469 2933 5539 spiritualiter
2982 5468 3229 5524 ﬁdelibus
3289 5467 3543 5521 traderent
3586 5450 3727 5548 θυιξὶιῆ-

2254 5562 2426 5626 ribus,
2456 5560 2610 5631 quasi
2646 5559 2972 5615 benedicens
3001 5559 3229 5629 panibus
3253 5551 3537 5629 apostolicis
3556 5560 3607 5600 ac
3623 5549 3729 5612 μίαν

2252 5654 2375 5718 bus,
2404 5653 2609 5722 hosque
2663 5651 2888 5706 internae
2937 5651 3218 5707 suavitatis
3255 5650 3392 5706 dono
3435 5634 3728 5708 ωυιιίιιίίαηθ

2255 5744 2428 5800 turbis
2474 5742 2751 5813 dispertiri
2784 5742 3056 5814 przecepit.
3096 5743 3234 5800 Deae
3263 5755 3387 5797 vero
3411 5738 3543 5807 juxta
3562 5728 3729 5790 Ετῖάτεθ
