3914 6488
82 383 212 439 935

1082 371 1437 434 COMMENT.
1475 371 1543 428 IN
1583 370 2017 431 MATTHEUM.
2058 402 2129 413 —
2167 372 2296 428 LIB.
2333 372 2398 428 γ.

3291 377 3398 436 966

86 501 249 555 lium
285 495 517 556 Joannis
538 511 730 569 panes,
753 493 846 567 qui
869 492 1046 566 legem
1085 492 1387 563 designant,
1427 487 1710 545 hordeacei
1739 492 1788 552 Α
1816 488 2163 545 seminarium
2188 488 2247 544 fit
2273 489 2537 545 ciborum.
2567 487 2626 544 Si
2656 490 2801 546 enim
2829 491 3055 549 fuissent
3096 494 3313 566 integri,
3340 501 3402 556 et

84 590 289 646 fuisse
316 586 651 655 referuntur,
679 587 770 657 qui
800 584 1172 657 iumentorum
1212 580 1445 637 maxime
1483 580 1711 635 rustico—

86 693 353 749 rumque
382 686 468 734 est
491 677 645 733 cibus
668 690 967 732 servorum.
998 673 1136 742 Quia
1176 672 1557 743 incipientibus
1583 685 1711 726 nec-

88 771 361 839 dumque
408 767 665 839 perfectis
711 766 1054 822 auditoribus
1102 763 1409 836 asperiora,
1456 771 1513 818 et
1553 762 1710 832 quasi

87 860 397 915 crassiora
443 867 567 914 sunt
613 856 998 913 committenda
1062 862 1330 926 praecepta
1382 871 1397 908 :
1454 850 1710 907 Animalis

89 953 254 1007 enim
282 952 441 1005 homo
487 966 590 1005 non
618 949 832 1021 percipit
859 964 921 1003 ea
949 963 1065 1018 qum
1107 956 1228 1002 sunt
1256 946 1470 1017 spiritus
1520 945 1611 999 Dei
1646 942 1711 1017 (Ι

91 1040 241 1096 Cor.
278 1042 365 1114 ιι).
397 1042 574 1112 Atque
604 1040 727 1095 ideo
757 1038 1018 1093 Dominus
1063 1052 1163 1107 pro
1204 1037 1317 1093 suis
1358 1037 1553 1106 cuique
1578 1035 1708 1090 viri-

92 1134 215 1188 bus
245 1134 393 1188 dona
425 1132 691 1195 tribuens,
731 1144 1050 1200 semperque
1075 1126 1144 1183 ad
1164 1125 1487 1198 perfectiora
1512 1139 1711 1196 provo-

97 1237 271 1285 cans,
291 1220 473 1292 primo
489 1220 727 1291 quinque
754 1219 983 1290 panibus
1002 1217 1238 1288 quinque
1258 1214 1446 1282 millia,
1473 1214 1710 1270 secundo

97 1321 332 1382 septem
385 1313 616 1382 panibus
672 1318 906 1382 quatuor
952 1310 1233 1366 hominum
1285 1309 1452 1364 millia
1495 1308 1707 1375 reiicit,

103 1404 288 1459 tertio
342 1403 623 1475 discipulis
679 1418 790 1458 sua:
838 1402 1021 1457 carnis
1066 1410 1120 1456 et
1163 1400 1438 1472 sanguinis
1503 1408 1707 1472 myste-

102 1494 266 1549 rium
315 1494 510 1557 credit,
541 1493 731 1549 ultimo
774 1506 969 1562 magno
1012 1504 1236 1546 munere
1279 1489 1375 1544 dat
1415 1488 1622 1554 electis,
1652 1497 1708 1543 ut

101 1585 281 1639 edant
307 1595 357 1639 et
388 1585 561 1640 bibant
581 1598 735 1654 super
756 1598 986 1638 mensam
1005 1596 1157 1636 suam
1183 1596 1239 1634 tn
1262 1595 1416 1650 regno
1442 1596 1538 1635 suo
1554 1578 1705 1650 (Luc.

102 1676 293 1748 xxn).

191 1768 304 1834 Qui
328 1769 402 1822 ait
423 1768 497 1823 eis
519 1783 538 1823 :
564 1767 761 1839 A/ferte
788 1767 906 1821 illos
944 1765 1072 1821 mihi
1097 1766 1220 1840 huc.
1246 1763 1404 1829 Audi,
1432 1762 1701 1828 Marcion;

1813 594 1917 635 non
1940 579 1994 634 in
2020 578 2193 636 frusta
2215 581 2491 650 discerpti,
2520 595 2622 637 nec
2645 582 2804 638 divisi
2846 584 2898 639 in
2925 585 3280 657 multiplicem
3309 602 3401 646 se-

1811 677 1986 741 getem
2006 709 2021 734 ,
2046 670 2232 724 turbas
2258 678 2309 724 et
2332 684 2549 739 pueros,
2587 679 2643 725 et
2672 672 2918 741 feminas,
2947 684 3001 730 et
3029 683 3231 733 tantam
3260 678 3398 736 mul-

1812 756 2098 812 titudinem
2127 757 2273 814 alere
2294 773 2400 814 non
2431 769 2670 830 possent.
2698 760 2987 834 Frangitur
3006 780 3135 835 ergo
3162 765 3248 822 lex
3268 783 3397 824 cum

1811 849 2107 920 prophetis,
2137 858 2194 905 et
2220 851 2273 904 in
2303 848 2471 906 frusta
2497 851 2837 922 discerpitur,
2868 862 2923 909 et
2948 855 3064 926 ejus
3084 856 3138 911 in
3160 858 3393 914 medium

1812 939 2070 1009 mysteria
2113 939 2483 1011 proferuntur,
2508 944 2737 1014 utquod
2774 946 3070 1017 integrum,
3101 955 3157 1002 et
3180 963 3396 1018 perma-

1811 1044 1949 1085 nens
1980 1031 2033 1085 in
2057 1040 2201 1087 statu
2236 1033 2468 1103 pristino
2499 1049 2603 1089 non
2626 1034 2825 1103 alebat,
2864 1036 3097 1093 divisum
3128 1038 3184 1093 in
3210 1048 3395 1107 partes

1814 1118 1920 1173 alat
1947 1121 2184 1191 gentium
2223 1124 2637 1180 multitudinem.

1884 1210 1954 1265 Et
1982 1212 2121 1267 dedit
2174 1214 2445 1285 discipulis
2483 1233 2673 1286 panes,
2707 1218 2951 1289 discipuli
2996 1230 3169 1275 autem
3201 1221 3386 1275 turbis.

1812 1300 1889 1359 Et
1910 1305 2355 1360 manducaverunt
2383 1323 2582 1373 omnes,
2610 1318 2659 1363 et
2704 1312 2931 1366 saturati
2968 1322 3108 1368 sunt.
3161 1313 3393 1388 (Μλυιι.)

1810 1396 1949 1452 Nota
1976 1412 2107 1469 ergo
2133 1397 2379 1452 ordinem
2402 1397 2666 1454 Dominici
2705 1401 2960 1457 convivii.
2987 1402 3250 1461 Primitus
3278 1406 3398 1476 ipse

1810 1486 2068 1543 Dominus
2106 1495 2355 1558 acceptos
2383 1502 2549 1557 panes
2592 1496 2648 1544 et
2678 1490 2852 1559 pisces
2900 1492 3176 1548 benedixit
3204 1502 3259 1549 et
3289 1494 3396 1551 fre-

1810 1583 1917 1654 git;
1948 1582 2141 1638 dehinc
2164 1598 2262 1654 per
2288 1590 2469 1653 partes
2501 1584 2862 1640 comminutos
2903 1586 3052 1641 dedit
3097 1587 3394 1658 discipulis,

1809 1686 1871 1731 ut
1889 1677 1991 1747 ipsi
2022 1676 2193 1731 turbis
2242 1677 2658 1743 distribuerent;
2710 1687 2898 1749 postea
2955 1681 3123 1735 turbae
3174 1690 3395 1751 accepta

1811 1766 1878 1821 ab
1904 1766 2162 1837 apostolis
2195 1767 2332 1838 stipe
2361 1767 2844 1835 manducaverunt,
2877 1777 2931 1825 et
2967 1770 3194 1825 saturati
3246 1781 3391 1826 sunt.

104 1862 272 1927 audi,
303 1861 620 1926 Manichme,
650 1862 888 1931 quinque
943 1875 1109 1931 panes
1156 1869 1211 1916 et
1250 1859 1384 1915 duos
1420 1859 1707 1929 pisciculos
1736 1862 1780 1921 Β
1809 1856 1945 1925 Quia
1972 1856 2224 1913 videlicet
2248 1866 2590 1915 sacramenta
2616 1858 2749 1930 legis
2784 1868 2839 1915 et
2866 1860 3276 1930 prophetarum,
3297 1876 3395 1916 sua

104 1952 305 2005 alferri
327 1951 396 2006 ad
421 1967 480 2007 se
499 1948 655 2020 jubet
679 1952 970 2017 Dominus,
1005 1958 1065 2005 ut
1103 1966 1197 2005 eos
1222 1949 1522 2005 sanctificet
1546 1959 1709 2018 atque

106 2044 491 2115 multiplicet:
534 2046 660 2113 quia
690 2044 801 2113 ipse
847 2051 931 2099 est
975 2043 1043 2096 ad
1075 2057 1237 2113 quem
1285 2040 1549 2111 Propheta
1590 2040 1703 2094 ait:

106 2138 278 2193 Oculi
311 2139 543 2193 omnium
594 2138 648 2192 in
704 2146 753 2191 te
791 2144 1024 2203 sperant,
1068 2134 1309 2198 Domine,
1362 2142 1418 2187 ut
1464 2131 1555 2186 des
1600 2130 1707 2185 illis

101 2245 295 2283 escam
326 2228 382 2280 in
411 2236 638 2298 tempore
663 2237 975 2297 opportuno.
1007 2225 1192 2295 Aperis
1222 2234 1277 2277 tu
1300 2239 1514 2277 manum
1538 2232 1704 2287 tuam,

103 2325 164 2369 et
186 2314 374 2385 imples
397 2332 548 2369 omne
586 2314 784 2369 animal
820 2314 1169 2369 benedictione
1197 2311 1368 2384 (Psal.
1396 2310 1597 2383 cxuv).

189 2407 260 2461 Et
292 2424 411 2462 cum
444 2408 685 2477 jussisset
715 2408 921 2462 turbam
953 2406 1275 2461 discumbere
1294 2397 1476 2476 ‘supra
1505 2404 1703 2475 fenum.

108 2495 750 2566 Discumbcrejubentur
775 2498 945 2552 turba:
981 2511 1143 2567 supra
1196 2495 1401 2561 fenum,
1440 2504 1709 2550 etsecun-

108 2592 248 2647 dum
298 2591 467 2647 alium
520 2593 916 2665 Evangelistam
957 2610 1121 2665 supra
1168 2603 1389 2659 terram,
1421 2609 1519 2664 per
1545 2593 1707 2663 quin-

109 2700 400 2756 quageuos
445 2696 540 2742 aut
589 2697 888 2753 centenos;
938 2697 997 2743 ut
1043 2698 1330 2759 postquam
1383 2689 1711 2744 calcaveriut

110 2794 341 2835 carnem
370 2795 548 2845 suam,
575 2788 630 2836 et
673 2798 862 2837 omnes
902 2782 1063 2838 ﬂores
1114 2784 1257 2839 illius
1296 2792 1351 2839 et
1401 2784 1581 2839 saeculi
1610 2798 1708 2838 vo-

113 2868 376 2937 luptates,
409 2871 566 2940 quasi
597 2886 760 2926 arens
809 2871 989 2927 fenum
1042 2873 1143 2929 sibi
1175 2874 1533 2945 subjecerint,
1582 2882 1711 2927 tunc

112 2971 222 3027 per
268 2958 713 3031 quinquagenarii
749 2964 962 3017 numeri
1005 2964 1381 3034 paenitentiam
1411 2964 1478 3019 ad
1528 2962 1709 3033 perfe-

112 3057 271 3102 ctum
299 3050 580 3106 centesimi
622 3053 834 3108 numeri
878 3054 1092 3110 culmen
1139 3055 1453 3110 ascendant.
1504 3054 1709 3126 (Greg.)

115 3141 333 3197 Diversi
367 3157 499 3215 ergo
535 3144 835 3202 discubitus
873 3149 1274 3203 convivantium
1315 3148 1555 3203 diversos
1582 3164 1712 3204 cou-

1807 1948 2184 2006 distributione
2211 1951 2409 2020 partita
2440 1951 2695 2021 apostolis
2719 1958 2774 2006 et
2804 1952 3244 2022 praedicatoribus
3268 1969 3392 2009 san-

1805 2038 1877 2094 eti
1907 2038 2202 2111 Evangelii,
2227 2049 2287 2096 ut
2307 2042 2422 2097 haec
2454 2050 2565 2097 toto
2605 2042 2737 2098 orbe
2787 2042 3110 2112 praedicent,
3159 2046 3395 2116 primum

1809 2129 1924 2199 ipse
1954 2131 2217 2186 Dominus
2243 2130 2540 2202 patefecit;
2594 2133 2788 2188 deinde
2824 2132 2898 2189 illi
2946 2136 3119 2191 turbis
3152 2136 3396 2190 omnium

1807 2221 2044 2292 gentium
2094 2236 2481 2293 usquequaque
2534 2223 2790 2295 spiritalis
2837 2224 3103 2280 alimonia:
3148 2225 3398 2282 refectio—

1807 2330 1929 2369 nem
1967 2315 2329 2371 abundantem
2375 2315 2750 2385 prazbuerunt;
2794 2325 2849 2371 et
2889 2317 3009 2371 ideo
3049 2324 3106 2371 ut
3134 2316 3395 2387 scriptum

1807 2415 1926 2472 est,
1976 2407 2421 2462 manducaueruut
2466 2424 2643 2462 omnes
2696 2417 2743 2462 et
2796 2408 3020 2461 saturati
3075 2416 3219 2471 sunt,
3267 2407 3396 2476 quia

1808 2511 1914 2551 non
1972 2505 2090 2551 erat
2134 2512 2299 2568 egens
2334 2498 2621 2568 quisquam
2663 2498 2803 2552 inter
2847 2513 2976 2563 eos;
3035 2498 3397 2568 impleturque

1809 2586 1940 2641 illud
1975 2587 2217 2657 quotidie
2254 2589 2627 2659 propheticum
2659 2607 2671 2642 :
2704 2587 2874 2643 Edent
2903 2604 3155 2659 pauperes
3180 2630 3194 2654 ,
3236 2597 3283 2642 et
3312 2604 3399 2642 sa-

1809 2679 2142 2745 turabuntur,
2165 2689 2213 2734 et
2248 2679 2536 2735 laudabunt
2568 2680 2732 2735 Deum
2760 2681 2850 2751 qui
2880 2680 3146 2751 requirunt
3170 2696 3317 2746 eum,
3344 2688 3399 2735 ct

1813 2770 2041 2839 reliqua.

1883 2864 1952 2917 Et
1982 2862 2213 2919 tulerunt
2259 2864 2506 2936 reliquias
2549 2866 2963 2937 fragmentorum
3004 2866 3280 2920 duodecim
3319 2881 3401 2919 ca-

1811 2954 1998 3025 phinos
2027 2953 2226 3024 plenos.
2259 2955 2442 3027 (ΒΑΕ.)
2488 2955 2642 3024 Quod
2673 2956 2845 3011 turbis
2893 2962 3139 3026 superest
3178 2969 3209 3009 a
3240 2954 3401 3010 disei~

1812 3044 1952 3115 pulis
1992 3044 2311 3111 sustollitur,
2367 3047 2492 3115 quia
2543 3048 2841 3102 sacratiora
2888 3047 3177 3117 mysteria,
3209 3059 3329 3116 qua:
3365 3058 3399 3099 a

1816 3134 2039 3191 rudibus
2066 3138 2185 3206 capi
2217 3143 2512 3205 nequeunt.
2558 3151 2664 3189 non
2711 3136 3047 3207 negligenter
3082 3134 3396 3199 omittenda,

114 3240 317 3287 ventus
341 3233 728 3302 Ecclesiarum,
763 3252 884 3306 quae
914 3253 1077 3292 unam
1107 3237 1438 3294 Catholicam
1486 3238 1710 3305 faciunt,
1742 3221 1786 3284 C
1818 3227 1915 3281 50d
1966 3235 2093 3281 sum
2140 3226 2458 3295 inquirenda
2516 3226 2789 3296 Ρενίόεῑῖδ·
2820 3226 2952 3281 Nam
2999 3241 3096 3297 Ρεν
3140 3225 3401 3294 cophinos

116 3323 437 3394 designant;
475 3340 609 3395 quos
664 3328 802 3382 bene
856 3330 1116 3385 Dominus
1161 3330 1565 3401 quinquagenos
1616 3345 1713 3400 per

119 3425 332 3472 turmas
351 3418 433 3473 vel
463 3427 719 3474 centenos
748 3420 1090 3476 discumbere
1130 3422 1406 3492 przeccpit,
1431 3431 1489 3476 ut
1515 3422 1708 3477 videli-

117 3516 217 3561 cet
243 3509 393 3564 turba
430 3508 665 3563 ﬁdelium
693 3526 875 3565 eseam
903 3526 1077 3577 suam,
1121 3520 1174 3566 et
1207 3512 1337 3567 locis
1360 3512 1613 3567 distincta
1657 3520 1712 3568 et

117 3600 367 3654 moribus
412 3599 699 3670 conjuncta
754 3602 1075 3672 perciperet.
1126 3600 1337 3656 Jubiltci
1386 3602 1583 3673 quippe
1628 3620 1712 3660 re-

116 3690 281 3759 quies
299 3690 738 3760 quinquagenarii
768 3692 977 3747 numeri
1011 3693 1269 3764 mysterio
1295 3693 1633 3748 continetur:
1654 3701 1711 3748 et

116 3779 617 3849 quinquagenarius
637 3779 720 3835 bis
746 3778 981 3847 ducitur,
1007 3790 1066 3836 ut
1101 3782 1167 3837 ad
1197 3781 1564 3836 centenarium
1590 3796 1713 3849 per-

116 3871 390 3926 veniatur.
421 3870 554 3939 Quia
578 3887 706 3942 ergo
746 3873 897 3943 prius
928 3889 958 3927 a
988 3873 1129 3928 malo
1168 3873 1397 3944 quiescit
1427 3889 1591 3942 opere
1610 3914 1624 3938 ,
1655 3881 1713 3928 ut

121 3970 249 4035 post
280 3962 453 4016 anima
478 3963 688 4033 plenius
710 3964 957 4035 quiescat
981 3965 1034 4019 in
1061 3965 1405 4037 cogitatione,
1438 3965 1528 4019 alii
1554 3965 1713 4035 quin-

125 4056 376 4126 quageni,
392 4055 482 4109 alii
509 4070 636 4111 vero
661 4057 874 4112 centeni
899 4057 1277 4123 discumbunt;
1302 4058 1558 4127 quoniam
1586 4065 1713 4111 sunt

126 4145 362 4201 nommlli
382 4186 398 4210 ,
428 4146 518 4217 qui
547 4162 577 4201 a
618 4147 798 4216 pravis
841 4149 1052 4203 actibus
1077 4150 1277 4203 habent
1308 4148 1547 4218 requiem
1580 4163 1710 4218 ope-

130 4236 240 4301 ris,
265 4245 317 4291 et
358 4245 482 4292 sunt
510 4237 769 4303 nonnulli,
800 4239 944 4308 quia
989 4239 1260 4309 perversis
1290 4239 1711 4310 cogitationibus

132 4327 324 4382 habent
338 4327 448 4397 jam
483 4329 723 4397 requiem
748 4331 963 4386 mentis.
999 4331 1141 4385 Bene
1163 4330 1326 4386 etiam
1351 4346 1515 4400 super
1538 4331 1711 4386 viride

134 4418 310 4472 fenum
359 4419 763 4475 discubuerunt.
834 4419 1108 4490 Scriptum
1154 4422 1351 4491 quippe
1405 4430 1490 4476 est
1543 4422 1710 4476 onmis

133 4526 256 4563 caro
302 4509 473 4578 fenum
529 4510 719 4580 (Eccli.
772 4511 907 4582 xw).
947 4496 1151 4581 (Rari)
1181 4511 1255 4565 Et
1302 4510 1376 4565 illi
1423 4526 1587 4580 super
1630 4512 1711 4565 vi-

1813 3317 2096 3374 duodecim
2123 3318 2373 3388 apostoli,
2407 3328 2461 3374 et
2498 3334 2595 3388 per
2638 3320 2912 3390 apostolos
2940 3319 3121 3374 cuncti
3170 3332 3401 3387 sequen-

1813 3411 1946 3466 tium
1988 3412 2268 3467 doctorum
2295 3412 2445 3467 chori
2473 3412 2793 3482 ﬁgurantur,
2824 3411 2954 3467 foris
2978 3411 3195 3481 quidem
3226 3410 3401 3465 homi-

1811 3496 1971 3550 nibus
1990 3496 2252 3566 despecti,
2288 3496 2381 3552 sed
2426 3497 2569 3552 intus
2619 3496 2871 3552 salutaris
2912 3497 3020 3551 cibi
3049 3494 3289 3565 reliquiis
3331 3495 3399 3550 ad

1812 3589 2003 3643 alenda
2031 3589 2313 3644 humilium
2339 3590 2503 3645 corda
2540 3591 2821 3645 cumulati.
2870 3590 3096 3647 Constat
3131 3591 3274 3645 enim
3307 3603 3400 3646 c0-

1811 3681 1993 3750 phinis
2036 3696 2200 3751 opera
2230 3681 2445 3737 servilia
2490 3682 2601 3753 geri
2632 3681 2822 3745 solere,
2871 3681 2963 3737 sed
2995 3682 3109 3752 ipse
3137 3682 3400 3752 cophinos

1811 3785 2009 3840 panum
2036 3771 2353 3844 fragmentis
2382 3773 2643 3844 implevit,
2667 3776 2756 3846 qui
2783 3776 2994 3845 inﬁrma
3022 3774 3182 3843 hujus
3215 3775 3397 3827 mundi

1811 3860 1983 3933 elegit,
2011 3872 2066 3916 ut
2092 3864 2252 3932 fortia
2302 3865 2644 3935 confunderet
2673 3865 2739 3937 (I
2768 3863 2891 3919 Cor.
2922 3865 2982 3936 ι).
3017 3865 3398 3935 Unusquisque

1811 3970 1940 4025 ergo
1982 3957 2348 4027 apostolorum
2379 3958 2446 4013 de
2473 3958 2717 4030 reliquiis
2761 3960 3059 4015 Salvatoris
3091 3961 3274 4031 implet
3303 3978 3398 4016 co-

1810 4047 2035 4117 phinum
2084 4064 2258 4111 suum,
2288 4059 2347 4103 ut
2376 4050 2573 4105 habeat
2605 4051 2688 4106 vel
2717 4052 2856 4106 unde
2903 4061 3086 4121 postea
3117 4053 3400 4122 egentibus

1812 4139 1962 4196 cibos
1988 4141 2360 4209 praebeat,-vel
2390 4156 2456 4196 ex
2505 4141 2748 4213 reliquiis
2796 4144 2987 4199 doceat
3028 4160 3185 4200 veros
3236 4143 3399 4200 fuisse

1811 4247 1997 4302 panes,
2021 4232 2110 4303 qui
2142 4240 2329 4303 postea
2360 4232 2696 4305 multiplicati
2734 4246 2880 4291 sunt.

1884 4325 2323 4382 Mandncantium
2353 4338 2528 4383 autem
2553 4329 2655 4401 [u't
2688 4346 2937 4385 numerus
2964 4332 3191 4402 quinque
3230 4330 3398 4385 millia

1812 4414 2062 4481 virorum,
2095 4417 2319 4485 exceptis
2364 4417 2671 4471 mulieribus
2711 4428 2760 4472 et
2803 4419 3056 4489 parvulis.
3106 4418 3269 4473 Juxta
3303 4436 3400 4473 nu-

1814 4520 2024 4560 merum
2071 4507 2308 4577 quinque
2359 4523 2557 4578 panum
2612 4516 2666 4561 et
2714 4508 3107 4562 comedentium
3158 4509 3399 4563 virorum

135 4601 248 4656 ride
287 4602 464 4657 fenum
521 4603 921 4659 discumbentes
950 4603 1248 4658 Dominicis
1275 4612 1571 4674 pascuntur
1613 4603 1710 4658 aii-
1737 4571 1788 4630 Ῐ)
1818 4597 2055 4667 quinque
2084 4597 2310 4651 millium
2347 4598 2631 4653 multitudo
2676 4608 2777 4653 est.
2833 4599 3069 4653 Necdum
3118 4599 3262 4653 enim
3318 4616 3401 4656 se-

136 4694 343 4759 mentis,
386 4695 477 4765 qui
508 4710 604 4765 per
632 4693 869 4749 studium
914 4694 1280 4759 continentur,
1322 4693 1546 4749 calcatis
1595 4694 1712 4751 ille-

136 4782 306 4838 cebris
340 4783 637 4838 carnalium
666 4783 1245 4852 eoneupiscentiarum,
1278 4784 1560 4839 audiendis
1603 4783 1707 4837 im-

135 4873 440 4943 plendisque
472 4874 563 4930 Dei
598 4875 775 4930 verbis
795 4889 1014 4944 operam
1045 4874 1386 4945 impendunt.

210 4962 272 5017 Et
298 4965 514 5034 acceptis
556 4965 786 5035 quinque
830 4964 1053 5035 panibus
1097 4974 1145 5017 et
1199 4963 1404 5018 duobus
1455 4965 1704 5034 piscibus,

136 5056 380 5125 aspiciens
397 5056 451 5110 in
465 5055 650 5111 ctelum
674 5057 933 5111 benedixit
961 5066 1008 5110 et
1028 5055 1403 5127 frcgit.Turbis
1425 5056 1709 5110 esurienti-

139 5149 237 5203 bus
257 5147 497 5204 Salvator
527 5163 632 5203 non
655 5164 790 5205 nova
817 5158 969 5205 creat
989 5148 1213 5214 cibaria,
1244 5148 1338 5203 sed
1367 5149 1603 5217 acceptis
1626 5149 1707 5205 eis

139 5252 255 5309 qua:
280 5237 579 5292 habuerunt
607 5238 873 5308 discipuli,
912 5239 1181 5296 benedicit
1206 5254 1220 5292 :
1251 5238 1379 5309 quia
1409 5239 1631 5295 veniens
1653 5239 1704 5294 in

141 5343 297 5383 carne
317 5344 418 5383 non
448 5328 550 5383 alia
587 5344 748 5398 quam
790 5331 1043 5401 praedicta
1071 5340 1197 5386 sunt
1221 5330 1569 5399 prmdicabat,
1612 5330 1708 5386 sed

142 5418 270 5488 legis
294 5426 344 5473 et
372 5420 755 5490 prophetarum
804 5421 1002 5489 scripta
1025 5462 1039 5486 ,
1079 5437 1239 5491 quam
1276 5422 1385 5475 sint
1435 5422 1708 5491 mysteriis

143 5509 318 5579 gratia:
336 5510 557 5581 gravida
595 5511 946 5567 demonstrat.
974 5511 1242 5584 (Πίσωνι.)
1272 5512 1480 5583 Aspicit
1514 5513 1567 5566 in
1599 5526 1710 5567 cce-

145 5597 270 5665 imn,
294 5607 350 5653 ut
379 5599 507 5655 illnc
536 5600 845 5673 dirigendos
864 5602 1049 5658 oculos
1078 5603 1289 5658 doceat.
1323 5603 1571 5673 Quinque
1613 5618 1709 5673 pa-

148 5703 240 5741 nes
277 5697 327 5743 ct
353 5690 485 5747 duos
507 5692 796 5761 pisciculos
824 5694 1055 5763 sumpsit
1094 5694 1146 5748 in
1199 5710 1416 5759 manus,
1450 5704 1505 5749 et
1553 5693 1712 5766 fregit

147 5793 265 5846 eos,
302 5783 621 5855 tradiditque
657 5784 933 5855 discipulis
962 5784 1116 5842 suis:
1161 5785 1440 5857 frangente
1484 5786 1711 5841 Domino

1817 4689 2052 4743 cundum
2082 4688 2306 4745 alterius
2351 4688 2453 4744 loci
2510 4690 2874 4744 narrationem
2922 4691 2988 4744 ad
3036 4692 3402 4760 septenarium

1818 4796 2102 4835 numerum
2132 4790 2384 4845 venerat,
2414 4797 2573 4850 quem
2610 4782 2900 4835 comedunt
2941 4790 3173 4850 quatuor
3210 4782 3402 4848 millia,

1816 4881 1870 4927 et
1908 4881 2034 4927 sunt
2058 4873 2235 4928 vicina
2264 4871 2677 4942 Evangeliorum
2717 4887 2966 4938 numero,
3007 4872 3132 4941 quia
3164 4873 3404 4943 quinque

1815 4975 1938 5021 sunt
1955 4965 2241 5021 exterioris
2254 4965 2488 5021 hominis
2510 4981 2719 5021 sensus.
2735 4965 2982 5036 Quinque
2998 4966 3163 5021 millia
3182 4967 3281 5020 viri
3302 4967 3403 5021 Do-

1810 5058 2013 5111 minum
2041 5056 2212 5111 secuti
2252 5055 2537 5127 designant
2570 5072 2663 5111 eos
2686 5058 2801 5126 qui,
2828 5058 2881 5112 in
2931 5057 3175 5112 smculari
3225 5056 3403 5111 adhuc

1810 5149 1996 5204 habitu
2012 5148 2575 5218 positi,exteri0ribus
2604 5165 2723 5219 quae
2746 5148 3020 5219 possident
3038 5149 3173 5206 bene
3204 5148 3281 5204 uti
3310 5164 3402 5203 no-

1810 5248 2006 5295 verunt
2052 5240 2186 5311 :qui
2234 5248 2381 5295 recte
2416 5241 2654 5311 quinque
2698 5239 2927 5310 panibus
2981 5240 3222 5307 aluntur,
3271 5240 3397 5312 quia

1813 5330 1945 5386 tales
1973 5345 2195 5385 necesse
2227 5339 2312 5384 est
2343 5330 2602 5402 legalibus
2642 5331 2818 5386 adhuc
2842 5332 3125 5401 pratccptis
3168 5331 3395 5386 institui.

1814 5418 1950 5473 Nam
1972 5421 2065 5490 qui
2092 5418 2292 5474 mundo
2323 5420 2388 5473 ad
2420 5421 2686 5489 integrum
2712 5422 3046 5486 renuntiant,
3073 5429 3128 5476 et
3168 5429 3400 5491 quatuor

1815 5520 1942 5568 sunt
1964 5512 2129 5568 millia
2157 5522 2211 5568 et
2241 5523 2444 5582 septem
2485 5511 2713 5582 panibus
2742 5512 2950 5577 refecti,
2980 5512 3081 5567 hoc
3102 5521 3205 5579 est,
3233 5528 3397 5568 evan-

1816 5604 1984 5675 gelica
2013 5603 2344 5672 perfectione
2373 5604 2628 5659 sublimes
2650 5645 2665 5668 ,
2706 5614 2762 5660 et
2811 5603 3036 5673 spiritali
3075 5614 3200 5659 sunt
3225 5603 3399 5675 gratia

1819 5694 1962 5749 intus
1986 5694 2202 5749 eruditi.
2237 5692 2373 5749 Nota
2411 5708 2541 5764 ergo
2587 5693 2729 5761 quod
2778 5693 2979 5747 dicitur
2999 5692 3236 5765 quinque
3286 5690 3399 5746 mil-

1819 5788 1888 5843 lia
1920 5789 2159 5845 virorum
2198 5805 2226 5845 a
2271 5787 2499 5843 Domino
2527 5796 2707 5858 pastos
2738 5804 2876 5857 esse,
2914 5787 3152 5857 exceptis
3206 5784 3393 5839 mulie-
