3914 6476
634 311 741 372 967

1278 311 1337 366 B.
1377 309 1632 367 R'ABANI
1666 311 1887 368 MAURI
1919 312 2238 371 ARCHIEP.
2279 314 2590 375 MOGUNT.
2631 319 2917 383 OPEBUM
2953 327 3129 386 PARS
3162 331 3202 386 1.
3652 356 3708 411 κε

631 425 784 482 ribus
807 394 864 479 et
879 422 1139 496 parvulis.
1157 421 1426 495 (Πὶεινοη.)
1448 424 1749 481 Comedunt
1772 434 1950 482 autem
1969 428 2208 501 quinque
2236 432 2289 492 Α
2311 439 2358 484 et
2380 431 2608 501 facerent
2628 452 2747 491 eum
2774 455 2960 510 regem,
2975 440 3104 512 fugit
3134 444 3306 500 iterum
3332 448 3380 503 in
3396 465 3570 512 mentm
3589 462 3709 531 ξρωω,

630 512 800 570 millia
837 514 1101 580 virorum,
1125 514 1216 584 qui
1247 513 1299 567 in
1347 513 1651 583 perfectum
1680 516 1853 571 virum
1882 518 2213 587 proliciendo

631 614 935 669 creverant,
967 611 1022 658 et
1056 603 1423 673 sequebantur
1444 619 1566 658 eum
1597 605 1664 660 de
1690 621 1797 675 quo
1845 607 1975 662 dicit
2003 607 2211 663 Zacha-

629 693 779 749 rias:
823 693 959 747 Ecce
988 693 1089 760 vir,
1115 692 1303 747 Oriens
1351 710 1539 748 nomen
1560 695 1674 765 ejus
1723 695 1909 768 (Zach.
1945 698 2041 770 v1).
2098 698 2213 754 Mu-

627 781 789 839 lieres
817 798 944 840 vero
973 790 1028 839 et
1045 782 1276 852 parvuli,
1307 798 1468 839 sexus
1510 783 1715 857 tragilis
1752 795 1807 843 et
1842 796 1974 843 aetas
2012 790 2210 858 minor,

625 890 852 930 numero
878 875 1084 945 indigni
1132 882 1277 930 sunt.
1311 874 1461 930 Unde
1490 884 1544 930 et
1594 876 1649 931 in
1676 876 2037 933 Numerorum
2070 879 2210 936 libro

623 967 833 1036 quoties
856 966 1185 1030 sacerdotes,
1204 975 1258 1021 et
1282 966 1514 1032 Levitre,
1552 974 1607 1022 et
1627 969 1897 1025 exercitus
1937 970 2020 1025 vel
2054 972 2209 1027 turba

620 1059 973 1129 pugnantium
998 1059 1399 1126 describuntur,
1427 1061 1591 1126 servi,
1616 1069 1672 1116 et
1695 1062 1969 1129 mulieres,
1996 1074 2050 1119 et
2085 1080 2223 1135 par-_

620 1146 751 1212 vuli,
776 1156 831 1202 et
849 1148 1040 1220 vulgus
1070 1147 1304 1219 ignobile
1351 1149 1555 1218 absque
1606 1165 1832 1205 numero
1876 1153 2208 1222 praemittun-

618 1250 727 1299 tur.
784 1245 966 1317 (ΗΑΒ.)
997 1245 1109 1302 Nec
1164 1246 1380 1301 silentio
1425 1248 1859 1315 praetereundum
1906 1256 2010 1315 est,
2063 1250 2207 1319 quod

616 1335 942 1391 miraculum
966 1338 1069 1392 hoc
1105 1351 1307 1406 panum
1333 1337 1639 1406 scripturus
1678 1338 2012 1410 evangelista
2043 1339 2205 1397 Joan-

615 1444 735 1493 nes,
794 1429 1055 1500 praemisit
1105 1427 1249 1498 quod
1296 1429 1596 1498 proximum
1632 1438 1771 1484 esset
1804 1428 2041 1495 Pascha,
2091 1431 2201 1486 dies

618 1516 782 1585 festus
809 1516 1119 1571 Judazorum
1135 1533 1155 1582 ;
1187 1514 1470 1572 Matthaeus
1497 1533 1627 1574 vero
1654 1526 1709 1574 et
1748 1517 1960 1575 Marcus
1985 1519 2088 1576 hoc
2114 1521 2197 1575 in~

618 1605 843 1661 tcrl‘ecto
894 1606 1101 1662 Joanne
1142 1607 1398 1662 continuo
1448 1606 1651 1663 factum
1707 1624 1829 1665 esse
1870 1625 2199 1667 commemo-

617 1707 761 1751 rant.
809 1695 965 1753 Unde
1011 1697 1285 1769 colligitur
1329 1697 1593 1754 Joannem
1640 1698 1958 1756 imminente
2008 1703 2198 1758 eadem

2315 523 2417 578 las.
2448 525 2548 582 Ubi
2590 532 2955 587 necessarium
2982 534 3134 591 nobis
3156 538 3349 595 vivendi
3386 523 3706 615 monstratam.

2313 616 2485 686 plum,
2514 627 2574 674 ut
2614 621 2668 676 in
2689 623 2845 680 bonis
2878 640 2997 694 quae
3025 628 3227 697 agimus
3251 631 3445 690 humani
3466 637 3612 699 lavoris
3626 652 3709 705 retri-

2312 708 2590 767 butionem
2615 714 2875 782 vitemus;
2911 733 3084 789 neque
3106 736 3198 777 nos
3215 728 3434 793 operatio
3452 730 3637 790 virtutum
3651 743 3708 808 spi-

2313 798 2552 856 ritalium
2581 803 2651 858 ad
2690 807 3177 876 concupiscentiam
3221 812 3435 871 reﬂectat
3468 798 3709 892 temporalia.

2310 897 2365 944 et
2384 892 2710 948 caducarum
2744 896 3096 966 voluptatum.
3124 899 3383 959 Nonnullis
3413 909 3570 964 etenim
3584 919 3709 988 ωιιιὶςξι
3770 916 3771 973 1

2309 988 2370 1034 ut
2397 979 2523 1035 dum
2544 996 2643 1052 per
2669 985 2923 1040 meritum
2950 988 3071 1043 vitae
3093 991 3400 1050 sublimioris
3418 997 3595 1056 mirandi
3770 988 3771 1033 3

2309 1069 2459 1126 ribus
2484 1088 2549 1128 ac
2568 1073 2869 1143 laudabiles
2890 1077 3199 1148 existerent,
3222 1090 3275 1138 et
3303 1084 3411 1155 jure
3432 1088 3645 1148 honorandi
3660 1112 3708 1165 μι-
3770 1152 3771 1161 χ

2308 1168 2571 1231 tarentur,
2624 1169 2862 1237 acceptis
2903 1172 3147 1238 pecuniis
3190 1175 3297 1229 sive
3338 1178 3533 1248 przediis,
3566 1183 3707 1245 inclina:

2299 1251 2525 1322 justitia:
2577 1256 2880 1313 rudimenta
2922 1262 3238 1330 perderent;
3290 1274 3345 1322 et
3387 1284 3491 1324 cum
3530 1277 3709 1331 carnalibus
3770 1256 3771 1259 Ἴ

2312 1359 2432 1399 sesc
2460 1345 2730 1404 illecebris
2754 1359 2917 1420 atque
2944 1353 3169 1408 avaritia
3210 1355 3396 1413 incauti
3425 1375 3707 1434 corrumperent,
3770 1370 3771 1434 ᾖ

2303 1434 2436 1505 ipsis
2461 1437 2625 1492 etiam
2646 1454 2678 1492 a
2700 1440 2896 1509 quibus
2924 1443 3318 1501 honorabantur
3354 1464 3440 1519 pro
3471 1452 3708 1520 honisdmu

2302 1542 2402 1597 pro
2448 1528 2604 1583 malis
2653 1530 2867 1586 actibus
2894 1548 3001 1588 non
3048 1535 3218 1590 solum
3266 1536 3317 1591 in
3357 1537 3592 1609 fastidium,
3610 1560 3708 1601 rem

2301 1617 2464 1671 etiam
2485 1618 2800 1674 devenircnt
2821 1621 2877 1676 in
2909 1622 3121 1689 odium;
3156 1626 3419 1699 minusque
3442 1632 3572 1687 multo
3589 1639 3708 1704 pericu-

2301 1705 2473 1760 losum
2519 1717 2605 1764 est
2651 1710 2706 1764 in
2754 1711 2839 1766 his
2868 1727 2989 1782 qua:
3028 1722 3175 1769 recte
3225 1717 3416 1785 agimus
3453 1720 3707 1779 adversantium

611 1786 909 1843 festivitate
944 1788 1185 1859 paschali
1216 1787 1386 1844 fuisse
1415 1788 1757 1856 decollatum,
1808 1798 1864 1844 et
1895 1806 2036 1846 anno
2078 1803 2203 1863 post
2230 1787 2275 1846 B
2303 1814 2401 1854 nos
2441 1801 2783 1871 improbitate
2807 1802 3052 1877 fatigari,
3079 1822 3238 1877 quam
3275 1811 3586 1869 honorantium
3611 1816 3708 1871 favore

610 1877 757 1936 hunc
776 1888 1056 1950 sequente,
1088 1894 1212 1935 cum
1238 1880 1416 1935 denuo
1453 1889 1663 1952 tempus
1686 1881 1941 1952 paschale
1969 1884 2191 1951 rediret,

610 1971 933 2043 mysterium
984 1971 1281 2027 Dominicze
1338 1972 1609 2042 passionis
1654 1966 1775 2028 ess'e
1826 1976 2190 2046 completum;

607 2071 664 2118 et
692 2071 979 2133 pr0pterea
1018 2063 1160 2133 quod
1206 2062 1259 2118 in
1299 2062 1437 2120 libro
1485 2063 1966 2122 Sacramentorum
2020 2070 2197 2127 natale

606 2155 727 2226 ejus
754 2166 950 2228 quarto
978 2159 1339 2215 Kalendarum
1379 2161 1779 2232 Septembrium
1818 2164 1907 2220 die
1950 2175 2193 2224 notatum

606 2255 721 2319 est;
756 2256 812 2306 et
839 2248 894 2303 in
920 2248 1335 2322 Martyrologio,
1371 2251 1512 2321 quod
1543 2253 1761 2310 Eusebii
1796 2262 1850 2310 et
1881 2255 2193 2328 Hieronymi

602 2340 879 2396 vocabulis
905 2341 1215 2413 insignitum
1238 2352 1343 2408 est,
1372 2342 1571 2415 legitur
1596 2354 1790 2416 quarto
1828 2346 2191 2403 Kalendarum

602 2425 941 2499 Septembris
969 2430 1023 2484 in
1068 2431 1279 2488 Emissa
1319 2433 1537 2488 civitate
1585 2433 1857 2490 Phoenica:
1900 2438 2192 2507 provinciae

604 2519 786 2574 natale
813 2518 1036 2575 Joannis
1057 2520 1314 2592 Baptistae
1352 2523 1441 2578 die
1465 2539 1572 2593 quo
1604 2525 1901 2583 decollatus
1930 2537 2042 2595 est,
2082 2546 2190 2586 non

603 2608 912 2676 specialiter
956 2609 1133 2681 ipsum
1162 2613 1304 2668 diem
1360 2613 1729 2671 decollationis
1754 2615 1890 2686 ejus,
1924 2620 2019 2675 sed
2048 2620 2190 2676 diem

602 2701 783 2771 potius
829 2718 937 2773 quo
976 2715 1137 2775 caput
1165 2706 1280 2778 ejus
1308 2708 1363 2762 in
1383 2708 1577 2768 eadem
1620 2711 1837 2768 civitate
1866 2713 2077 2771 Emissa
2106 2732 2192 2774 re-

600 2799 836 2860 pertum,
879 2802 1042 2865 atque
1093 2794 1149 2850 in
1199 2795 1428 2853 ecclesia
1454 2806 1539 2853 est
1582 2800 1877 2867 conditum,
1919 2803 2184 2876 designat.

610 2880 913 2953 Siquidem,
945 2896 1003 2940 ut
1028 2886 1297 2944 Chronica
1325 2888 1620 2947 Marcellini
1659 2890 1874 2950 comitis
1900 2904 2184 2965 testantur,

595 2978 841 3043 tcmpore
868 2975 1121 3032 Marciani
1151 2978 1410 3050 principis
1459 2982 1566 3037 duo
1609 2986 1862 3040 monachi
1895 2987 2186 3046 orientales

593 3073 861 3121 venerant
913 3067 1143 3126 adorare
1193 3070 1248 3125 in
1295 3071 1704 3146 Hierosolymis,
1745 3087 1801 3132 et
1844 3077 1963 3133 loca
1992 3086 2180 3135 sancta

593 3159 817 3226 videre;
880 3163 1076 3231 quibus
1129 3179 1227 3234 per
1283 3166 1667 3224 revelationem
1718 3172 1978 3228 assistens
2039 3173 2182 3234 idem

595 3265 903 3320 pnecursor
924 3254 1138 3310 Domini
1168 3258 1443 3328 praecepit,
1475 3267 1536 3313 ut
1558 3260 1626 3316 ad
1651 3260 1888 3317 Herodis
1909 3263 2184 3333 quondam

592 3340 736 3411 regis
777 3341 1142 3400 habitaculum
1186 3347 1506 3404 accedentes
1532 3361 1694 3421 caput
1717 3367 1873 3406 suum
1901 3353 1975 3407 ibi
2002 3355 2185 3424 requi-

595 3440 801 3497 rerent,
820 3442 878 3488 et
911 3435 1190 3491 inventum
1215 3437 1376 3509 digno
1399 3438 1605 3496 honore
1626 3443 2000 3499 reconderent.
2030 3444 2184 3513 Quod

593 3522 667 3577 ibi
688 3524 758 3578 ab
776 3525 856 3580 eis
878 3525 1154 3583 inventum
1177 3538 1231 3585 et
1250 3540 1606 3601 assumptum,
1629 3534 1723 3589 sed
1744 3550 1852 3590 non
1875 3535 2041 3591 multo
2061 3547 2183 3607 post

590 3613 748 3683 culpa
786 3614 1007 3672 incuria:
1046 3619 1345 3688 perditum,
1390 3622 1658 3690 prolatum
1691 3632 1777 3678 est
1819 3625 2085 3681 Emissam
2114 3628 2182 3683 ab

590 3703 713 3761 aliis
736 3747 762 3774 ,,
795 3716 850 3763 et
897 3709 952 3764 in
1000 3712 1232 3782 quadam
1278 3728 1441 3784 specu
1490 3715 1544 3770 in
1580 3731 1713 3770 urna
1751 3718 1851 3773 sub
1881 3727 2045 3785 terra,
2073 3736 2179 3776 non

588 3812 761 3867 pauco
793 3807 1032 3872 tempore
1054 3802 1366 3874 ignobiliter
1397 3807 1759 3875 reconditum,
1805 3809 1976 3866 donec
2002 3811 2180 3868 denuo

590 3890 730 3946 idem
751 3892 988 3950 Joannes
1015 3910 1135 3951 sese
1172 3912 1437 3968 suumque
1462 3908 1624 3969 caput
1654 3902 1893 3958 ostendit
1922 3902 2178 3960 Marcello

588 3983 803 4038 cuidam
835 3984 1085 4055 religioso
1109 3987 1289 4043 abbati
1318 4004 1381 4044 ac
1401 3990 1738 4061 presbytero,
1765 3993 1892 4047 dum
1914 3992 1966 4046 in
1989 3994 2208 4049 eadem’

594 4084 759 4138 specu
824 4072 1116 4128 habitaret.
1169 4074 1324 4143 Quod
1360 4076 1613 4133 videlicet
1667 4088 1831 4149 caput
1880 4078 2176 4137 Julioramo

593 4159 835 4229 ejusdem
850 4163 1101 4233 episcopo
1128 4164 1367 4222 civitatis
1380 4182 1477 4237 per
1503 4170 1783 4239 praefatum
1799 4173 2175 4243 presbyterum

591 4261 804 4308 constat
833 4255 1075 4311 allatum.
1116 4258 1193 4312 Ex
1240 4273 1346 4327 quo
1382 4268 1624 4329 tempore
1669 4264 1834 4334 cmpit
1884 4264 1938 4318 in
1984 4267 2173 4321 eadem

592 4342 810 4400 civitate
855 4346 999 4401 beati
1041 4350 1396 4417 praecursoris
1428 4350 1735 4420 decollatio,
1787 4353 1904 4425 ipso
1936 4363 1994 4411 ιιι
2029 4357 2177 4412 πω.

2299 1889 2609 1946 demulceri.
2641 1892 2741 1948 llic
2788 1897 2986 1950 etenim
3031 1900 3350 1955 securiorem
3391 1918 3508 1973 sepe
3534 1910 3707 1976 corruunt

2297 1982 2556 2049 animum,
2581 1983 2669 2038 illa
2700 1986 3152 2058 circumspectum
3199 2007 3398 2062 semper
3422 1995 3558 2050 reddit
3585 2007 3620 2050 et
3647 2014 3707 2050 ca:—

2299 2080 2432 2128 tum.
2462 2075 2616 2130 Unde
2644 2077 2904 2133 Dominus
2930 2080 3073 2134 viam
3119 2083 3274 2138 nobis
3313 2084 3422 2139 vitae
3460 2101 3582 2155 quam
3602 2091 3707 2155 scitu-

2297 2179 2421 2219 mur
2447 2165 2692 2235 initians,
2730 2182 2855 2223 cum
2884 2169 2941 2223 hi
2986 2170 3082 2241 qui
3113 2172 3337 2229 virtutes
3377 2174 3478 2244 ejus
3503 2176 3705 2231 admiralaa

2297 2261 2405 2320 tur,
2430 2270 2609 2326 regem
2638 2272 2763 2312 eum
2784 2257 2966 2314 facere
2989 2260 3206 2328 vellent,
3236 2262 3366 2334 l‘ugit
3391 2266 3438 2320 in
3460 2275 3628 2321 montem
3643 2284 3705 2319 ora-

2296 2358 2386 2410 re;
2418 2360 2541 2400 cum
2568 2363 2695 2404 vero
2720 2351 2795 2405 illi
2814 2353 2906 2421 qui
2929 2354 3220 2412 virtutibus
3246 2357 3355 2428 ejus
3390 2359 3703 2424 invidebantsm

2294 2437 2455 2492 morti
2506 2439 2719 2495 tradere
2764 2442 3134 2515 disponerent,
3185 2450 3410 2504 occurrit
3452 2458 3704 2532 promptum}

2293 2528 2637 2585 vinciendum
2663 2547 2722 2588 se
2750 2535 3284 2609 cruciﬁgendumque
3321 2538 3570 2595 furentibus
3586 2528 3703 2601 obtulit,

2292 2622 2527 2677 evidenti
2555 2638 2654 2678 nos
2674 2624 2971 2683 informans
3001 2631 3268 2700 exemplo,
3313 2640 3368 2684 ut
3393 2630 3531 2700 parati
3558 2626 3703 2683 simusal

2292 2713 2517 2770 adversa
2539 2716 2720 2770 saeculi
2750 2716 3065 2785 toleranda,
3084 2722 3228 2776 cauti
3253 2723 3317 2776 ad
3339 2719 3628 2782 blandimenta,
3639 2730 3702 2768 cum

2290 2802 2430 2873 forte
2484 2807 2792 2875 arriserint,
2854 2808 3210 2878 declinanda,
3259 2820 3312 2867 et
3352 2827 3412 2866 ne
3455 2826 3531 2865 nos
3564 2820 3702 2878 prima

2289 2897 2496 2964 mundi,
2530 2898 2574 2953 si
2619 2898 2859 2968 amuant,
2889 2903 3219 2959 emolliendo
3265 2902 3517 2975 decipiant,
3551 2898 3700 2954 crebris:

2289 2989 2515 3046 Domino
2542 2991 2815 3061 precibus
2861 2993 3231 3063 imploremus.
3287 2994 3393 3061 Quo
3420 3006 3523 3047 vero
3562 2983 3699 3054 discindi

2288 3078 2575 3135 Dominum
2603 3083 2990 3151 praecederent,
3024 3083 3239 3140 Marcus
3268 3083 3494 3145 ostendit,
3525 3079 3587 3151 qui
3607 3084 3701 3129 nam!

2290 3171 2433 3239 quod
2481 3171 2739 3228 Dominus
2780 3176 3019 3246 coegerit
3069 3177 3356 3248 discipulos
3404 3190 3507 3230 suos
3536 3168 3700 3224 ascani“:

2290 3275 2503 3328 navem,
2528 3271 2583 3318 et
2606 3264 2914 3333 praecedere
2943 3281 3002 3321 se
3029 3269 3385 3324 transfretum
3408 3266 3463 3319 ad
3480 3258 3699 3317 Bethsailim.

2288 3352 2414 3407 dum
2446 3352 2560 3423 ipse
2585 3355 2881 3412 dimitteret
2909 3358 3187 3429 populum.
3222 3357 3478 3414 Bethsaida
3502 3368 3593 3424 ergo
3611 3346 3698 3402 can

2286 3441 2522 3508 Galilaza,
2554 3444 2741 3501 civitas
2769 3446 3020 3515 Andreae,
3050 3459 3105 3503 et
3127 3449 3292 3517 Petri,
3314 3457 3363 3503 et
3388 3445 3567 3514 Philippi
3583 3447 3697 3507 apale

2286 3531 2483 3600 Ιοτυηι»
2529 3550 2699 3604 Prope
2755 3544 3006 3608 stagnum
3047 3537 3392 3603 Genesaretb,
3429 3545 3476 3592 ut
3511 3532 3697 3589 inlocontm

2285 3621 2436 3678 libris
2461 3624 2783 3682 invenimus.
2809 3628 2991 3700 (Aug.)
3037 3629 3141 3685 Ubi
3171 3630 3357 3685 merito
3384 3633 3531 3682 movet
3549 3616 3697 3692 (promtusl

2283 3715 2429 3769 dicat
2477 3716 2689 3771 Marcus
2735 3729 2960 3788 peracto
3010 3720 3301 3791 discipulos
3348 3715 3559 3774 miraculo
3594 3720 3697 3799 1W?

2282 3806 2494 3860 venisse
2523 3814 2674 3862 trans
2712 3805 2910 3863 fretum
2938 3808 3305 3874 Bethsaidam,
3343 3822 3450 3863 cum
3475 3802 3640 3888 videatur
3663 3794 3698 3888 ἐξ

2281 3910 2404 3952 cere
2432 3895 2627 3963 Lucas,
2655 3898 2797 3968 quod
2829 3899 2882 3953 in
2936 3898 3071 3955 locis
3118 3899 3405 3956 Bethsaidze
3437 3895 3585 3950 factum
3606 3886 3697 3979 luent

2279 3984 2599 4040 miraculum
2642 3986 2772 4041 illud
2823 3988 3178 4043 memorabile
3225 3998 3279 4043 et
3325 3985 3512 4042 reiectio
3551 3975 3694 4032 caries“.t

2277 4073 2367 4128 Ait
2392 4074 2537 4129 enim
2570 4093 2582 4128 :
2617 4074 2908 4147 Assumptis
2936 4077 3043 4132 illis
3084 4066 3294 4133 secessit
3322 4087 3518 4131 seorsum
3547 4070 3583 4121 in
3608 4064 3695 4114 10f?“

2277 4165 2538 4221 desertum
2557 4207 2573 4233 ,
2595 4167 2685 4243 qui
2707 4178 2782 4223 est
2823 4168 3130 4224 Bcthsaida.
3159 4169 3310 4235 Quod
3347 4182 3448 4222 cum
3478 4156 3695 4231 cognorim!

2277 4266 2464 4332 turbae,
2510 4276 2699 4321 secuta:
2725 4278 2847 4322 sunt
2892 4268 3066 4334 illum,
3103 4279 3152 4323 et
3190 4268 3376 4339 excepit
3404 4265 3514 4325 illos,
3537 4260 3695 4315 etiam

2275 4378 2397 4434 qua:
2451 4373 2769 4435 sequuntur,
2806 4382 2974 4437 usque
3028 4369 3096 4424 ad
3128 4356 3435 4440 completam
3464 4363 3572 4417 illam
3607 4360 3695 4408 δίασῖ

588 4440 799 4491 tramur
847 4437 934 4493 die
961 4453 1068 4508 quo
1098 4450 1261 4511 caput
1299 4441 1576 4498 inventum
1614 4445 1727 4502 sive
1768 4446 2034 4504 elevalum
2065 4458 2171 4517 est,

590 4526 846 4552 -.’.1..ι---..ξ
923 4530 993 4552 Π-
1056 4534 1236 4552 -η·ι,α-
1282 4534 1373 4552 1,-0
1425 4551 1430 4552 ,
1498 4537 1509 4549 ι
1715 4538 1737 4552 ιι
1771 4547 1780 4552 -
1869 4540 1922 4552 η.
2051 4543 2063 4552 .

2276 4463 2588 4521 refectionis
2628 4467 2929 4524 historiam.
2957 4467 3070 4524 Nisi
3114 4470 3251 4525 forte
3275 4467 3572 4536 intelligamus
3597 4455 3627 4507 in
3651 4461 3695 4552 φο

530 4602 533 4605 γ
586 4526 870 4586 celebrari.
922 4530 999 4586 De
1047 4534 1243 4602 quibus
1282 4534 1445 4592 latius
1495 4537 1551 4592 in
1597 4538 1822 4608 praefato
1865 4540 2163 4599 Chronico-

584 4632 707 4675 rum
749 4619 887 4685 libro
911 4621 1171 4692 scriptum
1202 4626 1462 4694 reperies.
1499 4626 1755 4697 Sequitur
1794 4629 2073 4687 Matthazus
2111 4642 2167 4689 et

582 4708 718 4765 dicit
742 4727 758 4763 ι
1448 4762 1451 4765 ,
1647 4726 1652 4735 '
2062 4712 2067 4719 ’

657 4798 815 4872 [111.]
844 4798 912 4853 Et
947 4803 1126 4856 statim
1157 4803 1323 4875 jussit
1361 4807 1645 4878 discipulos
1682 4810 1961 4867 ascendere
1984 4813 2038 4866 in
2069 4829 2163 4866 na-

583 4891 826 4959 viculam,
852 4902 899 4946 et
929 4894 1219 4963 prwcedere
1239 4912 1358 4951 eum
1385 4908 1530 4953 trans
1556 4899 1767 4969 fretum,
1800 4902 1962 4957 donec
1990 4905 2164 4958 diruit-

585 4991 710 5038 teret
756 4984 957 5039 turbas.
1006 4984 1309 5061 (Ilieron.)
1354 4990 1638 5061 Discipulis
1685 4996 1928 5066 przecipit
1987 5006 2163 5053 trans-

583 5071 814 5138 fretare,
841 5083 896 5128 et
930 5076 1203 5153 compellit
1254 5088 1314 5134 ut
1366 5081 1664 5147 ascendant
1703 5084 1759 5139 in
1809 5086 2110 5145 naviculam
2144 5112 2157 5144 ;

583 5172 689 5229 quo
716 5178 963 5220 sermone
1009 5167 1313 5222 ostenditur
1355 5169 1552 5226 invitos
1589 5187 1683 5227 eos
1725 5189 1755 5226 a
1794 5176 2022 5232 Domino
2069 5194 2156 5233 re-

582 5251 829 5319 cessisse,
860 5254 986 5309 dum
1016 5271 1201 5311 amore
1226 5261 1571 5329 praeceptoris
1602 5262 1669 5317 ab
1691 5278 1756 5318 eo
1786 5264 1973 5320 nolunt
1998 5282 2157 5339 sepa-

582 5339 713 5393 rari.
740 5341 925 5416 (ΒΑΒ.)
948 5344 1126 5411 Quare
1151 5350 1387 5419 coegerit
1405 5351 1696 5423 discipulos
1734 5356 2025 5412 ascendere
2056 5375 2161 5412 na-

584 5442 726 5497 vent,
746 5440 801 5487 et
820 5433 934 5504 ipse
958 5451 1081 5491 mox
1104 5438 1327 5494 dimisso
1353 5442 1547 5511 populo
1569 5443 1623 5497 in
1644 5454 1880 5498 montem
1905 5454 2158 5504 oraturus

579 5518 775 5576 abierit
794 5521 1025 5583 Joannes
1046 5528 1328 5585 manifeste
1352 5531 1609 5598 declarat,
1637 5534 1728 5603 qui
1771 5534 2037 5603 completa
2069 5550 2155 5592 re-

554 5605 811 5671 .l‘sctione
854 5615 944 5672 illa
992 5619 1200 5676 caelesti
1240 5622 1499 5678 continuo
1532 5624 1759 5696 subjecit
1793 5624 1987 5680 :Jesus
2033 5645 2153 5699 ergo

579 5713 697 5757 cum
740 5708 1053 5779 cognovisset
1076 5711 1199 5781 quia
1240 5714 1442 5769 venturi
1480 5724 1644 5771 essent
1670 5725 1722 5770 ut
1750 5728 1984 5772 ravcrent
2010 5736 2154 5773 eam.

2274 4560 2417 4636 quod
2442 4564 2619 4623 Lucas
2646 4568 2722 4622 ait
2740 4607 2755 4632 ,
2771 4569 2826 4623 in
2851 4568 3021 4624 locum
3048 4569 3423 4643 desertum,qui
3436 4550 3692 4629 θεεΒειΝίδίν

2274 4680 2381 4720 non
2412 4666 2582 4735 ipsius
2600 4666 2798 4721 vicinia
2824 4668 3082 4735 civitatis,
3119 4672 3216 4726 sed
3250 4670 3363 4725 loca
3382 4660 3543 4723 deserti
3559 4657 3604 4712 ad
3630 4661 3692 4706 ω

2272 4768 2590 4836 pertinentis
2612 4783 2736 4825 esse
2756 4770 3060 4839 designata;
3089 4772 3297 4826 Marcus
3323 4771 3449 4826 enim
3470 4757 3690 4860 ὡείιιρεςεξι

2270 4867 2413 4935 (111οᾶ
2440 4869 2808 4938 praecederent
2837 4883 2959 4925 eum
2988 4871 3346 4937 Bethsaidam,
3388 4868 3462 4923 ubi
3498 4861 3692 4932 ipsinsfm‘

2210 4996 2211 4999 η
2273 4966 2401 5020 tatis
2439 4966 2575 5022 lines
2604 4976 2816 5023 constat
2845 4985 2963 5025 esse
3006 4980 3242 5026 notatos.
3265 4971 3423 5025 Lucas
3442 4976 3541 5018 vero
3562 4954 3691 5026 qm“

2270 5064 2402 5119 dicit
2428 5065 2479 5119 in
2507 5065 2686 5121 locum
2708 5069 2999 5135 desertum,
3033 5086 3151 5140 qum
3183 5080 3264 5125 est
3284 5063 3544 5124 Bethsaida,
3566 5053 3625 5111 Sed

2267 5165 2341 5208 est
2388 5155 2693 5223 Bethsaida,
2742 5169 2940 5229 potest.
2971 5163 3023 5216 ni
3053 5162 3226 5228 fallor,
3268 5169 3403 5216 recte
3426 5148 3604 5219 intelligi.
3624 5148 3690 5210 (ιω

2266 5262 2372 5300 non
2424 5247 2595 5317 ipsam
2649 5249 2922 5307 civitatem
2967 5238 3196 5309 valuerit
3237 5248 3458 5321 intelligi,
3484 5242 3554 5300 sed

2266 5339 2538 5395 desertum
2570 5342 2755 5411 ipsius,
2804 5344 2857 5399 id
2890 5354 2993 5411 est,
3024 5348 3089 5401 ad
3143 5346 3258 5415 ejus
3304 5341 3502 5400 confinia
3526 5338 3691 5407 perliti”

2264 5443 2390 5487 tem.
2416 5432 2609 5487 Narrat
2639 5444 2817 5489 autem
2868 5438 3190 5508 evangelista
3226 5436 3437 5491 Joannes
3460 5425 3689 5485 mandatast

2258 5538 2452 5592 panem
2484 5525 2670 5579 turbas
2694 5524 2848 5594 juxta
2895 5526 3229 5584 Tiberiade
3263 5535 3314 5583 et
3347 5517 3690 5580 aSCCDdCIIICSIIi‘

2257 5631 2377 5670 vein
2432 5616 2721 5686 discipulos
2762 5620 2976 5676 venisse
3030 5629 3175 5676 trans
3222 5633 3361 5675 mare
3398 5608 3688 5681 Caphamaum.

2256 5720 2375 5772 qum
2400 5706 2570 5762 ambm
2600 5715 2727 5762 sunt
2756 5708 3003 5767 civitates
3032 5712 3091 5767 in“
3122 5710 3347 5770 Galilma,
3386 5700 3513 5772 illi“
3534 5693 3689 5757 ⁵¹³ἕ¹¹¹²η¹
