3914 6456
99 369 229 431 $69

1081 358 1431 418 COMMENT.
1467 357 1535 413 IN
1575 355 2011 418 MATTHIEUM.
2051 364 2123 405 ε·-
2159 363 2287 420 LIB.
2331 365 2390 420 V.

3288 373 3396 430 970

101 481 525 548 Cennesare'tb,
565 479 711 551 quod
740 479 902 534 etiam
929 476 1231 534 Tiberiadis
1255 493 1286 532 a
1309 475 1529 532 civitate
1554 475 1711 530 Tibe-
1740 477 1796 539 Α
1819 493 1924 534 non
1965 480 2300 537 obliviscitur
2323 483 2625 540 orationem
2652 499 2974 556 pauperum,
3002 501 3177 560 neque
3201 493 3400 548 avertit

94 563 284 640 .riade
312 587 566 633 vocatur.

192 669 272 724 Et
301 668 523 722 dimissa
553 666 706 718 turba
754 664 987 718 ascendit
1026 681 1082 718 in
1117 673 1341 719 montem
1369 665 1512 720 solus
1542 680 1715 718 orare.

111 759 182 816 Si
213 759 451 814 fuissent
487 771 612 812 cum
653 769 718 810 eo
758 755 1004 825 discipuli
1041 754 1252 820 Petrus,
1293 765 1348 810 et
1373 755 1627 821 Iacobus,
1663 765 1718 812 et

108 849 391 914 Joannes,
437 863 529 916 qui
577 845 822 901 viderant
867 845 1092 917 gloriam
1131 845 1520 911 transformati,
1554 844 1716 902 forsi-

110 945 220 994 tan
266 936 642 996 ascendissent
681 935 734 989 in
767 942 1004 989 montem
1031 949 1152 989 cum
1183 949 1279 998 eo;
1335 935 1430 990 sed
1460 936 1618 990 turba
1651 935 1719 989 ad

112 1026 386 1084 sublimia
411 1027 564 1096 sequi
594 1039 700 1080 non
729 1033 962 1095 poterat,
993 1025 1096 1080 nisi
1125 1026 1403 1082 docuisset
1427 1041 1546 1082 eam
1566 1027 1720 1097 juxta

111 1133 282 1174 mare
328 1119 385 1174 in
429 1118 630 1183 littore,
663 1125 717 1171 et
741 1116 910 1172 aleret
965 1117 1020 1171 in
1058 1117 1292 1173 deserto.
1337 1117 1490 1185 Quod
1538 1127 1720 1172 autem

113 1213 377 1268 ascendit
421 1211 566 1268 solus
604 1225 792 1277 orare,
846 1225 956 1265 non
993 1211 1060 1265 ad
1106 1226 1228 1265 eum
1263 1210 1470 1282 referas
1497 1211 1611 1281 qui,
1654 1212 1722 1266 de

113 1304 369 1373 quinque
393 1303 621 1374 panibus
650 1301 890 1372 quinque
937 1300 1107 1355 millia
1157 1300 1373 1356 satiavit
1417 1301 1719 1368 hominum,

113 1395 372 1466 exceptis
398 1393 718 1449 mulieribus
739 1402 795 1446 et
819 1392 1077 1463 parvulis,
1115 1392 1211 1447 sed
1247 1393 1313 1447 ad
1344 1406 1469 1446 eum
1493 1392 1588 1462 qui
1626 1408 1722 1446 au-

115 1485 238 1538 dita
263 1491 443 1538 morte
471 1480 718 1546 Joannis,
747 1481 971 1536 secessit
998 1481 1050 1535 in
1071 1480 1415 1536 solitudinem
1441 1498 1454 1534 :
1481 1495 1590 1535 non
1615 1495 1722 1550 quo

114 1590 420 1646 personam
468 1574 682 1629 Domini
720 1589 1034 1645 separemus
1065 1614 1080 1640 ,
1132 1575 1228 1629 sed
1268 1575 1523 1645 quoniam
1558 1589 1722 1644 opera

117 1669 248 1738 ejus
280 1669 426 1723 inter
459 1667 628 1722 Deum
652 1666 1036 1737 hominemque
1061 1665 1233 1720 divisa
1254 1673 1398 1720 sunt.
1431 1662 1719 1736 (Ambros.)

118 1760 233 1815 Ubi
262 1768 319 1814 et
344 1745 645 1814 notandum
672 1758 814 1828 quod
843 1771 951 1812 non
977 1757 1155 1812 omnis
1182 1757 1276 1826 qui
1326 1764 1446 1812 orat
1478 1755 1721 1812 ascendit

1821 571 2018 627 faciem
2045 588 2198 628 suam
2223 589 2253 627 a
2276 576 2618 645 sperantibus
2641 577 2696 631 in
2726 593 2814 644 se;
2840 579 2969 649 quin
2998 581 3178 650 potius
3204 591 3258 637 et
3277 599 3402 639 cer-

1820 671 1998 718 tantes
2036 679 2158 718 cum
2182 665 2444 729 hostibus,
2474 674 2535 720 ut
2572 667 2792 722 vincant
2820 667 3057 736 adjuvat,
3093 680 3149 726 ct
3170 675 3406 731 victores

1821 751 1878 806 in
1907 761 2166 808 aeternum
2203 763 2446 809 coronat.
2481 754 2636 811 Unde
2662 758 2765 812 hoc
2801 758 2855 812 in
2883 758 3000 815 loco
3040 770 3163 832 apte
3190 779 3406 836 quoque

1821 858 1921 914 per
1943 843 2183 898 Marcum
2206 845 2402 900 dicitur
2429 864 2442 900 :
2478 845 2616 912 Quia
2645 847 2772 901 vidit
2799 865 2885 903 eos
2921 849 3219 907 laborantes
3248 854 3304 908 in
3326 872 3408 910 re-

1820 935 2090 1006 migando.
2119 933 2275 991 Videt
2319 936 2515 1008 quippe
2553 937 2812 993 Dominus
2848 954 2975 995 suos
3003 940 3312 998 laborantes
3352 944 3410 1000 in

1823 1028 1981 1092 mari,
2009 1029 2258 1097 quamvis
2307 1029 2421 1099 ipse
2465 1031 2672 1100 positus
2723 1031 2779 1086 in
2829 1041 2996 1098 terra,
3027 1034 3152 1104 quia
3208 1036 3311 1091 etsi
3340 1037 3410 1092 ad

1821 1117 2012 1173 horam
2051 1119 2269 1174 differre
2320 1119 2550 1186 videtur,
2592 1122 2849 1178 auxilium
2881 1124 3152 1181 tribulatis
3202 1126 3412 1197 impen-

1823 1210 1969 1274 dere,
1997 1210 2348 1268 nihilominus
2386 1219 2566 1268 tamen
2616 1229 2710 1270 eos
2758 1231 2827 1272 ne
2867 1216 2921 1270 in
2972 1217 3412 1275 tribulationibus

1825 1299 2099 1368 deﬁciant,
2131 1317 2243 1356 suae
2280 1311 2529 1374 respectu
2583 1305 2802 1374 pietatis
2846 1308 3181 1374 corroborat,
3213 1316 3267 1363 et
3313 1308 3414 1364 ali-

1823 1393 2040 1463 quando
2087 1394 2254 1449 etiam
2293 1394 2584 1451 manifesto
2618 1396 2886 1465 adjutorio
2913 1400 3077 1456 victis
3107 1402 3410 1457 adversita-

1822 1484 1985 1549 tibus,
2021 1485 2175 1554 quasi
2212 1485 2432 1542 calcatis
2474 1487 2784 1558 sedatisque
2830 1487 3089 1544 ﬂuctuum
3129 1490 3413 1546 volumini-

1820 1575 1923 1632 bus
1951 1576 2163 1632 liberat.
2195 1576 2350 1633 Sicut
2381 1577 2469 1634 hic
2497 1594 2714 1651 quoque
2752 1581 3147 1652 subsequenter
3171 1582 3414 1639 insinua-

1821 1675 1933 1734 tur,
1955 1683 2080 1723 cum
2107 1668 2306 1724 dicitur
2330 1688 2342 1723 :

1895 1758 2101 1826 Quarta
2139 1769 2314 1815 autem
2349 1764 2526 1832 vigata
2571 1763 2735 1816 noctis
2769 1765 2903 1816 venit
2930 1762 2999 1816 ad
3031 1778 3117 1817 eos
3139 1762 3416 1819 ambulans

121 1850 182 1906 in
206 1859 470 1907 montem.
493 1849 590 1905 Est
608 1850 753 1905 enim
767 1849 944 1904 oratio
965 1862 1085 1919 quae
1110 1856 1393 1918 peccatum
1425 1847 1588 1913 facit;
1621 1847 1718 1904 sed
1744 1849 1793 1909 B
1819 1867 1980 1923 supra
2005 1867 2170 1907 mare.
2201 1850 2474 1925 (Hieron)
2513 1852 2787 1909 Stationes
2824 1861 2880 1908 et
2914 1853 3110 1925 vigiliae
3152 1855 3416 1912 militares

122 1942 222 2012 qui
248 1942 388 1997 bene
425 1950 568 2007 orat,
599 1940 693 2011 qui
715 1941 884 1996 Deum
912 1939 1120 1996 orando
1139 1939 1351 2009 quzerit,
1386 1939 1476 1995 hic
1498 1955 1530 1994 a
1560 1946 1732 1995 terre-

123 2036 214 2091 nis
243 2035 314 2091 ad
343 2035 622 2104 superiora
665 2032 1037 2104 progrediens,
1070 2032 1330 2088 verticem
1359 2047 1504 2088 cura:
1555 2030 1730 2086 subli-

121 2125 319 2181 mioris
331 2125 577 2180 ascendit
591 2140 606 2190 ;
619 2123 854 2194 quivero
872 2123 940 2179 de
952 2121 1173 2188 divitiis,
1197 2130 1290 2176 aut
1313 2121 1381 2178 de
1401 2123 1607 2178 honore
1632 2137 1730 2176 ste-

119 2217 259 2283 culi,
290 2224 384 2272 aut
409 2224 558 2271 certe
606 2216 672 2272 de
701 2215 906 2270 inimici
951 2223 1128 2270 morte
1165 2214 1429 2270 sollicitus
1456 2214 1729 2279 obsecrat,

126 2309 252 2379 ipse
281 2309 338 2363 in
374 2307 576 2362 inﬁmis
595 2305 787 2375 jacens
809 2294 942 2362 viles
989 2306 1058 2360 ad
1097 2306 1266 2361 Deum
1301 2320 1493 2376 preces
1539 2306 1726 2361 mittit.

123 2399 270 2456 Orat
309 2408 491 2455 autem
516 2399 776 2454 Dominus
806 2413 915 2453 non
941 2405 1004 2453 ut
1037 2413 1140 2468 pro
1166 2413 1226 2454 se
1245 2401 1517 2465 obsecret,
1548 2399 1644 2455 sed
1671 2405 1732 2454 ut

123 2507 234 2563 pro
260 2507 348 2546 me
373 2493 644 2562 impetret.
677 2491 814 2547 Nam
843 2500 897 2548 et
925 2493 973 2548 si
1002 2493 1184 2548 omnia
1212 2494 1458 2564 posuerit
1478 2491 1644 2550 Pater
1674 2493 1729 2548 in

125 2591 405 2655 potestate
430 2581 572 2648 Filii,
597 2581 766 2638 Filius
791 2593 994 2650 tamen,
1021 2593 1082 2640 ut
1102 2582 1334 2640 formam
1369 2585 1604 2641 hominis
1629 2585 1733 2640 im-

127 2677 328 2751 pleret,
373 2676 764 2732 obsecrandum
804 2675 1023 2732 Patrem
1051 2685 1208 2746 putat
1245 2691 1365 2732 esse
1405 2692 1507 2748 pro
1549 2677 1727 2743 nobis,

137 2773 267 2844 quia
292 2773 586 2830 advocatus
612 2781 699 2828 est
733 2781 937 2830 noster.
983 2773 1308 2826 Advocatum
1345 2774 1502 2839 enim,
1532 2773 1727 2842 inquit,

134 2863 388 2918 habemus
413 2863 554 2936 apud
581 2861 800 2919 Patrem
841 2862 1027 2918 Iesum
1067 2862 1331 2918 Christum
1367 2862 1419 2934 (I
1448 2863 1608 2918 Joan.
1642 2863 1726 2935 ii).

137 2954 201 3011 Si
229 2956 519 3011 advocatus
541 2963 642 3020 est,
676 2955 836 3011 debet
867 2970 968 3025 pro
1014 2955 1152 3010 meis
1179 2955 1508 3011 intervenire
1533 2969 1728 3026 pecca-

137 3049 232 3104 tis.
268 3047 384 3104 Non
418 3064 548 3121 ergo
583 3049 738 3119 quasi
765 3049 1034 3115 inﬁrmus,
1077 3051 1173 3106 sed
1199 3049 1355 3120 quasi
1404 3049 1526 3121 pius
1575 3053 1730 3106 obse-

133 3147 274 3193 crat.
306 3138 400 3194 Vis
419 3139 561 3194 scire
587 3154 750 3210 quam
782 3141 966 3194 omnia
992 3155 1114 3211 qua:
1144 3141 1273 3195 velit
1299 3141 1509 3211 possit?
1537 3141 1605 3195 Et
1634 3142 1732 3196 ad-

1830 1943 1884 1998 in
1909 1951 2063 1999 terna
2089 1943 2347 1999 horarum
2373 1944 2547 2013 spatia
2569 1944 2901 2000 dividuntur.
2927 1944 3154 2012 Quando
3174 1959 3302 2016 ergo
3339 1944 3422 1999 di-

1831 2035 1906 2090 cit
1933 2044 2126 2105 quarta
2154 2035 2337 2107 vigilia
2390 2035 2567 2092 noctis
2616 2037 2827 2092 venisse
2870 2036 2939 2091 ad
2981 2050 3076 2092 eos
3108 2035 3420 2099 Dominum,

1831 2127 2066 2182 ostendit
2104 2134 2219 2182 tota
2265 2134 2425 2183 nocte
2468 2127 2802 2198 periclitatos
2857 2135 2912 2182 et
2957 2135 3203 2182 extremo
3246 2126 3423 2182 noctis

1831 2227 2074 2290 tempore
2104 2213 2186 2274 éis
2215 2219 2472 2275 auxilium
2514 2219 2820 2290 praebitum.
2867 2217 3049 2291 (ΚΑΒ.)
3077 2218 3424 2275 Laborabant

1831 2323 1960 2382 ergo
1987 2318 2099 2366 toto
2124 2311 2300 2366 noctis
2318 2325 2503 2381 opacae
2527 2319 2792 2382 tempore,
2834 2311 2928 2367 sed
2958 2309 3193 2368 diluculo
3223 2325 3424 2381 appro-

1829 2401 2150 2472 pinquante,
2183 2409 2238 2457 et
2268 2400 2494 2456 lucifero
2520 2401 2649 2457 solis
2679 2401 2893 2471 dieique
2921 2410 3173 2457 exortum
3197 2400 3426 2472 promit-

1833 2500 2001 2560 tente,
2023 2493 2172 2548 venit
2198 2492 2478 2559 Dominus,
2510 2501 2566 2548 et
2593 2491 3042 2562 superambulans
3064 2492 3269 2547 tumida
3289 2491 3422 2559 freti

1834 2595 1980 2657 terga
2011 2584 2356 2654 comprimit:
2387 2585 2515 2655 quia
2565 2599 2689 2639 cum
2714 2583 2986 2653 pressaris
3012 2583 3187 2639 obsita
3214 2583 3427 2654 fragili-

1830 2683 1917 2730 tas
1941 2676 2178 2730 humana
2207 2673 2558 2744 pusillitatem
2587 2674 2785 2730 virium
2828 2689 3050 2731 suarum
3097 2674 3426 2740 considerat,

1834 2768 1911 2823 nil
1939 2782 2064 2838 erga
2088 2781 2148 2822 se
2168 2767 2316 2821 aliud
2336 2781 2499 2836 quam
2520 2766 2771 2821 tenebras
2792 2766 3163 2838 angustiarum
3189 2774 3245 2820 et
3263 2774 3430 2821 aestus

1835 2860 2012 2914 cernit
2040 2858 2278 2913 hostium
2307 2857 2733 2929 conﬂigentium.
2776 2855 2914 2912 Cum
2943 2872 3074 2913 vero
3105 2864 3342 2912 mentem
3362 2857 3433 2911 ad

1835 2951 2054 3022 superni
2079 2951 2260 3006 lumen
2284 2950 2543 3020 prmsidii,
2575 2959 2631 3006 et
2649 2959 2923 3022 perpetua:
2946 2951 3086 3006 dona
3126 2951 3432 3007 retributio-

1835 3043 1922 3099 nis
1947 3043 2206 3109 erexerit,
2223 3043 2377 3113 quasi
2407 3042 2552 3097 inter
2573 3044 2794 3097 umbras
2821 3042 2996 3098 noctis
3018 3051 3238 3114 repente
3267 3058 3432 3098 exor-

1837 3143 1949 3190 tum
1972 3133 2183 3190 luciferi
2211 3133 2499 3203 conspicit,
2529 3133 2621 3203 qui
2668 3133 2809 3188 diem
2839 3133 3146 3202 proximum
3195 3135 3431 3190 nuntiat.

135 3239 382 3295 vocatus,
411 3240 467 3287 et
495 3230 660 3301 iudex
685 3241 770 3288 est
795 3250 808 3286 :
855 3233 910 3287 in
932 3232 1105 3289 altero
1144 3232 1360 3303 pietatis
1385 3231 1640 3302 ofﬁcium,
1676 3234 1732 3288 in
1763 3220 1810 3284 C
1842 3225 2058 3281 Lucifer
2082 3240 2315 3294 namque
2347 3240 2471 3280 cum
2501 3223 2794 3294 plurimum
2820 3234 2930 3280 tres
2951 3224 3114 3280 horas
3143 3227 3339 3292 noctis,
3379 3225 3434 3282 id

134 3321 310 3380 altero
336 3323 546 3394 insigne
573 3333 658 3379 est
685 3324 994 3396 potestatis.

214 3413 346 3487 [lV.]
391 3414 606 3487 Vespere
642 3425 816 3470 autem
856 3415 996 3484 facto
1023 3431 1167 3470 satus
1196 3424 1309 3471 erat
1338 3417 1442 3483 ibi;
1488 3415 1732 3472 navicula

132 3512 311 3557 autem
351 3505 407 3558 in
436 3505 606 3560 medio
634 3507 770 3560 mari
790 3505 1097 3575 jactabatur
1135 3507 1424 3576 ﬂuctibus;
1453 3518 1564 3561 erat
1593 3507 1732 3562 enim

133 3606 315 3650 ventus
344 3599 660 3652 contrarius.
694 3597 965 3670 (Hierom)
993 3599 1160 3656 Recte
1197 3600 1351 3670 quasi
1382 3601 1536 3656 inviti
1564 3609 1619 3656 et
1647 3616 1734 3656 re-

135 3695 436 3744 tractantes
473 3689 700 3760 apostoli
750 3707 782 3744 a
816 3691 1041 3747 Domino
1085 3702 1466 3759 recesserant,
1523 3709 1593 3750 ne
1640 3694 1733 3750 illo

133 3782 364 3836 absente
394 3782 735 3854 naufragium
760 3785 1108 3841 sustinerent.
1138 3785 1382 3857 Denique
1403 3787 1638 3843 Domino
1676 3788 1728 3842 in

133 3875 341 3930 montis
369 3877 650 3931 cacumine
676 3886 1067 3946 commorante,
1091 3879 1276 3934 statim
1297 3887 1494 3935 ventus
1515 3887 1733 3940 contra-

134 3966 257 4021 rius
293 3967 486 4035 oritur,
517 3977 573 4023 et
617 3969 867 4024 turbatur
895 3986 1069 4038 mare,
1101 3980 1158 4027 et
1202 3973 1577 4042 periclitantur
1603 3986 1733 4043 apo.

139 4056 287 4123 stoli,
317 4066 373 4113 et
415 4066 526 4113 tam
574 4059 666 4114 diu
707 4061 996 4119 imminens
1024 4064 1366 4137 naufragium
1393 4075 1729 4136 perseverat,

135 4163 302 4218 quam
333 4148 422 4204 diu
443 4149 600 4206 Jesus
623 4166 730 4206 non
756 4153 921 4208 venit.
958 4153 1142 4227 (Aug.)
1196 4153 1376 4211 Labor
1403 4157 1621 4228 quidem
1656 4157 1735 4214 di-

141 4241 472 4310 scipulorum
512 4243 568 4298 in
597 4245 936 4316 remigando,
965 4256 1021 4302 et
1065 4249 1371 4304 contrarius
1399 4250 1479 4306 eis
1513 4258 1728 4318 ventus,

141 4331 353 4388 labores
381 4333 637 4390 Ecclesia:
665 4345 862 4392 sanctae
890 4339 1074 4395 varios
1109 4341 1378 4412 designat,
1416 4357 1537 4412 quae
1588 4343 1734 4398 inter

142 4422 316 4477 undas
361 4425 543 4480 saeculi
593 4427 978 4495 adversantes,
1025 4438 1079 4485 et
1133 4431 1533 4486 immundorum
1572 4433 1734 4488 ﬂatus

143 4513 429 4583 spirituum
455 4517 524 4573 ad
548 4517 782 4587 quietem
811 4520 1001 4590 patria:
1022 4520 1450 4591 coelestis,quasi
1480 4523 1546 4577 ad
1569 4522 1733 4578 ﬁdam

1832 3330 1935 3384 est,
1969 3326 2136 3374 totam
2184 3316 2427 3387 vigiliam
2477 3315 2801 3371 matutinum
2841 3316 3148 3372 illuminare
3174 3318 3423 3389 perhibe-

1833 3419 1952 3476 tur;
1999 3409 2279 3478 aderitque
2335 3408 2594 3463 Dominus
2641 3409 2774 3479 qui,
2822 3409 3011 3479 sopitis
3062 3411 3430 3466 tentationum

1832 3505 2103 3577 periculis,
2133 3505 2348 3576 plenam
2377 3503 2618 3560 liberatis
2644 3503 2900 3560 ﬁduciam
2935 3520 3046 3560 suae
3069 3504 3429 3575 protectionis

1833 3596 2114 3652 attribuat.
2145 3596 2400 3667 Sequitur
2441 3613 2454 3649 :

1905 3691 1972 3746 Et
2000 3691 2229 3746 videntes
2278 3708 2396 3745 eum
2426 3707 2588 3762 supra
2621 3707 2767 3746 mare
2821 3690 3178 3745 ambu.antem
3229 3688 3430 3744 turbati

1833 3793 1991 3850 sunt,
2046 3784 2312 3850 dicentes,
2370 3784 2496 3855 quia
2544 3781 2861 3853 phantasma
2910 3790 3005 3835 est.
3054 3778 3324 3852 (Hierom)
3371 3777 3433 3833 Si

1826 3876 1984 3948 juxta
2036 3876 2371 3932 Marcionem
2415 3885 2470 3932 et
2521 3875 2880 3931 Manichaeum
2927 3874 3189 3930 Dominus
3245 3879 3433 3927 noster

1833 3984 1943 4025 non
1969 3976 2055 4025 est
2081 3978 2244 4025 natus
2273 3983 2341 4022 ex
2373 3967 2602 4039 virgine,
2633 3966 2730 4022 sed
2755 3965 2905 4021 visus
2943 3965 2997 4018 in
3022 3965 3429 4033 phantasmate,

1835 4062 2107 4133 quomodo
2137 4077 2281 4116 nunc
2310 4059 2540 4130 apostoli
2590 4058 2803 4124 timent,
2863 4071 2932 4111 ne
2994 4056 3322 4126 phantasma
3353 4051 3434 4106 vi-

1835 4155 2016 4209 deant.
2051 4152 2234 4225 (ΚΑΒ.)
2258 4151 3247 4223 Adbuchaareticiputantphantasma
3267 4147 3435 4203 fuisse

1834 4243 2141 4307 Dominum,
2178 4257 2278 4297 nec
2319 4257 2505 4298 veram
2551 4242 2912 4312 assumpsisse
2966 4255 3189 4297 carnem
3223 4240 3289 4296 de
3322 4240 3436 4294 vir-

1835 4336 1978 4408 gine.
2038 4335 2282 4404 Denique
2328 4335 2645 4389 Theodorus
2698 4333 3100 4388 Pharamtanus
3160 4331 3434 4401 quondam

1836 4431 2122 4500 episcopus
2156 4428 2232 4481 ita
2257 4428 2497 4496 scripsit,
2514 4426 2795 4496 corporale
2815 4425 3024 4496 pondus
3047 4439 3156 4479 non
3181 4423 3438 4478 habuisse

1839 4520 2136 4575 secundum
2165 4532 2388 4573 carnem
2421 4516 2730 4582 Dominum,
2762 4515 2858 4570 sed
2885 4516 3090 4585 absque
3113 4515 3351 4584 pondere
3382 4520 3439 4568 ct

144 4604 664 4664 litteris‘stationem
693 4579 979 4680 pervenire
1011 4620 1256 4667 conatur.
1287 4579 1391 4668 Ubi
1420 4612 1558 4668 bene
1594 4614 1735 4669 dici-
1758 4579 1814 4641 Β
1840 4628 2070 4684 corpore
2103 4627 2266 4682 super
2296 4625 2448 4664 mare
2494 4608 2894 4663 dcambulasse.
2946 4608 3016 4660 At
3059 4613 3249 4660 contra
3303 4605 3439 4659 ﬁdes

147 4704 257 4761 tur,
289 4699 412 4768 quia
439 4701 585 4754 navis
615 4710 728 4754 erat
780 4701 834 4756 in
865 4702 1036 4756 medio
1065 4703 1224 4769 mari,
1255 4711 1306 4756 et
1348 4703 1460 4773 ipse
1487 4702 1630 4759 solus
1680 4705 1736 4758 in

144 4797 324 4844 terra:
355 4791 481 4860 quia
509 4807 900 4863 nonnunquam
953 4793 1194 4850 Ecclesia
1236 4795 1403 4850 tantis
1455 4795 1737 4866 gentilium

142 4883 416 4953 pressuris
438 4899 549 4940 non
588 4884 762 4940 solum
790 4884 1020 4953 amicta,
1072 4889 1168 4941 sed
1194 4896 1248 4941 et
1292 4887 1495 4942 foedata
1539 4897 1644 4954 est,
1676 4895 1740 4951 ut

146 4976 194 5030 si
227 4974 339 5030 ﬁeri
375 4984 560 5047 posset
578 4976 908 5048 Redemptor
948 4979 1118 5050 ipsius
1155 4995 1276 5035 eam
1309 4995 1534 5050 prorsus
1580 4980 1738 5036 dese-

144 5061 320 5122 ruisse
353 5068 422 5121 ad
455 5077 670 5139 tempus
695 5069 990 5125 videretur.
1039 5069 1190 5126 Unde
1217 5080 1302 5127 est
1342 5071 1432 5126 illa
1466 5087 1572 5126 vox
1623 5070 1739 5141 ejus

146 5158 292 5212 inter
336 5159 507 5215 undas
562 5161 935 5231 procellasque
991 5163 1350 5217 tentationum
1403 5161 1738 5218 verrentium

151 5248 520 5318 deprehensae,
561 5258 726 5321 atque
773 5254 1033 5307 auxilium
1071 5255 1424 5323 protectionis
1457 5255 1599 5310 illius
1642 5270 1736 5325 ge-

151 5339 420 5396 mebundo
448 5341 688 5397 clamore
737 5345 1064 5412 quaerentis:
1108 5343 1176 5400 Ut
1203 5345 1351 5416 quid,
1377 5344 1618 5409 Domine,
1659 5359 1740 5398 re-

153 5430 350 5485 cessisti
376 5431 526 5502 longe
553 5433 578 5487 2
605 5433 826 5502 despicis
867 5435 923 5488 in
950 5435 1452 5503 importunitatibus,
1483 5435 1539 5488 in
1575 5433 1742 5487 tribu-

1839 4703 2107 4761 catholica
2133 4710 2185 4757 et
2233 4715 2429 4770 corpus
2475 4697 2769 4754 secundum
2809 4711 3028 4752 carnem
3080 4695 3282 4750 habere
3312 4709 3436 4748 cum

1838 4794 2116 4867 praedicat,
2153 4801 2209 4848 et
2237 4806 2375 4847 onus
2403 4805 2744 4860 corporeum,
2777 4798 2833 4844 et
2857 4803 2980 4844 cum
3005 4787 3246 4858 pondere
3274 4795 3440 4855 atque

1839 4897 2006 4940 onere
2030 4880 2300 4952 corporali
2341 4880 2596 4935 incedere
2647 4893 2809 4950 super
2843 4893 3045 4948 aquas,
3090 4892 3198 4932 non
3245 4874 3438 4930 infusis

1838 4973 2087 5044 pedibus.
2121 4971 2257 5025 Nam
2285 4970 2572 5041 Dionysius
2593 5011 2608 5036 ,
2639 4969 2890 5042 egregius
2920 4969 3064 5023 inter
3111 4967 3442 5024 ecclesiasti—

1847 5081 1941 5122 cos
1982 5064 2308 5135 scriptores,
2355 5063 2410 5118 in
2445 5063 2720 5134 opusculis
2767 5062 2833 5118 de
2875 5061 3074 5118 divinis
3118 5059 3439 5117 Nominibus

1849 5159 1953 5214 hoc
1979 5158 2140 5212 modo
2175 5155 2451 5226 loquitur:
2481 5154 2795 5225 ignoramus
2814 5151 2960 5208 enim
2981 5151 3211 5218 qualiter
3241 5152 3307 5203 de
3329 5148 3441 5202 vir-

1848 5250 2023 5324 gineis
2062 5249 2414 5311 sanguinibus
2452 5247 2556 5294 alia
2589 5247 2704 5310 lcgc
2748 5247 2947 5308 praeter
2990 5238 3289 5295 naturalem
3321 5239 3437 5296 for-

1848 5337 2121 5400 mabatur,
2148 5342 2203 5388 et
2233 5332 2465 5404 qualiter
2493 5347 2598 5386 non
2650 5329 2840 5386 infusis
2889 5329 3116 5401 pedibus
3157 5333 3438 5404 corporale

1847 5427 2058 5500 pondus
2089 5425 2414 5481 habentibus
2447 5432 2501 5478 et
2548 5421 2825 5478 materiale
2868 5439 3025 5489 onus,
3057 5423 3439 5480 deambulabat

156 5525 345 5580 latione
373 5527 545 5599 (Ρεαι,
586 5528 697 5601 xx)?
720 5529 851 5597 Quae
880 5532 1087 5600 pariter
1117 5547 1305 5587 vocem
1329 5530 1532 5585 inimici
1561 5543 1745 5600 perse-
1847 5522 1902 5576 in
1949 5517 2227 5574 humidam
2256 5525 2312 5571 et
2339 5513 2646 5570 instabilem
2696 5513 3074 5568 substantiam.
3112 5513 3436 5570 intuendum

158 5617 366 5688 quentia
387 5620 609 5689 exponit
649 5620 705 5671 in
749 5621 1104 5688 sequentibus
1130 5622 1354 5694 psalmis
1402 5620 1696 5692 subjiciens
1725 5637 1739 5674 :

160 5709 304 5765 Dixit
350 5711 486 5765 enim
527 5712 583 5764 in
612 5709 766 5765 corde
806 5722 943 5763 suo:
975 5708 1180 5764 Oblitus
1217 5720 1294 5765 est
1331 5713 1509 5776 Deus,
1551 5712 1737 5764 avertit

1847 5613 2115 5683 estigitur
2144 5610 2413 5682 quomodo
2462 5607 2676 5663 Marcus
2722 5608 2868 5663 dicat
2913 5609 3054 5678 quod
3104 5608 3248 5664 circa
3278 5624 3436 5678 quar-

1846 5715 1959 5762 tam
1990 5706 2230 5779 vigiliam
2282 5704 2457 5761 noctis
2507 5705 2718 5759 veniret
2747 5703 2814 5759 ad
2843 5718 2936 5759 eos
2965 5702 3224 5759 Dominus
3247 5701 3434 5756 ambu-

160 5801 347 5876 {aciem
369 5819 544 5872 suam,
573 5819 636 5858 ne
677 5803 847 5858 videat
897 5818 1059 5873 usque
1099 5803 1156 5857 in
1200 5801 1377 5872 ﬁnem.
1423 5803 1626 5861 Verum
1655 5803 1746 5862 ille
1846 5801 1968 5858 lans
1994 5817 2155 5874 super
2180 5811 2348 5867 mare,
2381 5806 2435 5854 et
2476 5795 2638 5854 vellet
2680 5796 2960 5868 prteterire
2997 5810 3110 5853 eos.
3155 5791 3434 5862 Quomodo

592 5897 866 5960 Pauor“
900 5895 1088 5960 CVII.

2897 5892 2968 5953 31
