3914 6446
461 343 568 407 971

1108 339 1169 393 Β.
1211 335 1468 393 RABANI
1505 331 1727 391 MAUM
1764 331 2082 390 ARCHIEP.
2122 329 2434 390 MOGUNT.
2475 329 2765 390 OPERUM
2800 328 2979 387 PARS
3016 330 3058 384 Ι.

457 470 590 516 vero
621 450 834 510 volebat
863 447 1123 506 Dominus
1166 461 1261 502 eos
1303 444 1586 516 praeterire
1639 450 1894 512 tanquam
1919 442 2048 498 alie-
2075 446 2128 511 Α
2151 460 2337 515 aquas,
2366 453 2421 499 ut
2461 445 2656 499 ueniret
2693 444 2763 500 ad
2782 441 2986 500 Iesum.
3026 442 3129 511 Qui
3155 450 3352 515 putant
3374 445 3605 503 Domini
3632 463 3765 505 ων.

460 566 580 616 nos,
619 546 685 602 ad
718 560 854 616 quos
881 544 947 599 de
993 540 1233 612 periculo
1284 538 1552 608 naufragii
1608 536 1913 592 liberandos
1943 537 2039 590 ad-

460 648 704 704 venerat,
733 638 834 693 nisi
879 644 939 691 ut
965 635 1042 717 .ad
1089 635 1278 688 horam
1319 632 1516 686 turbati
1548 637 1604 686 et
1641 636 1917 700 paventes,
1948 628 2046 685 sed

462 737 717 793 continuo
746 729 958 787 liberati
979 727 1210 798 amplius
1247 726 1541 795 ereptionis
1586 738 1696 779 sum
1725 723 2045 778 miraculum

461 832 760 899 stuperent,
787 839 852 879 ac
874 821 1108 891 majores
1133 818 1370 890 erepturi
1400 832 1498 872 suo
1523 815 1724 885 gratias
1747 812 2047 870 referrent?

461 923 595 992 Quia
624 929 679 976 et
721 919 776 974 in
810 914 1227 987 tempestatibus
1262 911 1597 982 passionum,
1639 922 1758 977 quae
1783 922 1882 977 pro
1908 921 2046 963 con-

460 1016 659 1074 stantia
687 1013 811 1069 ﬁdei
842 1028 873 1066 a
908 1008 1128 1083 perfidis
1151 1009 1492 1079 ingeruntur,
1510 1002 1633 1059 talis
1660 1012 2047 1069 nonnunquam

458 1108 697 1181 provisio
722 1105 982 1161 divinitus
1009 1101 1342 1165 ostenditur;
1401 1110 1541 1167 saepe
1584 1094 1729 1149 enim
1759 1093 1833 1148 ita
1863 1092 2049 1148 ﬁdeles

460 1201 512 1256 in
545 1198 890 1255 tribulatione
918 1195 1121 1265 positos
1149 1205 1379 1262 superna
1402 1189 1576 1259 pietas
1597 1185 1899 1242 deseruisse
1931 1184 2049 1237 visa

460 1301 565 1357 est,
594 1298 654 1345 ut
682 1289 838 1359 quasi
869 1286 1177 1342 laborantes
1207 1283 1261 1338 in
1283 1281 1422 1335 mari
1451 1277 1744 1347 discipulos
1768 1274 2050 1345 praeterire

460 1381 619 1437 Jesus
632 1379 869 1435 voluisse
894 1383 1196 1446 putaretur.
1216 1371 1372 1428 Unde
1386 1378 1471 1425 est
1492 1368 1622 1424 illud
1635 1365 1893 1423 Ecclesia:
1914 1379 2052 1419 mar-

464 1473 587 1545 tyrii
629 1469 929 1527 certamina
980 1465 1341 1523 desudantis:
1392 1461 1568 1527 Quare
1609 1476 1690 1513 me
1734 1456 1925 1512 oblitus
1974 1472 2049 1521 es,

463 1580 628 1637 quare
648 1578 729 1616 me
752 1559 1032 1631 repulisti?
1059 1566 1108 1612 et
1128 1572 1290 1627 quare
1317 1554 1482 1608 tristis
1505 1551 1688 1607 incedo
1712 1550 1837 1604 dum
1870 1547 2052 1619 inﬂigit

464 1670 548 1710 me
573 1653 838 1716 inimicus,
868 1650 993 1703 dum
1016 1646 1421 1716 confringantur
1449 1643 1624 1696 omnia
1651 1656 1770 1694 ossa
1786 1654 1919 1700 mea,
1943 1644 2049 1703 etc.

464 1742 639 1819 (Psal.
661 1742 816 1814 xui).
836 1742 943 1797 Sed
965 1741 1147 1796 dicant
1175 1735 1384 1793 inimici
1403 1741 1693 1798 terrentes,
1708 1730 1794 1786 ubi
1816 1739 1889 1785 est
1910 1728 2061 1783 Deus.

2144 551 2246 606 pus
2273 537 2393 590 ideo
2421 551 2530 590 non
2573 551 2696 591 esse
2720 551 2934 601 verum,
2963 536 3089 605 quia
3133 551 3299 605 super
3345 538 3538 594 molles
3583 555 3763 611 aqua

2146 628 2307 685 molle
2321 637 2606 685 etaereum
2626 628 2928 695 incesserit,
2951 630 3310 699 respondeant
3328 632 3615 701 quomodo
3644 650 3765 689 un-

2145 720 2416 777 bulaverit
2453 721 2664 787 Petrus,
2690 724 2853 792 quem
2881 721 3070 793 utique
3101 734 3295 777 verum
3326 722 3625 778 hominem
3655 739 3766 780 non

2148 813 2442 882 negabunt.

2234 901 2421 958 Videas
2449 919 2567 958 vero
2608 912 2815 959 ventum
2842 908 3078 958 vatiaum
3102 903 3296 958 timuit.
3324 902 3397 959 Et
3422 921 3553 959 cum
3579 922 3763 975 eapu-

2150 1003 2224 1050 set
2254 997 2438 1066 mergi,
2462 994 2706 1049 clamavit
2735 994 2913 1050 dicens
2938 1010 2956 1048 :
2981 993 3242 1061 Domine,
3283 997 3497 1050 salsum
3524 1012 3613 1050 me
3659 997 3764 1064 fac.

2151 1086 2389 1143 Ardebat
2416 1086 2579 1142 animi
2610 1086 2765 1151 ﬁdes,
2798 1086 2893 1141 sed
2941 1086 3176 1142 humana
3227 1085 3502 1155 fragilitas
3548 1086 3612 1141 in
3646 1102 3768 1156 pro-

2157 1175 2388 1233 fundum
2418 1179 2687 1234 trahebat.
2717 1173 2999 1234 Paululum
3041 1192 3173 1249 ergo
3205 1179 3543 1247 relinquitur
3588 1187 3768 1234 tenta-

2154 1268 2309 1334 tioni,
2339 1278 2400 1324 ut
2428 1279 2693 1341 augeatur
2718 1268 2871 1335 ﬁdes,
2897 1277 2955 1324 et
2982 1268 3248 1340 intelligat
3275 1284 3338 1325 se
3358 1284 3473 1324 non
3499 1268 3768 1326 facilitate

2152 1361 2550 1432 postulationis,
2579 1361 2672 1417 sed
2700 1360 2940 1431 potentia
2961 1359 3173 1417 Domini
3202 1368 3626 1416 conservatum.

2227 1453 2297 1507 Et
2343 1454 2597 1508 continuo
2644 1452 2923 1508 extendens
2973 1467 3191 1506 manum
3227 1449 3583 1521 apprehendit
3630 1467 3765 1504 eum.

2159 1545 2386 1618 (Μωιι.)
2418 1544 2532 1602 Nisi
2563 1559 2691 1615 ergo
2731 1543 2992 1599 Dominus
3022 1542 3361 1599 extendisset
3402 1556 3647 1596 manum
3680 1543 3767 1611 qui

2158 1637 2287 1695 alibi
2313 1644 2599 1707 negantem
2648 1636 2887 1707 respexit
2912 1636 3152 1701 Petrum,
3182 1634 3301 1705 ipse
3345 1633 3555 1690 Petrus
3602 1634 3770 1703 proti-

2159 1744 2264 1785 nus
2290 1734 2630 1798 mergeretur
2676 1726 2732 1799 in
2781 1725 3132 1796 profundum,
3159 1740 3262 1782 nec
3284 1725 3465 1781 etiam
3518 1725 3769 1780 evaderet

464 1808 861 1908 eorum?qu.asi
889 1831 1231 1902 naufragium
1252 1828 1415 1884 fessis
1454 1826 1769 1881 minitantes
1784 1819 2056 1891 apostolis
2084 1808 2135 1873 Β
2162 1818 2455 1891 infernum.
2510 1818 2770 1888 Respexit
2812 1818 3075 1889 Dominus
3100 1858 3116 1886 ,
3168 1826 3224 1874 et
3273 1819 3344 1873 ad
3385 1817 3769 1887 pmitentian

464 1930 596 1985 dicit
628 1928 741 1997 ipse
768 1926 909 1982 Deus
948 1938 1136 1980 eorum
1164 1940 1177 1975 :
1225 1919 1357 1975 Cum
1403 1917 1677 1973 transieris
1731 1930 1823 1986 per
1860 1929 2054 1984 aquas,
2163 1911 2461 1977 convertit;
2494 1922 2714 1967 uianum
2742 1910 3006 1975 extendit,
3030 1918 3090 1964 et
3122 1908 3536 1979 indulgentiam
3565 1908 3766 1974 tribuit,

466 2030 636 2077 tecum
662 2035 774 2083 ero,
806 2027 854 2071 et
895 2016 1116 2086 ﬂumina
1154 2029 1257 2068 non
1286 2011 1516 2082 operient
1549 2018 1617 2062 te.
1651 2006 1785 2062 Cum
1814 2002 2060 2059 ambula-
2163 2014 2219 2061 et
2261 2005 2342 2061 sic
2385 2002 2613 2061 salutem
2667 2002 2966 2074 perfectam
3012 1998 3295 2073 discipulis
3338 2000 3585 2055 invenit.
3643 1998 3769 2065 Qui:

468 2113 601 2167 veris
620 2113 675 2165 in
698 2111 814 2181 igne
834 2125 938 2164 non
982 2104 1321 2169 combureris,
1342 2112 1391 2159 et
1415 2104 1632 2173 ﬂamma
1654 2115 1757 2154 non
1780 2095 1982 2153 ardebit
2005 2095 2062 2150 in
2158 2097 2315 2168 juxta
2347 2095 2503 2152 Pauli
2532 2108 2718 2151 vocem
2744 2110 2849 2148 non
2878 2103 2953 2148 est
3005 2092 3246 2157 uolentis,
3278 2107 3453 2162 neque
3483 2092 3769 2155 currentis,

467 2214 517 2259 te
549 2203 687 2275 (Isa.
718 2200 897 2273 xuii).
930 2198 1085 2266 Quod
1120 2204 1301 2252 autem
1331 2193 1578 2264 sequitur
1611 2208 1623 2243 :

541 2320 612 2375 Et
662 2337 772 2391 pra:
824 2318 1008 2373 timore
1059 2314 1433 2368 clamauerunt.
1476 2306 1747 2383 (Ηίενοη.)
1793 2304 2064 2361 Confusus

469 2413 698 2477 clamor,
728 2419 783 2466 et
808 2409 1018 2464 incerta
1040 2421 1143 2461 vox
1190 2402 1369 2473 magni
1403 2401 1614 2455 timoris
1659 2397 1916 2452 indicium
1955 2402 2059 2449 est.

471 2500 734 2576 (Μιυιι.)
782 2499 889 2554 Sed
933 2512 1120 2553 verum
1173 2502 1256 2550 est
1297 2493 1601 2548 Psalmistm
1647 2488 2059 2543 testimonium:

469 2594 611 2664 Quia
637 2610 794 2666 prope
821 2598 894 2646 est
923 2590 1181 2645 Dominus
1230 2585 1530 2641 timentibus
1572 2600 1625 2637 se
1644 2622 1659 2648 ,
1711 2591 1759 2636 et
1785 2596 1887 2656 nun
1918 2580 2066 2634 dere-

471 2682 660 2759 linquit
690 2701 865 2739 omnes
892 2683 982 2755 qui
1006 2689 1214 2753 sperant
1240 2680 1294 2733 in
1321 2695 1378 2733 eo
1402 2674 1571 2750 (Psal.
1598 2672 1798 2747 cxuv).
1830 2672 1987 2729 Unde
2010 2682 2066 2727 et

470 2777 719 2833 subditur
741 2791 757 2830 :
844 2776 847 2783 ‘

541 2887 832 2959 Statimque
861 2887 1017 2942 Iesus
1046 2884 1250 2940 locutus
1298 2893 1371 2937 est
1412 2881 1484 2936 eis
1526 2882 1702 2934 dicens
1731 2893 1749 2932 :
1776 2877 1975 2932 Habete
2006 2876 2067 2945 ﬁ-

469 2968 826 3050 duciamfego
863 2996 1004 3053 sum,
1048 2976 1205 3031 nolite
1238 2977 1437 3028 timere.
1473 2970 1742 3045 (Hieron.)
1776 2969 1929 3037 Quod
1956 2968 2065 3037 pri-

475 3090 623 3129 mum
663 3073 983 3127 versabatur
1021 3070 1073 3123 in
1131 3083 1319 3133 causa,
1350 3068 1451 3120 hoc
1480 3072 1635 3118 curat
1663 3072 1719 3119 et
1748 3061 2065 3116 timentibus

473 3165 749 3237 praecipit,
786 3163 973 3218 dicens
1006 3180 1017 3214 :
1060 3158 1260 3213 Habete
1296 3157 1571 3226 fiduciam,
1596 3153 1755 3208 nolite
1781 3150 2068 3207 timere.Et
2097 3172 2144 3235 Ο

473 3258 615 3327 quod
646 3256 919 3327 sequitur;
954 3253 1067 3324 Ego
1089 3268 1224 3316 sum,
1253 3265 1353 3303 nec
1382 3245 1657 3317 subjungit
1691 3245 1813 3315 quis
1843 3244 1912 3299 sit
1937 3260 1948 3296 :
1976 3241 2062 3296 vel

470 3346 539 3403 ex
584 3362 717 3403 voce
753 3354 880 3400 nota
914 3348 1165 3415 poterant
1208 3355 1332 3395 eum
1369 3329 1693 3408 intelligere,
1722 3334 1813 3405 qui
1842 3348 1938 3404 per
1967 3333 2064 3387 ob-

474 3456 661 3495 scuras
690 3439 862 3493 noctis
890 3435 1143 3492 tenebras
1177 3433 1499 3504 loquebatur
1525 3471 1539 3497 ,
1588 3428 1674 3483 vel
1720 3428 1896 3497 ipsum
1945 3441 2065 3480 esse

476 3532 617 3588 scire
636 3539 903 3602 poterant,
930 3545 1091 3600 quem
1132 3529 1369 3583 locutum
1400 3526 1465 3580 ad
1492 3523 1731 3594 Moysem
1757 3528 2021 3602 noverant
2048 3537 2060 3573 :

474 3623 607 3680 Htec
636 3600 796 3679 uices
848 3623 974 3693 [iliis
1014 3619 1222 3677 Israel:
1254 3619 1358 3686 Qui
1401 3626 1497 3689 est.
1515 3617 1656 3670 misit
1716 3630 1798 3668 me
1855 3612 1924 3666 ad
1981 3600 2065 3666 vos

476 3713 676 3789 (Exod.
709 3713 815 3788 ιιι).
1032 3702 1035 3709 ’
1156 3780 1160 3784 ι
1284 3716 1287 3725 ’

490 3816 493 3821 ’
542 3831 879 3905 Respondens
906 3840 1081 3886 autem
1111 3829 1301 3889 Petrus
1340 3828 1473 3905 dixit
1497 3828 1584 3882 ei:
1617 3825 1874 3891 Domine,
1920 3824 1966 3879 si
2012 3832 2068 3905 tu

473 3939 553 3991 es,
570 3894 700 3995 jube
730 3940 814 3977 me
858 3922 1028 3978 venife
1074 3921 1143 3977 ad
1174 3932 1222 3975 te
1266 3900 1422 3991 super
1455 3935 1641 3990 aquas.
1662 3908 1665 3913 ’
1690 3916 1760 3995 Et
1794 3918 1903 3987 ipse
1949 3894 2067 3968 ait}

485 4018 636 4076 Veni.
667 4020 725 4074 In
764 4018 1015 4073 omnibus
1048 4016 1183 4069 locis
1222 3999 1615 4069 ardentissimae
1644 4010 1767 4067 ﬁdei
1798 3994 2072 4089 invenitur

476 4111 688 4168 Petrus.
724 4108 1070 4178 lnterrogatis
1120 4104 1396 4176 discipulis
1438 4119 1599 4173 quem
1630 4103 1879 4158 homines
1925 4084 2070 4156 dice-

479 4211 603 4259 rent
631 4201 844 4265 Jesum,
903 4199 995 4254 Dei
1048 4198 1242 4253 Filium
1296 4196 1606 4252 conﬁtetur.
1671 4196 1954 4271 Volentem
2003 4196 2074 4269 ad

476 4294 787 4367 passionem
836 4305 1061 4363 pergere
1091 4289 1342 4359 prohibet
1388 4306 1401 4341 :
1441 4296 1496 4342 et
1537 4288 1666 4342 licet
1718 4296 1867 4342 erret
1896 4287 1949 4340 in
1982 4302 2061 4352 re,

478 4393 661 4440 tamen
693 4399 797 4437 non
821 4390 969 4437 errat
999 4381 1051 4435 in
1091 4379 1308 4445 aﬁectu,
1339 4378 1528 4434 nolens
1553 4394 1678 4434 eum
1706 4380 1869 4444 mori,
1906 4394 2070 4448 quem

476 4474 674 4531 Filium
707 4473 800 4527 Dei
825 4470 1001 4527 fuerat
1028 4470 1188 4541 paulo
1234 4478 1360 4524 ante
1389 4470 1693 4524 confessus.
1730 4469 1789 4523 1n
1832 4472 2071 4523 montem

2165 2189 2255 2244 sed
2286 2186 2585 2243 miserantis
2616 2185 2714 2241 Dei
2735 2184 2918 2258 (Rom.
2963 2183 3071 2255 υθέ
3090 2182 3203 2238 Nec
3233 2182 3387 2237 enim
3440 2188 3648 2236 nostra
3678 2181 3771 2235 sd-

2165 2285 2417 2341 vabimur
2446 2283 2670 2349 merito,
2694 2282 2797 2337 sed
2820 2280 2963 2336 illius
2988 2280 3152 2335 dnuo.

2240 2375 2310 2430 Et
2364 2375 2438 2429 ait
2480 2372 2560 2428 illi
2598 2386 2617 2424 :
2659 2370 2885 2441 Modica:
2936 2370 3101 2439 ﬁdei,
3154 2385 3321 2439 quare
3374 2368 3689 2423 dubitasti!
3724 2368 3776 2424 Si

2168 2469 2412 2541 apostolo
2436 2467 2621 2533 Petro,
2648 2467 2715 2521 de
2740 2465 2896 2536 cujus
2930 2463 3035 2519 ﬁde
3058 2472 3114 2518 et
3139 2462 3341 2518 ardore
3366 2464 3589 2518 mentis
3625 2478 3776 2533 supra

2169 2562 2406 2619 diximus
2432 2602 2447 2627 ,
2489 2559 2586 2628 qui
2626 2557 2965 2614 conﬁdenter
3007 2555 3281 2626 rogaverit
3301 2555 3664 2612 Sa‘lvatoran
3710 2558 3780 2611 di-

2169 2667 2316 2713 cens,
2346 2650 2594 2725 Domine,
2621 2650 2667 2704 si
2703 2657 2759 2703 tu
2793 2664 2847 2703 es
2871 2690 2886 2715 ,
2922 2648 3052 2718 jubc
3072 2653 3157 2703 ine
3185 2648 3363 2701 venire
3405 2648 3482 2702 ad
3532 2658 3590 2701 te
3631 2664 3781 2717 super

2170 2758 2358 2814 aquas,
2394 2739 2520 2811 quia
2562 2737 2839 2810 paululum
2894 2737 3090 2801 timuit,
3122 2737 3324 2797 dicitur
3348 2738 3434 2802 ei,
3460 2737 3699 2794 Ποέίια
3718 2738 3779 2804 ρ-

2170 2835 2275 2900 dei,
2308 2848 2471 2905 quare
2519 2832 2812 2887 dubitasti?
2840 2830 2982 2898 Quid
3028 2830 3185 2885 nobis
3210 2829 3522 2887 dicendum
3561 2840 3672 2895 est,
3700 2831 3781 2900 qui

2171 2926 2334 2997 hujus
2364 2925 2590 2987 modicae
2617 2922 2741 2980 ﬁdei
2781 2936 2882 2979 nec
2925 2922 3206 2997 minimam
3258 2922 3493 2990 quidem
3527 2923 3780 2978 ιιιδωδ

2170 3017 2593 3089 portiunculam.
2635 3013 2862 3097 (ilium)
2894 3013 3118 3086 Mystice
3164 3022 3346 3089 autem
3397 3015 3563 3085 quod
3606 3015 3781 3070 Petrus

2174 3129 2206 3168 a
2233 3112 2465 3167 Domino
2506 3111 2694 3181 jussus
2742 3111 2929 3177 venire
2977 3108 3175 3165 ﬂuctus
3218 3109 3399 3179 maris
3438 3110 3663 3176 calcat,
3690 3126 3781 3179 quo

2174 3205 2358 3261 veniat
2386 3205 2454 3259 ad
2490 3201 2697 3268 Jesum,
2726 3201 2994 3273 signiﬁcat
3024 3201 3323 3258 Ecclesium
3356 3201 3533 3270 cuius
3566 3205 3686 3273 ipse
3708 3218 3783 3273 pa-

2171 3304 2287 3351 stor
2311 3304 2397 3350 est
2419 3294 2729 3349 tendentem
2750 3293 2817 3347 ad
2854 3292 3129 3363 caelestem
3160 3291 3425 3360 patriam,
3457 3290 3667 3347 [laenis
3695 3292 3781 3345 hn-

2165 3386 2257 3457 jus
2279 3386 2461 3443 saeculi
2490 3386 2719 3456 vestigio
2758 3392 2920 3441 rectae
2944 3383 3070 3439 ﬁdei
3101 3392 3158 3438 et
3185 3382 3482 3453 gressibus
3523 3384 3779 3438 honorum

2174 3479 2480 3547 superando
2521 3477 2753 3535 calcare.
2800 3476 2870 3532 Et
2903 3476 3048 3546 quod
3074 3474 3274 3531 Petrus
3304 3483 3659 3543 tempestate
3694 3484 3782 3529 ter-

2173 3570 2314 3626 ritus
2342 3570 2398 3625 in
2428 3569 2687 3625 ﬂuctibus
2736 3568 2912 3637 mergi
2952 3566 3134 3639 coepit,
3165 3564 3515 3622 inﬁrmiores
3554 3579 3781 3635 quoque

2174 3662 2230 3719 in
2256 3662 2495 3718 Ecclesia
2522 3676 2660 3731 quos
2703 3658 2943 3730 procella
2979 3657 3429 3728 persecutionum
3448 3696 3466 3722 ,
3500 3670 3611 3712 seu
3644 3655 3779 3710 illis

2174 3754 2532 3817 mutationum
2565 3759 2734 3809 terret
2760 3791 2775 3818 ,
2826 3759 2883 3809 et
2937 3767 2968 3806 a
2990 3761 3185 3807 tenore
3214 3749 3365 3823 ﬁdei,
3401 3750 3530 3806 sive
3578 3765 3615 3804 ι
3658 3755 3779 3806 stall

2174 3846 2439 3901 honorum
2518 3854 2736 3909 actuum
2800 3841 3077 3912 paululum
3152 3838 3388 3905 reﬂectit
3432 3880 3450 3905 ,
3507 3839 3776 3911 exprimit.

2177 3935 2324 4021 Quos
2357 3943 2536 3990 tamen
2566 3948 2633 3988 ne
2658 3932 2902 4005 funditus
2942 3932 2997 3987 in
3024 3929 3332 4002 perﬁdiam,
3384 3937 3449 3985 et
3474 3931 3537 3986 in
3592 3928 3781 3999 voragi-

2176 4043 2301 4083 nem
2326 4035 2673 4097 peccatorum
2705 4035 3042 4096 mergantur,
3075 4031 3329 4094 porrecta
3375 4024 3598 4080 divinae
3619 4023 3780 4095 prqu-

2179 4118 2417 4177 tiationis
2445 4117 2668 4173 dextera
2712 4116 2989 4185 extrahit;
3032 4122 3090 4171 et
3138 4115 3280 4170 sicut
3308 4114 3551 4170 Petrum
3581 4124 3779 4172 eruti!

2177 4211 2245 4293 de
2266 4210 2447 4281 abyssi
2493 4209 2702 4281 pelago,
2730 4208 2804 4262 ita
2838 4208 2959 4264 illos
2990 4215 3207 4276 ereptos
3243 4206 3313 4261 de
3362 4216 3777 4275 persecutum

2178 4300 2433 4358 seandalo
2455 4300 2510 4355 in
2535 4300 2693 4354 ﬁrmo
2721 4298 2922 4369 quietis
2953 4312 3202 4369 superna:
3217 4295 3333 4353 solo
3351 4295 3519 4366 juxta
3554 4312 3622 4351 se
3642 4293 3779 4351 callo-

2178 4393 2322 4465 cabit
2347 4411 2359 4446 :
2399 4388 2526 4464 quia
2552 4390 2887 4464 impossibile
2910 4398 3017 4455 est,
3049 4396 3110 4443 ut
3128 4402 3317 4443 eorum
3340 4385 3554 4456 aliquis
3582 4394 3777 4456 ραι-ω,

2179 4500 2317 4557 quos
2344 4499 2576 4540 censura
2600 4482 2732 4553 justi
2774 4481 2972 4552 judicis
3020 4479 3442 4550 praedestinatos
3489 4477 3688 4543 habet,
3720 4474 3779 4530 a

476 4580 601 4621 cum
627 4562 907 4617 Salvatore
942 4562 1086 4615 inter
1117 4552 1322 4630 primos
1364 4557 1630 4622 ascendit,
1659 4565 1714 4611 et
1739 4557 1792 4610 in
1819 4556 2071 4627 passione
2098 4551 2152 4612 D
2177 4551 2344 4647 ita,“
2378 4551 2659 4633 memmi).
2713 4551 2831 4630 Uda
2864 4574 2980 4644 ipsa
3028 4571 3243 4635 Veritas
3275 4571 3392 4624 ³ης
3430 4568 3615 4627 om“,
3654 4567 3775 4640 μοι

477 4654 626 4710 solus
653 4654 916 4724 sequitur.
941 4650 1235 4707 Peccatum
1260 4648 1586 4721 negationis,
1617 4647 1762 4718 quod
1790 4663 1855 4701 ex
1879 4663 2073 4719 repen-

476 4744 592 4800 tino
622 4745 817 4797 timore
858 4742 1248 4807 descenderat,
1300 4741 1660 4796 amarissimis
1692 4740 1875 4796 statim
1907 4740 2077 4795 abluit

474 4834 752 4907 lacrymis.
785 4833 915 4888 Post
943 4833 1251 4902 passionem
1305 4848 1430 4887 cum
1471 4842 1618 4888 esset
1661 4832 1717 4885 in
1749 4831 1871 4886 lacu
1901 4826 2075 4886 GeneJ

477 4928 682 4993 sareth,
715 4933 771 4981 et
797 4924 1156 4995 piscarentur,
1183 4930 1238 4977 et
1266 4922 1528 4977 Dominus
1570 4928 1741 4976 staret
1786 4921 1842 4975 in
1870 4920 2072 4987 littore,

476 5017 599 5074 aliis
644 5015 903 5087 paulatim
931 5014 1344 5084 navigantibus,
1380 5011 1466 5067 ille
1498 5029 1607 5069 non
1636 5013 1839 5081 patitur
1867 5027 2067 5077 moras,

478 5111 575 5163 sed
602 5111 879 5165 accinctus
904 5107 1169 5180 ependyte
1218 5122 1315 5163 suo
1360 5106 1543 5161 statim
1590 5106 1963 5177 przecipitatur
2014 5107 2069 5161 in

476 5198 691 5255 ﬂuctus.
724 5194 927 5251 Eodem
955 5201 1117 5263 igitur
1143 5199 1268 5255 ﬁdei
1304 5199 1497 5254 ardore
1523 5213 1631 5270 quo
1662 5213 1895 5270 semper,
1925 5215 2071 5255 nunc

476 5306 696 5365 quoque
730 5288 944 5346 cieteris
974 5285 1276 5342 tacentibus
1326 5284 1556 5340 credidit
1601 5300 1658 5339 se
1695 5301 1852 5353 posse
1892 5292 2071 5341 facere

477 5394 580 5458 per
608 5381 940 5438 voluntatem
980 5377 1246 5450 magistri,
1282 5377 1427 5447 quod
1458 5391 1565 5431 non
1596 5384 1811 5445 poterat
1835 5392 1931 5447 per
1968 5394 2067 5432 na-

477 5484 679 5536 turam.
705 5472 841 5528 Jube
869 5489 974 5539 me,
999 5471 1195 5540 inquit,
1222 5470 1396 5525 venire
1432 5469 1502 5524 ad
1525 5478 1573 5524 te
1593 5485 1750 5540 super
1778 5486 1962 5540 aquas.
1988 5470 2069 5526 Tu

478 5566 734 5643 praecipe,
762 5570 818 5621 et
835 5562 981 5618 illico
1005 5560 1382 5616 solidabuntur
1408 5559 1585 5625 undae,
1607 5574 1672 5615 ac
1692 5558 1810 5615 leve
1840 5558 1932 5615 ﬁet
1950 5575 2072 5617 cor-

477 5671 584 5733 pus
608 5654 753 5728 quod
780 5666 879 5724 per
902 5666 962 5708 se
983 5665 1147 5722 grave
1180 5657 1286 5706 est.

552 5768 625 5825 Et
643 5763 957 5823 descendens
989 5760 1177 5819 Petrus
1217 5764 1281 5819 de
1309 5762 1551 5819 navicula
1578 5762 1881 5819 ambulabat
1915 5780 2073 5836 super

2179 4673 2271 4737 dat
2302 4672 2434 4745 mihi
2458 4670 2623 4731 Pater
2645 4669 2715 4723 ad
2754 4685 2837 4722 me
2864 4667 3053 4732 ueniet,
3079 4676 3129 4720 et
3155 4681 3274 4720 eum
3302 4665 3395 4735 qui
3420 4665 3569 4719 venit
3592 4664 3669 4718 ad
3686 4677 3775 4723 ut.

2179 4781 2284 4819 non
2328 4764 2539 4834 ejiciam
2582 4762 2728 4831 foras
2751 4758 2932 4832 (Joan.
2980 4758 3079 4827 γι).
3132 4754 3290 4813 Nouit
3317 4753 3475 4817 enim
3518 4754 3773 4807 Damius

2178 4855 2290 4924 pios
2315 4854 2381 4908 de
2402 4853 2686 4908 tentatione
2705 4851 2902 4919 eripere
2929 4847 3015 4920 (II
3038 4845 3187 4901 Petr.
3217 4844 3302 4919 ιι).
3328 4843 3401 4905 Et
3419 4859 3534 4899 non
3570 4851 3663 4899 est
3686 4842 3775 4898 im-

2177 4953 2372 5015 potens
2396 4945 2537 4999 inter
2564 4941 2809 4997 turbines
2834 4946 3218 5011 tempestatum
3248 4935 3410 5006 hujus
3437 4935 3636 4992 seculi
3661 4948 3775 4990 suos

2183 5038 2249 5092 ab
2279 5036 2427 5092 omni
2477 5034 2723 5105 nequitia
2750 5048 3046 5104 pravorum
3095 5031 3291 5088 illaasos
3338 5029 3651 5089 custodire.
3682 5026 3775 5081 Sed

2180 5126 2460 5183 videamus
2483 5124 2612 5197 quid
2634 5124 2878 5193 sequitur
2902 5140 2917 5177 :

2255 5217 2323 5272 Et
2362 5233 2481 5272 cum
2520 5215 2837 5271 ascendisset
2888 5215 2943 5269 in
2970 5211 3269 5279 nauiculam
3317 5209 3542 5264 cessauit
3583 5220 3773 5264 ms.

2184 5305 2561 5377 (Rxs.)',l’rima
2581 5320 2712 5376 ergo
2726 5305 3111 5375 trepidantium
3130 5311 3189 5359 et
3203 5301 3643 5373 periclitantium
3660 5302 3773 5358 sub-

2181 5396 2365 5453 ventio
2411 5406 2494 5451 est
2543 5397 2821 5453 incussum
2864 5396 3121 5453 cordibus
3170 5394 3448 5467 expellere
3504 5394 3771 5450 timorem.

2183 5486 2434 5545 Secunda
2460 5495 2842 5559 tempestatum
2868 5486 3040 5542 furias
3083 5501 3194 5544 sua:
3241 5484 3550 5556 praesentia
3579 5485 3772 5540 virtute

2181 5596 2544 5653 compescere.
2594 5580 2707 5636 Nec
2742 5580 3053 5636 mirandum
3082 5579 3150 5645 si,
3178 5576 3510 5633 ascendente
3534 5572 3597 5627 in
3621 5571 3771 5629 navi-

2180 5674 2356 5743 culum
2385 5674 2633 5734 Domino,
2657 5681 2851 5724 ventus
2871 5668 3126 5725 cessavit.
3173 5667 3235 5723 In
3279 5681 3613 5737 quocunque
3632 5664 3771 5723 enim

2180 5766 2343 5823 corde
2363 5765 2508 5833 Deus
2528 5778 2626 5832 per
2666 5762 2895 5833 gratiam
2925 5761 3011 5819 sui
3038 5760 3192 5818 adest
3226 5760 3448 5824 amoris,
3478 5772 3614 5819 mox
3656 5755 3773 5817 tini-
