3914 6484
237 361 350 422 973

1214 353 1567 413 COMMENT.
1610 354 1679 411 [Ν
1714 356 2155 414 ΜΑΤἸἩᾹΞΗΜ.
2192 387 2267 400 -
2300 358 2430 415 LIB.
2471 359 2539 419 ν.

3408 366 3525 441 ait
3617 313 3625 317 i

237 487 404 535 versa
429 472 685 529 vitiorum
722 477 779 525 et
807 465 1143 524 adversantis
1166 466 1355 522 mundi
1393 467 1507 522 sive
1540 466 1829 535 spirituum
1853 475 1908 551 Α
1932 484 2025 524 sus
2048 469 2211 526 fuerit
2248 471 2504 528 minimus
2531 472 2815 530 vocabitur
2838 474 2895 530 in
2920 487 3087 547 regno
3124 474 3412 547 coriorum,
3429 482 3519 543 vel

240 568 613 637 malignorum
638 562 779 617 bella
805 574 1113 631 compressa
1139 558 1441 629 quiescunt.

316 660 423 728 Qui
449 666 625 713 autem
650 655 707 710 in
732 652 972 731 navicula
1008 663 1184 719 erant,
1212 659 1456 707 venerunt
1489 658 1538 704 et
1581 649 1833 706 adorare-

246 763 372 811 runt
392 767 512 805 eum
544 748 805 803 dicentes:
838 742 965 800 Vere
1005 743 1175 799 Filius
1204 744 1301 798 Dei
1330 760 1403 799 es.
1426 742 1513 798 Ad
1558 758 1723 798 unum
1754 743 1834 799 si-

249 862 440 919 gnum,
470 842 857 914 tranquillitate
883 840 1052 895 maris
1076 839 1306 905 reddita,
1333 853 1453 909 quae
1490 846 1614 908 post
1639 837 1835 893 nimias

246 939 517 1012 procellas
545 939 817 993 interdum
845 942 902 989 et
938 949 1068 990 casu
1097 934 1216 989 ﬁeri
1251 933 1426 999 solet,
1456 941 1633 989 nautae
1671 940 1836 1003 atque

244 1041 496 1085 vectores
524 1041 649 1082 vere
673 1024 770 1080 Dei
792 1022 991 1079 Filium
1009 1021 1358 1088 conﬁtentur,
1386 1031 1441 1077 et
1470 1022 1635 1078 Arius
1656 1022 1710 1077 in
1734 1022 1836 1079 Ec-

242 1120 415 1177 clesia
452 1117 713 1190 praedicat
750 1122 1083 1171 creaturam.
1109 1112 1337 1187 (Μλυκ.)
1361 1112 1472 1170 Nos
1497 1129 1627 1185 ergo
1658 1114 1834 1185 ipsum

243 1227 358 1267 non
379 1210 537 1279 juxta
564 1206 945 1264 haereticorum
993 1204 1320 1261 dementiam
1343 1213 1648 1259 creaturam
1696 1204 1839 1258 inter

243 1306 432 1363 omnia
477 1310 740 1368 creatam,
783 1301 877 1357 sed
930 1307 1231 1357 creatorem
1269 1308 1397 1355 ante
1447 1299 1630 1355 omnia
1679 1297 1839 1354 simul

244 1412 375 1453 cum
399 1396 562 1451 Patre
595 1403 651 1449 et
681 1392 887 1464 Spiritu
927 1400 1117 1447 sancto
1149 1391 1495 1456 existentem,
1526 1399 1692 1459 atque
1725 1403 1841 1443 ma.

245 1497 472 1545 nantem
522 1485 807 1541 credamus
846 1491 899 1538 et
939 1481 1313 1541 conﬁteamur.
1350 1479 1420 1534 Et
1459 1479 1515 1535 in
1562 1480 1678 1549 ipsa
1707 1492 1840 1534 con-

245 1580 489 1638 fossione
511 1578 688 1649 dignis
709 1576 973 1631 bonorum
994 1574 1243 1629 laudibus
1269 1586 1496 1643 operum
1520 1585 1843 1627 veneremur

242 1686 396 1737 eum,
426 1679 485 1727 et
502 1669 858 1740 praedicemus
885 1667 941 1722 in
967 1672 1261 1735 conspectu
1296 1663 1530 1721 ﬁliorum
1560 1663 1843 1719 hominum

246 1762 430 1832 ipsum
461 1774 588 1815 esse
605 1757 801 1813 Filium
830 1757 926 1813 Dei
971 1755 1327 1826 unigenitum,
1361 1761 1650 1810 narrantes
1675 1753 1846 1808 virtu-

246 1860 336 1909 tes
361 1851 480 1921 ejus
500 1859 559 1904 et
582 1847 852 1903 mirabilia
873 1845 993 1916 ejus
1012 1860 1134 1916 quae
1154 1844 1302 1901 fecit.

326 1943 397 1997 Et
426 1959 545 1997 cum
589 1940 1058 2010 transfretassent,
1101 1943 1349 1993 uenerunt
1379 1953 1437 1991 in
1466 1944 1663 1991 terram
1707 1932 1847 1989 Gen-

247 2051 429 2090 nesar.
458 2035 626 2089 Terra
661 2033 945 2089 Gennesar
963 2031 1120 2101 juxta
1164 2016 1415 2103 stagnum
1448 2029 1845 2095 Gennesareth,

247 2126 565 2197 ut'quidam
611 2132 882 2190 asserunt,
918 2122 1069 2179 idem
1089 2128 1173 2177 est
1222 2120 1366 2197 quod
1409 2135 1564 2176 mare
1593 2118 1846 2186 Galilzeze,

243 2219 343 2276 vel
361 2217 859 2274 mare‘Tiberiadis.
895 2214 1002 2271 Sed
1027 2228 1179 2268 mare
1210 2212 1447 2269 Galilaeae
1472 2211 1543 2268 ab
1567 2210 1852 2280 adjacente

242 2312 539 2385 provincia
585 2310 787 2366 dictum
816 2323 971 2364 mare
1014 2304 1318 2362 Tiberiadis
1360 2320 1393 2359 a
1440 2305 1685 2373 proxima
1716 2302 1852 2357 civi-

250 2411 370 2461 tate
411 2418 535 2473 quas
585 2402 715 2459 olim
765 2399 1079 2461 Gennereth
1119 2405 1343 2463 vocata,
1400 2396 1495 2453 sed
1534 2395 1604 2450 ah
1635 2395 1851 2450 Herode

245 2495 529 2553 tetrarcha
560 2493 860 2549 instaurata
888 2490 945 2545 in
968 2490 1231 2545 honorem
1260 2485 1733 2556 TiberiidCaesaris,
1755 2484 1850 2540 'l‘i-

244 2584 441 2645 berius
458 2591 544 2640 est
564 2582 853 2654 appellata.
874 2581 1046 2637 Porro
1066 2579 1347 2637 Gennesar
1367 2578 1666 2635 secundum
1690 2592 1850 2648 quos-

249 2677 381 2732 dam
422 2691 453 2729 a
491 2673 595 2729 laci
634 2672 805 2742 ipsius
857 2679 1051 2726 natura
1100 2684 1296 2726 nomen
1332 2670 1553 2725 trahens
1597 2684 1704 2740 qua
1748 2671 1855 2726 cri-

251 2768 539 2838 spantibus
579 2765 741 2834 aquis
768 2765 837 2820 de
870 2779 931 2819 se
961 2764 1078 2833 ipso
1114 2764 1216 2823 sibi
1244 2763 1486 2818 excitare
1509 2778 1699 2819 auram
1728 2777 1852 2834 per;

250 2857 499 2922 hibetur,
523 2854 714 2913 Graeco
733 2853 1019 2920 vocabulo,
1040 2853 1199 2923 quasi
1242 2868 1509 2922 generans
1535 2853 1636 2909 sibi
1661 2867 1853 2909 auram

251 2948 478 3004 dicitur.
511 2945 697 3016 Neque
725 2947 779 3003 in
808 2945 986 3014 stagni
1017 2959 1225 3001 morem
1252 2945 1523 3003 etcrnitur
1562 2960 1725 3015 aqua,
1756 2947 1852 3001 sed

248 3040 630 3111 frequentibus
672 3039 822 3094 auris
859 3038 1199 3108 spirantibus
1234 3038 1490 3109 agitatur,
1515 3039 1712 3093 haustu
1736 3038 1853 3095 dub-

249 3134 362 3200 cis,
414 3142 471 3188 et
508 3134 581 3188 ad
624 3132 921 3202 potandum
965 3131 1181 3186 habilis.
1233 3128 1339 3186 Sed
1387 3130 1627 3186 Hebraea;
1658 3131 1852 3202 lingua:

1931 563 2355 633 assumptionem
2384 565 2565 620 carnis
2598 580 2695 636 per
2741 581 2902 636 quam
2925 566 3175 627 venimus
3195 569 3267 626 ad-
3291 571 3520 635 verbum

1931 652 2030 711 Dei
2053 661 2109 711 et
2136 654 2281 711 illius
2307 664 2493 725 postea
2521 655 2768 713 fruemur
2790 659 3094 731 majestate.
3146 664 3155 669 '

2533 767 2762 828 CAPUT
2801 771 2919 827 XV.

1933 856 2356 938 Ad_Phari_s_cros
2376 877 2571 938 enormes
2591 863 2738 938 dera
2755 859 2893 936 quod
2907 865 3217 938 coinquinat
3236 866 3518 924 hominem.

2008 930 2179 1008 S_anat
2201 931 2368 1003 ﬁliam
2382 930 2845 1008 Syrophenissce'et
2858 935 2999 1008 alios
3014 930 3152 1001 male
3169 939 3387 1008 affectos
3401 953 3422 994 :
3438 953 3523 996 so-

2006 1002 2105 1055 tiat
2133 1012 2326 1091 septem
2350 1002 2571 1074 panibus
2597 1016 2825 1091 quatuor
2851 1005 3019 1091 millia
3052 1002 3347 1069 hominum.

2011 1110 2123 1184 [L]
2190 1088 2333 1168 Tunc
2386 1126 2716 1174 accesserunt
2776 1086 2863 1171 ad
2902 1086 3020 1172 eum
3079 1119 3144 1172 ab
3212 1118 3523 1192 Hierosoly-

1937 1205 2039 1260 mis
2069 1205 2254 1260 scriba:
2279 1216 2327 1261 et
2357 1203 2621 1263 Pharistei
2657 1208 2887 1265 dicentes
2919 1227 2938 1266 :
2970 1209 3148 1276 Quare
3171 1211 3421 1283 discipuli
3442 1213 3524 1271 uti

1940 1298 2398 1369 transgrediuntur
2433 1300 2771 1356 traditionem
2826 1304 3095 1363 seniorum
3125 1303 3150 1359 ?
3188 1301 3331 1359 .Non
3358 1303 3522 1361 ,enint

1940 1388 2115 1442 lavant
2144 1406 2330 1444 manus
2371 1406 2495 1446 suas
2522 1408 2642 1447 cum
2667 1409 2855 1462 partem
2892 1394 3235 1451 manducent.
3265 1394 3311 1452 Ο
3358 1408 3525 1467 quam

1940 1492 2069 1533 vera
2093 1477 2182 1532 illa
2216 1478 2430 1535 Domini
2456 1480 2727 1537 confessio
2749 1481 2819 1536 ad
2842 1481 3086 1550 Patrem,
3128 1481 3271 1549 Quia
3288 1484 3530 1541 abscon-

1941 1569 2064 1625 disti
2104 1572 2217 1627 [nec
2258 1589 2291 1627 a
2320 1573 2639 1643 sapientibus
2687 1583 2738 1630 et
2782 1576 3163 1646 prudentibus,
3194 1586 3245 1634 et
3285 1576 3528 1635 revoluti

1942 1677 2005 1716 ea
2066 1661 2298 1731 parvulis
2358 1662 2525 1735 (Luc.
2590 1665 2677 1736 ι).
2722 1664 3002 1729 Homines
3065 1676 3225 1725 terra:
3285 1666 3529 1731 Genesa—

1943 1753 2088 1819 reth,
2112 1752 2207 1823 qui
2229 1753 2408 1810 minus
2430 1753 2573 1810 docti
2600 1755 2944 1822 videbantur,
2975 1772 3083 1813 non
3110 1757 3282 1814 solum
3303 1759 3406 1828 ipsi
3433 1772 3535 1815 ve-

1872 1846 1922 1910 B
1948 1845 2122 1912 niunt,
2154 1854 2290 1901 seet
2313 1861 2444 1903 suos
2476 1847 2768 1913 adducunt,
2812 1848 2923 1905 imo
2973 1857 3190 1922 gestant
3233 1852 3303 1907 ad
3351 1850 3539 1909 Domi-

1950 1953 2102 2004 num,
2127 1948 2188 1993 ut
2210 1939 2297 1994 Vel
2326 1938 2595 1995 ﬁmbriam
2635 1940 2754 2013 ejus
2772 1956 2881 2010 quo
2918 1941 3116 1998 salvari
3168 1950 3371 2014 queant
3420 1956 3537 1999 mo-

1948 2036 2172 2084 reantur
2199 2028 2523 2099 contingere
2531 2030 2861 2085 vestimenti.
2888 2030 3014 2095 Ideo
3033 2031 3320 2090 confestim
3338 2033 3536 2089 merita

1951 2119 2147 2190 cupita:
2173 2121 2363 2175 salutis
2389 2122 2640 2177 mercede
2677 2122 2976 2192 potiuntur.
3019 2124 3091 2181 At
3117 2138 3247 2181 vero
3273 2123 3541 2181 Pharisaei.

1952 2219 2015 2266 et
2028 2211 2243 2279 scribae,
2290 2213 2384 2282 qui
2440 2213 2704 2270 doctores
2734 2216 3058 2285 esse-populi
3087 2217 3406 2284 debuerant,
3427 2231 3540 2275 non

1953 2301 2023 2377 ad
2034 2302 2259 2358 verbum
2278 2302 2628 2373 audiendum,
2652 2320 2760 2360 non
2787 2305 3229 2376 adequterendam
3246 2308 3540 2377 medelam,

1950 2376 2046 2450 sed
2073 2395 2142 2449 ad
2167 2395 2462 2450 movendas
2487 2395 2661 2451 solum
2687 2397 3045 2467 quaestionum
3082 2413 3290 2470 pugnas
3330 2400 3403 2457 ad
3433 2401 3543 2459 Do.

1952 2489 2161 2544 utinurn
2190 2496 2552 2555 concurrunt;
2583 2504 2786 2558 eosque
2804 2489 2871 2549 de
2903 2504 3012 2545 non
3039 2490 3168 2547 lotis
3188 2491 3442 2548 manibus
3465 2493 3540 2547 vi-

1953 2590 2235 2652 tuperant,
2267 2582 2323 2637 in
2353 2597 2589 2652 quorum
2612 2583 2890 2653 operibus,
2926 2599 3048 2654 quae
3086 2597 3185 2655 per
3205 2598 3402 2640 manus
3424 2584 3542 2641 sive

1951 2689 2051 2744 per
2073 2684 2270 2730 caetera
2301 2673 2544 2743 corporis
2572 2674 2814 2730 membra
2845 2672 3000 2741 ﬁunt,
3022 2673 3160 2731 nihil
3187 2673 3545 2731 int‘niunditim

1954 2768 2286 2824 sordidantis
2317 2768 2562 2825 invenire
2604 2768 2876 2833 valebant,
2909 2778 3033 2824 cum
3082 2784 3142 2825 se
3185 2771 3359 2841 magis
3395 2772 3545 2841 ipsus

1956 2856 2174 2927 culpare
2204 2857 2509 2925 debuerint,
2538 2858 2645 2927 equi
2681 2858 2820 2914 Ietas
2845 2874 2984 2929 aqua
3029 2875 3224 2915 manus
3254 2860 3541 2927 habentes,

1954 2948 2343 3003 conscientiam
2386 2948 2862 3019 livore'fpollutam
2891 2950 3195 3021 gestabant.
3223 2949 3446 3023 (Μιυιι.)
3477 2951 3549 3009 Et

1957 3040 2098 3094 mira
2126 3038 2531 3095 Pharisaeorum
2576 3041 2988 3111 seribarumque
3033 3042 3283 3108 stultitia,
3329 3040 3546 3113 qu'rDei

1957 3129 2154 3186 Filium
2186 3139 2438 3202 arguunt,
2463 3145 2634 3202 quare
2649 3132 2928 3191 hominum
2949 3133 3273 3190 traditiones
3309 3142 3365 3190 et
3394 3134 3550 3206 'praa-

168 3266 179 3271 -
249 3223 650 3283 consuetudine
678 3222 863 3278 omnis.
902 3237 1173 3293 aquarum
1198 3224 1566 3293 congregatio,
1590 3222 1849 3278 sivedul—
1877 3219 1923 3282 C
1952 3231 2108 3293 cepta
2153 3238 2261 3278 non
2311 3232 2512 3281 servet.
2563 3222 2669 3279 Sed
2696 3224 2824 3293 quia
2844 3238 2980 3279 vera
3010 3232 3095 3280 est
3118 3225 3208 3279 illa
3234 3224 3547 3295 Scriptura-

250 3312 365 3378 cis,
386 3313 501 3369 sive
544 3312 706 3378 salsa,
732 3327 885 3367 mare
927 3319 1289 3381 nuncupatur.
1337 3310 1440 3378 Qui
1493 3312 1644 3367 lacus
1683 3312 1853 3367 inter-

247 3399 463 3460 ﬂuente
498 3402 741 3460 Jordano
755 3391 983 3459 'centum
1027 3411 1083 3457 et
1104 3403 1389 3473 sexaginta
1438 3388 1629 3458 stadiis
1655 3404 1709 3458 in
1741 3404 1857 3460 lon-

247 3495 580 3568 gitudinem,
600 3504 656 3551 et
682 3495 1043 3566 quadraginta
1073 3495 1383 3551 extenditur
1412 3495 1467 3549 in
1492 3494 1853 3550 latitudinem.

248 3587 506 3657 Denique
540 3588 587 3643 si
626 3587 913 3643 scierimus
940 3587 1071 3656 quid
1115 3587 1171 3642 in
1197 3586 1389 3642 Latina
1418 3586 1609 3657 lingua
1637 3596 1859 3643 resonet

250 3675 566 3743 Gennesar,
603 3676 967 3747 intelligemus
1015 3677 1283 3747 quomodo
1332 3675 1490 3734 Jesus
1517 3694 1616 3749 per
1670 3686 1855 3749 typum

252 3768 667 3838 Apostolorum,
690 3775 747 3822 et
788 3768 963 3834 navis,
1012 3767 1312 3824 Ecclesiam
1369 3770 1436 3824 de
1463 3772 1856 3840 persecutionis

253 3862 551 3935 naufragio
578 3862 869 3918 liberatam
900 3864 1216 3920 transducat
1242 3863 1312 3918 ad
1340 3863 1511 3930 littus,
1551 3874 1605 3921 et
1633 3865 1688 3919 in
1716 3873 1857 3921 tran-

254 3955 590 4026 quillissimo
638 3966 794 4027 portu
843 3956 1186 4025 requiescere
1235 3956 1418 4013 faciat.
1466 3957 1859 4028 Interpretatur

254 4055 448 4104 autem
481 4046 760 4103 Gennesar
782 4056 930 4102 ortus
960 4050 1297 4119 principium,
1328 4059 1387 4104 ut
1413 4051 1467 4105 in
1501 4051 1640 4107 libro
1664 4051 1731 4106 de
1753 4050 1858 4106 No-

254 4139 503 4198 minibus
534 4138 814 4194 Hebraicis
840 4139 1163 4196 invenimus.
1199 4142 1350 4198 Tunc
1377 4145 1521 4197 enim
1584 4144 1741 4214 plena
1769 4161 1860 4200 no-

259 4228 356 4285 bis
378 4230 645 4285 tribuetur
673 4229 1051 4299 tranquillitas,
1076 4232 1295 4301 quando
1314 4233 1551 4303 paradisi
1576 4250 1671 4303 per
1696 4233 1857 4289 Chri-

259 4326 415 4377 ειυω
460 4320 619 4377 nobis
649 4320 968 4374 restituetur
992 4321 1281 4377 haereditas
1311 4363 1326 4387 ,
1380 4339 1443 4376 ac
1473 4324 1661 4393 prima:
1708 4325 1857 4380 stolae

262 4412 528 4469 reddetur
552 4410 882 4482 iucunditas.

344 4501 552 4557 Etcum
592 4502 952 4571 cognouissent
997 4518 1116 4555 eum
1146 4502 1242 4557 viri
1278 4502 1380 4558 loci
1408 4502 1576 4569 illius,
1608 4507 1855 4560 miserunt

1960 3332 2080 3371 rum
2102 3316 2392 3382 sententia,
2415 3331 2537 3386 quae
2550 3316 2716 3371 dicit:
2750 3314 2875 3370 Non
2913 3325 2989 3371 est
3029 3317 3308 3387 sapientia,
3340 3332 3446 3371 non
3469 3324 3547 3371 est

1957 3400 2257 3471 prudentia,
2288 3416 2392 3455 non
2413 3410 2490 3455 est
2523 3400 2799 3455 consilium
2826 3410 3015 3457 contra
3039 3401 3326 3456 Dominum
3354 3400 3544 3471 (Prov.

1959 3493 2112 3565 1X1);
2139 3494 2426 3549 audiamus
2456 3493 2589 3563 quid
2619 3494 2905 3563 sequitur:

2030 3589 2062 3643 Ι
2062 3607 2153 3660 pse
2164 3598 2338 3644 autem
2359 3589 2695 3660 respondens,
2713 3591 2789 3643 ait
2811 3588 2920 3644 illis
2943 3603 2963 3643 :
2989 3586 3168 3654 Quare
3185 3593 3237 3642 et
3257 3602 3352 3643 vos
3377 3593 3549 3642 trans-

1957 3683 2236 3755 gredimini
2283 3682 2594 3737 mandatum
2633 3680 2733 3736 Dei
2782 3688 2995 3753 propter
3055 3678 3397 3735 traditionem
3466 3693 3551 3733 ve-

1956 3776 2171 3831 stram?
2206 3774 2480 3847 (Hieron.)
2525 3773 2740 3831 Falsum
2782 3774 3115 3830 calumniam
3150 3781 3283 3829 vera
3318 3782 3549 3840 “rspon-

1960 3869 2113 3925 sione
2138 3868 2400 3932 confutat,
2432 3883 2575 3934 cum,
2592 3868 2790 3939 inquit,
2820 3872 2919 3923 vos
2948 3874 3171 3936 propter
3197 3862 3548 3919 traditionem

1953 3960 2241 4017 hominum
2266 3964 2536 4030 praecepta
2565 3959 2779 4015 Domini
2831 3956 3137 4030 negligatis,
3177 3966 3347 4026 quare
3393 3950 3554 4010 disci-

1958 4051 2116 4121 pulos
2138 4065 2288 4106 meos
2317 4050 2620 4121 arguendos
2647 4048 2890 4113 creditis,
2906 4046 3068 4118 “quod
3091 4046 3137 4101 si
3167 4058 3383 4102 morum
3396 4043 3550 4115 iussa

1959 4143 2114 4212 parvi
2138 4144 2396 4213 pendant,
2424 4150 2484 4196 ut
2510 4142 2607 4197 Dei
2645 4142 2782 4197 scita
2809 4139 3152 4196 custodiant?

2036 4235 2181 4289 Nam
2204 4235 2347 4290 Deus
2368 4235 2500 4289 dixit
2523 4247 2542 4286 :
2572 4233 2791 4288 Honora
2813 4242 3015 4305 patrem
3037 4241 3086 4286 et
3110 4240 3366 4297 matrem;
3385 4237 3434 4286 et
3458 4230 3551 4302 qui

1962 4326 2291 4382 malediacerit
2313 4330 2451 4399 patri
2471 4327 2550 4381 vel
2575 4328 2757 4393 matri,
2785 4336 2954 4381 morte
2973 4326 3251 4380 moriatur.
3285 4325 3470 4381 Honor
3494 4324 3549 4379 in

1956 4416 2283 4487 .Scripturis,
2298 4433 2406 4473 non
2430 4424 2638 4472 tantum
2665 4418 2718 4471 in
2740 4416 3155 4470 salutationibus
3174 4422 3229 4471 et
3255 4414 3446 4471 oﬂlciis
3461 4415 3553 4470 de-

1964 4505 2224 4572 ferendis,
2252 4515 2513 4576 quantum
2534 4507 2588 4560 in
2612 4506 2955 4576 eleemosyna
2977 4520 3040 4559 ac
3062 4520 3346 4559 munerum
3389 4504 3553 4561 colla-

264 4595 329 4651 in
353 4597 654 4649 universam
700 4594 960 4665 regionem
988 4594 1154 4649 illam.
1181 4594 1451 4668 (Ηὶενοη.)
1482 4597 1861 4669 Cognoverunt
1885 4584 1940 4645 Ῑ)
1966 4597 2114 4654 tione
2135 4600 2386 4654 sentitur.
2415 4597 2655 4660 Honora,
2690 4595 3191 4665 inquitAposlolus,
3214 4593 3554 4665 viduasque

266 4701 399 4745 eum
428 4702 666 4753 rumore,
685 4701 793 4743 non
822 4685 990 4753 facie;
1024 4687 1107 4742 vel
1140 4700 1286 4743 certe
1310 4705 1421 4757 prae
1451 4690 1726 4760 signorum
1749 4708 1864 4747 ma-

266 4780 599 4853 gnitudine,
650 4795 771 4849 quae
827 4779 1080 4850 patrabat
1133 4781 1189 4834 in
1228 4784 1460 4851 populis,
1497 4785 1659 4840 etiam
1712 4786 1865 4842 vultu

271 4860 527 4947 plurimis
557 4881 717 4927 notus
739 4879 878 4927 erat.
934 4872 1002 4925 Et
1028 4873 1151 4927 vide
1175 4883 1378 4941 quanta
1408 4876 1541 4930 ﬁdes
1589 4878 1660 4930 sit
1693 4878 1867 4932 homi-

258 4984 409 5026 num
450 4977 609 5024 terrae
654 4965 1059 5032 Gennesareth,
1115 4977 1173 5021 ut
1221 4983 1328 5024 non
1367 4970 1711 5038 praesentium
1748 4979 1867 5026 tan-

280 5071 397 5120 tum
442 5059 615 5116 salute
650 5060 888 5115 contenti
925 5059 1054 5123 sint,
1087 5060 1180 5114 sed
1231 5060 1449 5114 mittant
1490 5062 1557 5116 ad
1598 5062 1734 5117 alias
1769 5077 1864 5132 per

268 5152 567 5211 .circuitum
592 5151 862 5216 civitates,
888 5165 997 5220 quo
1015 5165 1205 5205 omnes
1226 5159 1450 5206 currant
1475 5152 1542 5207 ad
1571 5153 1861 5207 medicum.

358 5241 424 5297 Et
450 5240 745 5295 obtulerunt
778 5241 825 5293 ei
848 5257 1024 5294 omnes
1047 5239 1182 5294 male
1216 5241 1483 5306 habentes,
1529 5251 1576 5296 et
1614 5243 1862 5312 rogabant

282 5347 437 5398 eum,
470 5340 527 5385 ut
570 5330 646 5385 vel
695 5330 958 5400 ﬁmbriam
998 5331 1285 5384 vestimenti
1329 5332 1443 5399 ejus
1484 5340 1783 5399 tangerent;
1819 5342 1868 5384 et

282 5425 581 5499 quicunque
605 5422 881 5493 tetigerunt
909 5420 1040 5476 salvi
1067 5422 1193 5487 facti
1217 5431 1357 5475 sunt.
1389 5419 1573 5492 (ΗΑΒ.)
1600 5419 1700 5491 Qui
1729 5419 1869 5475 male
1910 5482 1917 5489 _

180 5560 185 5573 .
285 5528 352 5574 ae
374 5515 576 5572 habent
604 5528 711 5568 non
742 5520 971 5583 tangunt
994 5527 1190 5582 corpus
1215 5511 1364 5578 Jesu,
1380 5526 1555 5581 neque
1580 5519 1753 5569 totum
1778 5518 1871 5567 ve-

185 5609 203 5621 '
287 5605 602 5667 stimentum
625 5604 761 5672 ejus,
789 5603 884 5658 sed
913 5610 1210 5658 extremam
1230 5603 1522 5660 ﬁmbriam.
1553 5602 1619 5656 Et
1641 5602 1871 5671 quicun-

286 5714 403 5774 que
426 5697 705 5770 tetigerint
731 5693 1065 5751 sanabuntur
1091 5714 1102 5745 ;
1134 5697 1401 5751 ﬁmbriam
1424 5695 1729 5750 vestimenti
1754 5694 1873 5761 ejus

292 5792 579 5859 minimum
627 5789 940 5845 mandatum
988 5784 1243 5857 intellige.
1264 5786 1417 5854 Quod
1448 5787 1545 5857 qui
1576 5793 1875 5857 transgres-

1966 4711 2103 4750 verw
2126 4694 2296 4748 vidum
2316 4700 2436 4745 sunt
2460 4690 2514 4759 (Ι
2545 4690 2679 4743 Tim.
2702 4688 2778 4761 v).
2816 4688 2916 4744 Hic
2948 4689 3125 4742 honor
3150 4687 3353 4741 donum
3396 4683 3554 4739 intel-

1966 4786 2172 4858 ligitur.
2217 4785 2283 4838 Et
2325 4784 2381 4838 in
2418 4782 2523 4836 alio
2546 4780 2669 4836 loco
2706 4797 2719 4834 :
2757 4779 3059 4851 Presbyteri
3108 4776 3309 4849 duplici
3355 4776 3554 4829 honore

1967 4876 2261 4935 honorandi
2292 4874 2541 4938 maxime,
2571 4872 2661 4942 qui
2686 4870 2931 4925 laborant
2951 4870 3007 4925 in
3037 4868 3192 4925 verba
3227 4873 3277 4922 et
3311 4864 3553 4920 doctrina

1966 4967 2183 5023 Domini
2205 4965 2256 5037 (1
2263 4963 2417 5033 bid.).
2453 4962 2517 5016 Et
2541 4969 2666 5031 post
2688 4961 2793 5016 hoc
2818 4960 3134 5015 mandatum
3150 4955 3407 5027 jubemur
3427 4950 3553 5008 bovi

1966 5060 2247 5119 trituranti
2275 5073 2337 5114 os
2370 5073 2479 5113 non
2504 5055 2812 5122 occludere,
2844 5061 2905 5110 ut
2924 5054 3120 5125 dignus
3165 5050 3238 5107 sit
3272 5045 3555 5120 operarius

1964 5150 2223 5209 mercede
2235 5163 2353 5203 sua.
3532 5150 3537 5157 ·

2056 5239 2157 5295 Vos
2193 5250 2363 5294 autem
2386 5238 2561 5293 dicitis
2584 5251 2602 5288 :
2634 5235 2945 5303 Quicunque
2978 5230 3173 5281 dixerit
3190 5225 3330 5297 patri
3350 5222 3427 5280 uel
3444 5239 3556 5280 mo-

1976 5335 2045 5383 tri
2052 5338 2083 5378 ‘:
2108 5333 2167 5380 Μ
2170 5342 2305 5381 unus
2326 5324 2672 5396 quodcunque
2691 5330 2767 5377 est
2791 5338 2857 5377 ea:
2872 5337 2972 5385 me,
3000 5319 3095 5374 tibi
3114 5317 3371 5390 proderit,
3379 5325 3431 5373 et
3447 5330 3557 5373 non

1965 5417 2571 5489 Aonen'ﬁcabitpatrem
2588 5431 2749 5469 suum
2772 5420 2865 5469 aut
2885 5422 3104 5467 matrem
3133 5408 3325 5478 suam,
3348 5416 3411 5466 eti
3428 5404 3557 5464 irri-

1970 5521 2089 5567 tum
2129 5510 2325 5579 {coistis
2364 5504 2808 5562 numdatamDei
2856 5510 3069 5575 propter
3094 5501 3552 5557 traditionem”-

1972 5614 2161 5659 stram.
2176 5602 2509 5672 Praeceperat
2523 5595 2877 5653 Dominus'vel
2892 5594 3307 5661 imh‘eciﬂitales,
3322 5592 3407 5650 Vel
3424 5596 3551 5647 aita-

1978 5705 2083 5762 tes,
2124 5695 2209 5749 vel
2238 5692 2494 5764 pennrias
2520 5688 3225 5762 parentum'eonsiderans,‘
3246 5694 3307 5742 ut
3336 5684 3430 5741 ﬁlii
3453 5684 3553 5739 bo-

1977 5786 2451 5854 noraremr'etiam
2477 5783 2685 5839 invisas
2706 5780 3039 5841 necessariis
3048 5776 3444 5844 ministrandis,
3458 5782 3554 5849 pa-
