3898 6450
431 355 540 417 9⁵15

1072 353 1145 408 'B.
1187 349 1442 408 RABANI
1481 350 1703 408 MAURI
1738 351 2056 409 ARCHIEP.
2096 352 2406 412 MOGUNT.
2448 352 2733 411 OPERUM
2768 353 2951 410 PARS
2984 352 3031 409 l.

3582 356 3690 415 976

426 475 614 524 rentes
639 470 785 521 suos.
813 463 965 518 Hanc
991 463 1515 533 providentissimam
1546 464 1639 518 Dei
1691 465 1863 536 legem
1912 479 2008 518 νο-
2033 469 2086 530 Α
2111 468 2281 536 magis
2309 469 2674 525 observandas
2695 485 2812 526 esse
2849 477 3192 527 censuerunt.
3218 473 3293 531 Ut
3313 476 3569 543 superius
3592 473 3690 530 de-

420 555 601 614 lentes
621 557 813 613 scribas
833 555 1195 624 Pharisaaique
1221 558 1559 621 subvertere,
1582 565 1641 611 ut
1665 558 1999 628 impietatem

419 648 524 705 sub
552 648 769 704 nomine
793 634 1008 716 pietatis
1034 647 1372 712 inducerent,
1406 647 1703 702 docuerunt
1737 648 2001 717 pessimos

417 739 583 805 ﬁlios,
611 747 670 793 ut
700 739 744 794 si
768 738 890 807 quis
916 753 979 792 ea
1003 754 1121 807 quae
1166 741 1482 808 parentibus
1529 738 1803 795 offerenda
1850 749 1997 808 sunt,

415 832 528 887 Deo
563 844 758 886 vovere
784 830 1033 895 voluerit,
1060 831 1152 900 qui
1185 847 1345 887 verus
1371 842 1455 887 est
1483 840 1659 904 pater,
1675 833 1877 888 oblatio
1891 835 1999 890 Do-

414 923 549 977 mini
581 931 928 992 praeponatur
951 931 1238 992 parentum
1264 925 1607 978 muneribus:
1631 925 1712 978 vel
1728 933 1874 979 certe
1897 925 1999 995 ipsi

413 1021 692 1083 parentes,
724 1027 843 1081 quae
871 1012 977 1067 Deo
1001 1024 1317 1068 consecrata
1340 1020 1488 1079 sunt,
1514 1030 1581 1069 ne
1604 1014 1998 1086 sacrilegiicri-

415 1117 538 1158 men
563 1104 906 1158 incurrerent
919 1103 1270 1169 declinantes,
1287 1113 1524 1175 egestate
1552 1105 1996 1160 conﬁciebantur.

413 1189 593 1264 Atque
631 1195 703 1248 ita
729 1194 890 1249 ﬁebat
923 1203 985 1249 ut
1004 1195 1205 1250 oblatio
1227 1195 1539 1260 liberorum,
1584 1198 1684 1252 sub
1715 1197 2000 1253 occasione

414 1284 604 1355 wmpli
632 1293 688 1339 et
713 1286 830 1351 Dei,
853 1286 906 1340 in
935 1285 1276 1341 sacerdotum
1296 1286 1446 1341 lucra
1472 1287 1707 1342 cederet.
1740 1287 1867 1341 llaec
1881 1301 2002 1356 pes-

415 1376 556 1433 sima
583 1376 982 1432 Pharisaeorum
1010 1377 1346 1432 consuetudo
1374 1379 1439 1433 de
1471 1378 1562 1432 tali
1591 1379 1878 1433 occasione
1902 1392 1998 1432 ve-

414 1467 631 1532 niebat;
658 1467 855 1522 multos
881 1467 1144 1524 habentes
1171 1469 1434 1540 obligatos
1459 1484 1565 1524 mre
1599 1469 1797 1533 alieno,
1820 1478 1876 1524 et
1905 1485 2001 1524 no-

413 1555 593 1613 lentes
623 1559 727 1613 sibi
751 1559 1016 1614 creditum
1043 1559 1291 1625 reddere,
1324 1559 1633 1631 deligebam
1665 1561 1996 1624 sacerdotes,

411 1657 475 1705 ut
510 1659 700 1706 exacta
733 1651 962 1721 pecunia
988 1651 1306 1707 ministeriis
1332 1653 1517 1724 templi
1567 1662 1621 1708 et
1662 1669 1850 1708 eorum
1890 1653 2000 1708 usi-

411 1739 515 1796 bus
541 1741 854 1796 deserviret.
885 1742 1070 1797 Potest
1099 1749 1276 1797 autem
1301 1752 1355 1798 et
1385 1745 1528 1799 hunc
1548 1745 1784 1800 breviter
1800 1745 2000 1798 habere

2100 567 2457 614 monstratum
2488 569 2591 616 est.

2169 651 2238 704 Et
2261 655 2552 707 convocatis
2580 655 2649 709 ad
2667 672 2722 709 se
2742 655 2909 710 turbis
2922 656 3142 727 dixiteis
3159 671 3177 709 :
3205 658 3398 713 Audite
3419 667 3473 714 et
3495 659 3695 715 intem.

2098 747 2241 815 gite;
2270 763 2372 800 non
2399 747 2538 817 quod
2561 748 2726 801 intrat
2752 749 2806 802 in
2831 766 2888 802 os
2927 751 3274 804 communicat
3293 751 3693 818 hominem,“

2100 835 2236 906 quod
2266 837 2498 906 procedit
2549 855 2614 892 ea
2655 856 2742 893 ore
2774 840 3075 910 coinquinat
3113 841 3394 896 hominem.
3448 841 3694 898 Verbum

2101 925 2448 979 communicat
2473 929 2691 998 proprie
2713 926 3117 998 Scripturarum
3139 938 3240 994 est,
3255 940 3309 986 et
3330 930 3560 1001 publico
3582 947 3694 988 ser-

2099 1029 2260 1069 mone
2315 1029 2421 1069 non
2475 1018 2687 1072 teritur.
2739 1018 2977 1089 Populus
3000 1018 3309 1076 Iudaeorum
3345 1032 3565 1091 partem
3599 1024 3697 1078 Dei

2099 1118 2218 1158 esse
2245 1119 2302 1159 se
2318 1106 2554 1177 iactans,
2585 1123 2899 1164 communes
2925 1111 3075 1165 cibos
3112 1118 3290 1176 vocat,
3327 1113 3535 1182 quibus
3583 1128 3700 1168 om-

2100 1208 2197 1248 nes
2222 1203 2448 1249 utuntur
2467 1197 2741 1253 homines:
2775 1199 2926 1253 verbi
2958 1201 3151 1270 gratia,
3195 1202 3412 1256 suillam
3445 1218 3694 1266 carnem,

2099 1292 2326 1350 ostreas,
2358 1285 2570 1355 lepores
2600 1296 2655 1341 et
2685 1287 2986 1344 istiusmodi
3019 1291 3341 1357 animantia,
3371 1307 3502 1362 quae
3526 1308 3701 1362 ungu-

2101 1376 2207 1431 lam
2238 1393 2346 1432 non
2376 1377 2585 1434 ﬁndunt
2611 1395 2712 1435 nec
2738 1383 3032 1447 ruminant,
3069 1399 3169 1440 nec
3190 1400 3496 1454 squamosa
3526 1388 3582 1440 in
3597 1388 3702 1456 pis-

2101 1469 2254 1523 cibus
2282 1479 2426 1523 sunt.
2452 1468 2606 1525 Unde
2627 1478 2682 1525 et
2708 1472 2761 1525 in
2783 1473 3006 1529 Actibus
3033 1476 3401 1545 apostolorum
3431 1477 3696 1547 scriptum

2100 1566 2182 1612 est
2207 1576 2219 1611 :
2257 1557 2412 1624 Quod
2444 1559 2586 1614 Deus
2613 1563 2977 1631 sancti/ienuit,
3019 1575 3076 1618 tu
3107 1583 3168 1620 ne
3194 1583 3481 1621 commune
3507 1567 3702 1622 dixeris

2102 1648 2238 1721 (Act.
2257 1650 2334 1721 χ).
2352 1649 2648 1706 Commune
2668 1666 2796 1721 ergo
2811 1655 2952 1722 quod
2969 1656 3177 1710 caeteris
3189 1657 3512 1713 hominibus
3536 1667 3700 1728 patet,

2101 1749 2156 1794 et
2177 1742 2328 1810 quasi
2359 1757 2464 1798 non
2497 1751 2581 1796 est
2611 1744 2676 1798 de
2705 1755 2857 1814 parte
2888 1747 3005 1813 Dei,
3029 1763 3128 1819 pro
3151 1749 3439 1806 immundo
3461 1751 3702 1822 appella-

413 1843 654 1885 sensum.
683 1829 878 1885 Munus
903 1831 1041 1902 quod
1064 1848 1128 1886 ea:
1147 1849 1228 1886 me
1248 1833 1454 1898 est,tibi
1481 1835 1730 1905 proderit.
1755 1835 2001 1905 Compel-
2027 1832 2074 1891 B
2103 1837 2207 1884 tur.
2235 1829 2385 1885 Nihil
2414 1842 2512 1898 est,
2535 1833 2732 1902 inquit,
2760 1847 2909 1890 extra
2935 1838 3190 1893 hominem
3214 1843 3481 1895 introiens
3510 1844 3563 1896 in
3587 1861 3702 1898 eum

414 1919 549 1985 litis,
580 1921 772 1991 inquit,
805 1921 943 1977 ﬁlios
973 1932 1033 1977 ut
1065 1923 1248 1978 dicant
1275 1926 1590 1993 parentibus
1621 1927 1734 1982 suis
1760 1946 1772 1980 :
1814 1927 1996 1994 Quod-

411 2027 623 2082 cunque
651 2012 852 2068 donum
877 2015 1157 2071 oblaturus
1188 2031 1336 2071 eram
1367 2019 1476 2074 Deo
1500 2019 1552 2072 in
1579 2028 1702 2074 tuos
1734 2035 1997 2076 consumo

410 2103 584 2169 cibos,
612 2105 816 2175 tibique
843 2108 1084 2177 prodest,
1119 2124 1152 2163 o
1182 2118 1338 2179 pater
1375 2120 1430 2166 et.
1458 2121 1653 2178 mater,
1700 2123 1759 2168 ut
1807 2113 1884 2168 illi
1931 2114 2000 2169 ti-

411 2203 626 2251 mentes
681 2197 949 2268 accipere,
995 2199 1139 2268 quod
1186 2199 1296 2255 Deo
1333 2202 1588 2257 videbant
1611 2203 1995 2272 mancipatum,

412 2283 633 2356 inopem
661 2289 835 2359 magis
852 2288 1053 2344 vellent
1080 2291 1246 2346 vitam
1275 2292 1494 2361 ducere,
1522 2309 1685 2364 quam
1714 2297 2000 2354 comedere

409 2377 477 2436 tle
501 2382 851 2438 consecratis.

494 2469 820 2541 Ilypocritte,
850 2472 975 2526 bene
1000 2474 1323 2544 prophetavit
1338 2476 1402 2528 de
1427 2476 1566 2530 vobis
1589 2476 1763 2534 Isaias
1786 2481 1996 2538 dicens:

417 2553 660 2628 Populus
686 2561 770 2614 hic
794 2560 946 2615 labiis
973 2579 1053 2616 me
1074 2564 1319 2630 honorat,
1345 2582 1436 2619 cor
1460 2576 1633 2622 autem
1646 2586 1827 2626 eorum
1849 2572 1998 2644 longe

404 2643 488 2706 est
511 2667 543 2704 a
568 2667 651 2705 me
679 2650 814 2722 (Isa.
844 2654 1012 2726 xxix).
1041 2653 1060 2727 [
1085 2655 1288 2729 MAUB.]
1317 2657 1627 2717 Przevidens
1659 2678 1786 2735 ergo
1815 2665 1866 2719 in
1889 2643 1999 2736 spi-

413 2740 524 2796 ritu
569 2744 834 2812 propheta
885 2745 1283 2802 simulationem
1327 2748 1635 2808 Judzeorum
1691 2764 1993 2824 venturam,

409 2831 554 2901 quod
589 2823 778 2888 contra
812 2835 1252 2903 praedicationem
1276 2840 1553 2914 Evangelii
1580 2844 1633 2898 in
1664 2846 1785 2902 dolo
1811 2823 1996 2904 essent

407 2923 783 2993 repugnaturi,
810 2924 948 2979 bene
975 2926 1042 2981 de
1072 2926 1178 2983 illis
1218 2931 1544 2988 vaticinatus
1574 2943 1678 3001 est,
1711 2952 1818 2992 non
1851 2939 1995 3009 quod

407 3012 612 3068 bonum
634 3022 780 3069 esset
801 3015 947 3083 quod
986 3015 1053 3071 de
1085 3016 1166 3072 eis
1206 3020 1462 3088 loquitur,
1515 3039 1638 3079 cum
1682 3027 1748 3081 de
1787 3027 1994 3082 malitia

407 3102 627 3157 illorum
651 3103 731 3158 illi
761 3119 940 3159 sermo
971 3105 1105 3173 fuit;
1139 3108 1232 3163 sed
1258 3112 1399 3179 quod
1423 3114 1562 3168 bene
1589 3115 1680 3170 illa
1710 3117 1994 3189 prophetia

407 3193 653 3249 moribus
704 3194 944 3264 ipsorum
996 3200 1372 3257 conveniebat.
1408 3204 1486 3258 Ex
1523 3220 1755 3275 persona
1780 3224 1996 3279 quoque
2024 3179 2070 3242 ο

407 3283 622 3340 Domini
649 3287 752 3341 hoc
779 3286 991 3343 locutus
1010 3289 1114 3344 ait:
1149 3290 1382 3362 Populus
1414 3296 1498 3349 hic
1529 3295 1680 3352 labiis
1705 3315 1787 3353 me
1835 3300 1998 3355 hono-

408 3384 512 3439 rat,
545 3392 636 3429 cor
661 3387 836 3432 autem
861 3395 1042 3432 eorum
1060 3379 1212 3452 longe
1234 3393 1309 3437 est
1339 3402 1372 3438 a
1400 3402 1500 3440 me.
1526 3386 1710 3444 Labiis
1727 3390 1874 3445 illum
1900 3393 2000 3449 ho-

409 3465 697 3530 norabant,
725 3467 879 3536 cujus
917 3468 1087 3540 legem
1129 3474 1325 3542 saepius
1357 3478 1760 3547 scrutabantur,
1807 3489 1862 3536 et
1911 3486 1998 3540 cui

415 3553 645 3623 hymnos
671 3555 757 3609 vel
776 3557 1014 3626 psalmos
1036 3560 1091 3615 in
1113 3562 1304 3618 oﬁiciis
1332 3567 1530 3622 divinis
1559 3571 1998 3640 modulabantur,

408 3643 504 3697 sed
535 3644 861 3700 corillorum
883 3647 1039 3720 longe
1066 3651 1247 3708 abillo
1273 3654 1394 3709 fuit.
1419 3656 1495 3713 De
1518 3660 1712 3728 quibus
1739 3663 2000 3733 scriptum

408 3741 514 3798 est,
557 3736 700 3826 quod
729 3738 984 3826 cordibus
1024 3757 1239 3814 semper
1277 3750 1452 3804 aversi
1498 3749 1702 3807 fuerint
1747 3754 1803 3808 in
1833 3753 2002 3826 {Egy-

408 3829 582 3892 ptum.
613 3823 745 3879 ltem
771 3825 929 3882 labiis
959 3843 1082 3884 eum
1116 3831 1480 3905 honorabant,
1506 3842 1722 3910 quando
1747 3823 2001 3898 dicebant

411 3914 519 3969 illi:
554 3914 826 3986 Magister,
843 3921 1034 3974 scimus
1059 3925 1183 3993 quia
1208 3943 1369 3982 verax
1388 3946 1463 3995 es,
1489 3941 1540 3986 et
1560 3933 1696 3986 viam
1724 3933 1824 3989 Dei
1848 3936 1902 3990 in
1921 3954 2003 3990 ue-

408 4007 564 4060 ritate
589 4006 763 4072 doces,
795 4017 842 4060 et
875 4025 979 4062 non
1000 4023 1074 4065 est
1103 4015 1195 4068 tibi
1230 4034 1358 4071 cura
1401 4020 1466 4073 de
1501 4021 1710 4092 aliqua;
1735 4042 1838 4080 non
1863 4028 2000 4082 enim

409 4096 603 4165 accipis
622 4112 898 4165 personam
914 4100 1142 4156 hominis
1158 4103 1369 4173 (Matth.
1390 4111 1550 4182 χχιι.)
1569 4111 1676 4166 Sed
1697 4129 1792 4170 cor
1811 4131 1998 4173 eorum

411 4182 571 4253 longe
612 4186 680 4240 ab
729 4201 794 4240 eo
836 4187 960 4254 fuit,
997 4193 1212 4260 quando
1237 4194 1525 4254 dicebant:
1564 4201 1662 4256 Dic
1683 4205 1852 4272 nobis,
1881 4207 1998 4263 licet

409 4288 625 4328 censum
651 4275 778 4330 dare
811 4277 1011 4332 thsari
1051 4298 1121 4336 an
1168 4285 1313 4338 non?
1359 4286 1508 4357 (Luc.
1534 4291 1654 4362 xx.)
1699 4291 1812 4350 Hoc
1851 4299 1997 4353 enim

399 4365 678 4431 expressit
711 4367 1036 4437 evangelista
1098 4371 1291 4441 Lucas,
1344 4391 1465 4432 cum
1514 4379 1651 4434 dixit
1695 4384 1900 4442 scribas
1944 4396 2000 4443 et

409 4451 683 4523 principes
709 4457 1052 4513 sacerdotum
1075 4462 1288 4519 misisse
1313 4465 1676 4536 insidiatores,
1701 4475 1793 4542 qui
1825 4491 1882 4531 se
1909 4476 1998 4546 ju-

407 4551 524 4599 stos
545 4545 881 4614 simularent,
909 4558 969 4604 ut
993 4563 1251 4622 caperent
1283 4572 1407 4611 eum
1448 4558 1501 4612 in
1534 4575 1805 4630 sermone,
1833 4545 1998 4637 atque

408 4637 684 4694 traderent
707 4655 830 4695 eum
857 4642 1270 4714 principatibus,
1305 4657 1468 4720 atque
1512 4656 1770 4722 potestati
1810 4660 1998 4727 praesi-

407 4727 511 4783 dis.
548 4730 726 4800 Atque
755 4734 876 4791 ideo
899 4746 1049 4794 recte
1071 4742 1418 4815 subjungitur
1446 4765 1458 4802 :

479 4823 610 4879 Sine
624 4841 787 4881 causa
809 4829 986 4885 colunt
1009 4850 1112 4900 me,
1134 4836 1376 4894 docentes
1391 4841 1659 4900 doctrinas
1680 4855 1834 4919 atque
1845 4865 1996 4904 man-

405 4915 534 4970 data
577 4918 868 4974 hominum.
911 4921 1038 4979 Sine
1063 4941 1226 4982 causa
1259 4945 1411 5002 ergo,
1445 4934 1495 4988 id
1526 4946 1629 5002 est,
1661 4938 1714 4992 in
1742 4915 1990 5006 vacuum,

407 5003 566 5062 labiis
585 5016 640 5062 et
661 5008 842 5080 lingua
869 5012 1017 5068 illum
1044 5017 1312 5086 colebant,
1344 5039 1574 5092 quorum
1603 5030 1766 5084 corda
1800 5003 1992 5087 aversa

408 5105 596 5151 erant:
629 5100 754 5169 quia
778 5117 900 5157 cum
932 5106 1078 5161 veris
1101 5107 1196 5163 Dei
1227 5111 1526 5170 cultoribus
1556 5120 1864 5176 mercedem
1884 5139 1991 5178 non

401 5183 885 5278 accepturi‘eraut,
907 5205 1198 5254 attestante
1219 5202 1321 5258 hoc
1355 5205 1481 5260 alibi
1513 5209 1626 5278 ipsa
1663 5212 1902 5269 Veritate
1929 5231 1993 5272 ac

410 5273 655 5332 dicente:
685 5276 807 5332 Non
829 5281 996 5334 omnis
1023 5284 1112 5353 qui
1149 5285 1273 5339 dicit
1307 5289 1454 5354 mihi,
1479 5273 1720 5361 Domine,
1745 5305 1990 5368 Domine,

415 5367 633 5423 intrabit
655 5369 710 5422 in
730 5385 945 5442 regnum
971 5372 1236 5429 caelorum.
1264 5377 1371 5432 Sed
1408 5382 1497 5451 qui
1524 5383 1651 5452 facit
1676 5367 1992 5444 uoluntatem

410 5457 595 5515 Patris
642 5462 742 5515 mei
785 5465 875 5534 qui
916 5465 972 5519 in
1018 5465 1157 5522 ctelis
1193 5477 1289 5538 est,
1317 5471 1424 5542 ipse
1453 5475 1669 5530 intrabit
1698 5479 1752 5533 in
1777 5497 1994 5551 regnum

415 5549 664 5604 caelorum
694 5550 909 5625 (Matth.
935 5557 1054 5626 vn).
1073 5557 1350 5616 Docebant
1371 5564 1587 5632 quidem
1613 5549 1874 5626 Pharisaei
1901 5573 1993 5629 do-

410 5641 618 5699 ctrinas
645 5651 700 5698 et
721 5647 972 5703 mandata
994 5649 1298 5718 hominum,
1329 5656 1544 5724 quando
1571 5659 1751 5714 divina
1790 5678 1994 5732 praece-

409 5742 500 5803 pta
525 5736 877 5810 negligentes,
909 5748 966 5797 et
989 5757 1118 5800 suas
1143 5746 1458 5804 traditiones
1512 5753 1991 5820 super-ordinantes

2100 1923 2240 1994 quod
2269 1925 2434 1994 possit
2464 1941 2582 1978 eum
2619 1927 2959 1998 coinquinate
2974 1947 2994 1994 ;
3023 1931 3114 1984 sed
3133 1949 3252 2000 qua:
3271 1933 3339 1986 de
3357 1933 3577 1988 homine
3587 1953 3707 2003 pro-

2101 2014 2309 2080 cedunt,
2333 2013 2426 2068 illa
2459 2025 2581 2069 sunt
2616 2034 2732 2087 qua:
2757 2019 3098 2089 coinquinant
3124 2038 3266 2076 eum.
3301 2021 3563 2094 Opponat
3583 2040 3708 2094 pruc

2106 2105 2240 2160 dens
2278 2105 2470 2169 lector,
2496 2115 2552 2162 et
2579 2107 2755 2163 dicat:
2794 2109 2852 2164 Si
2877 2111 3019 2179 quod
3047 2111 3212 2167 intrat
3237 2114 3291 2168 in
3321 2130 3389 2169 os
3428 2131 3544 2171 non
3569 2117 3709 2171 coin-

2101 2196 2291 2265 quinat
2319 2196 2612 2264 hominem,
2647 2214 2817 2269 quare
2846 2199 3145 2257 idolothitis
3167 2220 3276 2259 non
3301 2206 3623 2260 vescimur?
3646 2207 3708 2261 Et

2099 2288 2392 2359 Apostolus
2404 2290 2593 2344 scribit
2612 2309 2624 2343 :
2661 2291 2786 2346 Non
2808 2295 3022 2362 potestis
3044 2295 3260 2350 calicem
3276 2297 3706 2368 Dominiﬁibere,

2101 2391 2150 2435 et
2182 2381 2397 2435 calicem
2442 2382 2820 2437 dwmoniorum
2844 2385 2895 2453 (Ι
2914 2385 3038 2439 Cor.
3065 2387 3143 2457 Χ).
3185 2386 3497 2444 Sciendum
3552 2391 3710 2461 igitur

2101 2475 2244 2542 quod
2276 2474 2373 2543 ipsi
2407 2474 2626 2545 quidem
2649 2475 2757 2530 cibi
2784 2485 2842 2531 et
2875 2476 2971 2533 Dei
3002 2487 3254 2536 creatura
3283 2496 3390 2552 per
3419 2498 3483 2538 se
3512 2483 3708 2538 munda

2101 2562 2228 2628 sint,
2275 2564 2371 2618 sed
2423 2563 2690 2620 idolorum
2733 2581 2798 2621 ac
2848 2567 3153 2624 daemonum
3182 2570 3469 2627 invocatio
3493 2588 3564 2627 ea
3588 2573 3708 2628 facit

2101 2650 2401 2707 immunda.

2175 2741 2321 2797 Tunc
2372 2744 2674 2801 accedentes
2701 2747 2946 2819 discipuli
2984 2751 3132 2819 ejus,
3171 2751 3428 2807 dixerunt
3471 2755 3526 2808 ei
3553 2767 3574 2806 :
3603 2753 3709 2809 Scis

2099 2837 2224 2907 quia
2242 2834 2503 2892 Pharistui
2527 2839 2710 2894 audito
2737 2840 2886 2895 uerbo
2907 2844 3257 2898 scandalizati
3276 2855 3429 2900 sunt.
3485 2846 3574 2900 Ex
3609 2862 3709 2901 uno

2101 2944 2350 2985 sermone
2398 2931 2579 2986 omnis
2627 2934 2946 3003 superstitio
2974 2935 3425 2993 Observationum
3457 2937 3712 2994 ,ιαάιιῶ

2101 3036 2222 3074 rum
2251 3021 2430 3076 fuerat
2455 3023 2604 3089 elisa,
2633 3025 2722 3094 qui
2751 3026 2806 3080 iu
2841 3027 2977 3082 cibis
2999 3029 3341 3084 assumendis
3389 3030 3709 3086 abominan-

2103 3116 2296 3186 disque
2320 3117 2640 3189 religionem
2670 3135 2822 3176 suam
2845 3122 3008 3177 sitam
3030 3123 3470 3179 arbitrabantur.
3501 3125 3576 3180 Et
3593 3126 3712 3196 quia

2102 3207 2296 3262 crebro
2327 3209 2522 3263 teritur
2556 3210 2611 3263 in
2636 3210 3019 3268 ecclesiasticis
3047 3211 3349 3284 Scripturis
3371 3215 3712 3280 scandalum,

2101 3296 2340 3352 breviter
2353 3299 2662 3366 dicendum,
2679 3301 2806 3370 quid
2833 3302 3121 3374 signiﬁcet.
3139 3305 3323 3381 Σιεαλὸν
3346 3316 3408 3360 et
3427 3305 3715 3361 σκάνδαλα

2100 3404 2203 3444 nos
2233 3389 2638 3457 oll‘endiculum,
2664 3392 2749 3446 vel
2775 3394 3010 3461 ruinam,
3039 3403 3095 3450 et
3125 3396 3536 3466 impactionem
3567 3398 3716 3467 pedis

2099 3494 2388 3548 possumus
2415 3481 2614 3537 dicere.
2643 3482 2870 3550 Quando
2901 3499 3032 3557 ergo
3069 3485 3342 3558 legimus:
3395 3486 3717 3559 Quicunque

2101 3569 2164 3624 de
2193 3571 2420 3625 minimis
2443 3573 2556 3627 istis
2598 3574 3035 3630 scandalizaverit
3060 3579 3385 3647 quempiam,
3419 3580 3535 3635 hoc.
3563 3581 3717 3635 intel—

2101 3659 2338 3730 ligimus,
2361 3663 2454 3732 qui
2483 3663 2538 3717 in
2571 3665 2715 3721 dicto
2741 3663 2998 3736 factoque
3021 3667 3366 3723 occasionem
3391 3669 3581 3726 ruina:
3603 3671 3710 3726 cui-

2101 3765 2263 3820 quam
2286 3750 2513 3806 dederit.

2172 3857 2354 3912 Atille
2381 3861 2698 3931 respondens
2721 3865 2794 3916 ait
2825 3877 2843 3916 :
2879 3863 3067 3919 Omnis
3099 3865 3360 3935 pluntatio
3395 3884 3570 3937 quam
3616 3886 3713 3923 non

2101 3950 2358 4020 plantavit
2387 3951 2551 4007 Pater
2571 3971 2741 4021 meus,
2765 3958 3139 4012 eradicabitur.
3174 3959 3353 4013 Etiam
3389 3976 3525 4030 qua:
3555 3963 3713 4033 plana

2101 4042 2157 4097 in
2189 4042 2488 4113 Scripturis
2510 4047 2784 4114 videntur,
2813 4050 2974 4119 plena
3002 4052 3572 4120 suntquazstionibus.
3595 4053 3716 4108 Orn-

2101 4133 2202 4197 nis,
2233 4135 2427 4203 inquit,
2453 4135 2708 4204 plantatio
2739 4155 2898 4209 quam
2931 4128 3038 4194 non
3065 4139 3323 4212 plantavit
3363 4139 3546 4196 Pater
3571 4161 3714 4198 meus

2101 4223 2345 4289 caelestis,
2376 4227 2751 4284 eradicabitur.
2783 4231 2924 4302 Ergo
2951 4234 3317 4289 eradicabitur
3344 4245 3402 4290 et
3436 4236 3530 4290 illa
3558 4238 3714 4308 plan-

2100 4315 2253 4380 tatio,
2297 4316 2362 4370 de
2407 4333 2513 4387 qua
2555 4317 2846 4387 Apostolus
2889 4323 2998 4376 ait:
3049 4323 3162 4394 Ego
3198 4324 3461 4394 plantari,
3521 4328 3714 4397 Apollo

2099 4402 2306 4472 rigavit.
2341 4403 2446 4460 Sed
2475 4405 2705 4461 solvitur
2733 4409 2961 4477 quaestio
2989 4425 3056 4465 ex
3096 4427 3160 4465 eo
3210 4413 3354 4481 quod
3410 4417 3710 4482 sequitur:

2102 4490 2243 4546 Deus
2267 4484 2440 4548 autem.
2470 4497 2844 4552 incrementum
2890 4500 3031 4554 dedit
3063 4501 3081 4572 (
3106 4501 3135 4554 I
3160 4501 3282 4556 Cor.
3313 4502 3424 4574 Ill).
3470 4505 3624 4560 Dicit
3663 4517 3710 4559 et

2103 4584 2218 4654 ipse
2247 4605 2259 4639 :
2294 4585 2388 4640 Dei
2419 4589 2765 4658 agricultura,
2792 4592 2891 4646 Dei
2921 4593 3206 4662 ludiﬁcatio
3225 4596 3364 4649 estis.
3402 4596 3472 4651 Et
3514 4597 3574 4650 in
3607 4597 3709 4650 alio

2103 4675 2254 4731 loco:
2281 4676 2658 4749 Cooperatores
2681 4682 2778 4737 Dei
2807 4702 3010 4740 sumus.
3061 4685 3118 4742 Si
3147 4697 3328 4744 autem
3379 4701 3709 4760 cooperato-

2099 4782 2210 4833 res,
2237 4768 2402 4840 igitur
2433 4771 2710 4841 plantaute
2748 4775 2937 4842 Paulo,
2981 4778 3230 4848 Apolline
3277 4780 3514 4852 rigante,
3559 4782 3706 4837 Deus

2101 4871 2224 4910 cum
2274 4862 2651 4928 Operatoribus
2701 4865 2813 4919 suis
2869 4866 3078 4935 plantat
3117 4877 3172 4922 et
3195 4869 3355 4940 rigat.
3384 4870 3706 4928 Abutuntur

2101 4948 2206 5004 hoc
2230 4949 2368 5015 loco,
2401 4954 2493 5021 qui
2525 4954 2766 5012 diversas
2794 4966 3019 5014 naturas
3045 4961 3416 5028 introducunt,
3456 4966 3704 5022 dicentes

2097 5039 2487 5109 plantationem
2519 5060 2680 5114 quam
2709 5063 2816 5102 non
2867 5050 3135 5119 plantavit
3185 5051 3350 5109 Pater
3399 5057 3702 5112 eradicari.

2099 5126 2203 5183 Sed
2236 5131 2459 5186 audiant
2487 5133 2618 5190 illud
2645 5135 2927 5193 Jcremitu:
2963 5141 3074 5212 Ego
3104 5144 3465 5214 ros-plantaoi
3490 5148 3702 5201 uincam

2095 5238 2292 5289 verum,
2355 5228 2615 5296 quomodo
2663 5233 2797 5284 versi
2837 5234 2958 5286 estis
3007 5235 3062 5287 in
3104 5237 3518 5292 amaritudinem
3582 5241 3702 5294 uitis

2095 5313 2284 5365 attente
2306 5317 2332 5365 .7
2359 5316 2626 5372 Plantavit
2651 5322 2869 5390 quidem
2895 5324 3058 5390 Deus,
3082 5334 3136 5380 et
3175 5343 3334 5383 nemo
3359 5339 3543 5398 potest
3574 5347 3701 5387 era-

2097 5402 2279 5459 dicare
2312 5404 2700 5474 plantationem
2723 5413 2858 5483 ejus,
2882 5417 2974 5472 sed
3003 5419 3259 5486 quoniam
3290 5420 3390 5474 ista
3422 5421 3701 5492 plautatio

2097 5492 2152 5547 in
2185 5493 2464 5583 voluntate
2493 5505 2698 5573 proprii
2726 5506 2934 5561 arbitrii
2959 5517 3061 5573 est,
3094 5509 3275 5564 nullus
3303 5510 3698 5583 aliuseampo~

2097 5579 2222 5634 terit
2250 5585 2551 5654 eradicare,
2580 5590 2685 5646 nisi
2713 5592 2828 5663 ipsa
2858 5595 3110 5651 tribuerit
3130 5612 3433 5653 assensum.

2167 5669 2334 5728 Sinite
2371 5674 2510 5742 illos,
2536 5681 2662 5731 ειυσί
2706 5695 2831 5734 sunt
2863 5686 3020 5737 duces
3050 5701 3307 5742 amcorum
3327 5702 3346 5739 :
3383 5707 3558 5745 circus
3588 5710 3694 5745 au-

2095 5770 2196 5815 tem
2224 5764 2269 5818 si
2294 5781 2433 5820 cwco
2464 5767 2714 5826 ducatum
2733 5783 2964 5842 prwstet,
2989 5778 3216 5834 amboin
3237 5780 3440 5851 foveam
3466 5785 3686 5848 eadunt.
