3898 6472
173 418 319 476 ’1377

1171 409 1523 470 COMMENT.
1565 412 1635 470 1N
1672 413 2111 475 MATTHABUM.
2149 448 2218 459 —
2255 418 2383 474 LIB.
2426 418 2491 473 V.

3373 379 3479 477 9m

195 531 328 590 Hoc
353 539 456 597 est,
488 526 632 599 quod
661 524 948 598 Apostolus
971 535 1335 598 prmeeperat:
1361 525 1683 582 Harreticum
1709 527 1798 580 ho-
1821 528 1876 590 Λ
1899 528 2021 584 culo
2034 528 2395 597 vulneratum,
2413 537 2470 585 et
2488 528 2556 584 ad
2568 529 2943 586 fornicandum
2957 535 3235 602 provocat.
3250 527 3478 603 (Maus).

192 626 406 682 minem
437 626 553 694 post
584 636 744 674 unam
769 629 922 688 atque
943 617 1166 672 alteram
1193 619 1567 688 correptionem
1604 618 1796 684 devita,

197 716 381 772 Sciens
428 712 554 782 quia
595 726 873 782 perversus
907 710 972 763 sit
1013 709 1338 780 hujusmodi,
1368 719 1415 764 et
1452 728 1484 764 a
1525 711 1797 780 semetipso

197 806 495 860 damnatus
519 800 648 874 (Tit.
677 800 868 871 in).'ln
892 800 1035 855 hunc
1060 816 1276 855 sensum
1293 799 1800 872 Salvatorpraecipit

197 897 461 953 doctores
475 888 1111 963 pessimos‘dimittendos
1136 889 1360 946 arbitrio
1380 907 1500 958 suo,
1517 893 1695 948 sciens
1705 906 1799 949 eos

197 983 496 1041 difﬁculter
525 982 590 1037 ad
617 980 900 1036 veritatem
934 994 1092 1050 posse
1118 979 1347 1046 retrahi,
1382 996 1557 1036 czecos
1599 994 1718 1036 esse
1743 990 1799 1036 et

196 1091 415 1132 caecum
441 1073 692 1144 populum
725 1070 780 1126 in
801 1084 1042 1126 errorem
1098 1070 1334 1127 trahere.
1379 1070 1611 1146 (ΜΑυιι.)
1657 1071 1797 1128 Caici

194 1182 339 1240 ergo
363 1166 576 1222 fuerant
597 1162 876 1228 Pharisaei,
896 1163 1023 1233 quia
1047 1162 1360 1219 tenebrosus
1390 1163 1667 1221 hominum
1682 1173 1794 1219 tra-

197 1257 442 1313 ditiones
471 1254 844 1318 observantes,
868 1251 1047 1308 lucem
1073 1253 1453 1307 mandatorum
1505 1253 1598 1308 Dei
1635 1268 1797 1324 quam

193 1345 491 1402 Psalmista
525 1343 798 1416 professus
817 1351 899 1398 est
924 1343 1137 1399 dicens:
1169 1342 1408 1399 Lucerna
1431 1344 1645 1415 pedibus
1670 1345 1796 1398 meis

197 1441 419 1497 verbum
441 1450 609 1504 tuum,
647 1437 888 1504 Domine,
917 1446 966 1491 et
991 1436 1165 1492 lumen
1184 1439 1382 1492 semitis
1437 1439 1565 1492 meis
1621 1435 1794 1508 (Psal.

195 1530 524 1600 ccxxxvm).
546 1529 696 1584 Hanc
712 1529 809 1600 ipsi
832 1545 940 1585 non
954 1528 1454 1594 consideraverunt,
1477 1538 1531 1583 et
1553 1527 1674 1583 ideo
1691 1544 1795 1583 non

197 1621 383 1676 solum
416 1623 564 1684 carci,
594 1620 688 1675 sed
717 1628 771 1674 et
798 1619 964 1675 duces
1003 1634 1269 1674 caecorum
1303 1619 1496 1674 merito
1522 1618 1794 1673 dicuntur.

198 1711 344 1779 Quia
407 1711 541 1765 tales
589 1726 696 1765 non
735 1710 909 1764 solum
965 1709 1066 1764 sibi
1101 1724 1169 1765 ne
1192 1709 1249 1763 in
1281 1707 1532 1777 laqueum
1559 1709 1798 1763 incidant

197 1805 564 1877 proSpiciunt,
601 1804 693 1860 sed
727 1805 892 1860 etiam
923 1803 1025 1858 sibi
1055 1805 1416 1874 obsequentes
1457 1802 1512 1857 in
1551 1801 1799 1874 praecipi-

199 1899 341 1953 tium
366 1897 556 1952 mortis
582 1912 765 1952 secum
796 1895 1038 1950 trahunt.

279 1989 620 2061 Respondens
633 1998 810 2055 autem
826 1987 1017 2041 Petrus
1033 1987 1164 2040 dixit
1187 1987 1233 2041 ei
1249 2003 1266 2041 :
1289 1987 1534 2042 Edissere
1550 1985 1696 2041 nobis
1709 2003 1801 2057 pa-

201 2081 445 2135 rabolam
462 2081 638 2135 istam.
660 2080 724 2133 At
746 2078 834 2133 ille
849 2079 1014 2132 dixit:
1042 2077 1226 2131 Adhuc
1237 2087 1285 2132 et
1308 2094 1392 2132 vos
1405 2078 1516 2131 sine
1537 2075 1802 2130 intellectu

201 2171 372 2226 estis?
394 2169 665 2244 (Hieron.)
695 2170 847 2238 Quod
877 2179 1063 2240 aperte
1086 2169 1289 2224 dictum
1324 2169 1498 2224 fuerat
1543 2177 1597 2224 et
1644 2176 1798 2238 pate-

201 2260 301 2316 bat
323 2261 551 2327 auditui,
575 2260 818 2331 Apostoli
839 2277 935 2330 per
957 2259 1272 2330 parabolam
1300 2260 1505 2314 dictum
1533 2266 1726 2328 putant
1746 2265 1802 2312 et

203 2352 263 2408 in
322 2368 382 2407 re
431 2352 717 2406 manifesta
775 2351 1060 2422 mysticam
1095 2359 1346 2421 quaerunt
1369 2349 1800 2419 intelligentiam,

204 2443 686 2513 corripiunturqne
717 2457 747 2496 a
779 2442 1029 2510 Domino,
1058 2456 1226 2511 quare
1259 2440 1566 2511 parabolice
1597 2440 1801 2496 dictum

206 2542 424 2605 putant,
442 2535 584 2606 quod
599 2534 882 2604 perspicue
907 2535 1117 2590 locutus
1131 2541 1231 2589 est.
1253 2532 1330 2587 Ex
1345 2549 1451 2604 quo
1469 2533 1807 2588 animadver-

205 2627 375 2682 timus
411 2627 668 2683 vitiosum
697 2640 813 2682 esse
850 2625 1174 2693 auditorem,
1204 2625 1293 2697 qui
1319 2626 1550 2682 obscura
1574 2625 1802 2681 manife-

205 2725 315 2786 ste,
342 2725 436 2773 aut
460 2717 749 2773 manifeste
773 2719 917 2774 dicta
945 2719 1177 2774 obscure
1209 2718 1341 2774 velit
1370 2718 1692 2789 intelligere.

284 2811 408 2867 Non
435 2811 750 2884 intelligitis,
785 2813 911 2883 quia
939 2829 1090 2866 omne
1111 2811 1251 2882 quod
1274 2812 1328 2866 in
1351 2829 1408 2865 os
1436 2811 1596 2865 intrat
1622 2811 1676 2865 in
1690 2827 1806 2866 vcn-

209 2915 341 2962 trem
379 2907 520 2961 vadit
547 2917 595 2961 et
622 2907 675 2961 in
706 2923 962 2961 secessum
994 2905 1287 2960 emittitur?
1341 2903 1596 2960 Omnium
1640 2920 1806 2959 cvan-

211 2999 472 3072 geliorum
497 2999 613 3055 loca
639 3000 782 3071 apud
803 3000 1088 3054 haereticos
1108 3007 1164 3054 et
1184 3013 1472 3070 perversos
1500 2997 1657 3067 plena
1680 3003 1807 3052 sunt

210 3089 506 3145 scandalis.
532 3090 600 3144 Et
624 3106 692 3145 ex
718 3091 818 3144 hac
859 3089 1185 3144 sententiola
1214 3089 1433 3159 quidam
1463 3087 1805 3142 calumnian-

211 3189 319 3248 tur,
351 3182 492 3252 quod
514 3181 773 3237 Dominus
796 3181 1034 3252 physicae
1056 3179 1437 3252 disputationis
1458 3179 1697 3251 ignarus,
1715 3191 1809 3247 pu-

210 3280 292 3330 tet
315 3290 502 3330 omnes
531 3275 681 3330 cibos
708 3274 762 3328 in
791 3281 1041 3329 ventrem
1066 3273 1146 3328 ire
1171 3282 1226 3328 et
1267 3273 1322 3327 in
1353 3286 1629 3328 secessum
1651 3269 1804 3341 dige-
1835 3258 1880 3324 C

213 3363 280 3429 ri,
323 3381 446 3420 cum
477 3365 664 3420 statim
712 3363 904 3419 infusa:
955 3379 1094 3420 escae
1133 3379 1230 3435 per
1264 3373 1416 3419 artus
1436 3371 1492 3418 et
1520 3379 1709 3429 venas,
1738 3379 1804 3418 ac

215 3457 476 3512 medullas
503 3473 809 3528 nervosque
837 3457 1153 3514 fundantur.
1187 3457 1340 3514 Unde
1360 3467 1416 3514 et
1442 3457 1664 3523 multos,
1710 3457 1806 3528 qui

214 3549 346 3604 vitio
393 3551 659 3605 stomachi
697 3560 976 3621 perpetem
1017 3551 1321 3606 sustineant
1361 3551 1644 3614 vomitum,
1683 3556 1807 3618 post

215 3657 397 3698 ctenas
430 3650 485 3698 et
517 3643 744 3714 prandia
771 3643 952 3699 statim
980 3659 1230 3700 evomere
1268 3643 1412 3714 quod
1438 3644 1804 3714 ingesserunt,

215 3745 273 3793 et
288 3747 466 3792 tamen
497 3737 842 3808 corpulentos
872 3753 1024 3793 esse:
1059 3739 1185 3808 quia
1234 3738 1301 3792 ad
1337 3736 1572 3807 primum
1603 3745 1808 3792 tactum

216 3829 471 3900 liquidior
497 3829 668 3895 cibus,
699 3839 755 3884 et
783 3839 942 3901 potus
972 3845 1068 3899 per
1103 3831 1344 3884 membra
1374 3829 1650 3882 fundatur.
1701 3827 1808 3882 Sed

216 3921 495 3978 itiusmodi
516 3923 764 3979 homines
787 3923 914 3978 dum
933 3923 1118 3978 volunt
1139 3923 1361 3978 alterius
1377 3923 1703 3993 imperitiam
1727 3936 1811 3977 re-

218 4013 575 4082 prehendere,
605 4013 892 4069 ostendunt
917 4029 1069 4069 suam
1098 4031 1110 4067 :
1137 4013 1397 4080 Quamvis
1425 4013 1571 4068 enim
1602 4013 1806 4068 tenuis-

221 4101 388 4159 simus
411 4103 606 4161 humor
637 4117 691 4162 et
717 4104 928 4176 liquens
949 4118 1071 4162 esca
1096 4103 1188 4172 sit,
1211 4118 1334 4161 cum
1367 4102 1422 4160 iu
1445 4102 1599 4162 venis
1639 4109 1692 4161 el
1717 4116 1810 4160 ar-

219 4197 379 4253 tubus
407 4207 663 4254 concocta
696 4199 859 4254 fuerit
880 4206 934 4252 et
956 4199 1164 4268 digesta
1186 4213 1286 4269 per
1317 4198 1565 4254 occultos
1593 4207 1808 4254 meatus

219 4289 478 4359 corporis,
506 4306 642 4360 quos
667 4290 842 4346 Graeci
870 4291 1063 4366 πόρους
1088 4299 1308 4356 vocant,
1332 4289 1401 4345 ad
1429 4289 1691 4346 inferiora
1722 4290 1807 4346 di-

219 4378 432 4445 labitur,
463 4381 595 4435 etin
619 4395 894 4436 secessum
916 4381 1083 4436 vadit.

291 4470 421 4536 Qua:
450 4481 624 4526 autem
659 4471 944 4542 procedunt
975 4472 1039 4526 de
1060 4489 1169 4537 ore,
1192 4472 1257 4527 de
1271 4473 1426 4528 corde
1440 4481 1650 4539 exeunt,
1666 4482 1716 4528 et
1747 4491 1811 4529 ea

1902 621 1958 676 Si
1990 637 2272 679 rancorem
2302 631 2487 680 contra
2519 624 2826 696 proximum
2849 639 2948 681 nos
2979 623 3163 680 levare
3185 639 3485 694 conspexe-

1899 713 1991 778 rit,
2017 714 2268 785 intelligit
2290 715 2550 770 invidiam
2579 724 2635 771 et
2657 714 2844 770 odium
2866 730 2966 770 nos
2989 715 3046 770 in
3069 714 3232 771 corde
3254 714 3486 782 habere,

1898 815 1953 862 et
1990 822 2088 870 per
2115 796 2251 862 irain
2275 808 2340 862 ad
2359 807 2708 864 homicidium
2722 806 3145 878 perpetrandum
3164 804 3484 862 inﬂammat.

1900 896 1958 952 Si
1988 914 2088 955 nos
2117 898 2374 955 ardenter
2396 899 2451 954 in
2480 897 2706 968 alicujus
2732 901 2812 955 rei
2834 898 3290 972 pulchritudinem
3319 898 3490 970 inspi-

1897 1006 2020 1048 cere
2046 992 2264 1058 viderit,
2295 992 2544 1064 intelligit
2571 993 2855 1048 avaritiam
2886 1007 2986 1048 nos
3014 992 3181 1048 corde
3209 1000 3418 1056 tenere,
3435 997 3492 1046 et

1897 1087 1968 1140 ad
1990 1085 2134 1140 furta
2181 1086 2393 1141 incitat.
2428 1085 2486 1142 Si
2514 1085 2723 1142 levibus
2753 1102 2852 1142 nos
2887 1085 3231 1142 sermonibus
3253 1083 3492 1140 senserit

1897 1186 2167 1244 assuetos,
2198 1178 2449 1249 intelligit
2474 1187 2753 1250 promptos
2780 1194 2903 1235 esse
2941 1179 3010 1234 ad
3037 1177 3404 1241 mendacium,
3437 1183 3495 1230 et

1898 1270 1965 1323 ad
1998 1270 2192 1326 falsum
2220 1272 2590 1327 testimonium
2621 1271 3008 1342 proferendum
3033 1269 3206 1326 illicit.
3241 1268 3332 1323 Sic
3351 1282 3489 1337 quo-

1897 1379 2001 1434 que
2038 1371 2092 1417 et
2122 1379 2218 1433 per
2246 1371 2474 1420 caeteras
2512 1364 2862 1420 habitudines
2892 1379 3110 1420 morum
3135 1363 3344 1418 rimans
3376 1361 3494 1415 ani-

1897 1459 1972 1512 mi
1997 1459 2315 1528 qualitatem
2342 1460 2603 1529 antiquus
2630 1458 2824 1523 hostis,
2856 1459 3155 1512 humanum
3191 1469 3360 1526 genus
3409 1468 3495 1507 ses

1899 1552 2096 1608 ducere
2124 1551 2362 1617 festinat,
2393 1562 2447 1608 et
2488 1553 2555 1608 ad
2609 1568 2672 1608 ea
2699 1567 2820 1623 qum
2846 1550 3045 1606 divinis
3078 1549 3290 1622 legibus
3324 1548 3493 1603 vetita

1899 1651 2029 1696 sunt
2057 1641 2302 1698 facienda
2325 1645 2636 1715 persuadet,
2659 1651 2722 1698 ut
2751 1650 3061 1699 creaturam
3086 1640 3154 1695 ad
3204 1638 3497 1710 imaginem

1899 1732 1996 1789 Dei
2019 1735 2293 1790 conditam
2327 1735 2439 1790 suis
2461 1734 2716 1791 sordibus
2737 1732 2961 1805 polluat.
2989 1731 3144 1787 Unde
3165 1737 3223 1786 et
3248 1727 3499 1784 Salvator

1901 1840 2065 1896 supra
2090 1825 2234 1880 dicta
2257 1825 2388 1880 vitia
2409 1840 2734 1881 enumerans
2756 1823 3064 1892 subjunxit:

1825 1889 1876 1950 Β
1967 1889 2104 1973 llaec
2154 1927 2273 1973 sunt
2337 1935 2455 1989 qua:
2503 1889 3159 1989 coinquinant/comitum.
3214 1912 3338 1968 Non
3372 1910 3495 1965 lotis

1903 2019 2079 2065 autem
2109 2010 2354 2064 manibus
2383 2010 2705 2064 manducare
2729 2025 2833 2064 non
2880 2007 3180 2078 coinquinat
3207 2003 3490 2059 hominem.

1905 2097 2086 2172 (ΗΑΒ.)
2134 2097 2240 2154 Sed
2282 2098 2538 2154 Pharisaei
2570 2099 2832 2169 spiritalia
2893 2097 3283 2168 prophetarum
3328 2093 3501 2161 verba

1904 2189 2199 2246 carnaliter
2226 2191 2576 2260 accipientes,
2609 2205 2729 2260 qua:
2767 2188 2843 2243 illi
2879 2189 2944 2242 de
2972 2187 3155 2243 cordis
3205 2193 3259 2240 et
3310 2182 3496 2252 operis

1905 2281 2258 2352 castigatione
2276 2282 2681 2352 praecipiebant,
2701 2282 2941 2336 dicentes
2962 2299 2974 2333 :
3001 2278 3293 2340 Lavamini,
3310 2272 3500 2330 muiidi

1906 2380 2086 2438 estote,
2105 2381 2152 2426 et
2184 2373 2536 2437 mundamini,
2565 2374 2654 2445 qui
2683 2373 2831 2444 fertis
2873 2390 2997 2427 vasa
3023 2371 3237 2426 Domini
3265 2368 3401 2442 (Isa.
3433 2366 3501 2437 ι),

1907 2460 1996 2516 isti
2025 2461 2091 2516 de
2120 2476 2348 2532 corpore
2375 2461 2551 2518 solum
2575 2461 2802 2518 lavando
2816 2461 3128 2518 servabant.
3159 2457 3390 2514 Frustra
3407 2471 3500 2510 au-

1905 2563 2015 2610 tem
2028 2553 2308 2619 Pharisaei,
2331 2554 2533 2610 frustra
2545 2569 2733 2610 omnes
2746 2554 2916 2609 Judaei
2941 2553 3124 2607 lavant
3148 2565 3365 2615 manus,
3391 2555 3447 2604 et
3469 2563 3504 2603 a

1905 2645 2025 2702 foro
2047 2646 2388 2716 baptizantur
2417 2647 2654 2716 quandiu
2675 2651 3028 2702 contemnunt
3038 2643 3188 2699 fonte
3201 2638 3504 2697 Salvatoris

1907 2735 2072 2791 ablui.
2104 2735 2162 2790 ln
2197 2751 2398 2791 vanum
2427 2735 2760 2807 baptismata
2805 2743 3023 2792 servant
3077 2747 3356 2798 vasorum,
3404 2729 3499 2801 qui

1906 2828 2151 2883 cordium
2174 2843 2394 2884 suorum
2415 2836 2471 2884 et
2492 2843 2781 2898 corporum
2802 2828 2984 2884 eluere
2998 2826 3186 2882 sordes
3199 2823 3503 2895 negligunt,

1909 2935 2032 2973 cum
2073 2927 2284 2974 certum
2320 2919 2393 2974 sit
2420 2919 2664 2990 Moysen,
2694 2928 2750 2974 et
2771 2917 3088 2990 prophetas,
3126 2914 3220 2987 qui
3249 2925 3381 2968 vasa
3409 2927 3506 2982 po-

1908 3011 2020 3082 puli
2069 3011 2164 3066 Dei
2201 3011 2287 3066 vel
2340 3011 2496 3081 aquis
2550 3011 2703 3078 dilui,
2735 3009 2821 3066 vel
2849 3011 2973 3082 igne
2999 3006 3245 3080 purgari,
3274 3004 3362 3061 vel
3384 3003 3507 3059 oleo

1911 3101 2590 3173 sanetilicariquacunque
2619 3118 2687 3157 ex
2725 3116 2889 3158 causa
2932 3101 3237 3172 jusserunt,
3286 3111 3395 3152 non
3450 3094 3508 3149 in

1913 3193 2019 3249 hoc
2047 3193 2410 3249 materialium
2431 3209 2616 3250 rerum
2635 3191 3097 3257 emundationem,
3121 3189 3214 3248 sed
3240 3186 3509 3244 mentium

1911 3286 2092 3356 potius
2115 3294 2170 3341 et
2197 3301 2425 3356 operum
2461 3286 2896 3356 castigationem,
2953 3299 3019 3340 ac
3065 3277 3506 3342 sanctimoniam,

1911 3387 2073 3449 atque
2104 3379 2410 3434 animarum
2447 3379 2605 3434 nobis
2635 3378 2898 3433 mandare
2925 3375 3177 3432 salutem.

1985 3469 2108 3543 [IL]
2151 3470 2226 3538 ,Et
2250 3487 2486 3541 egressus
2515 3470 2638 3524 inde
2651 3469 2808 3524 Iesus
2832 3469 3040 3524 secessit
3068 3467 3123 3520 in
3153 3473 3329 3536 partes
3379 3459 3508 3529 Tyri

1911 3573 1960 3618 et
2000 3561 2236 3617 Sidonis.
2269 3560 2342 3633 (Η
2349 3560 2539 3632 ieron.)
2568 3561 2775 3616 Scribis
2800 3571 2856 3616 et
2883 3557 3175 3614 Pharisaais
3205 3551 3505 3611 calumnia-

1913 3656 2122 3712 toribus
2161 3655 2450 3721 derelictis,
2483 3655 2879 3726 transgreditur
2927 3654 2980 3708 in
3035 3658 3219 3721 partes
3267 3646 3398 3720 Tyri
3436 3659 3502 3700 ac

1914 3744 2152 3812 Sidonis,
2184 3745 2274 3800 ubi
2302 3745 2588 3800 manifeste
2613 3743 2991 3816 praefiguratur
3031 3741 3176 3812 quod
3224 3746 3350 3810 post
3379 3752 3506 3808 pas-

1913 3832 2120 3888 sionem
2147 3831 2707 3900 resurrectionemque
2732 3846 2887 3886 suam
2942 3827 3205 3884 Dominus
3255 3826 3310 3880 in
3368 3839 3511 3893 prm-

1914 3925 2245 3980 dicatoribus
2280 3924 2393 3978 suis
2421 3921 2732 3979 Judzeorum
2761 3921 2967 3993 perfida
3003 3920 3167 3975 corda
3195 3916 3510 3980 relicturus,

1915 4025 1971 4072 ct
2013 4017 2068 4071 in
2117 3995 2301 4086 partes
2341 4015 2584 4086 gentium
2634 4023 2946 4071 exterarum
2982 4017 3130 4072 esset
3150 4023 3506 4066 secessurus:

1913 4109 2092 4183 Tyrus
2108 4109 2307 4182 quippe
2329 4118 2385 4166 et
2405 4106 2592 4174 Sidon,
2617 4124 2738 4180 qua:
2764 4108 3009 4164 civitates
3037 4105 3188 4160 fuere
3203 4101 3506 4176 gentilium,

1914 4205 2250 4259 munimenta
2303 4202 2566 4260 doctrinae
2605 4216 2672 4256 ac
2717 4200 2846 4256 vita:
2893 4197 3166 4271 gentibus,
3220 4194 3278 4251 in
3307 4193 3511 4266 quibus

1912 4297 2064 4355 stulti
2091 4297 2389 4364 confidunt,
2417 4297 2677 4353 indicant.

1983 4388 2053 4442 Et
2083 4405 2199 4442 ecce
2225 4387 2415 4441 mulier
2444 4387 2715 4442 Cananwa
2739 4405 2772 4442 a
2801 4387 2995 4456 ﬁnibus
3016 4387 3123 4440 illis
3149 4399 3376 4456 egressa,
3405 4381 3518 4438 cla-

1913 4480 2071 4534 movit
2095 4480 2272 4532 dicens
2292 4480 2374 4533 ei:
2423 4477 2678 4533 Miserere
2720 4481 2843 4544 mei,
2894 4478 3137 4542 Domine,
3193 4475 3273 4544 ﬁli
3316 4475 3512 4530 David.

219 4565 557 4636 coinquinant
584 4564 868 4618 hominem.
901 4563 978 4618 De
993 4564 1150 4620 corde
1167 4566 1306 4619 enim
1319 4575 1506 4620 exeunt
1538 4567 1810 4637 cogitatio—
1833 4618 1888 4639 _
1915 4570 2060 4638 Bene
2086 4569 2298 4634 mulier,
2323 4584 2444 4639 qua:
2469 4569 2761 4624 Dominum
2786 4568 3007 4624 credula
3033 4576 3312 4639 precatur,
3338 4581 3370 4620 a
3393 4564 3519 4625 ﬁni-

221 4673 307 4710 nes
328 4655 833 4721 malm,homicidia,
870 4654 1154 4723 adulteria,
1199 4657 1600 4726 fornicationes,
1639 4656 1808 4726 furta,

222 4747 356 4818 falsa
371 4747 687 4812 testimonia,
702 4755 756 4801 et
779 4746 933 4817 reliq.
952 4746 1027 4801 De
1047 4749 1226 4814 corde,
1251 4749 1446 4819 inquit,
1469 4760 1656 4804 exeunt
1671 4750 1814 4821 cogi-

220 4837 440 4892 tationes
465 4837 638 4893 malre.
673 4838 814 4909 Ergo
838 4839 1032 4893 animae
1057 4839 1355 4909 principale
1378 4855 1484 4894 non
1500 4839 1657 4908 juxta
1692 4839 1814 4895 Pla-

224 4936 401 4983 tonem
429 4928 482 4983 in
519 4930 765 4994 cerebro,
797 4929 892 4986 sed
913 4928 1071 4999 juxta
1095 4928 1376 4985 Christum
1413 4929 1468 4984 in
1497 4930 1662 4986 corde
1701 4939 1807 4987 est.

224 5019 289 5074 Et
311 5021 572 5092 arguendi
599 5037 666 5077 ex
694 5023 798 5078 hac
817 5023 1106 5089 sententia,
1135 5023 1229 5092 qui
1256 5023 1612 5094 cogitationes
1634 5039 1664 5078 a
1689 5023 1810 5079 dia-

225 5113 344 5168 bolo
372 5115 589 5170 immitti
612 5126 824 5186 putant,
858 5125 913 5173 et
942 5133 1048 5172 non
1083 5132 1152 5172 ex
1196 5119 1413 5188 propria
1441 5121 1592 5175 nasci
1619 5119 1813 5176 volun-

229 5215 354 5264 tate.
370 5208 624 5265 Diabolus
644 5210 860 5280 adjutor
880 5227 1000 5267 esse
1018 5220 1074 5267 et
1101 5211 1350 5267 incentor
1373 5211 1644 5268 malarum
1669 5213 1816 5284 cogi-
1877 5207 1882 5214 ⁴

227 5301 488 5356 talionum
515 5309 717 5372 potest,
745 5311 936 5358 auctor
959 5318 1080 5359 esse
1105 5318 1211 5358 non
1235 5313 1436 5372 potest.
1491 5304 1589 5358 Sin
1633 5314 1814 5359 autem

230 5406 438 5464 semper
459 5393 514 5448 in
538 5393 749 5449 insidiis
763 5395 988 5464 positus,
1003 5394 1176 5451 levem
1196 5395 1817 5464 cogitationum'nostra-

231 5501 348 5541 rum
383 5487 674 5543 scintillam
705 5487 819 5543 suis
841 5487 1121 5544 fomitibus
1148 5487 1518 5556 inflammarit,
1558 5504 1669 5544 non
1719 5489 1815 5544 de-

232 5574 418 5632 bemus
440 5578 652 5648 Opinari
676 5594 800 5633 eum
824 5579 1004 5635 cordis
1026 5595 1242 5650 quoque
1265 5581 1478 5636 occulta
1493 5581 1702 5645 rimari,
1719 5581 1817 5637 sed

233 5670 555 5739 excorporis
585 5667 770 5724 habitu
805 5678 860 5722 et
886 5671 1127 5740 gestibus
1149 5674 1422 5728 testimare
1460 5673 1590 5744 quid
1634 5687 1818 5728 verse-

236 5773 355 5816 mus
377 5759 721 5817 intrinsecus.
754 5757 922 5815 Verbi
950 5759 1122 5832 gratia
1149 5759 1192 5814 si
1219 5761 1506 5830 pulchram
1533 5763 1818 5821 mulierem

240 5868 336 5913 nos
354 5854 546 5913 crebro
572 5855 767 5914 viderit
795 5855 1086 5927 respicere,
1101 5851 1355 5926 intelligit
1373 5869 1470 5915 cor
1507 5859 1709 5916 amoris
1727 5858 1818 5932 ja-

1833 4618 1890 4680 Β

1919 4661 2020 4717 bus
2046 4659 2152 4715 illis
2187 4675 2406 4732 egressa
2436 4659 2774 4729 perhibetur,
2815 4657 2942 4730 quia
2974 4657 3081 4713 nisi
3136 4656 3329 4728 prisca
3378 4670 3517 4711 con-

1922 4751 2248 4807 versationis
2273 4749 2581 4806 habitacula
2601 4765 2741 4804 vana
2771 4749 3102 4818 reliquisset,
3140 4747 3210 4802 ad
3237 4745 3514 4802 Christum

1921 4845 2160 4900 Ecclesia
2189 4859 2466 4916 nunquam
2491 4844 2842 4910 veniret,uisi
2870 4844 3022 4914 prius
3044 4841 3253 4912 antiqui
3288 4839 3516 4910 dogma-

1922 4947 1976 4994 ta
2004 4938 2520 4994 anathematizasset
2538 4938 2777 5004 ‘erroris,
2803 4952 3149 5008 nequaquam
3177 4948 3374 4990 novam
3388 4931 3516 4986 fidei

1923 5032 2201 5102 suscipere
2251 5031 2482 5104 gratiam
2527 5040 2732 5088 nosset.
2767 5029 3039 5104 (Ηὶενοη.)
3069 5029 3200 5084 Inde
3223 5027 3376 5084 novit
3414 5042 3515 5082 vo-

1917 5139 2046 5180 care
2074 5123 2243 5178 filium
2265 5123 2460 5189 David,
2484 5122 2612 5194 quia
2632 5137 2849 5191 egressa
2868 5120 2982 5191 jam
3010 5121 3189 5176 fuerat
3215 5119 3285 5176 de
3314 5117 3515 5173 finibus

1918 5216 2054 5281 suis,
2081 5223 2136 5269 et
2161 5230 2404 5270 errorem
2434 5216 2722 5287 Tyriorum
2751 5229 2815 5270 ac
2847 5212 3195 5269 Sidoniorum
3222 5206 3330 5264 loci
3357 5222 3418 5264 ac
3449 5207 3514 5263 fi-

1919 5309 2005 5359 dei
2032 5311 2462 5360 commutatione
2489 5304 2792 5362 dimiserat.

1992 5395 2139 5451 Filia
2162 5414 2280 5452 mea
2303 5415 2335 5452 a
2356 5398 2616 5454 daemonio
2646 5399 2784 5455 male
2812 5409 3048 5455 vexatur.
3085 5400 3268 5474 (ΚΑΒ.)
3314 5401 3516 5474 Typice

1923 5500 2106 5545 autem
2131 5489 2323 5546 mulier
2346 5490 2461 5545 hmo
2489 5491 2730 5562 gentilis,
2758 5492 2853 5548 sed
2879 5507 3003 5546 cum
3049 5493 3153 5548 fide
3199 5493 3270 5549 ad
3325 5491 3513 5549 Domi-

1924 5598 2054 5638 uum
2077 5583 2301 5640 veniens
2330 5581 2649 5648 Ecclesiam,
2698 5593 2757 5638 ut
2793 5597 2955 5656 supra
2982 5584 3238 5652 diximus,
3269 5585 3518 5656 designat

1925 5674 1992 5728 de
2029 5675 2280 5745 gentibus
2324 5673 2631 5741 collectam,
2689 5691 2808 5746 qua:
2864 5692 2962 5748 pro
3009 5674 3118 5732 lilia
3180 5677 3516 5746 dazmoniaca

1925 5765 2097 5824 Deum
2122 5776 2294 5839 rogat,
2325 5782 2448 5822 cum
2473 5784 2574 5839 pro
2604 5768 2816 5840 papulis
2841 5770 2975 5837 suis,
3005 5770 3238 5828 necdum
3286 5767 3518 5824 creden-

1855 5922 1870 5933 _
1925 5861 2091 5930 tibus,
2121 5871 2182 5918 ut
2209 5867 2265 5920 et
2292 5860 2398 5932 ipsi
2422 5875 2454 5920 a
2478 5859 2680 5922 diaboli
2708 5860 2991 5922 fraudibus
3018 5861 3388 5932 absolvantur,
3415 5873 3482 5918 su
3502 5885 3515 5901 ο
