3898 6462
222 440 326 507 981

1186 444 1538 504 COMMENT.
1577 446 1643 500 IN
1682 439 2117 499 MATTHEUM.
2156 469 2226 481 —
2265 438 2389 493 LIB.
2430 437 2491 491 V.

3373 434 3484 491 νει

222 578 343 618 sam
368 561 614 617 adversus
639 575 725 615 eos
743 561 834 631 qui
867 559 1121 616 tribulam
1150 577 1230 616 me
1269 559 1440 633 (Psal.
1466 558 1622 629 χιιι).
1654 557 1802 611 Mica:
1828 562 1881 618 Α
1900 553 2162 607 ducentes
2207 546 2391 604 secum
2434 555 2630 613 mutos,
2673 559 2879 612 cacas,
2910 545 3152 611 claudos,
3180 547 3387 604 debiles
3426 557 3484 607 et

223 666 517 725 puerorum
535 653 756 706 interna
786 661 911 707 sunt
936 653 1188 724 mysteria
1220 652 1646 723 Scripturarum,
1677 638 1799 719 qui-

225 748 329 801 bus
358 745 639 799 humilium
667 743 844 798 solent
872 746 1033 798 corda
1080 744 1250 798 reﬁci.
1306 741 1382 797 De
1430 742 1623 812 quibus
1664 739 1800 794 alias

226 845 429 891 sancta:
478 834 730 913 Ecclfsiaa
776 835 1137 903 promittitur,
1161 834 1373 889 dicente
1415 833 1685 902 Propheta
1736 832 1803 887 de

227 931 503 985 Domino:
532 929 638 994 Qui
660 929 830 999 posuit
865 928 994 996 ﬁnes
1018 938 1133 981 tuos
1158 943 1358 998 pacem,
1399 934 1447 980 et
1490 926 1641 979 adine
1690 924 1803 993 frit-

226 1028 385 1072 menti
414 1020 615 1072 satiatis
641 1027 687 1071 te
717 1017 888 1089 (Psal.
912 1017 1133 1089 chvn).
1166 1015 1283 1070 Non
1310 1029 1443 1086 ergo
1470 1014 1686 1078 cristas,
1708 1011 1804 1067 sed

230 1110 399 1164 micas
422 1110 487 1164 de
512 1125 651 1180 pane
670 1124 957 1179 puerorum
986 1108 1150 1162 edunt
1179 1107 1377 1172 catelli,
1404 1106 1529 1175 quia
1557 1100 1804 1159 conversi

226 1203 295 1255 ad
325 1202 507 1267 ﬁdem,
535 1200 625 1271 qui
655 1210 810 1256 erant
835 1202 1070 1271 despecti
1098 1201 1151 1253 in
1173 1201 1441 1271 gentibus,
1474 1213 1581 1253 non
1611 1196 1805 1251 littera:

226 1292 569 1363 superﬁciem
594 1294 647 1346 in
671 1292 989 1361 Scripturis,
1011 1292 1104 1346 sed
1128 1289 1422 1359 Spiritalem
1444 1302 1683 1350 sensum,
1698 1300 1804 1356 quo

224 1386 283 1440 in
314 1386 469 1441 bonis
500 1378 709 1440 aetibus
740 1384 1003 1454 proﬁcere
1034 1384 1268 1448 valeant,
1294 1382 1591 1451 inquirunt.
1616 1379 1684 1434 Et
1702 1378 1807 1433 hoc

224 1477 329 1531 sub
353 1490 538 1533 mensa
565 1479 903 1532 dominorum
958 1491 1208 1539 suorum,
1260 1474 1384 1528 dum
1433 1473 1616 1527 verbis
1665 1471 1804 1525 sacri

223 1566 425 1637 eloquii
453 1568 725 1624 humiliter
750 1566 948 1621 subditi
986 1568 1052 1621 ad
1094 1566 1360 1636 implenda
1389 1580 1506 1634 qua:
1535 1570 1806 1634 praecepta

222 1670 373 1726 sunt,
390 1669 580 1716 cuncta
608 1661 691 1715 sui
716 1660 896 1715 cordis
922 1668 978 1715 et
1005 1659 1249 1729 corporis
1273 1657 1445 1711 ollicia
1478 1661 1804 1726 supponunt,

221 1761 491 1823 quatenus
519 1754 587 1808 ad
615 1753 879 1823 speranda
911 1766 1028 1821 quae
1067 1766 1097 1804 a
1138 1749 1366 1804 Domino
1389 1747 1655 1818 promissa
1684 1753 1809 1831 sunt

214 1844 444 1913 prtemia
473 1842 530 1898 in
560 1842 711 1899 ccelis
748 1843 942 1897 merito
982 1856 1043 1896 se
1092 1839 1285 1895 debitae
1333 1837 1654 1892 humilitatis
1702 1834 1839 1903 eri-,

1829 1914 1879 1975 Β
1907 1922 2052 1979 Deus
2084 1942 2303 1996 magnus
2328 1928 2460 1980 sicut
2492 1926 2631 1980 Deus
2660 1934 2855 1980 noster.
2886 1925 2965 1979 Tu
2991 1942 3046 1980 es
3073 1925 3215 1980 Deus
3241 1926 3331 1995 qui
3363 1924 3495 1994 facis

221 1943 372 2007 gant.

297 2024 441 2079 Tunc
463 2026 776 2096 respondens
796 2024 954 2079 Jcsus
974 2065 988 2090 ,
1016 2026 1090 2078 ait
1124 2022 1203 2077 illi
1237 2036 1257 2076 :
1291 2022 1335 2076 0
1364 2021 1582 2086 mulier,
1614 2036 1804 2091 magna

218 2125 297 2170 est
319 2115 449 2185 fides
477 2125 608 2181 tua;
636 2117 731 2186 ﬁat
760 2117 873 2182 tibi,
908 2117 1042 2170 sicut
1068 2116 1163 2169 cis.
1190 2110 1416 2185 (ΜΑσιι.)
1445 2112 1503 2167 1η
1534 2112 1635 2167 hac
1677 2128 1805 2182 ergo

220 2206 640 2277 Syrophtenissa
675 2208 928 2263 laudatur
956 2207 1088 2261 ﬁdes
1132 2204 1405 2275 gentium,
1446 2217 1566 2274 quae
1610 2202 1806 2257 merito

216 2314 414 2367 magna
436 2300 652 2366 dicitur,
680 2300 805 2370 quia
837 2314 960 2355 cum
1007 2313 1109 2353 nec
1154 2298 1270 2367 lege
1314 2296 1516 2350 fuerint
1562 2294 1803 2359 imbutte,

210 2400 322 2443 nec
346 2389 566 2444 vocibus
594 2392 978 2460 prophetarum
1022 2389 1324 2453 instructae,
1352 2388 1419 2443 ad
1463 2386 1803 2457 praedicatio-

215 2493 342 2533 nem
371 2492 497 2532 mox
535 2478 899 2548 apostolorum
933 2478 1003 2533 ab
1030 2478 1220 2532 auditu
1246 2476 1395 2531 auris
1444 2476 1764 2531 obedierunt
1788 2516 1805 2541 ,

212 2568 488 2640 ﬁdemque
502 2579 702 2627 sancta:
714 2572 999 2628 Trinitatis
1012 2574 1175 2628 corde
1187 2571 1407 2627 credulo
1422 2579 1803 2642 perceperunt,

211 2657 497 2731 ipsamque
526 2662 684 2719 ﬁdem
705 2664 987 2736 condignis
1004 2665 1260 2735 operibus
1277 2665 1621 2728 adornantes,
1636 2678 1806 2733 usque

211 2751 289 2806 ad
319 2762 549 2809 mortem
592 2755 902 2811 inviolatam
943 2771 1166 2811 servare
1204 2757 1545 2812 studuerunt.
1575 2753 1807 2824 Ideoque

196 2843 512 2914 perfectam
524 2846 749 2902 salutem
772 2847 874 2903 sibi
897 2848 1117 2918 suisque
1148 2848 1441 2919 impetrare
1467 2854 1802 2903 meruerunt.

218 2933 379 2993 Unde
403 2946 460 2991 et
486 2936 769 2992 subditur:

289 3028 361 3084 Et
388 3039 580 3084 sanata
602 3040 676 3085 est
702 3029 818 3099 ﬁlia
838 3030 954 3101 ejus
980 3047 1045 3087 ea:
1074 3029 1169 3085 illa
1192 3032 1344 3085 hora.
1378 3031 1609 3101 Propter
1636 3030 1809 3085 humi-

198 3120 326 3178 lem
372 3122 623 3178 videlicet
662 3124 855 3179 matris
902 3124 1221 3196 ﬁdelemque
1274 3138 1607 3189 sermonem,
1638 3124 1803 3179 ﬁliam

210 3208 459 3269 deseruit
484 3215 827 3271 daemonium.
862 3215 965 3271 Ubi
1012 3214 1173 3270 datur
1213 3217 1518 3287 exemplum
1566 3217 1807 3273 catechi-

210 3303 379 3359 nudi
398 3311 455 3357 et
485 3304 793 3374 baptizandi
820 3305 1076 3371 infantes,
1098 3308 1224 3376 quia
1246 3307 1498 3363 videlicet
1520 3323 1622 3378 per
1642 3309 1805 3364 ﬁdem

212 3401 275 3449 et
300 3394 694 3451 confessionem
718 3408 1003 3467 parentum
1034 3398 1091 3452 in
1134 3398 1405 3469 baptismo
1444 3399 1743 3455 liberantur
1773 3416 1804 3454 a

194 3485 435 3544 .diabolo
446 3490 680 3558 parvuli,
699 3492 789 3561 qui
816 3493 1045 3547 necdum
1066 3494 1165 3563 per
1183 3508 1243 3549 se
1270 3506 1481 3564 sapere,
1495 3494 1580 3549 vel
1606 3495 1807 3565 aliquid

212 3590 380 3651 agere
407 3580 532 3635 boni
562 3591 810 3650 possunt,
841 3592 934 3637 aut
956 3584 1102 3639 mali.

292 3669 413 3742 [ΠΙ.
432 3670 452 3743 ]
479 3671 548 3725 Et
566 3686 684 3726 cum
710 3676 980 3729 transisset
1003 3677 1124 3730 inde
1143 3675 1322 3743 Iesus,
1335 3678 1471 3732 venit
1496 3694 1642 3733 secus
1660 3695 1807 3734 mare

216 3755 477 3829 Galilara,
505 3774 553 3818 et
580 3766 863 3821 ascendens
892 3768 947 3821 in
970 3777 1217 3835 montem,
1242 3770 1448 3825 sedebat
1485 3772 1577 3826 ibi.
1606 3771 1806 3827 Notan-

216 3850 349 3908 dum
377 3867 508 3925 ergo
530 3857 677 3925 quod
692 3859 944 3915 nonsine
965 3861 1147 3929 magni
1174 3863 1417 3933 mysterii
1450 3864 1660 3918 ratione
1696 3864 1804 3918 Do-

210 3943 419 4012 minus,
443 3955 637 4002 sanata
662 3948 770 4003 ﬁlia
798 3949 1047 4007 mulieris
1071 3949 1407 4009 Cananitidis
1426 3995 1440 4018 ,
1470 3953 1537 4008 ad
1564 3954 1804 4009 Iudaeam

208 4041 277 4089 et
305 4050 454 4091 mare
488 4036 723 4096 Calilaue
751 4043 1043 4098 revertitur
1072 4062 1086 4098 :
1118 4045 1244 4114 quia
1283 4056 1502 4115 peracta
1533 4046 1809 4116 dispensa-

216 4123 366 4181 tione
391 4127 583 4184 salutis
619 4132 867 4202 gentium
901 4135 1209 4206 regreditur
1250 4137 1308 4190 in
1360 4138 1694 4203 doctoribus,
1745 4147 1807 4192 ut

202 4216 401 4273 visitet
424 4230 637 4289 gentem
667 4222 940 4291 Judaeum,
962 4242 1085 4296 quas
1110 4228 1181 4283 ob
1216 4228 1497 4299 perﬁdiam
1533 4229 1805 4299 apostolos

206 4316 275 4363 et
294 4312 497 4379 primos
519 4315 903 4382 praadicatores
922 4317 1201 4390 Evangelii
1228 4336 1257 4374 a
1284 4334 1343 4376 se
1370 4322 1585 4391 repulit.
1609 4322 1805 4392 Fitque

204 4400 348 4457 illud
378 4405 527 4474 quod
548 4404 749 4463 Paulus
775 4410 1072 4477 apostolus,
1099 4419 1157 4465 et
1183 4412 1371 4467 doctor
1411 4414 1652 4483 gentium
1684 4429 1803 4469 ser-

214 4505 379 4547 mone
396 4495 716 4563 prophetico
738 4498 941 4554 dudum
960 4501 1204 4569 protulit,
1236 4502 1365 4572 quia
1389 4519 1505 4556 cum
1532 4500 1805 4573 plenitudo

202 4584 446 4652 gentium
463 4586 693 4655 januam
726 4588 859 4657 ﬁdei
878 4589 1271 4657 subintraoerit,
1296 4601 1419 4647 tunc
1442 4594 1611 4648 omnis
1634 4591 1805 4647 Israel

211 4673 388 4729 saluus
408 4678 505 4731 erit
536 4676 713 4749 (Rom.
729 4679 831 4753 ιι).
851 4680 1114 4736 Ascendit
1136 4697 1265 4751 ergo
1288 4684 1549 4739 Dominus
1572 4684 1625 4737 in
1648 4699 1804 4739 mon-

215 4772 347 4837 tem,
379 4776 438 4823 ut
456 4769 599 4824 sicut
625 4772 743 4827 avis
782 4779 999 4828 teneros
1041 4773 1182 4829 fetus
1210 4784 1469 4844 provocat
1506 4778 1574 4832 ad
1621 4775 1784 4832 volan

208 4856 364 4925 dum,
399 4860 479 4916 sic
506 4862 621 4932 ipse
656 4863 932 4920 auditores
974 4880 1101 4920 suos
1147 4866 1323 4937 erigat
1372 4868 1440 4922 ad
1475 4883 1708 4938 superna
1753 4876 1808 4924 et

204 4949 454 5008 ualeatis
496 4964 834 5011 sacramenta
884 4956 1214 5013 meditanda.
1268 4957 1593 5031 Sedebatque
1630 4960 1722 5025 ibi,
1745 4968 1807 5014 ut

211 5041 614 5105 demonstraret
650 5060 757 5102 non
794 5046 902 5102 nisi
940 5048 995 5102 in
1032 5046 1347 5103 cmlestibus
1391 5050 1632 5119 requiem
1685 5065 1807 5107 esse

193 5138 581 5204 iuuarendam.

192 5204 206 5291 θ
284 5226 358 5285 Et
395 5244 724 5288 accesserunt
741 5235 813 5289 ad
825 5251 945 5289 eum
966 5237 1135 5291 turbis
1154 5236 1337 5291 multis
1361 5237 1609 5293 habentes
1628 5255 1803 5293 secum

204 5330 421 5389 mtas,
450 5339 646 5389 cwcos,
690 5325 937 5393 claudos,
966 5327 1160 5382 debiles
1199 5336 1248 5381 et
1287 5327 1421 5382 alios
1473 5328 1686 5382 multos.
1736 5329 1806 5383 Et

209 5417 546 5488 projecerunt
589 5435 677 5473 eos
718 5420 785 5473 ad
824 5421 978 5490 pedes
1005 5422 1141 5491 ejus,
1170 5431 1219 5475 et
1258 5422 1457 5476 curavit
1509 5436 1616 5485 eos,
1648 5421 1723 5475 ita
1747 5432 1806 5475 ut

211 5507 380 5563 turba:
423 5509 747 5564 mirarentur
780 5511 1008 5567 uidentes
1050 5523 1222 5567 mutos
1271 5513 1557 5585 loquentes,
1586 5512 1803 5567 claudos

212 5598 564 5665 ambulantes,
594 5616 760 5654 ccecos
792 5601 1054 5669 uidentes,
1087 5614 1136 5657 et
1172 5605 1585 5675 magniﬁcabant
1633 5602 1803 5658 Deum

214 5681 407 5744 Isra'el.
454 5688 688 5745 Sedente
730 5705 860 5762 ergo
920 5693 1149 5747 Domino
1204 5696 1260 5746 in
1307 5706 1510 5759 monte,
1538 5695 1589 5748 id
1617 5703 1720 5761 est,
1751 5695 1805 5749 in

214 5780 478 5837 caelorum
494 5798 631 5838 .arce
658 5782 892 5855 gloriose
917 5792 972 5839 et
1000 5784 1320 5841 mirabiliter
1339 5796 1617 5860 regnante,
1634 5788 1807 5843 turba:

215 5876 458 5937 ﬁdelium
477 5890 605 5936 cum
618 5886 801 5939 mente
810 5877 1005 5937 devota
1021 5877 1099 5937 illi
1122 5893 1337 5952 semper
1349 5880 1803 5955 appropinquant,

1903 642 2037 699 alios
2074 641 2288 697 multos.
2320 640 2455 707 Quia
2476 653 2573 696 eos
2610 639 2705 709 qui
2747 638 3099 696 confessionis
3146 640 3373 696 verbum
3424 641 3487 698 in

1900 748 2001 791 ore
2044 748 2152 790 non
2181 732 2479 799 habebant,
2507 732 2594 789 vel
2619 746 2756 803 quos
2784 731 3073 788 inﬁdelitas
3116 732 3359 800 caecavit,
3389 745 3486 789 seu

1902 826 2120 882 demum
2142 825 2300 895 pravi
2336 824 2516 895 operis
2540 822 2931 890 claudicantes,
2959 824 3074 881 sive
3108 838 3247 895 gnos
3290 838 3485 895 pecca-

1903 927 2084 974 torum
2107 919 2320 974 sarcina
2348 918 2553 973 debiles
2579 916 2832 982 reddidit,
2847 917 3175 987 evangelicis
3200 916 3491 977 documen-

1903 1010 1978 1065 tis
1998 1012 2064 1064 ad
2087 1011 2247 1065 ﬁdem
2268 1018 2675 1066 convertuntur.
2700 1010 2915 1079 Easque
2935 1011 3003 1066 ad
3029 1011 3193 1081 pedes
3212 1009 3344 1066 Jcsu
3362 1024 3491 1081 pro-

1896 1094 2114 1168 jiciunt,
2136 1100 2264 1171 quia
2290 1094 2511 1171 peccata
2532 1117 2628 1157 sua
2667 1101 3010 1165 conﬁtentes,
3034 1102 3136 1171 ipsi
3156 1100 3258 1157 soli
3285 1101 3491 1157 media-

1905 1191 2011 1245 tori
2046 1190 2140 1245 Dei
2170 1199 2224 1247 et
2247 1192 2525 1247 hominum
2549 1192 3154 1263 curandos'subjiciunt.
3191 1192 3336 1259 Quos
3374 1193 3491 1262 ipse

1906 1285 2072 1340 etiam
2114 1286 2187 1340 ita
2222 1294 2400 1351 curat,
2431 1293 2490 1340 ut
2536 1286 2707 1340 turbae
2749 1286 3015 1340 mirentur
3041 1294 3097 1341 et
3141 1286 3490 1357 magniﬁcent

1905 1377 2077 1432 Deum
2102 1378 2281 1431 Israel.
2310 1377 2445 1445 Quia
2468 1379 2685 1447 agmina
2708 1377 2947 1432 ﬁdelium
2974 1377 3339 1433 intestimabili
3360 1385 3488 1432 tunc

1906 1466 2180 1521 exsultant
2208 1467 2421 1537 gaudio,
2464 1467 2680 1537 quando
2724 1466 2960 1522 viderint
3004 1481 3130 1531 eos,
3162 1481 3298 1537 quos
3325 1465 3491 1523 variae

1908 1571 2156 1613 errorum
2179 1559 2527 1629 aegritudines
2565 1560 2784 1614 insanos
2828 1568 2885 1615 et
2932 1574 3134 1631 egenos
3175 1556 3491 1624 effecerant,

1909 1649 2139 1705 diversis
2165 1649 2427 1704 virtutum
2449 1651 2642 1720 opibus
2668 1651 2887 1717 ditatos,
2911 1660 2967 1707 et
2993 1649 3100 1707 ﬁde
3139 1652 3393 1706 robustos
3435 1651 3492 1706 in

1910 1739 2093 1796 divino
2124 1742 2344 1797 servitio
2372 1742 2510 1799 bene
2538 1742 2807 1798 laborare.
2834 1743 2901 1798 Et
2935 1744 3005 1799 ob
3056 1744 3162 1798 hoc
3207 1742 3496 1811 magniﬁce

1910 1829 2097 1888 laudes
2127 1833 2236 1888 Deo
2266 1835 2576 1901 decantant,
2604 1834 2845 1890 dicentes
2869 1849 2994 1890 cum
3019 1834 3288 1904 Propheta
3320 1851 3334 1887 :
3364 1832 3496 1898 Quis

1904 2016 2171 2069 mirabilia
2226 2017 2389 2072 solus.
2442 2017 2640 2072 Notam
2680 2017 2847 2088 fecisti
2892 2019 2953 2073 in
3007 2017 3214 2089 populis
3257 2018 3496 2072 virtutem

1908 2119 2074 2173 tuam,
2105 2110 2339 2167 liberasti
2364 2113 2418 2166 in
2448 2112 2660 2167 brachio
2688 2111 2941 2184 populum
2968 2120 3117 2167 tuum
3144 2112 3283 2182 filios
3324 2109 3497 2166 Israel

1907 2211 1956 2256 et
1986 2201 2178 2271 Ioseph
2209 2201 2381 2274 (Psal.
2406 2205 2609 2275 LXXVI).

1979 2291 2015 2346 J
2019 2309 2137 2346 esus
2163 2303 2337 2347 autem
2363 2295 2655 2349 convocatis
2677 2293 2951 2363 discipulis
2972 2294 3105 2358 suis,
3120 2293 3230 2347 ait:
3245 2289 3500 2351 Misereor

1908 2383 2095 2450 turba",
2118 2386 2243 2454 quia
2279 2386 2400 2453 jam
2447 2387 2622 2440 triduo
2661 2395 2992 2457 perseverant
3041 2400 3264 2451 mecum,
3295 2393 3342 2439 et
3392 2397 3498 2437 non

1907 2475 2097 2530 habent
2116 2478 2254 2547 quod
2278 2476 2625 2543 manducent;
2654 2487 2701 2533 et
2724 2479 2985 2532 dimittere
3012 2493 3099 2532 eos
3117 2477 3331 2548 jejunos
3352 2472 3498 2540 nolo,

1910 2582 1975 2620 ne
2004 2566 2252 2635 deﬁciant
2277 2568 2334 2621 in
2353 2569 2455 2623 via.
2480 2567 2706 2640 (Hilar.)
2748 2569 2807 2623 In
2855 2569 2958 2624 hac
2990 2568 3223 2623 lectione
3253 2565 3498 2621 conside-

1908 2659 2080 2713 randa
2112 2668 2196 2714 est
2222 2660 2279 2714 in
2308 2676 2417 2716 uno
2446 2662 2743 2731 eodemque
2778 2663 3140 2733 Redemptore
3188 2669 3377 2716 nostro
3419 2658 3503 2715 di-

1910 2749 2109 2805 stincta
2157 2750 2402 2819 operatio
2442 2750 2763 2817 divinitatis,
2810 2759 2865 2805 et
2911 2751 3286 2812 humanitatis.
3335 2755 3498 2819 atque

1908 2853 2065 2896 error
2098 2840 2434 2911 Eutychetis,
2464 2842 2557 2911 qui
2600 2857 2764 2896 unam
2801 2849 3005 2896 tantum
3047 2840 3418 2912 operationem
3442 2840 3499 2894 in

1909 2935 2127 2992 Christo
2155 2937 2522 3006 dogmatizare
2555 2938 2862 3007 praesumit,
2886 2937 3075 3008 procul
3108 2952 3140 2992 a
3171 2932 3498 2991 Christianis

1908 3027 2111 3083 ﬁnibus
2139 3027 2507 3098 expellendus.
2536 3020 2672 3095 Quis
2697 3029 2843 3084 enim
2872 3044 2979 3083 non
3008 3028 3188 3084 videat
3210 3029 3333 3085 hoc
3354 3024 3499 3096 quod

1910 3133 2075 3188 super
2097 3121 2312 3174 turbam
2340 3120 2630 3176 miseretur
2653 3120 2933 3189 Dominus,
2962 3136 3031 3176 ne
3060 3120 3147 3175 vel
3184 3119 3395 3185 inediae,
3416 3116 3503 3171 vel

1910 3213 2013 3267 viae
2043 3213 2301 3285 longioris
2331 3214 2516 3270 labore
2538 3214 2774 3281 deﬁciat,
2802 3214 3055 3269 affectum
3081 3228 3234 3278 esse,
3261 3220 3317 3266 et
3355 3225 3505 3266 com—

1911 3305 2223 3377 passionem
2262 3307 2513 3362 humanae
2539 3306 2881 3378 fragilitatis?
2941 3305 3069 3361 Vult
3106 3319 3330 3376 pascere
3369 3316 3506 3373 quos

1915 3401 2144 3456 curavit.
2175 3400 2334 3455 Prius
2366 3400 2546 3457 aufert
2579 3400 2903 3466 debilitates,
2930 3406 2987 3454 et
3018 3406 3204 3470 postea
3236 3396 3394 3452 oﬂ‘ert
3417 3410 3505 3450 sa-

1912 3490 2000 3548 nis
2019 3492 2188 3549 cibos.
2213 3492 2486 3550 Convocat
2506 3509 2720 3564 quoque
2739 3493 3053 3564 discipulos,
3077 3500 3133 3547 et
3160 3491 3305 3561 Quod
3331 3488 3504 3543 facttt-

1913 3601 2009 3642 rus
2037 3594 2119 3642 est
2146 3586 2403 3657 loquitur,
2435 3596 2496 3643 ut
2521 3588 2608 3643 vel
2643 3588 2918 3659 magistris
2944 3583 3252 3656 exemplum
3297 3582 3503 3640 tribuat

1913 3694 2039 3733 ettm
2082 3678 2383 3734 minoribus
2412 3684 2574 3747 atque
2608 3677 2886 3747 discipulis
2912 3675 3347 3733 communicandi
3373 3686 3503 3729 con-

1911 3770 2052 3835 silia,
2080 3771 2163 3825 vel
2186 3787 2254 3826 ex
2280 3770 2610 3827 fabulatione
2652 3772 2958 3841 intelligant
2997 3771 3134 3840 signi
3177 3767 3505 3840 magnitudi-

1911 3878 2058 3927 nem,
2086 3864 2475 3933 respondentes
2505 3879 2562 3919 se
2590 3881 2759 3935 panes
2787 3864 2843 3920 in
2893 3878 3077 3920 eremo
3119 3876 3226 3917 non
3279 3861 3499 3915 habere.

1912 3944 2184 4021 Misereor,
2217 3957 2412 4027 inquit,
2437 3958 2625 4025 turbis,
2652 3960 2792 4029 quod
2817 3958 2992 4013 triduo
3015 3958 3135 4027 jam
3175 3956 3505 4027 perseverdnt

1910 4065 2133 4103 mecum.
2180 4048 2469 4106 Miseretur
2500 4054 2686 4119 turbae,
2721 4054 2846 4123 quia
2876 4054 2929 4108 in
2961 4053 3137 4107 triduo
3162 4051 3367 4107 dierum
3399 4065 3501 4105 nu-

1906 4154 2063 4195 mero
2089 4141 2258 4209 Patri,
2287 4141 2448 4209 Filio,
2476 4143 2812 4215 Spirituique
2857 4154 3046 4201 sancto
3087 4144 3399 4200 credebant.
3433 4141 3503 4196 Et

1910 4249 2016 4288 non
2046 4234 2235 4290 habent
2260 4238 2400 4307 quod
2424 4237 2759 4292 manducent.
2794 4237 2973 4293 Turba
2999 4251 3213 4306 semper
3233 4235 3423 4300 esurit,
3446 4242 3502 4289 et

1909 4325 2048 4380 cibis
2075 4325 2301 4398 indiget,
2336 4328 2440 4383 nisi
2481 4337 2757 4384 saturetur
2794 4344 2824 4383 a
2866 4331 3114 4385 Domino.
3146 4328 3215 4381 Et
3240 4328 3502 4382 dimittere

1908 4433 1996 4471 eos
2016 4418 2234 4488 jejunos
2260 4420 2401 4487 nolo,
2433 4438 2495 4475 ne
2524 4422 2770 4490 deﬁciant
2802 4422 2857 4475 in
2893 4424 2996 4476 via.
3032 4400 3357 4476 Esuriebant
3380 4427 3504 4490 post

1910 4524 2133 4580 magnas
2159 4511 2481 4577 debilitates,
2513 4521 2567 4566 et
2602 4528 2699 4583 per
2726 4512 3043 4581 patientiam
3074 4511 3282 4566 futuros
3311 4520 3505 4581 exspe-

1832 4631 1885 4691 D
1912 4609 2063 4658 ctant
2086 4603 2256 4659 cibos.
2273 4604 2389 4659 Non
2420 4606 2534 4659 vult
2563 4620 2657 4660 eos
2685 4603 2842 4660 Jcsus
2872 4606 3146 4660 dimittere
3170 4605 3404 4675 jejunos,
3432 4616 3503 4660 ne

1913 4693 2170 4750 deﬁciant
2191 4695 2244 4750 in
2276 4696 2379 4750 via.
2416 4695 2761 4751 Periclitatur
2791 4711 2919 4767 ergo
2949 4697 3064 4750 sine
3108 4695 3314 4751 caelesti
3365 4707 3504 4764 pane

1904 4770 2007 4859 qui
2038 4787 2105 4841 ad
2139 4794 2378 4856 optatam
2411 4787 2745 4842 mansionem
2768 4787 3054 4856 pervenire
3080 4786 3319 4842 festinat.
3350 4783 3505 4843 Unde

1915 4885 1974 4933 et
2001 4876 2225 4949 angelus
2264 4876 2502 4947 loquitur
2546 4878 2612 4932 ad
2656 4877 2827 4931 Eliam
2859 4896 2871 4930 :
2908 4875 3078 4947 Surge
3126 4884 3174 4930 et
3218 4874 3502 4939 manduca,

1916 4970 2042 5043 quia
2068 4970 2318 5039 grandem
2348 4969 2487 5023 uiam
2534 4969 2899 5024 ambulaturus
2953 4984 3007 5023 es
3053 4964 3175 5039 (III
3190 4964 3330 5039 ‘Reg.
3359 4962 3501 5035 ιιι).

1917 5058 2125 5135 [Greg.]
2151 5060 2282 5115 Item
2314 5060 2471 5115 turba
2504 5061 2683 5116 triduo
2703 5060 2991 5116 Dominum
3016 5058 3266 5123 sustinet,
3287 5053 3503 5127 quando

1913 5150 2208 5207 multitudo
2236 5150 2474 5207 ﬁdelium
2502 5161 2727 5222 peccata
2757 5165 2879 5220 qua:
2907 5148 3241 5221 perpetravit
3259 5162 3360 5216 per
3386 5160 3503 5217 pte-

1910 5243 2200 5298 nitentiam
2225 5243 2539 5309 declinans,
2568 5244 2635 5296 ad
2681 5243 2969 5293 Dominum
3014 5251 3074 5292 se
3113 5236 3172 5291 in
3216 5250 3402 5307 opere,
3444 5236 3503 5295 in

1914 5333 2187 5385 locutione
2230 5337 2394 5399 atque
2432 5330 2487 5384 in
2516 5329 2840 5400 cogitatione
2887 5328 3175 5385 convertit.
3220 5327 3367 5397 Quos
3415 5330 3502 5386 (ﬁ-

1914 5420 2132 5477 mittere
2156 5417 2371 5491 jejunos
2402 5421 2457 5475 in
2485 5421 2704 5475 domum
2732 5436 2887 5477 suam
2924 5420 3184 5477 Dominus
3209 5437 3315 5478 non
3358 5421 3499 5490 vult,

1914 5527 1985 5568 ne
2012 5512 2266 5567 deﬁciant
2288 5513 2343 5567 in
2367 5513 2473 5566 via.
2499 5511 2635 5579 Quia
2669 5512 2917 5569 videlicet
2957 5514 3205 5570 conversi
3243 5521 3499 5585 peccato-

1915 5619 2006 5660 res
2031 5606 2085 5659 in
2115 5606 2397 5676 praesentis
2426 5606 2549 5659 vita:
2586 5605 2673 5658 via
2714 5605 3000 5672 deﬁciunt,
3043 5606 3089 5661 si
3124 5606 3178 5661 in
3226 5621 3323 5661 sua
3366 5618 3499 5659 con-

1914 5699 2141 5754 scientia
2174 5699 2293 5753 sine
2312 5698 2571 5752 doctrinae
2592 5704 2790 5753 sancta:
2814 5697 3011 5768 pabulo
3032 5697 3394 5753 dimittantur.
3421 5693 3502 5751 Ne

1914 5804 2048 5862 ergo
2069 5789 2338 5845 lassentur
2366 5788 2421 5842 in
2457 5788 2617 5859 h'ujus
2659 5789 3114 5860 peregrinationis
3158 5788 3373 5852 itinere,
3400 5800 3502 5857 pa-

1912 5879 2103 5941 scendi
2135 5886 2262 5937 sunt
2305 5893 2463 5939 sacra
2509 5879 2893 5944 adtuonitloue.
2940 5874 3249 5943 Notandum
3289 5886 3504 5954 quoque
