3898 6440
595 401 704 460 983
1234 398 1297 454 Β.
1335 397 1591 456 RABANI
1628 397 1849 456 MAURI
1883 396 2209 454 ARCHIEP.
2249 397 2560 459 MOGUNT.
2597 403 2888 461 OPERUM
2922 405 3097 461 PA'RS
3133 406 3173 462 l.
3637 431 3697 487 ρει

592 515 740 586 quod
762 515 818 570 in
839 512 1105 586 superiori
1124 513 1407 585 signo,qui
1426 515 1714 586 propinqui
1733 521 1909 580 erant,
1922 522 1979 570 et
1991 513 2174 580 vicini,
2203 510 2260 574 Δ
2282 514 2451 568 nostri
2479 516 2764 586 signiﬁcat.
2795 519 2874 574 Ibi
2907 535 3067 590 super
3093 521 3287 590 fenum,
3312 525 3389 581 hic
3416 542 3543 599 super
3575 545 3695 598 ιρι-ηπ,

587 608 831 680 quinque
858 622 1116 664 sensuum
1135 622 1243 662 non
1279 607 1396 676 ipse
1420 607 1681 663 Dominus
1705 623 1895 662 eorum
1922 605 2176 662 recorda-
2276 607 2519 662 reﬁcitur
2551 627 2564 662 :
2603 609 2677 665 ibi
2701 611 2845 666 enim
2879 612 3137 668 celsitudo
3173 613 3356 672 Christi
3383 632 3559 692 propter
3582 644 3696 688 me

593 709 704 768 tur,
731 701 824 756 sed
853 699 1098 769 discipuli
1127 701 1502 765 recordamur,
1531 714 1777 769 vespere,
1805 699 1983 755 vicina
2015 708 2173 754 nocte
2273 696 2354 752 les
2384 699 2651 767 homines,
2677 710 2733 758 et
2753 702 3084 760 Hierusalem
3116 715 3395 774 terrenam,
3414 717 3575 771 carnali
3592 735 3696 789 speci

588 799 646 848 et
679 791 975 848 inclinante
997 791 1111 862 jam
1149 791 1278 847 sole.
1312 789 1412 846 Hic
1440 799 1620 845 autem
1652 791 1768 858 ipse
1807 789 2065 845 Dominus
2088 804 2173 844 re-
2275 789 2540 846 desiderio
2570 794 2798 864 tegitur;
2831 795 2918 851 hic
2945 805 3125 852 autem
3152 807 3343 854 remota
3365 806 3488 860 omni
3510 811 3712 879 cupiditate.

587 883 866 950 cordatur,
885 891 941 937 et
965 882 1214 938 misereri
1243 897 1302 937 se
1328 881 1478 947 dicit,
1493 888 1550 936 et
1569 894 1790 935 causam
1811 878 2171 934 miserationis
2273 883 2499 950 carnali,
2527 886 2780 942 convivas
2802 887 2938 943 Novi
2968 889 3290 946 Testamenti
3313 896 3413 963 spei
3453 878 3695 966 pel-manentis

585 974 827 1044 exponit,
857 974 985 1044 quia
1010 975 1188 1030 triduo
1215 974 1330 1045 jam
1361 979 1712 1044 perseverant
1742 985 1867 1026 cum
1887 986 1973 1036 eo,
2005 978 2059 1024 et
2088 969 2171 1024 di-
2272 973 2675 1032 ﬁrmamentum
2702 987 2958 1049 tanquam
2981 981 3152 1050 ipsius
3178 985 3365 1040 montis
3398 986 3587 1048 soliditas
3613 999 3694 1053 nuli)

585 1065 804 1120 mittere
843 1081 936 1124 eos
962 1065 1178 1136 jejunos
1205 1080 1314 1120 non
1336 1064 1470 1128 vult,
1489 1078 1568 1118 ne
1593 1062 1844 1119 deﬁciant
1873 1062 1929 1116 in
1963 1061 2067 1116 via.
2109 1060 2169 1114 In
2268 1063 2395 1120 leno
2425 1066 2741 1138 interposito
2765 1072 3097 1128 continebat.

585 1163 699 1210 toto
723 1156 868 1213 enim
913 1156 1110 1211 saaculo
1153 1156 1368 1226 generis
1419 1154 1642 1210 humani
1686 1154 1908 1208 tertium
1954 1161 2167 1221 tempus
2339 1155 2411 1210 Et
2439 1159 2697 1229 accipiens
2726 1159 2880 1214 Jesus
2907 1176 3100 1234 septem
3124 1182 3279 1234 panes
3296 1175 3343 1222 et
3363 1175 3564 1240 pisces,el
3579 1181 3693 1246 gratia

583 1254 686 1310 est,
720 1247 864 1316 quod
906 1246 1028 1302 ﬁdei
1068 1246 1389 1303 Christiana:
1413 1247 1587 1317 gratia
1619 1245 1743 1300 data
1779 1253 1880 1299 est.
1918 1242 2160 1298 Primum
2267 1264 2443 1318 agens,
2469 1249 2622 1318 fregit
2646 1260 2695 1304 et
2716 1252 2858 1305 dedit
2886 1253 3154 1326 discipulis
3180 1260 3303 1323 suis,
3326 1269 3369 1313 et
3403 1242 3692 1331 discipulidede-

581 1351 711 1408 ergo
735 1347 818 1394 est
846 1346 972 1394 ante
993 1339 1186 1410 legem,
1210 1337 1506 1394 secundum
1536 1339 1635 1393 sub
1664 1337 1800 1408 lege,
1827 1338 2045 1392 tertium
2065 1337 2164 1392 sub
2269 1347 2388 1393 runt
2417 1343 2628 1410 populo.
2657 1342 2676 1415 (
2691 1342 2933 1417 Venant.)
2964 1348 3223 1405 Dominus
3245 1353 3484 1424 accipiens
3507 1370 3624 1426 panes
3645 1360 3694 1414 da-

581 1431 777 1500 gratia.
805 1432 875 1486 Et
892 1433 1148 1503 quoniam
1170 1441 1424 1502 quartum
1471 1432 1648 1486 adhuc
1689 1439 1879 1495 restat,
1905 1432 2049 1500 quod
2095 1429 2166 1484 ad
2265 1432 2361 1487 bat
2387 1433 2662 1504 discipulis
2685 1438 2892 1505 suis,ut
2911 1440 3010 1510 ipsi
3032 1454 3280 1514 acceptos
3298 1448 3448 1503 turbae
3465 1465 3691 1520 apponeret,

579 1521 947 1590 plenissimam
982 1535 1175 1594 pacem
1201 1525 1533 1580 Hierusalem
1569 1523 1808 1580 caelestis
1833 1525 2044 1578 venturi
2069 1538 2164 1578 su-
2265 1524 2390 1593 quia
2421 1526 2678 1595 spiritalis
2707 1530 2848 1584 dona
2879 1533 3124 1589 scientia:
3170 1537 3396 1595 tribuens
3430 1544 3619 1611 apostolis
3643 1561 3693 1616 per

581 1627 723 1678 mus,
753 1628 859 1682 quo
882 1615 1054 1670 tendit
1072 1615 1317 1684 quisquis
1344 1623 1489 1669 recte
1534 1613 1706 1669 credit
1753 1613 1808 1668 in
1854 1613 2160 1680 Christum,
2265 1629 2450 1670 eorum
2483 1617 2844 1676 ministerium
2880 1623 3048 1678 voluit
3078 1625 3325 1684 Ecclesiae
3349 1645 3447 1687 suae
3485 1649 3557 1703 per
3588 1613 3692 1691 orba:

576 1713 867 1775 propterea
898 1722 958 1762 se
996 1707 1127 1763 dicit
1153 1708 1368 1763 turbam
1393 1706 1541 1762 illam
1590 1705 1816 1763 reﬁcere
1868 1707 2115 1764 Dominus

2152 1748 2157 1768 ,
2265 1704 2388 1760 vita:
2426 1706 2631 1762 cibaria
2656 1709 2927 1767 distribui.
2955 1713 3111 1781 Quod
3139 1733 3262 1772 vero
3292 1718 3436 1790 fregit
3470 1738 3593 1792 panes
3620 1742 3691 1795 quos

573 1809 645 1850 ne
666 1795 915 1851 deﬁciam
939 1797 996 1852 in
1026 1797 1132 1851 via.
2188 1866 2235 1882 ﬁ
2264 1795 2542 1868 discipulis
2563 1801 2732 1869 dedit,
2747 1808 3080 1875 apertionem
3103 1810 3688 1882 designatsacrameulomm.

644 1885 715 1940 Et
743 1886 926 1942 dicunt
952 1888 999 1942 ei
1036 1887 1276 1959 discipuli
1307 1903 1327 1940 .°
1361 1887 1509 1942 Unde
1541 1905 1661 1959 ergo
1689 1888 1837 1942 nobis
1857 1904 2017 1958 panes
2043 1896 2162 1942 tan-
2188 1866 2236 1925 Β
2264 1866 2460 1960 quibus
2485 1895 2552 1949 ad
2579 1866 2896 1966 perpetuam
2928 1900 3161 1957 salutem
3193 1866 3692 1962 nutriendus—eratindi-

570 1985 650 2030 tos
694 1985 752 2030 ut
784 1987 1079 2033 saturemus
1106 1978 1314 2038 turbam
1347 1981 1590 2034 tantam?
1625 1979 1851 2052 (ΜΑυιὶ.)
1884 1978 2009 2034 Haec
2039 1995 2160 2035 sen-
2261 1985 2381 2040 dus.
2405 1985 2540 2042 Cum
2567 1989 2712 2044 enim
2757 1992 2834 2046 ait
2879 1993 2996 2062 ipse
3037 1996 3294 2051 Dominus
3322 2011 3336 2050 :
3372 1996 3431 2051 Et
3476 2016 3584 2051 nemo
3618 2002 3690 2052 norit

571 2066 740 2120 tentia
769 2068 958 2123 rudem
980 2067 1140 2124 ﬁdem
1164 2069 1341 2124 adhuc
1365 2069 1608 2124 ostendit
1631 2068 2040 2140 discipulorum,
2065 2070 2158 2140 qui
2259 2073 2460 2130 Filium
2485 2078 2587 2132 nisi
2608 2078 2790 2147 Pater,
2807 2099 2970 2152 neque
2994 2081 3211 2138 Patrem
3233 2086 3342 2156 quis
3361 2087 3564 2140 noritnisi
3580 2087 3689 2152 Filius,

570 2174 679 2214 non
709 2160 1065 2214 recordamur
1094 2160 1332 2229 quinque
1360 2160 1592 2230 panibus
1640 2160 1953 2217 hordeaceis
2001 2162 2158 2231 quin-
2257 2180 2306 2224 et
2328 2172 2414 2226 cui
2437 2172 2655 2228 υοιαεήτ
2687 2173 2862 2230 Filius
2890 2177 3121 2232 revelare
3170 2177 3317 2249 (Luc.
3342 2178 3421 2252 x),
3444 2179 3543 2250 quid
3564 2180 3629 2234 nisi
3642 2196 3689 2250 pl-

566 2266 674 2320 que
701 2251 868 2306 millia
895 2252 1176 2308 hominum
1199 2251 1358 2323 paulo
1385 2260 1511 2308 ante
1539 2252 1767 2318 satiata;
1795 2253 1842 2340 si
1869 2253 2012 2308 enim
2035 2268 2158 2324 pcr-
2257 2279 2380 2318 nem
2411 2265 2533 2320 vita;
2573 2267 2729 2322 nobis
2773 2284 2871 2338 per
2920 2284 2978 2324 se
3023 2270 3365 2340 aperiendum
3409 2271 3690 2326 demonstravi”

563 2343 705 2399 lecte
755 2343 1116 2415 intelligerent
1167 2352 1445 2399 auctorem
1474 2354 1528 2399 et
1566 2335 1842 2418 datorem,
1872 2360 1982 2399 non
2025 2360 2155 2400 cun-
2256 2356 2321 2411 ad
2351 2358 2506 2428 cujus
2531 2335 2791 2414 interiori;
2817 2335 3094 2416 cernendi.
3123 2377 3220 2432 per
3243 2377 3337 2418 nos
3373 2362 3496 2432 ipsos
3514 2371 3689 2432 penem

561 2443 844 2491 ctarentur
861 2437 1008 2493 unde
1036 2437 1261 2492 haberet
1289 2436 1447 2490 turba
1482 2435 1852 2491 refectionem.
2253 2451 2615 2521 nequivimus,
2644 2453 2744 2509 cui
2768 2464 2960 2511 compa
2991 2457 3257 2526 propheia
3298 2457 3593 2512 miserabilem
3619 2471 3688 2524 quo.

632 2527 704 2581 Et
735 2528 810 2582 ait
839 2527 944 2582 illis
973 2526 1128 2583 Jesus
1157 2542 1176 2581 .'
1205 2527 1343 2593 Quot
1377 2544 1538 2618 panes
1568 2527 1812 2581 habetis?
1847 2526 2152 2618 Interrogat
2253 2543 2501 2598 mmdam
2530 2545 2817 2614 deplorans
2845 2546 3049 2603 famem
3082 2535 3264 2604 aiebas
3293 2563 3307 2602 ε
3333 2547 3519 2604 Pansa
3537 2548 3687 2618 ρειίσιιι

561 2617 779 2687 quidem
807 2632 916 2674 non
965 2617 1119 2688 quasi
1167 2617 1410 2688 ignarus,
1441 2617 1537 2673 sed
1571 2617 1724 2688 quasi
1775 2617 2018 2674 docendo
2068 2631 2153 2673 re-
2249 2649 2461 2704 ραηεηι,
2494 2651 2587 2688 nec
2611 2637 2834 2706 εναιιμιε
2861 2637 3130 2708 frangere;
3169 2639 3241 2692 εί,
3281 2636 3470 2707 (Tmen,
3504 2617 3574 2707 ii).
3602 2631 3682 2699 Quod

560 2724 878 2779 εμοηευτοε·
2250 2733 2332 2778 est
2360 2723 2482 2779 aliis
2513 2724 2697 2780 verbis
2743 2726 2924 2782 dicere
2959 2745 2972 2781 :
3005 2727 3220 2784 lndocti
3266 2727 3543 2798 quasierunt
3576 2721 3683 2793 palnh

625 2802 694 2855 At
723 2801 804 2856 illi
833 2801 1077 2858 dixerunt
1120 2816 1140 2855 :
1172 2801 1303 2858 Octo
1329 2811 1378 2858 et
1407 2819 1602 2874 paucos
1627 2801 1928 2874 pisciculos.
1959 2801 2144 2874 (ΗΑΒ.)
2247 2815 2399 2871 νει-ω
2425 2816 2519 2871 Dei
2551 2831 2657 2886 quo
2691 2819 2758 2872 ad
2780 2817 3040 2873 virtutem
3087 2819 3244 2875 bona;
3284 2817 3559 2888 ορεηιίοηίε
3576 2827 3684 2868 conta-

552 2894 698 2951 Bene
721 2905 847 2952 octo
865 2913 1035 2968 panes
1053 2897 1108 2952 in
1133 2899 1395 2969 mysterio
1415 2897 1551 2953 Novi
1577 2898 1909 2954 Testamenti
1937 2913 2147 2969 ponun-
2247 2905 2515 2962 lescerent
2542 2908 2712 2974 reﬁci,
2741 2923 2842 2964 nec
2871 2915 3012 2975 erat,
3034 2910 3312 2981 magistris
3330 2903 3682 2970 deﬁcientibus,qui

553 2997 660 3056 tur,
689 2989 745 3044 in
769 3005 877 3060 quo
901 2989 1235 3062 septiformis
1261 2991 1437 3064 gratia
1473 2990 1712 3062 Spiritus
1735 2991 1908 3047 sancti
1935 2990 2145 3060 plenius
2243 3000 2324 3056 eis
2350 2999 2754 3070 scripturarum
2779 3017 2979 3058 arcana
3005 3002 3351 3073 patefaceret,
3371 3016 3532 3072 eosque
3551 2999 3595 3054 ad
3606 2998 3682 3051 ria

551 3077 800 3134 ﬁdelibus
827 3080 1066 3143 cunctis,
1111 3088 1166 3135 et
1213 3081 1479 3137 credenda
1527 3080 1817 3145 revelatur,
1847 3088 1904 3135 et
1938 3079 2142 3135 credita
2244 3092 2490 3148 vei-imis
2516 3094 2844 3149 institueret.
2865 3093 3124 3165 Acceptis
3151 3103 3328 3151 autem
3367 3095 3425 3149 ad
3457 3089 3682 3162 frangendum

548 3168 728 3224 datur.
753 3168 940 3242 Neque
965 3173 1256 3230 hordeacei
1280 3172 1450 3230 fuisse
1471 3174 1866 3244 producuntur,
1893 3171 2139 3286 sicutqilli
2168 3222 2212 3286 Ο
2246 3184 2478 3254 panibus
2496 3186 2758 3244 Dominus
2780 3189 2986 3272 gratias
3009 3190 3144 3260 agit,
3169 3189 3225 3243 ui
3259 3195 3310 3244 et
3331 3187 3432 3258 ipse
3457 3178 3682 3254 quantuni:

545 3261 805 3332 quinque:
836 3263 904 3319 de
932 3264 1131 3334 quibus
1177 3265 1418 3336 quinque
1463 3274 1591 3322 ειιιη
1638 3265 1919 3320 hominum
1966 3262 2137 3318 millia
2169 3261 2212 3286 υ
2244 3277 2419 3332 salute
2448 3280 2661 3350 generis
2691 3261 2913 3338 humani
2944 3284 3300 3354 congaudeat,
3327 3281 3554 3342 ostendat,
3575 3283 3610 3331 et
3631 3287 3682 3328 nos

545 3356 794 3422 saturati,
826 3372 895 3412 ne
917 3357 1118 3413 iterum
1147 3357 1289 3414 sicut
1314 3358 1369 3413 in
1409 3357 1529 3429 lege
1577 3356 1744 3413 vitale
1798 3356 1993 3412 anima:
2039 3355 2137 3410 ali-
2243 3369 2310 3423 ad
2333 3371 2572 3440 agendas
2595 3372 2798 3443 gratias
2831 3375 2942 3430 Deo
2971 3374 3249 3430 ίηίοιπιει,
3296 3373 3419 3430 Cum
3454 3370 3520 3424 vel
3558 3377 3684 3422 terreat

541 3454 786 3502 mentum
813 3449 1190 3520 corporalibus
1216 3451 1576 3506 sacramentis
1606 3452 1974 3521 obtegeretur.
1999 3447 2140 3503 Hor—
2241 3478 2382 3532 pane
2408 3478 2648 3531 carnem,
2682 3465 2770 3521 vel
2805 3467 3042 3524 animam
3085 3468 3323 3535 οωιεειί,
3367 3478 3552 3536 superna
3584 3456 3681 3530 gratia

543 3537 634 3594 dei
681 3538 826 3593 enim
872 3540 1106 3595 medulla
1154 3543 1500 3598 tenacissima
1547 3542 1704 3612 palea
1750 3543 1974 3614 tegitur.
2025 3539 2137 3597 Nec
2241 3554 2526 3626 largienie,
2558 3558 2852 3614 reﬁcimus,

540 3627 646 3700 ipsi
690 3629 959 3700 pisciculi,
1003 3648 1140 3703 quos
1182 3635 1343 3690 simul
1381 3651 1504 3691 cum
1551 3637 1784 3706 panibus
1839 3651 1897 3692 se
1933 3637 2137 3692 habere
2309 3643 2380 3698 Et
2417 3651 2750 3702 comederunt
2773 3665 2972 3718 omnes,
2998 3660 3048 3705 et
3085 3652 3311 3707 δαείη-σεε
3328 3657 3452 3705 sunt.
3477 3642 3679 3700 Mandth

539 3721 771 3790 apostoli
798 3721 1215 3792 proﬁtebantur,
1243 3727 1364 3782 sine
1392 3727 1656 3799 mysterio
1705 3735 1850 3782 sunt.
1905 3726 2040 3782 Nam
2089 3727 2136 3782 si
2239 3734 2306 3789 de
2340 3735 2572 3804 panibus
2616 3737 2830 3794 Domini
2869 3756 2934 3796 ac
2977 3743 3245 3813 piscibus,
3275 3751 3329 3799 et
3367 3729 3676 3800 saturantur,qui

537 3810 592 3864 in
623 3811 852 3880 panibus
895 3824 1104 3886 septem
1137 3815 1418 3888 Scriptura
1459 3818 1594 3875 Novi
1624 3819 1954 3876 Testamenti
1992 3819 2136 3876 desi-
2239 3828 2521 3886 audientes
2563 3831 2732 3885 verba
2782 3831 2900 3898 Dei,
2931 3810 2996 3888 et
3012 3834 3262 3905 exempla
3286 3834 3533 3895 intuentes,
3552 3827 3677 3894 adp»

537 3911 758 3972 gnatur,
787 3905 841 3960 in
879 3908 1036 3977 cujus
1071 3909 1306 3966 lectione
1335 3927 1435 3981 per
1471 3913 1702 3984 gratiam
1743 3915 1916 3969 sancti
1955 3912 2132 3983 Spiri-
2237 3917 2442 3976 fectum
2469 3923 2597 3977 vita:
2621 3925 2976 3980 correctionis
2996 3940 3096 3996 per
3118 3927 3236 3982 haec
3273 3924 3473 3982 excitari
3508 3927 3678 3988 alitum

534 4001 621 4046 tus
653 3992 899 4090 internas
927 3999 1190 4053 mentium
1220 4001 1407 4071 epulas
1435 4002 1741 4058 invenimus
1760 4045 1775 4070 ,
1806 4005 1935 4074 quid
1961 4005 2016 4058 in
2045 4004 2132 4074 pi-
2180 4021 2186 4026 ‘
2237 4027 2462 4085 surgere
2486 4013 2764 4070 festinant.
2799 3992 3016 4084 Quibus
3046 4028 3174 4088 apte
3217 4017 3445 4090 congruit
3481 4011 3575 4068 illud
3601 4002 3678 4062 Psal»

532 4082 755 4138 sciculis
776 4101 914 4154 quos
933 4087 1262 4145 benedicens
1286 4092 1496 4162 pariter
1529 4093 1789 4150 Dominus
1822 4096 1992 4151 turba:
2015 4094 2132 4165 jus-
2236 4082 2411 4162 mistaa
2443 4125 2455 4161 :
2496 4107 2668 4163 Edent
2705 4082 2958 4181 pauperes
2978 4151 2993 4177 ,
3025 4082 3100 4167 ει-
3113 4082 3482 4173 saturabuntur,
3501 4116 3538 4160 et
3566 4101 3676 4155 luda-
3772 4143 3773 4182 ξ

531 4172 604 4225 sit
632 4175 854 4243 apponi,
881 4177 985 4232 nisi
1028 4189 1246 4236 sanctos
1298 4184 1596 4253 accipimus
1639 4185 1784 4241 illius
1835 4190 2130 4259 temporis,
2236 4197 2362 4251 bunt
2384 4197 2552 4254 Deum
2574 4202 2664 4272 qui
2687 4172 2954 4272 requirunt
2979 4172 3127 4268 eum,
3157 4205 3548 4259 uiuetcoreorm
3573 4195 3608 4246 iu
3624 4203 3677 4241 te-

529 4277 630 4363 l’el'
659 4279 800 4367 ‘IBOS.
832 4269 1023 4323 eadem
1057 4278 1143 4326 est
1171 4273 1390 4328 condita
1420 4274 1720 4345 Scriptura,
1766 4277 1852 4334 vel
1898 4295 2132 4350 quorum
2235 4290 2413 4344 culum
2438 4269 2620 4347 swculi
2651 4269 2824 4364 (Psal.
2862 4292 3001 4367 XXI).
3034 4294 3192 4362 Quod
3218 4304 3298 4350 est
3336 4300 3493 4364 aperte
3527 4287 3674 4341 dicere'
3772 4269 3773 4342 ἶ

530 4352 651 4422 ipsa
677 4355 963 4427 Scriptura
992 4360 1174 4426 ﬁdem,
1206 4365 1376 4420 vitam
1421 4374 1476 4421 et
1515 4368 1795 4437 passiones
1851 4372 2130 4429 continet?
2231 4381 2470 4437 Audient
2491 4352 2724 4440 humiles
2745 4352 2974 4441 verbum
3005 4352 3128 4454 Dci,
3151 4396 3208 4443 et
3232 4352 3433 4450 facient,
3463 4389 3507 4436 et
3537 4377 3584 4431 ad
3612 4373 3675 4425 lau-

664 4448 731 4505 de
773 4451 1097 4510 turbulentis
1130 4455 1294 4527 hujus
1337 4459 1519 4514 saeculi
1559 4459 1812 4518 ﬂuctibus
1858 4465 2030 4534 erepti
2065 4481 2130 4521 ac
2232 4474 2356 4530 dem
2387 4490 2494 4530 non
2535 4490 2687 4532 suam
2709 4517 2724 4544 ,
2751 4477 2846 4534 sed
2874 4445 3127 4550 superni,
3149 4445 3582 4552 largitoris'cuncta
3611 4476 3675 4534 qui!

527 4537 709 4594 divina
764 4541 1140 4603 benedictione
1189 4551 1516 4618 consecrati,
1568 4553 1920 4611 refectionem
1969 4557 2128 4612 nobis
2149 4615 2205 4640 ﬁ
2231 4567 2368 4623 bene
2397 4537 2721 4640 gesserunt;
2745 4537 3004 4627 τεῖοτθιξι,
3036 4571 3193 4630 unde
3217 4537 3399 4628 [Bel-im
3421 4568 3476 4622 ad
3498 4564 3612 4620 vitam
3629 4556 3675 4608 in-

1501 4615 1510 4618 -
2231 4615 2368 4623 η---
2434 4615 2683 4624 ---νηηη
2703 4615 2717 4637 ,
2747 4615 3004 4627 mm-.."
3041 4615 3192 4630 ,πων
3217 4615 3397 4628 ...νων
3421 4615 3476 4622 --

524 4629 818 4699 internam,
864 4652 933 4692 ne
977 4639 1031 4693 in
1078 4639 1241 4712 hujus
1286 4644 1472 4699 mundi
1523 4648 1862 4704 transeuntis
1886 4662 2123 4705 excursu
2149 4615 2206 4679 Β
2232 4615 2450 4715 terior-lis
2480 4660 2715 4716 hominis
2738 4661 3032 4729 inter-nam,
3054 4670 3115 4717 ut
3159 4671 3281 4734 pote
3314 4674 3440 4732 pane
3465 4655 3558 4708 vita:
3587 4651 3672 4701 εδω·

523 4723 877 4796 deﬁciamus,
935 4733 1182 4803 exemplo
1227 4751 1340 4791 suae
1388 4738 1674 4807 praebuere
1730 4741 1818 4797 vel
1867 4742 1992 4798 vita:
2035 4744 2122 4800 vel
2231 4751 2335 4805 rati
2361 4753 2698 4820 pervenient.
2727 4751 2826 4808 Cui
2871 4723 3063 4809 contra
3109 4723 3279 4809 ta-rdis
3314 4723 3592 4806 auditoribus

525 4817 738 4874 mortis.

2228 4817 2548 4916 Prop—[letam
2603 4847 2964 4917 exprobratur
2998 4861 3014 4902 :
3053 4846 3400 4903 Manducastis
3430 4852 3470 4896 et
3503 4852 3576 4892 nos
3604 4825 3669 4883 alii

593 4909 666 4964 Et
703 4915 948 4986 prwcepit
988 4925 1155 4974 turbae
1199 4930 1259 4975 ut
1308 4912 1652 4981 discumberet
1699 4944 1858 4998 super
1899 4938 2116 4988 terram.
2228 4909 2455 4990 saturati
2486 4909 2801 5011 (Hicin-v1).
2836 4936 3162 4996 Manducant
3207 4951 3440 5008 namque,
3463 4939 3506 4987 el
3530 4931 3672 4982 ωηεν

521 4998 698 5072 supra
809 5007 1106 5100 refectione
1132 5013 1373 5085 quinque
1402 5032 1604 5087 panum
1637 5021 1793 5077 turba
1825 5039 1988 5096 super
2039 5027 2120 5082 fe-
2227 4998 2504 5093 turantur,
2529 5030 2621 5098 qui
2667 4998 2862 5100 panem
2909 5033 3060 5088 verbi
3087 5032 3179 5088 Dei
3206 4998 3448 5087 audiendo
3470 5017 3669 5090 ἀθειιευθίν

519 5107 669 5191 num
685 5097 860 5191 viride
883 5099 1283 5173 discumbebat,
1309 5124 1456 5166 nunc
1498 5111 1587 5166 ubi
1634 5123 1841 5186 septem
1884 5120 2119 5188 panibus
2225 5117 2320 5174 sed
2347 5134 2453 5174 non
2487 5097 2736 5176 faciendo
2770 5138 2890 5191 quae
2915 5123 3162 5190 audiunt,
3188 5121 3315 5177 nihil
3349 5134 3407 5173 ex
3439 5115 3504 5170 his
3530 5109 3670 5162 intem

516 5182 947 5284 Ieticiendaﬂes-t,
974 5209 1133 5260 supra
1168 5204 1368 5255 terram
1397 5182 1735 5260 discumbere
1763 5182 2112 5282 praecipitur:
2223 5208 2548 5276 dulcedinis,
2577 5226 2687 5280 quo
2725 5182 2821 5266 cor
2849 5213 3092 5284 ipsorum
3125 5212 3470 5271 conﬁrmetur.
3497 5203 3536 5257 ίη
3555 5199 3669 5250 mm

517 5269 652 5341 quia
674 5289 773 5344 per
799 5275 1137 5347 Scripturam
1160 5281 1294 5354 legis
1319 5287 1501 5340 carnis
1525 5269 1794 5345 desideria
1831 5269 2044 5350 caldam
2063 5308 2120 5351 et
2222 5302 2502 5354 memoria:
2527 5269 2810 5371 recipiunt.

513 5365 775 5469 iubemur
822 5374 1202 5443 comprimere.
1249 5375 1432 5432 Omnis
1471 5380 1616 5434 enim
1663 5397 1786 5435 caro
1827 5384 2029 5454 fenum,
2065 5397 2117 5442 et
2293 5388 2364 5442 Et
2401 5389 2540 5460 quod
2576 5365 2832 5462 superfuit
2877 5395 2944 5450 de
2985 5396 3286 5469 fragmentis
3331 5393 3522 5449 tulerunt
3549 5386 3667 5447 εφη*

516 5458 689 5514 omnis
711 5459 880 5562 gloria
898 5465 1013 5535 ejus
1040 5476 1292 5538 tanquam
1315 5471 1414 5538 ﬂos
1437 5471 1543 5537 leni
1569 5470 1856 5545 (lsa.xr.).
1880 5475 1940 5530 In
1964 5475 2116 5536 Novo
2222 5458 2426 5549 sportas
2475 5458 2675 5550 plenas.
2734 5458 2892 5551 Quod
2941 5458 3116 5545 turbis
3179 5485 3412 5545 saturatis
3461 5471 3666 5562 ευρθτθηξν

515 5559 704 5608 autem
736 5553 1084 5615 Testamento
1111 5561 1286 5630 ipsam
1317 5577 1531 5634 quoque
1561 5575 1759 5621 terram
1788 5582 1854 5622 ac
1889 5569 2120 5628 faculta-
2221 5571 2449 5641 apostoli
2477 5573 2787 5642 sustollant,
2821 5585 2877 5632 et
2911 5588 3116 5649 septem
3147 5588 3347 5652 sportas
3371 5569 3562 5642 implent,
3589 5554 3665 5652 till“

515 5654 602 5702 tes
646 5649 975 5720 temporales
1019 5651 1393 5724 derelinquere
1433 5657 1794 5727 praecipimur,
1825 5659 1909 5714 vel
1943 5671 2113 5732 certe,
2218 5673 2345 5719 sunt
2372 5665 2562 5720 altiora
2601 5666 2950 5734 perfectionis
2975 5649 3256 5741 pnecepta,
3283 5667 3357 5722 vel
3379 5663 3522 5736 potius
3539 5650 3665 5743 etlIttf'

515 5740 646 5808 quia
666 5756 824 5798 mons
856 5743 910 5797 in
941 5759 1050 5814 quo
1080 5745 1235 5800 turba
1262 5746 1560 5803 Dominicis
1581 5751 1812 5818 panibus
1833 5751 2114 5810 reﬁcieba-
2221 5764 2459 5810 lamenta
2503 5765 2559 5810 et
2593 5756 2837 5823 consilia,
2882 5737 3003 5830 quae
3045 5737 3299 5832 generalis
3331 5753 3526 5812 ﬁdelium
3547 5737 3664 5798 multi-

516 5839 628 5892 tur.
674 5834 1054 5900 altitudinem.
1102 5846 1164 5897 ut
1215 5855 1378 5909 supra
1429 5841 1663 5901 diximus
1687 5882 1704 5912 ,
1753 5846 2114 5920 redemptoris
2219 5850 2346 5908 tudo
2369 5849 2557 5928 nequit
2581 5851 2846 5912 serVanda
2869 5862 2924 5915 et
2947 5855 3212 5929 implenda
3235 5839 3662 5923 attingemqu"
