3898 6466
162 448 270 505 985

1117 437 1469 495 COMMENT.
1509 437 1578 493 IN
1619 435 2051 494 MAT'I‘IIIEUM.
2090 467 2161 478 -
2198 437 2323 492 LIB.
2367 435 2426 492 V.

3305 441 3413 500 986

155 556 442 618 exsecutio
476 553 595 610 illos
623 552 836 624 proprie
880 550 1120 620 respicit,
1168 552 1258 620 qui
1313 549 1515 618 majore
1559 549 1733 604 sancti
1763 552 1891 613 Aet
1937 565 2186 616 errores,
2230 550 2517 606 mulierum
2561 558 2618 606 et
2660 564 2951 620 puerorum
3001 551 3309 606 nominibus
3350 555 3413 608 ﬁ-

156 649 398 722 Spiritus
425 647 598 720 gratia
638 645 802 715 pleni,
827 632 1129 714 generalem
1158 643 1338 714 populi
1366 643 1458 697 Dei
1509 656 1735 696 convcr-

156 742 425 798 sationem
460 735 658 792 mentis
697 742 858 804 atque
890 735 1068 805 Operis
1095 733 1423 788 sublimitate
1458 740 1735 786 transcen-

153 835 316 898 dunt,
361 829 612 901 qualibus
651 828 886 884 dicitur-2
913 826 974 881 Si
1005 827 1080 880 vis
1121 825 1378 896 perfectus
1408 841 1537 890 esse,
1582 823 1730 888 vade,

153 924 318 979 vende
369 923 543 976 omnia
587 937 704 992 qum
741 921 917 984 habes,
961 926 1065 972 etc.
1109 915 1324 988 (Matth.
1374 914 1511 986 xix).
1580 913 1734 969 Unde

151 1017 297 1070 bene
328 1022 547 1084 sportaa,
573 1013 767 1083 quibus
785 1011 1186 1066 Dominicorum
1234 1017 1357 1064 sunt
1381 1007 1594 1064 condita
1624 1007 1735 1061 fra-

151 1115 374 1175 gmenta
421 1104 690 1169 ciborum,
718 1111 921 1172 septem
951 1101 1116 1156 fuisse
1156 1109 1542 1155 memorantur.
1597 1098 1732 1153 Nam

150 1196 284 1264 quia
316 1203 514 1266 sporta:
533 1195 698 1266 junco
723 1201 777 1248 et.
804 1193 1098 1263 palmarum
1122 1190 1262 1246 foliis
1289 1191 1461 1247 solent
1492 1188 1728 1254 contexi,

150 1289 351 1342 merito
385 1287 442 1342 in
469 1295 780 1343 sanctorum
804 1285 1191 1355 signiﬁcatione
1219 1291 1504 1353 ponuntur.
1531 1281 1732 1336 Juncus

148 1381 354 1450 quippe
399 1395 562 1450 super
605 1393 773 1448 aquas
809 1378 957 1433 nasci
1001 1377 1277 1433 consuevit
1321 1395 1332 1430 :
1377 1376 1554 1446 palma
1603 1389 1732 1429 vero

150 1471 438 1525 victricem
473 1478 630 1526 ornat
657 1481 893 1524 manum.
944 1469 1008 1522 Et
1032 1468 1209 1540 juncis
1235 1468 1380 1522 vasis
1409 1475 1557 1521 recte
1585 1481 1731 1520 com-

146 1567 418 1630 parantur
449 1559 626 1624 electi,
674 1575 796 1615 cum
841 1559 1078 1613 radicem
1129 1558 1330 1622 cordis,
1375 1572 1442 1611 ne
1484 1557 1621 1611 forte
1664 1556 1730 1609 ab

145 1651 476 1706 aeternitatis
509 1665 693 1705 amore
728 1657 962 1716 arescat,
1000 1649 1053 1703 in
1094 1649 1209 1719 ipso
1237 1649 1362 1702 vita:
1390 1648 1536 1702 fonte
1559 1647 1727 1702 collo-

145 1752 294 1798 cant.
326 1743 712 1798 Assimilantur
739 1751 794 1797 et
819 1742 898 1797 eis
929 1756 1049 1811 qua:
1073 1741 1139 1795 de
1167 1740 1464 1809 palmarum
1496 1748 1622 1794 sunt
1650 1738 1730 1794 fo-

145 1837 239 1892 liis
268 1844 544 1903 contexta,
576 1853 698 1891 cum
735 1836 1111 1892 indefectivam
1149 1845 1365 1890 alterna:
1415 1835 1730 1890 retributio-

1835 655 2024 716 gurata
2052 653 2195 702 sunt.
2251 643 2499 699 Inﬁrmus
2531 652 2617 700 est
2638 645 2782 699 enim
2811 659 2974 699 sexus
3014 645 3320 710 mulierum,
3357 655 3414 700 et

1836 737 2009 793 facilis
2037 738 2104 793 ad
2132 721 2320 792 lusum‘
2346 737 2598 807 pueritia.
2626 736 2765 804 Quid
2805 744 2983 791 autem
3026 736 3166 792 lusui
3215 737 3412 808 puerili

1834 838 1945 885 tam
1974 829 2150 886 simile
2175 845 2337 898 quam
2373 829 2515 884 idola
2540 829 2756 884 colere?
2791 828 3016 896 Quando
3041 837 3094 884 et
3126 828 3414 898 Apostolus

1834 922 1901 976 ad
1951 922 2053 976 hoc
2099 920 2282 975 retulit
2331 905 2433 975 hoc
2478 936 2644 991 genus
2691 907 3108 990 superstitionis,
3143 936 3266 974 cum
3304 921 3410 974 ait:

1835 1011 2018 1082 Neque
2055 1010 2209 1064 idolis
2248 1011 2554 1076 serviamus,
2596 1011 3033 1081 quemadmodum
3062 1011 3279 1080 quidam
3321 1027 3411 1066 eo-

1833 1118 1970 1166 rum,
2003 1103 2136 1156 sicut
2166 1103 2416 1172 scriptum
2458 1110 2572 1154 est:
2601 1100 2746 1156 Sedit
2791 1101 3016 1172 populus
3065 1101 3412 1167 manducare,

1831 1202 1876 1246 et
1907 1192 2092 1256 bibere,
2123 1202 2168 1244 et
2193 1200 2533 1245 surrexerunt
2556 1191 2733 1244 ludere
2763 1190 2813 1262 1.!
2842 1189 2964 1245 Cor.
2994 1190 3070 1262 χ).
3098 1189 3412 1245 Mulieribus

1831 1297 1958 1352 ergo
1982 1283 2186 1336 similes
2219 1291 2396 1346 erant,
2439 1283 2532 1351 qui
2577 1283 2629 1335 in
2661 1281 2935 1336 laboribus
2965 1279 3408 1349 exspectationis,

1830 1390 2110 1444 quousque
2141 1375 2206 1429 ad
2231 1375 2496 1445 promissa
2526 1374 2619 1428 Dei
2649 1374 3015 1444 pervenirent,
3046 1388 3154 1427 non
3180 1371 3412 1426 viriliter

1829 1477 2266 1536 perseverantes,
2322 1475 2663 1522 teutaverunt
2710 1468 2906 1530 Deum;
2970 1466 3152 1536 pueris
3206 1472 3406 1529 autem,

1831 1558 1921 1628 qui
1967 1558 2223 1613 sederunt
2263 1559 2590 1613 manducare
2636 1569 2692 1614 et
2727 1558 2930 1622 bibere,
2957 1565 3012 1612 et
3057 1562 3412 1612 surrexerunt

1830 1655 2033 1710 ludere.
2087 1655 2204 1710 Non
2235 1656 2407 1711 solum
2435 1670 2562 1710 vero
2581 1655 2684 1727 ibi,
2717 1655 2810 1709 sed
2845 1654 3006 1707 etiam
3036 1651 3231 1722 populo
3273 1647 3411 1704 Novi

1831 1745 2183 1813 Testamenti,
2212 1748 2302 1818 qui
2345 1763 2452 1801 non
2487 1745 2782 1816 perdurant
2813 1758 3100 1799 occurrere
3151 1743 3205 1796 iu
3232 1741 3408 1795 virum

1827 1840 2149 1911 perfectum,
2171 1839 2255 1895 vel
2283 1838 2594 1892 inﬁrmitate
2620 1835 2835 1900 virium,
2865 1835 2946 1889 vel
2971 1833 3166 1887 mentis
3197 1831 3414 1884 levitate

143 1931 233 1984 nis
283 1931 600 1984 memoriam
651 1945 786 1999 puro
841 1931 895 1983 in
953 1930 1115 1985 corde
1170 1928 1420 1982 retinent.
1482 1927 1548 1982 Et
1591 1929 1728 1982 bene
1756 1921 1804 1980 B
1831 1933 2144 1986 mulieribus
2171 1940 2228 1984 et
2252 1931 2434 2000 pueris
2461 1927 2808 1996 comparandi
2841 1933 2984 1981 sunt.
3023 1923 3156 1977 Nam
3194 1921 3299 1976 illis
3332 1919 3414 1974 di-

145 2021 328 2086 turba,
362 2020 608 2091 quamvis
644 2020 898 2089 reliquias
930 2021 1193 2075 Dominici
1231 2019 1444 2092 prandii
1490 2034 1596 2073 non
1639 2035 1724 2072 ca-
1756 2053 1766 2066 .

141 2117 320 2177 peret,
352 2111 706 2165 manducasse
736 2121 913 2165 tamen
940 2118 994 2163 et
1021 2119 1262 2164 saturata
1293 2125 1414 2165 esse
1437 2118 1720 2164 narratur:

138 2202 272 2269 quia
311 2209 436 2256 sunt
471 2200 710 2256 nonnulli
759 2201 868 2271 qui,
903 2201 1004 2255 etsi
1053 2201 1234 2255 omnia
1289 2216 1384 2254 sua
1419 2199 1725 2269 relinquere

139 2303 442 2362 nequeunt,
490 2309 666 2362 neque
713 2293 929 2361 explere
974 2293 1077 2349 hoc
1117 2294 1260 2364 quod
1307 2294 1373 2347 de
1427 2292 1726 2363 virginibus

141 2385 342 2440 dicitur
376 2402 389 2438 :
436 2384 539 2450 Qui
566 2394 732 2454 potest
764 2401 946 2454 capere
973 2386 1166 2454 capiat,
1204 2395 1506 2455 caeteraque
1544 2384 1726 2453 hujusc

142 2476 315 2542 modi,
345 2484 525 2530 tamen
555 2475 856 2530 esurientes
899 2483 953 2530 et
978 2475 1223 2531 sitientes
1265 2475 1530 2544 justitiam
1580 2485 1727 2530 satu-

142 2576 352 2632 rantur,
386 2582 508 2622 cum
542 2565 807 2621 audiendo
855 2567 1108 2622 mandata
1156 2567 1290 2639 legis
1318 2567 1413 2622 Dei
1459 2568 1526 2622 ad
1557 2569 1726 2622 vitam

138 2657 462 2729 perveniunt
491 2665 768 2712 :cternam.

214 2748 383 2802 Erant
428 2759 602 2802 autem
644 2750 733 2819 qui
775 2749 1240 2816 manducaverunt,
1281 2759 1510 2821 quatuor
1548 2751 1719 2806 millia

137 2842 412 2896 hominum
463 2851 609 2896 extra
659 2841 900 2896 mulieres
946 2851 993 2896 et
1033 2842 1296 2913 parvulos.
1350 2843 1532 2915 (ΚΑΒ.)
1579 2843 1724 2899 Bene

137 2942 373 3002 quatuor
395 2933 582 2998 millia,
601 2942 661 2988 ut
681 2934 798 3003 ipso
819 2934 982 2988 etiam
1009 2949 1236 2989 numero
1262 2934 1541 2999 docerent,
1567 2950 1727 2989 evan-

137 3025 329 3097 gelicis
355 3042 413 3081 se
437 3035 621 3096 pastos
654 3041 776 3082 esse
802 3027 1042 3081 cibariis.
1104 3026 1287 3098 (Aug.)
1317 3026 1442 3082 Haec
1469 3043 1598 3098 ergo
1624 3042 1724 3097 pa-

138 3118 249 3173 stio
275 3118 342 3174 de
369 3119 598 3189 panibus
622 3129 853 3188 quatuor
867 3128 922 3172 et
945 3117 1130 3187 paucis
1161 3118 1454 3188 piseiculis,
1474 3127 1534 3171 ut
1563 3133 1725 3188 supra

141 3209 403 3276 diximus,
418 3210 485 3266 ad
498 3219 896 3267 sacramentum
907 3219 960 3266 et
973 3211 1205 3282 gratiam
1223 3211 1459 3282 pertinet
1473 3211 1726 3266 Ecclesiae

141 3308 202 3356 et
229 3299 360 3356 Novi
397 3301 750 3358 Tcstamenti.
806 3302 936 3369 Qua:
963 3303 1246 3358 notissima
1301 3303 1390 3357 illa
1421 3303 1727 3372 septenaria

140 3391 317 3445 sancti
347 3391 580 3462 Spiritus
609 3393 925 3461 operatione
962 3393 1327 3463 cognoscitur.
1366 3393 1434 3447 Et
1470 3393 1590 3448 ideo
1622 3409 1729 3449 non

138 3479 234 3536 hic
257 3481 361 3536 duo
383 3481 562 3551 pisces
585 3479 749 3536 fuisse
776 3481 1106 3548 scribuntur,
1137 3483 1276 3537 sicut
1306 3483 1360 3536 in
1388 3483 1559 3538 veteri
1587 3483 1726 3555 lege,

139 3575 236 3630 ubi
262 3577 366 3631 duo
399 3575 497 3631 soli
525 3575 882 3647 ungebantur,
915 3592 1011 3630 rex
1045 3585 1099 3631 et
1129 3577 1413 3643 sacerdos;
1454 3578 1546 3632 sed
1571 3577 1730 3646 pauci

140 3669 340 3738 pisces,
368 3667 422 3722 id
450 3674 553 3732 est,
581 3667 673 3736 qui
698 3667 860 3736 primi
888 3666 1116 3722 Domino
1140 3667 1268 3723 .Icsu
1299 3667 1516 3723 Christo
1555 3669 1731 3724 credi-

140 3758 362 3820 derunt,
403 3765 458 3811 et
497 3757 552 3811 in
591 3756 710 3826 ejus
755 3773 950 3812 nomen
997 3760 1143 3813 uncti
1193 3768 1349 3826 sunt,
1389 3770 1442 3815 et
1473 3760 1624 3815 missi
1661 3760 1727 3814 ad

139 3849 589 3920 praedicationem
615 3849 912 3921 Evangelii,
955 3859 1010 3904 et
1043 3849 1109 3904 ad
1139 3852 1514 3905 sustinendum
1545 3852 1732 3906 turbu-

139 3939 351 3994 lentum
388 3957 537 3995 mare
575 3940 734 4009 hujus
761 3941 964 4005 saeculi,
990 3950 1051 3995 ut
1077 3957 1175 4010 pro
1204 3943 1320 4011 ipso
1345 3958 1538 4013 magno
1561 3943 1727 4013 pisce,

142 4033 196 4086 id
223 4040 321 4096 est,
352 4048 448 4103 pro
475 4032 690 4088 Christo
733 4033 1001 4102 legatione
1029 4032 1405 4104 fungerentur,
1437 4035 1576 4089 sicut
1604 4050 1733 4103 apo-

141 4123 316 4178 stolus
367 4124 498 4178 dicit
524 4123 738 4179 Paulus.
796 4123 979 4193 Neque
1033 4125 1086 4179 in
1139 4125 1252 4193 ipsa
1298 4126 1454 4179 turba
1494 4127 1731 4195 quinque

144 4215 315 4270 millia
344 4217 620 4271 hominum
649 4215 882 4280 fuerunt,
915 4218 1055 4272 sicut
1099 4217 1227 4283 illic,
1260 4218 1349 4272 ubi
1382 4218 1626 4272 carnales
1651 4218 1730 4273 le-

143 4323 269 4378 gem
301 4309 647 4378 accipientes,
673 4309 727 4363 id
757 4318 858 4373 est,
893 4311 1129 4379 quinque
1159 4310 1339 4364 carnis
1365 4310 1615 4365 sensibus
1641 4311 1733 4366 de-

145 4401 249 4457 diti
295 4401 690 4473 signiﬁcantur,
741 4409 962 4471 propter
1012 4409 1244 4470 quatuor
1271 4401 1434 4455 animi
1481 4401 1732 4467 virtutes,

144 4491 347 4564 quibus
388 4493 441 4545 in
473 4492 576 4546 hac
604 4493 712 4546 vita
758 4491 1072 4561 spiritaliter
1097 4492 1320 4557 vivitur,
1368 4493 1730 4562 prudentiam,

144 4585 602 4655 temperantiam,
661 4584 1072 4648 fortitudinem,
1141 4584 1444 4654 justitiam,
1500 4600 1731 4654 quarum

143 4680 323 4752 prima
355 4690 440 4736 est
478 4679 714 4751 cognitio
763 4694 944 4734 rerum
989 4679 1413 4748 appetendarum
1443 4687 1499 4732 et
1527 4678 1735 4750 fugien-

144 4770 376 4837 darum;
420 4774 654 4829 secunda
695 4770 988 4827 refrenatio
1024 4771 1356 4840 cupiditatis,
1400 4775 1469 4827 ab
1500 4772 1584 4826 his
1617 4787 1740 4840 qua:

148 4865 525 4934 temporaliter
553 4866 850 4931 delectant;
895 4865 1050 4920 tertia
1087 4865 1318 4920 ﬁrmitas
1345 4866 1510 4919 animi
1542 4863 1737 4919 adver-

145 4973 247 5014 sus
281 4973 345 5013 ea
370 4974 491 5028 quae
525 4959 894 5029 temporaliter
932 4959 1158 5014 molesta
1198 4965 1355 5023 sunt;
1397 4967 1591 5027 quarta
1617 4974 1737 5027 qua:

143 5059 249 5116 per
289 5052 518 5100 caeteras
560 5059 750 5100 omnes
787 5045 1102 5100 diﬁ'unditur
1139 5045 1355 5100 dilectio
1390 5046 1484 5100 Dei
1523 5054 1579 5100 et
1605 5062 1733 5115 pro-

147 5133 285 5188 ximi
323 5151 338 5190 :
371 5149 501 5191 sane
548 5142 604 5191 et
647 5135 721 5191 ibi
767 5136 1002 5206 quinque
1053 5137 1241 5201 millia,
1278 5148 1333 5192 et
1377 5138 1464 5192 hic
1508 5147 1738 5209 quatuor

148 5224 340 5289 millia,
399 5226 640 5295 exceptis
689 5227 871 5296 pueris
915 5239 970 5283 et
1015 5228 1362 5294 mulieribus,
1412 5229 1578 5286 fuisse
1628 5249 1741 5288 me-

149 5326 454 5373 morantur.
517 5317 671 5384 Quod
716 5318 848 5373 mihi
901 5319 1112 5375 videtur
1165 5320 1233 5375 ad
1285 5321 1387 5376 hoc
1442 5323 1738 5391 pertinere,

149 5418 217 5464 ut
243 5408 607 5479 intelligamus
635 5448 652 5476 ,
703 5419 760 5464 et
818 5410 872 5464 in
920 5412 1116 5482 populo
1146 5414 1360 5469 Veteris
1408 5414 1740 5469 Testamenti

155 5501 327 5556 fuisse
364 5503 628 5570 quosdam
659 5500 920 5558 inﬁrmos
966 5505 1033 5558 ad
1078 5504 1404 5574 implendam
1439 5507 1737 5576 justitiam,

153 5609 280 5662 qua:
324 5593 615 5648 secundum
651 5593 824 5662 legem
871 5604 975 5656 est,
1027 5596 1079 5648 in
1123 5613 1227 5666 qua
1267 5597 1476 5666 justitia
1516 5615 1574 5653 se
1616 5613 1742 5667 apo-

155 5684 331 5737 stolus
359 5681 558 5737 Paulus
587 5683 704 5738 sine
739 5685 960 5753 querela
987 5696 1361 5740 conversatum
1395 5689 1526 5742 dicit
1553 5687 1738 5742 fuisse.

154 5771 292 5826 Item
328 5772 464 5828 alios
502 5773 762 5839 inﬁrmos,
801 5773 893 5844 qui
931 5773 1089 5828 facile
1123 5775 1506 5832 seducerentur
1545 5778 1596 5831 in
1625 5777 1742 5831 cul-

160 5875 278 5920 tum
310 5866 592 5922 idolorum.
622 5866 752 5935 Qum
784 5867 890 5924 duo
917 5882 1139 5939 genera,
1183 5867 1237 5923 id
1263 5877 1368 5936 est,
1403 5868 1744 5930 inﬁrmitates

1832 2023 2001 2078 citur:
2026 2022 2086 2077 Si
2109 2031 2282 2075 tamen
2305 2021 2509 2072 initium
2532 2019 2837 2073 substantia:
2855 2018 2969 2087 ejus
2991 2032 3150 2084 usque
3175 2016 3231 2067 in
3252 2013 3411 2081 ﬁnem

1828 2115 2038 2184 ﬁrmum
2079 2113 2391 2166 retineamus
2427 2109 2610 2181 (Hebr.
2646 2109 2748 2181 ιιι).
2794 2107 2901 2161 Illis
2941 2115 3121 2159 autem
3158 2122 3170 2156 :
3211 2100 3409 2164 Nolite,

1826 2209 1996 2278 pueri,
2022 2208 2149 2276 εθῑεὶ
2203 2205 2456 2270 sensibus,
2503 2203 2592 2257 sed
2635 2199 2840 2255 malitia
2886 2199 3112 2266 infantes
3140 2203 3322 2257 estote,
3354 2199 3411 2246 ut

1827 2298 2062 2352 sensibus
2092 2297 2304 2367 perfecti
2339 2296 2454 2349 sitis
2482 2294 2534 2365 (Ι
2558 2292 2681 2347 Cor.
2717 2293 2854 2361 xw).
2890 2290 2955 2343 Et
2977 2290 3098 2342 ideo
3133 2299 3312 2355 neque
3356 2284 3411 2337 in

1829 2389 2045 2452 Vetere,
2082 2399 2256 2456 neque
2287 2387 2340 2440 in
2373 2385 2520 2438 Novo
2553 2383 2903 2436 Testamento
2936 2378 3070 2432 tales
3124 2375 3415 2429 admittun-

1830 2488 1919 2533 tur
1953 2477 2021 2531 ad
2049 2491 2364 2541 numerum,
2398 2473 2492 2529 sed
2535 2473 2647 2527 sive
2688 2470 2761 2524 ibi
2791 2470 3028 2540 quinque
3071 2463 3260 2528 millia,
3298 2461 3415 2516 sive

1829 2572 1917 2626 hic
1941 2578 2175 2641 quatuor
2217 2569 2411 2635 millia,
2459 2566 2700 2636 exceptis
2743 2563 3061 2619 mulieribus
3106 2569 3161 2614 et
3207 2555 3412 2628 pueris,

1828 2659 1994 2714 fuisse
2024 2659 2295 2714 dicuntur.

1901 2750 1971 2804 Et
1995 2751 2212 2804 dimissa
2241 2749 2393 2803 turba
2423 2747 2658 2802 ascendit
2687 2748 2741 2800 in
2774 2743 3091 2808 naviculam,
3119 2752 3166 2795 et
3198 2739 3330 2795 venit
3356 2739 3415 2792 in

1828 2847 1960 2915 ﬁnes
2005 2844 2287 2914 Magedan.
2347 2845 2403 2898 In
2433 2843 2612 2898 Marco
2659 2850 2841 2898 autem
2890 2841 2963 2896 ita
3011 2839 3271 2907 scriptum
3299 2842 3413 2890 est:

1828 2937 1901 2992 Et
1932 2939 2109 2992 statim
2141 2937 2425 2990 ascendens
2454 2951 2632 2989 navem
2666 2950 2783 2987 cum
2817 2930 3088 3000 discipulis
3121 2929 3251 2992 suis,
3279 2925 3411 2980 venit

1828 3032 1883 3084 in
1903 3038 2076 3100 partes
2101 3027 2459 3082 Dalmanutha
2488 3025 2682 3097 (Marc.
2713 3024 2855 3095 vm).
2902 3022 3018 3076 Non
3050 3029 3231 3075 autem
3261 3016 3416 3072 dubi-

1828 3122 2052 3177 tandum
2083 3128 2168 3176 est
2220 3121 2468 3175 eumdem
2517 3120 2693 3175 locum
2728 3133 2847 3174 esse
2897 3117 2998 3172 sub
3047 3123 3278 3183 utroque
3321 3127 3420 3167 no-

1831 3215 1997 3269 mine.
2028 3211 2296 3285 (llieron.)
2350 3211 2484 3266 Nam
2516 3211 2757 3280 plerique
2786 3208 3002 3264 codices
3032 3206 3194 3261 etiam
3222 3218 3420 3258 secun-

1755 3281 1800 3344 C
1834 3306 1961 3360 dum
2005 3281 2245 3358 Marcum
2281 3281 2404 3356 Inon
2434 3301 2632 3356 habent
2660 3299 2764 3354 nisi
2793 3298 3071 3368 Magedan.
3110 3296 3205 3348 Est
3237 3301 3419 3347 autem

1832 3397 2128 3468 Magedana
2175 3396 2324 3467 regio
2371 3395 2516 3449 circa
2561 3393 2842 3457 Gerasan,
2920 3390 3419 3458 interpretaturque

1832 3488 2051 3558 Mageda
2099 3504 2255 3558 poma
2317 3487 2448 3556 ejus,
2503 3486 2618 3540 sive
2657 3485 2862 3539 nuntia.
2921 3478 3149 3552 (ΜΑυη.)
3197 3475 3421 3547 Mystice

1831 3579 2140 3649 signiﬁcans
2170 3578 2386 3632 hortum
2422 3577 2591 3642 illum,
2623 3576 2690 3630 de
2717 3589 2824 3644 quo
2850 3587 3080 3643 sponsus
3114 3570 3166 3624 in
3197 3567 3420 3623 Cantico

1833 3671 2167 3727 canticorum
2218 3669 2349 3724 dicit
2394 3687 2405 3720 :
2453 3667 2652 3722 Hortus
2708 3664 3017 3730 conclusus,
3083 3677 3234 3716 soror
3301 3674 3419 3712 mea

1833 3780 2024 3833 sponsa
2071 3761 2249 3833 (Cant.
2299 3761 2395 3832 ιν),
2448 3760 2536 3814 ubi
2583 3759 2878 3830 gignuntur
2926 3768 3085 3826 poma
3132 3751 3416 3813 virtutum,

1836 3853 2034 3922 ubique
2074 3853 2179 3907 rite
2219 3851 2498 3905 nuntiatur
2537 3863 2732 3906 nomen
2764 3845 2999 3902 Domini.
3029 3842 3166 3909 Quia
3196 3848 3304 3894 tota
3339 3837 3423 3891 die

1833 3954 1880 3997 et
1915 3961 2016 3998 non
2040 3953 2148 3998 tota
2171 3954 2318 3996 nocte
2345 3942 2584 3996 custodes
2613 3954 2883 3994 murorum
2910 3936 3025 4004 ejus
3049 3950 3152 3988 non
3182 3928 3422 3984 tacebunt

1834 4036 2056 4089 laudare
2087 4053 2272 4090 nomen
2297 4035 2507 4088 Domini
2532 4032 2667 4104 (Isa.
2699 4031 2856 4102 int).
2889 4027 3129 4083 Refectis
3155 4039 3284 4092 ergo
3308 4031 3424 4076 tur-

1835 4128 1919 4182 bis
1945 4129 2245 4182 ascendens
2295 4127 2346 4181 iu
2377 4126 2683 4180 naviculam
2715 4123 2974 4178 Dominus
3003 4118 3154 4173 venit
3201 4117 3254 4170 in
3287 4115 3422 4168 lines

1836 4220 2118 4291 Magedan,
2149 4228 2208 4274 ut
2237 4236 2338 4276 nos
2389 4220 2607 4274 doceret
2636 4225 2922 4288 postquam
2969 4211 3142 4266 turba:
3165 4206 3424 4280 pabulum

1834 4314 1985 4368 verbi
2043 4312 2177 4369 foris
2231 4313 2738 4377 ministraverimus,
2799 4310 2944 4363 intus
2994 4307 3063 4361 ob
3121 4300 3424 4358 custodiam

1837 4405 2016 4459 cordis
2070 4405 2249 4458 redire
2292 4420 2399 4457 non
2447 4399 2806 4473 negligam’us,
2853 4408 2913 4452 ut
2957 4395 3111 4452 suavi
3162 4395 3424 4448 virtutum

1836 4496 2147 4550 reﬁciamur
2170 4496 2312 4561 cibo,
2341 4505 2397 4550 et
2433 4497 2574 4550 intra
2617 4491 2923 4548 cubiculum
2967 4496 3213 4545 nostrum
3241 4483 3424 4540 clauso

1838 4589 1978 4644 ostio
2005 4587 2221 4643 Patrem
2249 4587 2528 4643 cmlestem
2557 4587 2862 4640 adoremus.

2429 4720 2656 4776 CAPUT
2697 4717 2837 4775 XVI.

1875 4833 1953 4887 De
1981 4833 2205 4887 cavendo
2237 4833 2488 4902 fermento
2519 4830 2939 4902 Pltaristeorum.
2961 4827 3038 4902 De
3067 4823 3390 4902 confessione

2062 4899 2299 4968 Petri,'et
2325 4921 2384 4958 eo
2410 4905 2660 4974 increpito
2686 4919 2748 4956 ne
2776 4899 3030 4956 scandala
3055 4900 3144 4966 sit,
3173 4905 3301 4975 etc.‘

1913 5042 2001 5115 [l.]
2033 5041 2098 5096 Et
2129 5049 2456 5097 accesserunt
2493 5041 2562 5095 ad
2597 5056 2716 5095 eum
2740 5037 3006 5092 Pharisazi
3043 5045 3091 5090 et
3117 5029 3427 5098 Sadducm',

1843 5146 2119 5202 tentantes,
2147 5147 2193 5190 et
2221 5146 2527 5207 rogaverunt
2555 5151 2695 5200 eum,
2724 5143 2778 5187 ut
2801 5133 3008 5201 signum
3033 5128 3097 5182 de
3122 5124 3248 5180 caelo
3272 5124 3430 5191 σπεν-

1847 5237 1923 5282 ret
1953 5230 2048 5283 eis.
2089 5227 2273 5298 (ΚΑΒ.)
2327 5227 2553 5299 Signum
2609 5228 2673 5281 de
2717 5224 2854 5280 caelo
2905 5223 3171 5288 quaerunt,
3223 5222 3285 5268 ut
3335 5212 3430 5284 qui

1847 5319 2014 5371 multa
2055 5319 2336 5370 hominum
2387 5315 2553 5368 millia
2604 5311 2838 5367 secundo
2879 5307 3068 5378 paucis
3105 5306 3172 5361 de
3197 5305 3432 5378 panibus

1850 5410 2091 5475 satiavit,
2141 5425 2285 5464 nunc
2326 5409 2380 5462 in
2423 5405 2727 5474 exemplum
2763 5403 2929 5474 Moysi
2974 5415 3171 5456 manna
3212 5398 3430 5455 caelitus

1852 5501 2058 5568 misso,
2121 5509 2176 5556 et
2222 5515 2320 5569 per
2379 5497 2560 5553 omnia
2622 5497 2821 5565 passim
2878 5495 3120 5563 disperso
3172 5493 3429 5563 populum

1845 5610 2061 5651 omnem
2109 5595 2281 5648 multo
2319 5603 2556 5661 tempore
2583 5591 2807 5644 reﬁciat.
2859 5588 3012 5656 Quod
3057 5589 3112 5642 in
3137 5583 3430 5656 Evangelio

1847 5686 2068 5741 Joannis
2113 5696 2232 5756 post
2262 5685 2496 5740 edulium
2525 5701 2720 5754 panum
2771 5684 2956 5738 turbas
2983 5683 3052 5736 ab
3078 5699 3143 5738 eo
3169 5679 3429 5751 quaesisse

1846 5780 2097 5850 legimus,
2126 5779 2367 5834 dicentes
2394 5797 2406 5831 :
2439 5778 2591 5843 Quod
2629 5796 2749 5848 ergo
2782 5790 2838 5830 tu
2859 5779 2993 5847 facis
3025 5779 3254 5846 signum,
3277 5781 3335 5826 ut
3355 5769 3430 5823 vi-

1848 5872 2084 5943 deamus,
2107 5881 2157 5928 et
2183 5871 2456 5928 credamus
2478 5872 2569 5930 tibi
2599 5872 2724 5944 quid
2749 5871 3024 5945 operaris?
3051 5868 3240 5926 Patres
