3898 6464
653 449 757 506 987

1323 443 1387 498 Β.
1427 439 1680 497 ΒΑΒΑΝΙ
1717 438 1935 496 MAURI
1973 434 2290 492 ARCHIEP.
2328 432 2636 491 MOGUNT.
2675 431 2862 489 OPER‘

2171 434 2290 491 lEP.
2328 432 2636 491 MOGUNT.
2675 431 2957 489 OPERUM
2994 432 3171 488 PARS
3206 433 3245 487 l.
3661 454 3710 509 ω

647 583 842 622 manna
892 562 1335 618 manducaverunt
1399 561 1455 613 in
1496 559 1698 613 deserto
1736 576 1753 614 :
1794 556 1929 610 sicut
1973 554 2226 624 scriptum
2251 551 2533 615 Aamore,
2586 549 2712 619 quia
2761 562 2971 619 semper
3016 549 3160 603 intus
3204 549 3529 611 reﬁciebantur
3555 562 3710 634 inccta,

638 652 972 712 ‘est:Panem
1000 651 1064 706 de
1084 650 1210 705 caelo
1236 649 1378 704 dedit
1404 651 1478 703 eis
1502 649 1822 702 manducare
1849 645 2030 716 (Joan.
2060 644 2154 715 γι).

717 747 785 821 At
813 746 904 801 ille
940 745 1250 815 respondens
1283 744 1357 798 ait
1389 742 1494 797 illis
1529 756 1547 793 :
1583 741 1751 795 Facto
1787 756 1993 809 vespere
2022 736 2227 792 dicitis:

647 836 901 895 Serenum
932 838 1049 901 erit,
1078 835 1425 890 rubicundum
1447 843 1521 889 est
1549 834 1685 901 enim
1715 832 1932 895 cretum;
1961 840 2010 884 et
2040 846 2227 885 mane:

646 927 820 983 Hodie
856 934 1157 997 tempestas,
1202 926 1383 979 rutilat
1409 928 1547 980 enim
1578 925 1724 979 triste
1760 923 1963 978 emtum.
2010 921 2230 977 Faciem

646 1036 768 1090 ergo
791 1017 905 1073 caeli
928 1018 1220 1087 dijudicare
1241 1018 1426 1082 nostis,
1449 1018 1597 1086 signa
1620 1025 1789 1071 autem
1813 1024 2101 1085 temporum
2126 1029 2231 1067 non

644 1112 874 1183 potestis.
901 1108 1171 1183 (Hierom)
1196 1109 1501 1166 Secundum
1523 1110 1801 1165 historiam
1831 1117 2008 1163 autem
2042 1122 2230 1162 sensus

636 1200 747 1255 iste
787 1199 1108 1256 manifestus
1155 1209 1257 1266 est,
1296 1201 1440 1272 quod
1486 1217 1552 1255 ex
1611 1200 2000 1255 elementorum
2042 1197 2230 1252 ordine

647 1300 807 1361 atque
854 1291 1208 1347 consonantia
1252 1292 1464 1363 possint
1505 1301 1561 1346 et
1607 1292 1780 1347 sereni
1825 1299 1879 1345 et
1905 1290 2067 1359 pluvii
2116 1290 2230 1344 dies

642 1382 931 1450 prmnosci.
965 1382 1169 1437 Scribm
1196 1392 1372 1438 autem
1403 1391 1455 1437 et
1481 1382 1759 1447 Pharisaei,
1791 1383 1881 1451 qui
1910 1382 2231 1435 videbantur

647 1485 769 1530 esse
813 1474 947 1545 legis
989 1472 1260 1538 doctores,
1300 1490 1365 1529 ex
1410 1475 1793 1545 prophetarum
1846 1472 2231 1527 vaticinatione

644 1574 760 1616 non
825 1569 1078 1632 poterant
1159 1564 1457 1634 intelligere
1531 1563 1831 1619 Salvatoris
1915 1564 2226 1616 adventum.

648 1650 833 1723 (Aug)
862 1651 1190 1723 Spiritaliter
1218 1662 1396 1709 autem
1424 1656 1567 1724 quod
1593 1655 1730 1709 dixit
1755 1654 2030 1719 Dominus,
2064 1652 2228 1707 Facto

638 1756 851 1810 uespere
869 1743 1044 1798 dicitis
1076 1760 1315 1799 serenum
1337 1744 1452 1812 erit,
1492 1746 1837 1799 rubicundum
1866 1755 1939 1799 est
1967 1747 2103 1799 enim
2130 1761 2229 1798 cte-

645 1829 753 1884 lum
781 1831 1066 1902 signiﬁcat,
1092 1836 1236 1904 quod
1262 1850 1360 1905 per
1386 1836 1703 1904 sanguinem
1734 1837 2001 1906 passionis
2026 1836 2225 1893 Christi

2333 641 2510 696 minus
2541 641 2605 696 de
2633 649 2849 697 terreno
2876 655 3033 711 pane,
3062 654 3167 712 quo
3195 656 3373 713 corpus
3397 649 3517 715 pasci
3541 652 3645 720 solet,
3670 676 3713 715 ιι.

2296 756 2299 757 ν
2333 736 2549 789 rabant.

2403 826 2506 892 Qui
2552 828 2683 881 dixit
2722 825 2827 880 illis
2868 845 2886 882 :
2933 826 3217 881 Intuemini
3254 837 3296 882 et
3344 838 3488 886 cavete
3525 850 3549 887 α
3575 835 3715 904 [mm

2332 920 2723 975 Pharismorum
2742 931 2790 975 et
2816 920 3242 976 Sadducteorum.
3264 923 3318 977 In
3334 922 3483 979 Marco
3498 927 3553 980 ita
3570 932 3714 999 scriptu

2330 1022 2411 1069 est
2439 1032 2451 1068 :
2489 1013 2687 1078 Videte,
2728 1022 2898 1069 cavete
2929 1032 2959 1068 a
2994 1015 3241 1085 fermento
3264 1014 3598 1087 Pharisaorun,
3619 1027 3715 1094 uta.

2330 1115 2500 1160 mento
2522 1106 2749 1162 Herodis
2797 1106 2989 1179 (Marc.
3028 1108 3167 1173 VIII).
3215 1104 3515 1165 Fermentum
3546 1113 3715 1172 Pharisae-

2331 1213 2448 1251 rum
2480 1207 2560 1255 est
2591 1200 2803 1255 decreta
2829 1200 2962 1271 legis
2991 1200 3186 1256 divinae
3219 1200 3541 1258 traditionibus
3560 1206 3713 1263 hominum

2326 1297 2685 1359 postponere;
2720 1292 2803 1345 vel
2832 1301 2976 1346 certe
3001 1291 3173 1362 legem
3197 1293 3363 1347 verbis
3390 1295 3716 1363 medical-elutis

2332 1381 2664 1451 impugnare.
2681 1383 3024 1439 Fermentum
3053 1401 3237 1440 eorum
3260 1393 3339 1440 est
3355 1386 3580 1443 Dominum
3595 1399 3716 1455 tutan,

2331 1491 2431 1529 nec
2456 1476 2711 1531 doctrina}
2741 1477 2855 1546 ejus
2898 1478 2992 1532 aut
3030 1479 3280 1548 operibus
3306 1480 3509 1544 credere,
3542 1483 3605 1538 sed
3633 1484 3716 1538 insil-

2332 1565 2494 1619 tando
2538 1566 2663 1631 alia,
2710 1567 2905 1637 quibus
2950 1569 3179 1624 credere
3221 1568 3451 1635 debeant,
3480 1580 3621 1641 petere.
3654 1573 3716 1630 l'u-

2331 1666 2572 1711 mcntum
2600 1657 2824 1714 Herodis
2849 1668 2932 1714 est
2957 1659 3295 1723 adulterium,
3326 1660 3611 1727 homicidium,
3632 1672 3716 1719 tuu-

2333 1751 2464 1804 ritas
2495 1749 2734 1818 jnrandi,
2763 1752 3035 1807 simulatio
3070 1750 3362 1822 religionis,
3394 1760 3441 1805 et
3464 1754 3569 1822 quod
3591 1756 3715 1811 omnia

2332 1850 2414 1898 est
2444 1853 2603 1914 caput
2626 1854 2679 1899 et
2708 1845 2859 1916 origo
2896 1845 3188 1910 scelerum,
3217 1844 3386 1898 odium
3418 1860 3470 1899 ac
3486 1848 3714 1915 persecutae

642 1920 699 1976 in
724 1922 902 1991 primo
928 1926 1161 1981 adventu
1200 1928 1527 2000 indulgentia
1556 1938 1899 1999 peccatorum
1946 1932 2122 1985 datur.
2156 1932 2224 1986 Et
2254 1907 2303 1976 Β
2329 1907 2602 1991 Christum
2642 1945 2696 1991 et
2734 1907 3124 2005 praecursorem
3168 1907 3301 2004 ejus,
3340 1907 3642 2006 pneconemque
3666 1939 3714 2006 pri

638 2028 800 2068 mane
821 2030 842 2069 :
869 2014 1041 2071 Hodie
1062 2027 1360 2089 tempestas,
1383 2020 1527 2074 rubet
1565 2021 1703 2074 enim
1734 2038 1853 2074 cum
1893 2022 2103 2076 tristitia
2128 2038 2227 2077 cre-

643 2105 779 2176 lum,
814 2110 1082 2182 signiﬁcat
1117 2114 1259 2183 quod
1303 2116 1537 2170 secundo
1580 2118 1815 2171 adventu
1865 2117 1986 2188 igne
2025 2135 2226 2188 praece-

642 2196 806 2255 dente
822 2210 1083 2259 venturus
1107 2212 1210 2259 est.
1236 2203 1449 2260 Faciem
1476 2207 1609 2261 enim
1642 2208 1755 2261 coeli
1769 2209 2016 2277 judicare
2040 2213 2220 2277 nostis,

641 2289 795 2359 signa
824 2303 997 2347 autem
1026 2304 1315 2365 temporum
1342 2314 1442 2351 non
1469 2300 1698 2368 potestis.
1731 2298 1894 2369 Signa
1923 2309 2225 2372 temporum

643 2378 779 2434 dixit
815 2381 882 2437 de
925 2384 1156 2439 adventu
1203 2403 1323 2452 suo,
1366 2389 1451 2443 vel
1498 2391 1769 2459 passione,
1798 2393 1885 2447 cui
1932 2394 2109 2449 simile
2144 2404 2227 2450 est

632 2472 857 2529 'roseum
912 2477 1109 2532 caelum
1164 2494 1428 2551 vespere;
1487 2490 1542 2537 et
1588 2483 1717 2539 item
1760 2486 1829 2539 de
1879 2486 2225 2543 tribulatione

638 2573 771 2619 ante
804 2566 1094 2623 adventum
1138 2584 1297 2626 suum
1328 2572 1593 2641 futurum,
1622 2575 1709 2630 cui
1744 2576 1921 2633 simile
1948 2585 2031 2633 est
2067 2594 2226 2633 mane

645 2667 861 2709 roseum
889 2673 1013 2712 cum
1041 2659 1264 2716 tristitia
1290 2664 1504 2719 coelum.

719 2743 999 2803 Generatio
1032 2751 1176 2806 mala
1218 2763 1267 2807 et
1297 2755 1539 2811 adultera
1579 2760 1786 2829 signum
1825 2761 2030 2832 quaerit,
2069 2771 2117 2816 et
2153 2764 2227 2817 si-

639 2850 800 2905 gnum
836 2854 941 2894 non
964 2841 1180 2897 dabitur
1216 2846 1286 2912 ei,
1324 2848 1425 2902 nisi
1458 2849 1663 2920 signum
1693 2852 1865 2906 Jomc.
1894 2852 2075 2925 (ΕΑΒ.)
2106 2854 2225 2909 Non

636 2932 770 2997 ergo
797 2928 957 2984 datur
991 2932 1204 3005 signum
1249 2940 1583 3006 generationi
1618 2941 1728 3007 illi,
1770 2942 1824 2997 id
1866 2951 1970 3009 est,
2009 2951 2224 2999 tentan-

641 3016 777 3071 tium
827 3018 1115 3078 Dominum
1172 3037 1229 3081 et
1277 3030 1655 3087 resultantium
1703 3035 1881 3089 verbis
1929 3034 2074 3103 ejus;
2121 3035 2225 3091 tale

634 3108 830 3179 utique
869 3112 1107 3182 signum,
1148 3118 1309 3188 quale
1355 3128 1627 3179 tentantes
1672 3126 2006 3193 quaerebant,
2036 3127 2221 3193 idest,

626 3197 709 3253 ‘de
757 3200 1162 3273 caelo:quibus
1210 3216 1390 3265 tamen
1438 3213 1604 3268 multa
1655 3215 1897 3270 coelestia
1952 3217 2117 3271 dabat
2169 3218 2224 3272 in

626 3295 805 3344 terra.
851 3291 1121 3351 Caeterum
1160 3303 1493 3370 generationi
1529 3308 1888 3376 quaerentium
1913 3309 2221 3379 Dominum,

636 3382 1034 3452 requirentium
1086 3389 1278 3448 faciem
1334 3395 1429 3451 Dei
1472 3398 1659 3468 Jacob,
1687 3403 1924 3473 signum
1972 3405 2038 3459 de
2085 3405 2225 3461 caelo

624 3476 978 3564 estendebat,
1012 3486 1228 3551 quando
1278 3492 1624 3548 cernentibus
1675 3496 1933 3564 apostolis
1979 3499 2225 3553 ascendit

624 3562 695 3665 de
722 3566 946 3665 οξυιιξηιέ
967 3576 1184 3665 quando
1211 3578 1377 3635 misso
1403 3583 1637 3654 desuper
1659 3562 1863 3656 spiritu
1891 3590 2222 3658 primitivum

628 3654 880 3724 implevit
905 3660 1224 3734 Ecclesium,
1249 3673 1464 3740 quando
1494 3675 1561 3729 ad
1590 3654 1990 3747 impositionem
2031 3698 2225 3741 manus

628 3748 1000 3844 apostolorum
1037 3756 1094 3811 in
1119 3757 1387 3827 Samaria,
1418 3762 1689 3834 Caesarea,
1718 3768 1953 3840 Epheso,
1999 3772 2224 3844 aliisque

634 3836 863 3935 urbibus
901 3858 966 3899 ac
1001 3846 1135 3904 locis
1170 3850 1436 3920 plurimis,
1466 3858 1697 3927 gratiam
1725 3836 1790 3916 de
1818 3836 1956 3919 etelo
1986 3836 2222 3935 Spiritus

622 3931 813 4029 sancti
839 3936 1180 4029 credentibus
1205 3945 1550 4004 ministravit.
1576 3951 1846 4027 (Hicron.)
1874 3931 2220 4024 Quid—autem

637 4023 857 4088 signum
877 4023 1029 4081 Jonas
1062 4029 1166 4085 sibi
1193 4033 1343 4101 velit,
1378 4038 1491 4107 jam
1518 4055 1679 4109 supra
1706 4023 1910 4099 dictum
1938 4056 2037 4102 est.

809 4114 1003 4210 relictis
1029 4119 1137 4175 illis
1156 4123 1303 4178 abiit.
1338 4127 1559 4185 Relictis
1604 4134 1797 4190 scribis
1832 4146 1887 4192 et
1910 4137 2217 4210 Pharismis,

638 4200 837 4303 quibus
880 4206 1095 4265 dixerat
1122 4228 1136 4264 :
1162 4211 1440 4273 Generatio
1482 4223 1626 4276 mala
1656 4234 1705 4278 et
1737 4227 1979 4284 adultera
2015 4200 2221 4303 signum

620 4293 930 4390 nquwrit,get
968 4302 1177 4371 signum
1206 4321 1313 4362 non
1341 4308 1555 4365 dabitur
1577 4315 1645 4379 ei,
1685 4318 1786 4370 nisi
1818 4320 2024 4389 signum
2044 4293 2215 4390 εῖοηω,

618 4392 787 4531 vre'clte
815 4386 947 4446 abiit
972 4399 1126 4451 trans
1156 4395 1374 4482 fretum,
1403 4410 1456 4458 et
1486 4408 1729 4474 gentium”
1768 4386 1984 4468 secutus
2015 4423 2099 4470 est
2123 4386 2221 4486 po;

620 4488 669 4531 1)
728 4494 835 4531 us...

620 4488 835 4545 putus...

2328 2043 2476 2082 mum
2527 2028 2677 2097 regni
2729 2027 2987 2082 caelestis.
3030 2026 3081 2080 Α
3107 2041 3213 2096 quo
3242 2036 3542 2094 utrorumque
3574 2026 3714 2080 lennem

2329 2120 2492 2174 etiam
2517 2118 2804 2189 Apostolus
2840 2133 2937 2173 nos
2968 2116 3264 2187 prohibens
3291 2116 3392 2170 ait:
3416 2116 3560 2185 Itaque
3576 2118 3715 2185 mm

2329 2227 2433 2264 non
2474 2211 2530 2263 in
2560 2210 2813 2280 fermento
2852 2211 3044 2276 veteri,
3109 2225 3269 2279 neque
3305 2209 3355 2262 in
3390 2208 3582 2276 fermento
3606 2208 3713 2259 nabat

2327 2309 2375 2355 et
2418 2301 2680 2373 nequitur,
2703 2302 2793 2355 sed
2837 2301 2894 2355 in
2916 2301 3118 2371 azymis
3166 2300 3451 2355 sinceritatis
3482 2311 3518 2354 et
3542 2298 3712 2366 rerituirll

2329 2394 2454 2450 Cor.
2488 2395 2565 2466 v).

2401 2487 2464 2541 At
2511 2486 2591 2540 illi
2628 2487 2923 2557 cogitabant
2964 2486 3106 2540 inter
3142 2502 3219 2551 se,
3263 2484 3502 2538 dicentes:
3535 2481 3711 2547 Quium

2327 2595 2433 2633 non
2462 2578 2774 2649 accepimus.
2820 2576 3003 2633 Sciens
3044 2588 3222 2631 autem
3254 2575 3394 2630 Jcsus
3427 2570 3712 2636 diait:0-itw~
3764 2554 3765 2607 Ῐ

2327 2672 2504 2742 gitatis
2527 2671 2664 2724 inter
2686 2687 2788 2735 vos,
2815 2670 3036 2723 modica:
3057 2669 3208 2739 ﬁdei,
3229 2669 3343 2739 quia
3360 2682 3492 2736 panes
3515 2681 3582 2717 non
3594 2659 3715 2713 iridis?

2332 2761 2586 2815 Nondum
2613 2759 2927 2830 intelligitis,
2968 2775 3135 2829 neque
3174 2756 3484 2812 recordamini
3511 2754 3711 2824 quinquere-
3764 2804 3765 2807 η

2326 2867 2474 2915 num,
2508 2858 2559 2902 et
2603 2851 2831 2921 quinque
2868 2848 3036 2903 millia
3081 2849 3371 2913 hominum,
3407 2855 3447 2899 et
3480 2852 3566 2915 quot
3588 2840 3713 2909 δίψιοι
3764 2836 3765 2841 ¹

2326 2941 2663 3011 sumpsistis?
2698 2941 2883 3013 Neque
2924 2949 3123 3011 septem
3154 2956 3373 3011 panum,
3403 2948 3443 2992 et
3467 2930 3709 3007 φυσωτῶ

2326 3035 2617 3099 hominum,
2648 3043 2697 3088 et
2725 3043 2849 3105 quot
2878 3043 3085 3104 sportas
3116 3030 3430 3103 sumpsistis?
3458 3022 3711 3093 Quercentis-

2327 3123 2559 3194 telligitis
2600 3125 2726 3195 quia
2762 3138 2867 3178 non
2905 3124 2969 3177 de
3009 3141 3149 3193 pane
3187 3123 3295 3175 dixi
3330 3112 3710 3181 vobis:Cartttt{tt-

2326 3225 2501 3269 mento
2536 3206 2939 3270 Pharisaeorum
2978 3224 3028 3269 et
3053 3213 3480 3270 Sadducreorum?
3500 3210 3574 3264 Per

2328 3322 2453 3362 nem
2476 3308 2753 3378 praecepti,
2778 3308 2919 3377 quod
2943 3305 3196 3361 Salvator
3216 3308 3451 3377 iusserat,
3472 3302 3611 3363 dicens,
3624 3295 3710 3347 Cm

2326 3416 2358 3453 a
2383 3399 2633 3468 fermento
2662 3398 3058 3455 Pharisteorum
3086 3411 3135 3454 et
3161 3418 3194 3453 a
3216 3399 3443 3468 fermento
3461 3388 3708 3449 Herodiadotﬁ

2326 3508 2420 3548 eos
2451 3494 2580 3563 quid
2609 3493 2914 3565 signiﬁcent
2947 3493 3189 3563 quinque
3218 3505 3403 3562 panes,
3428 3497 3474 3543 et
3495 3493 3637 3554 septem,
3661 3480 3709 3531 sit:

2325 3586 2539 3657 pisculi,
2593 3594 2686 3641 aut
2731 3586 2969 3657 quinque
3004 3586 3176 3641 millia
3211 3584 3487 3645 hominum,
3515 3586 3553 3633 et
3582 3580 3705 3643 quam.

2327 3690 2447 3745 quae
2476 3685 2628 3745 pasta
2659 3685 2785 3731 sunt
2827 3676 2882 3731 in
2919 3690 3129 3731 eremo.
3160 3674 3308 3742 Quod
3334 3672 3445 3727 licet
3468 3669 3707 3755 signorum?

2325 3767 2549 3837 gnitudo
2587 3768 2868 3839 perspicua
2901 3768 2994 3836 sit,
3029 3775 3213 3823 tamen
3260 3766 3391 3821 aliud
3426 3750 3707 3847 spiritali

2325 3860 2509 3930 gentia
2557 3860 2981 3916 demonstretur.
3042 3859 3103 3915 Si
3153 3860 3291 3916 enim
3335 3857 3586 3911 fermentum

2324 3929 2555 4009 sincrum
2605 3962 2660 4009 et
2707 3953 3131 4009 Sadduczeorum
3196 3960 3250 4008 et
3306 3950 3565 4006 fermentum
3596 3929 3707 3992 Herdis

2322 4061 2432 4101 non
2485 4047 2821 4115 corporalem
2883 4062 3108 4116 panem,
3137 4047 3230 4103 sed
3275 4043 3543 4100 traditiones
3559 4036 3708 4105 μεπῶ

2312 4149 2380 4198 ’et
2424 4142 2678 4196 hieretica
2728 4141 2996 4212 signiﬁcat
3029 4141 3299 4214 dogmata,
3329 4152 3473 4210 quare
3491 4142 3530 4187 et
3561 4117 3707 4189 cibitlni‘

2322 4231 2425 4288 bus
2460 4233 2694 4288 nutritus
2723 4242 2805 4289 est
2832 4234 3059 4303 populus
3094 4235 3209 4300 Dei,
3250 4249 3350 4288 non
3384 4240 3529 4283 veram
3547 4214 3705 4276 doctrinam

2321 4325 2697 4397 integramque
2750 4326 3105 4395 signiﬁcent?
3188 4321 3462 4383 Istiusmodi
3514 4316 3705 4409 ῐεηιξεηῐξῐων

2322 4422 2464 4490 quod
2508 4421 2654 4474 omni
2710 4422 2919 4476 ratione
2965 4421 3244 4476 vitandum
3290 4427 3382 4483 est,
3412 4411 3553 4469 habuit
3571 4404 3705 4460 llam-

2319 4518 2374 4565 et
2404 4509 2738 4577 Valentinus,
2771 4520 2825 4566 et
2872 4528 3063 4568 omnes
3097 4511 3348 4568 haeretici.
3377 4506 3625 4562 Fermentum
3641 4491 3705 4543 1W

701 4568 1195 4688 “Etcumpemsselnt
1217 4585 1463 4649 discipuli
1498 4598 1647 4648 trans
1670 4595 1881 4664 fretum,
1922 4600 2069 4655 obliti
2093 4614 2214 4660 sunt
2240 4628 2294 4688 Β
2318 4604 2431 4659 vim
2480 4606 2661 4671 habet,
2700 4568 2758 4660 ut
2794 4606 2838 4660 si
2874 4606 3063 4662 farinae
3112 4608 3321 4661 mistum
3366 4599 3514 4676 fuerit,
3548 4586 3706 4661 quodve-

626 4674 790 4732 panes
827 4670 1078 4739 accipere.
1130 4674 1345 4743 Quaerat
1373 4680 1586 4753 aliquis,
1616 4693 1670 4740 et
1715 4688 1899 4743 dicat:
1935 4690 2215 4758 Quomodo

626 4762 799 4854 panes
840 4773 947 4814 non
997 4760 1297 4854 habebant,
1351 4771 1443 4838 qui
1490 4774 1673 4828 statim
1723 4776 1960 4847 impletis
2007 4793 2213 4854 septem

629 4826 653 4847 η
1283 4826 1292 4831 ν
1367 4826 1385 4838 ,
1504 4826 1509 4827 κ
1723 4826 1958 4847 --Ἵ----υ
2007 4826 2065 4836 ην
2108 4826 2213 4839 νυ...

627 4846 830 4934 sportis
857 4853 1217 4913 ascenderunt
1260 4863 1584 4931 naviculam,
1619 4877 1673 4925 et
1705 4883 1967 4928 venerunt
1997 4875 2050 4929 in
2069 4826 2215 4934 tﬁnes

627 4933 908 5032 ﬁlagedan,
948 4944 1132 5016 ibique
1175 4953 1401 5008 audiunt
1440 4958 1786 5029 navigantes,
1841 4966 1983 5032 quod
2020 4933 2215 5024 cavere

616 5027 859 5088 debeant
897 5050 928 5090 a
954 5036 1223 5097 fermento
1247 5027 1645 5105 Pharisaeorum
1677 5059 1731 5106 et
1758 5027 2214 5115 Sadduczeorum?

763 5123 1041 5224 Scriptura
1072 5142 1338 5204 testatur,
1366 5142 1509 5210 quod
1560 5144 1710 5199 obliti
1748 5148 1857 5202 sint
1902 5164 1994 5206 eos
2026 5167 2241 5224 secum.

612 5209 1240 5308 rtol‘lere..(kan:)00uod
1270 5209 1454 5287 autem
1481 5235 1785 5308 navigaturi
1827 5247 1978 5297 trans
2013 5242 2211 5300 fretum

607 5297 946 5361 obliti-sunt
990 5310 1247 5368 viaticum
1297 5330 1514 5373 sumere
1564 5297 1769 5390 secum,
1823 5297 2214 5388 indiciumes—t

623 5402 790 5490 quam
818 5399 1084 5490 modicam
1115 5408 1296 5462 carnis
1329 5425 1515 5464 curam
1561 5411 1826 5469 baberent
1872 5416 1929 5472 in
1954 5418 2209 5490 reliquis;

614 5483 822 5579 quibus
845 5489 957 5560 ipsa
984 5496 1259 5554 reﬁciendi
1289 5504 1532 5573 corporis
1557 5507 1874 5574 necessitas,
1907 5526 2027 5579 qum
2053 5483 2212 5569 natu;

614 5574 819 5635 aliter
840 5584 1050 5641 uinctis
1076 5591 1397 5648 mortalibus
1424 5595 1585 5663 inest,
1617 5574 2209 5664 intentione-Dominici

608 5670 923 5768 Ecomilat-us‘
940 5688 1117 5736 mente
1143 5695 1469 5742 excesserat.
1504 5688 1654 5745 Unus
1679 5708 1811 5745 vero
1838 5696 2014 5763 panis,
2047 5714 2208 5768 quem

594 5764 1109 5866 tecum-habebant
1133 5772 1189 5827 in
1218 5775 1363 5841 navi,
1390 5777 1616 5847 mystice
1640 5781 1815 5851 ipsum
1842 5799 2036 5854 panem
2061 5764 2207 5857 vitae,

612 5845 913 5930 ‘Dominum
958 5860 1212 5924 videlicet
1270 5845 1633 5944 Salvatorem,
1659 5845 1678 5851 -
1704 5845 1985 5954 designat,
2059 5845 2210 5956 cujus

2318 4710 2447 4749 vum
2482 4693 2786 4761 videbatur,
2835 4707 3046 4752 crescat
3118 4697 3174 4753 in
3220 4694 3378 4766 majus
3421 4700 3466 4745 et
3495 4685 3543 4741 ad
3578 4684 3703 4766 53W“

2320 4799 2476 4839 suum
2514 4784 2825 4841 universam
2874 4789 3307 4859 conspersionem
3338 4784 3501 4839 trahat.
3538 4762 3703 4829 laude
3764 4762 3765 4815 Υ

2317 4875 2493 4931 ctrina
2523 4876 2794 4945 haeretica,
2825 4880 2870 4934 si
2896 4880 2980 4933 vel
3018 4881 3277 4936 modicam
3315 4871 3548 4933 scintillam
3578 4861 3610 4916 in
3633 4864 3702 4907 19m“

2313 4973 2505 5034 pectus
2543 4967 2756 5037 jccerit,
2804 4969 2858 5023 in
2896 4969 3048 5025 brevi
3089 4973 3275 5044 ingens
3312 4967 3492 5022 ﬂamma
3522 4950 3703 5044 ευςσῗξδξ

2318 5028 2372 5110 et
2427 5028 2592 5111 totam
2637 5028 2870 5114 hominis
2909 5028 3298 5130 possessionem
3337 5057 3396 5112 ad
3430 5068 3477 5108 se
3512 5042 3635 5103 mh“
3652 5028 3703 5130 βυ(

2319 5158 2404 5205 est
2449 5150 2514 5205 de
2577 5166 2684 5221 quo
2731 5162 2788 5207 et
2821 5126 3113 5225 Apostolus
3156 5154 3415 5223 loquitur:
3453 5126 3692 5197 Μοάὶικνηίσ

2318 5249 2550 5294 mentum
2593 5250 2753 5296 totam
2795 5260 3023 5299 massam
3070 5245 3341 5316 corrumpit
3376 5232 3564 5310 (Gal-Vl-

2393 5330 2538 5384 Tunc
2580 5333 2947 5390 intellexerunt
2992 5338 3117 5410 quia
3165 5313 3464 5391 non-dixerit
3499 5313 3702 5410 carendtf"

2318 5421 2571 5492 fermento
2597 5443 2812 5497 Panum,
2835 5431 2927 5483 sed
2952 5449 2983 5483 a
3004 5396 3237 5485 doctrina
3258 5424 3575 5481 Phariswmm
3594 5414 3624 5461 ί(
3635 5396 3700 5496 δέ

2320 5514 2641 5572 ducworum.
2679 5518 2906 5594 (MAUR.)
2951 5524 3104 5592 Quod
3140 5524 3215 5580 eis
3254 5520 3370 5576 utile
3410 5520 3506 5571 erat
3540 5498 3701 5575 Ws“:51L

2320 5609 2461 5679 quod
2490 5613 2735 5666 nocivum
2762 5615 2937 5670 vitare
2959 5615 3138 5685 jussit.
3215 5609 3438 5668 Doctrina
3468 5599 3574 5656 enim

2318 5703 2550 5769 stitiosa,
2596 5714 2650 5758 et
2688 5706 2962 5773 haeretica,
3007 5716 3190 5780 gravat
3226 5703 3378 5773 magis
3401 5708 3527 5769 quam
3562 5680 3701 5780 adiali?

2317 5797 2534 5866 mergit,
2573 5806 2627 5851 et
2653 5813 2760 5851 non
2809 5769 3065 5869 erigith
3094 5802 3227 5857 bono
3267 5769 3379 5866 ergo
3410 5769 3703 5858 magisth

2312 5892 2423 5963 puli
2456 5890 2706 5948 instructi
2739 5868 3121 5955 intellexerunt
3145 5894 3198 5954 in
3223 5891 3452 5955 fermento
3470 5868 3703 5942 seductum
