3898 6472
207 429 316 490 989

1181 429 1533 486 conusur.
1573 429 1642 486 IN
1680 413 2118 488 Murranum.
2157 461 2228 474 —
2261 433 2389 490 LIB.
2427 433 2490 492 v.

3363 441 3468 506 990

202 539 608 604 Pharisreorum
635 548 691 598 et
715 540 1154 608 Sadducaeorum,
1199 541 1308 596 imo
1340 540 1580 598 omnium
1616 542 1788 598 haere—
1811 545 1867 606 Α
1888 557 2098 596 summa
2137 543 2397 599 virtutum
2439 553 2544 612 est,
2587 507 2759 604 Deum
2799 547 2982 607 vivum
3017 551 3254 626 appellat
3291 507 3362 612 ad
3397 557 3478 614 ἀί.

211 632 574 710 ticorum’qui
611 631 881 686 contraria
931 631 1147 702 sapiunt
1187 631 1423 698 veritati,
1474 646 1791 701 expressam

207 723 488 782 vitandam
513 740 652 780 esse.
700 721 873 792 Quam
912 731 966 778 et
991 724 1212 778 omnino
1242 723 1342 794 ipsi
1375 724 1704 790 vitaverunt,
1736 729 1792 778 et

208 815 372 874 nobis
399 816 713 892 fugiendam
731 831 852 872 esse
879 823 1223 873 censuerunt.
1246 813 1377 872 POSt
1403 816 1519 872 haec
1547 815 1792 888 sequitur

207 911 520 979 Matthaaus,
549 919 606 968 et
629 909 759 967 dicit
784 927 798 963 :
1093 977 1112 986 η

287 1000 400 1076 [ιι]
435 1000 588 1057 Venit
607 1009 780 1056 autem
799 997 956 1055 Iesus
985 1000 1041 1054 in
1065 1009 1237 1070 partes
1253 997 1512 1056 Caasarea:
1532 997 1788 1074 Philippi.

209 1089 497 1162 Philippus
533 1091 634 1146 iste
661 1099 745 1146 est
783 1087 956 1147 frater
978 1087 1231 1156 Herodis,
1263 1089 1330 1145 de
1359 1103 1465 1158 quo
1487 1089 1600 1160 jam
1630 1105 1792 1160 supra

211 1185 470 1250 diximus,
505 1182 778 1238 tetrarcba
803 1181 994 1252 [tureae
1022 1190 1076 1238 et
1101 1179 1498 1236 Trachonitidis
1533 1179 1790 1252 regionis,

210 1277 312 1348 qui
340 1276 394 1332 in
419 1276 680 1332 honorem
709 1273 909 1330 Tiberii
937 1272 1186 1336 Caesaris,
1212 1270 1512 1328 Cmsaream
1537 1271 1792 1344 Philippi,

211 1382 340 1439 quae
370 1383 512 1422 nunc
537 1365 748 1420 Paneas
775 1365 993 1428 dicitur,
1021 1362 1322 1433 appellavit.
1369 1359 1436 1416 Et
1465 1371 1549 1417 est
1587 1363 1642 1417 in
1670 1377 1796 1434 pro-

207 1459 399 1514 vincia
423 1457 698 1514 Pbmnicis
749 1454 988 1508 imitatus
1016 1452 1281 1509 Herodem
1329 1460 1569 1522 patrem,
1607 1452 1698 1520 qui
1739 1452 1793 1506 in

207 1547 482 1602 honorem
503 1547 729 1616 Augusti
759 1543 988 1599 Ctesaris
1015 1543 1301 1613 appellavit
1324 1540 1648 1605 Caesaream,
1677 1555 1796 1614 qua:

205 1641 368 1712 prius
395 1639 584 1695 Turris
621 1624 892 1694 Stratonis
919 1637 1230 1702 vocabatur,
1259 1645 1316 1692 et
1343 1651 1409 1692 ex
1438 1636 1654 1690 nomine
1681 1634 1796 1710 ejus

207 1729 340 1786 ﬁliae
357 1729 654 1786 Lubiadem
683 1738 832 1783 trans
855 1725 1144 1783 Jordauem
1183 1727 1468 1784 exstruxit.
1501 1727 1607 1782 Iste
1645 1726 1795 1781 locus

206 1832 299 1881 est
331 1823 593 1880 Caesareae
611 1821 866 1892 Philippi,
893 1821 982 1876 ubi
1009 1819 1260 1877 Iordanis
1289 1820 1462 1874 oritur
1488 1820 1555 1874 ad
1582 1819 1793 1875 radices

1894 634 2237 690 stiuctionem
2286 635 2550 692 falsorum
2602 638 2853 710 deorum,
2908 657 3044 712 quos
3073 647 3236 702 .vario
3289 647 3476 707 delusa

1893 741 2078 782 errore
2122 726 2394 797 gentilitas
2433 729 2516 784 vel
2546 729 2611 784 de
2636 731 2867 790 mortuis
2905 717 3350 802 sibi.homiuibus
3395 739 3482 799 in-

1892 815 2089 884 stituit,
2115 816 2200 872 vel
2238 815 2443 888 majore
2482 818 2755 876 dementia
2792 823 2860 878 de
2895 823 3192 882 insensibili
3228 829 3477 900 mamia,

1894 922 2032 997 quos
2053 906 2326 997 adoraret,
2351 909 2573 965 creavit.
2599 911 2676 966 De
2702 912 2897 980 quibus
2919 915 3132 992 canitur
3158 918 3216 973 in
3235 919 3474 997 psalmo:

1897 995 2198 1051 Simulacra
2236 997 2486 1069 gentium,
2535 1010 2807 1072 argentum
2842 1012 2892 1056 et
2927 1021 3137 1072 aurum,
3167 1025 3326 1080 opera

1895 1104 2058 1141 nuum
2104 1089 2395 1156 hominum,
2441 1107 2497 1144 os
2534 1091 2742 1159 habent,
2785 1104 2832 1148 et
2875 1087 3325 1170 nonqloquuntur,
3367 1112 3474 1176 etc.

1896 1179 2266 1254 (Psal.cxm).
2311 1181 2618 1240 Notandum
2667 1194 2848 1242 autem
2897 1179 3060 1259 quam
3108 1176 3474 1258 mirandam-

1895 1273 2183 1329 stinctione
2217 1275 2290 1328 sit
2329 1274 2550 1343 factum,
2597 1287 2657 1333 ut
2701 1295 2820 1336 cum
2867 1282 2932 1337 de
2973 1291 3206 1358 utraque
3237 1285 3477 1358 ejusdem

1895 1363 2109 1418 Domini
2140 1371 2196 1418 et
2222 1362 2515 1420 Salvatoris
2552 1368 2722 1422 nostri
2758 1378 2947 1436 natura
2987 1374 3054 1428 ab
3083 1357 3200 1444 ipso
3226 1357 3474 1441 Domino,

1894 1463 1952 1510 et
1993 1471 2023 1509 a
2053 1455 2193 1512 ﬁdeli
2224 1455 2340 1532 ejus
2368 1455 2630 1528 discipulo
2665 1467 2809 1520 esset
2835 1444 3156 1529 proferenda
3186 1449 3475 1533 sententia,

1885 1547 2320 1629 .Dominusipse
2373 1553 2730 1622 humilitatem
2786 1566 3085 1628 assumpta:
3115 1539 3481 1632 humanitatis

1891 1625 2234 1712 profiteatur,
2272 1643 2568 1714 discipulus
2597 1625 2989 1704 excellentiam
3020 1625 3214 1710 divinae
3261 1625 3482 1712 aeterni-

1895 1734 2026 1788 tatis
2054 1736 2324 1791 ostendat.
2355 1737 2616 1792 Dominus
2653 1739 2720 1794 de
2758 1755 2816 1807 se
2863 1743 3006 1812 quod
3044 1743 3224 1800 minus
3261 1723 3364 1812 est,
3387 1746 3480 1812 ,ἀί-ο

1896 1827 2135 1897 scipulus
2166 1830 2231 1884 de
2255 1831 2480 1887 Domino
2509 1833 2726 1890 intimat
2753 1835 2894 1906 quod
2929 1833 3103 1914 majus
3138 1845 3252 1902 est;
3296 1836 3480 1898 Domi-

205 1915 430 1983 Libani,
463 1925 518 1972 et
555 1915 716 1970 habet
745 1915 879 1969 duos
918 1912 1113 1980 fontes,
1146 1929 1311 1967 unum
1349 1913 1565 1968 nomine
1590 1911 1708 1978 Jor,
1743 1904 1872 1966 etB
1898 1933 2001 1975 nus
2039 1921 2104 1974 de
2141 1936 2200 1976 se
2229 1923 2371 1990 quod
2418 1922 2592 1980 factus
2629 1934 2712 1984 est
2750 1904 2970 1996 propter
3016 1909 3132 1998 nos,
3183 1927 3478 1996 discipulus

206 2008 444 2064 alterum
483 2006 627 2074 Dan,
659 2005 751 2076 qui
793 2003 953 2061 simul
985 2004 1131 2060 misti
1159 2001 1411 2058 Jordauis
1449 2017 1644 2056 nomen
1685 2000 1797 2055 elli-

207 2101 390 2155 ciunt.

287 2189 356 2244 Et
389 2187 744 2258 interrogabat
772 2185 1056 2256 discipulos
1098 2203 1238 2252 suos,
1272 2185 1487 2240 dicens:
1523 2183 1687 2250 Quem
1716 2183 1796 2236 di-

185 2277 340 2335 cunt
367 2281 602 2334 homines
630 2296 739 2334 esse
765 2277 934 2348 ﬁlium
969 2278 1236 2332 hominis?
1261 2275 1376 2332 Non
1410 2276 1544 2330 dixit
1580 2291 1592 2328 :
1627 2275 1796 2340 Quem

202 2387 301 2428 me
335 2372 522 2426 dicunt
554 2371 802 2426 homines
831 2384 974 2436 esse,
1000 2369 1094 2425 sed
1119 2368 1290 2438 ﬁlium
1330 2367 1579 2431 hominis,
1610 2380 1677 2419 ne
1714 2365 1798 2436 ja-

207 2471 426 2522 ctanter
453 2463 520 2520 de
547 2479 604 2537 se
629 2478 872 2534 qumrere
899 2461 1191 2520 videretur.
1246 2461 1311 2516 Et
1337 2469 1466 2515 nota
1505 2459 1646 2529 quod
1675 2457 1795 2512 ubi-

187 2572 428 2629 .cuuque
455 2557 716 2626 scriptum
741 2564 826 2610 est
854 2555 906 2609 in
934 2555 1116 2610 Veteri
1146 2553 1493 2608 Testamento
1524 2552 1666 2605 ﬁlius
1695 2549 1794 2605 ho-

201 2649 396 2714 minis,
425 2648 481 2703 in
507 2646 732 2702 Hebraeo
769 2647 1003 2718 positum
1047 2645 1117 2701 sit
1157 2645 1298 2700 ﬁlius
1318 2644 1520 2710 Adam;
1563 2644 1799 2711 illudque

202 2741 359 2812 quod
410 2741 464 2796 in
499 2740 709 2812 psalmo
757 2739 1026 2810 legimus:
1056 2736 1186 2790 Filii
1227 2738 1494 2791 hominum
1536 2755 1798 2808 usquequo

203 2833 360 2904 gravi
380 2832 534 2887 corde
563 2830 735 2904 (Psal.
768 2831 866 2901 tv),
900 2830 951 2884 in
981 2828 1206 2884 Hebrmo
1239 2829 1455 2894 dicitur,
1479 2828 1580 2898 ﬁlii
1603 2829 1795 2884 Adam.

203 2923 446 2980 Pulchre
475 2934 658 2979 autem
699 2921 1066 2992 interrogabat
1093 2939 1108 2974 :
1139 2919 1306 2987 Quem
1342 2921 1520 2976 dicunt
1565 2921 1798 2976 homines

205 3035 326 3074 esse
352 3017 522 3088 [ilium
563 3015 830 3070 hominis?
880 3013 1016 3082 Quia
1059 3013 1149 3085 qui
1193 3014 1258 3070 de
1297 3012 1410 3068 ﬁlio
1445 3013 1680 3068 hominis
1723 3014 1801 3070 lo-

205 3119 478 3181 quuntur,
503 3107 752 3164 homines
781 3115 922 3162 sunt.
979 3105 1080 3176 Qui
1127 3121 1257 3162 vero
1303 3106 1638 3166 divinitatem
1685 3106 1803 3178 ejus

207 3201 544 3272 intelligunt,
570 3217 678 3256 non
705 3199 970 3264 homines,
1003 3200 1096 3254 sed
1123 3201 1197 3254 dii
1224 3198 1581 3271 appellantur.

211 3393 320 3439 tem
341 3382 538 3450 Etiam,
571 3382 662 3436 alii
696 3398 814 3437 vero
839 3381 1148 3446 Ieremiam,
1185 3391 1274 3436 aut
1310 3398 1472 3435 unum
1497 3397 1560 3434 ea:
1583 3381 1802 3453 prophe-

210 3474 306 3530 tis.
352 3473 518 3530 Miror
559 3475 817 3543 quosdam
867 3473 1189 3542 interpretes
1231 3487 1472 3526 errorem
1527 3471 1802 3544 inquirere

212 3567 573 3640 singulorum,
623 3573 679 3621 et
714 3565 1129 3636 disputationem
1175 3565 1545 3636 longissimam
1596 3576 1800 3634 texere,

197 3645 388 3731 Quare
407 3645 964 3714 Dominum'nostrum
985 3656 1166 3713 Jesum
1197 3657 1488 3725 Christum,
1521 3661 1610 3715 alii
1637 3659 1802 3716 Joan-

209 3762 346 3804 nem
383 3755 735 3818 putaverunt,
767 3747 856 3800 alii
885 3747 1080 3811 Eliam,
1118 3747 1208 3801 alii
1241 3747 1552 3814 Jeremiam,
1603 3759 1696 3804 aut
1738 3767 1803 3806 ex

203 3837 501 3912 prophetis
543 3826 732 3905 unum,
764 3855 884 3894 cum
924 3841 1002 3894 sic
1041 3854 1226 3897 errare
1265 3850 1560 3913 potuerunt
1587 3843 1638 3896 in
1666 3843 1799 3907 Elia,

208 3938 318 3988 aut
343 3929 398 3984 in
420 3929 676 3998 Ieremia,
703 3931 971 4004 quomodo
998 3929 1236 3988 Herodes
1263 3935 1469 3989 erravit
1495 3935 1548 3988 in
1577 3935 1802 4001 Joanne,

213 4023 449 4080 dicens:
479 4021 644 4090 Quem
685 4041 778 4098 ego
817 4024 1069 4080 decollavi
1101 4025 1383 4093 Joannem,
1428 4027 1536 4098 ipse
1577 4031 1806 4083 surrexit

214 4132 256 4170 α
277 4117 518 4182 mortuis,
539 4125 587 4170 et
608 4116 724 4170 ideo
747 4117 958 4172 virtutes
981 4129 1263 4190 operantur
1284 4120 1338 4173 in
1363 4135 1424 4174 eo
1451 4118 1664 4191 (Matth.
1694 4135 1802 4186 xiv;

218 4195 397 4265 Marc.
430 4225 518 4276 vr;
549 4209 678 4264 Luc.
705 4210 806 4283 ιχ).

199 4311 208 4318 ’
305 4299 408 4356 Vos
431 4311 606 4356 autem
634 4319 786 4373 quem
817 4319 899 4358 me
923 4289 1030 4358 esse
1055 4305 1274 4361 dicitis?
1299 4295 1524 4381 (bl/tun.)
1555 4305 1670 4364 Non
1709 4323 1806 4364 au-

219 4398 336 4446 tem
366 4393 522 4463 quasi
557 4393 806 4448 nesciens
853 4396 1177 4450 sententiam
1212 4398 1278 4452 de
1319 4411 1378 4453 se
1403 4399 1488 4453 vel
1519 4397 1808 4470 discipulo-

199 4495 370 4572 .rum,
395 4483 481 4541 vel
511 4495 893 4542 extraneorum
922 4475 1164 4571 inquirit,
1188 4477 1300 4543 'sed
1336 4488 1458 4544 idco
1495 4491 1806 4562 discipulos,

1897 2011 2134 2067 declarat
2183 2014 2248 2069 de
2291 2015 2517 2070 Domino
2561 2017 2704 2086 quod
2750 2018 2865 2087 ipse
2910 2026 2994 2076 est
3037 2018 3130 2088 qui
3183 2017 3313 2076 fecit
3355 2021 3473 2076 nos.

1897 2099 2051 2156 Sicut
2089 2111 2144 2156 et
2186 2102 2240 2157 in
2274 2101 2564 2175 Evangelio
2610 2106 2868 2162 Dominus
2914 2107 3084 2164 multo
3129 2108 3370 2172 crebrius
3417 2121 3481 2169 se

1895 2191 2063 2248 lilium
2093 2195 2328 2250 hominis
2354 2212 2514 2266 quam
2536 2196 2733 2253 Filium
2755 2199 2849 2253 Dei
2875 2199 3147 2270 appellare
3173 2199 3478 2265 consuevit,

1896 2295 1956 2340 ut
2007 2301 2106 2342 nos
2151 2287 2466 2344 admoneret
2513 2289 2930 2360 dispensationis
2972 2289 3480 2362 quam.pro,.no,bis

1897 2379 2152 2449 suscepit.
2204 2379 2310 2435 Sed
2336 2396 2435 2436 nos
2468 2396 2689 2438 necesse
2714 2391 2796 2438 est
2827 2391 2976 2440 tanto
3006 2383 3262 2445 humilius
3287 2381 3480 2438 divini-

1897 2475 2024 2529 tatis
2063 2471 2179 2542 ejus
2222 2469 2331 2530 alta
2379 2475 2650 2542 venerari,
2699 2484 2904 2546 quanto
2950 2475 3102 2534 illum
3132 2475 3478 2536 meminimus

1895 2579 1996 2636 pro
2040 2573 2226 2620 nostra
2277 2563 2604 2620 exaltatione
2652 2566 2720 2623 ad
2770 2565 3124 2622 humanitatis
3161 2564 3346 2622 inﬁma
3387 2565 3480 2620 de-

1899 2655 2192 2710 scendisse.
3313 2705 3338 2713 ..
3367 2703 3374 2716 .

1971 2748 2308 2820 Respondeas
2329 2760 2505 2804 autem
2530 2750 2684 2806 Jesus
2706 2751 2838 2806 dixit
2864 2751 2912 2809 ei
2935 2763 2954 2804 :
2981 2749 3176 2816 Beatus
3196 2758 3272 2806 est
3299 2746 3482 2806 Simon

1899 2843 2158 2913 Barjona,
2194 2845 2316 2915 quia
2343 2861 2466 2898 caro
2495 2853 2544 2898 et
2570 2843 2784 2914 sanguis
2827 2861 2930 2898 non
2978 2842 3216 2898 reuelauit
3245 2841 3363 2907 tibi,
3390 2840 3482 2896 sed

1903 2935 2067 2992 Pater
2089 2951 2232 2988 meus
2260 2935 2350 3004 qui
2377 2935 2432 2989 in
2461 2935 2600 2990 caelis
2621 2943 2720 2988 est.
2749 2931 2979 3002 Barjona
3007 2931 3252 3004 Syriace,
3291 2929 3482 2992 Latine

1893 3028 2102 3101 dicitur
2131 3027 2273 3096 ﬁlius
2304 3025 2574 3082 columine.
2606 3025 2771 3082 Recte
2817 3033 3040 3081 vocatur
3067 3022 3341 3096 apostolus
3383 3021 3485 3078 Pe-

1904 3129 2022 3176 trus
2053 3119 2192 3174 ﬁlius
2221 3119 2502 3185 columbat,
2540 3121 2666 3190 quia
2703 3118 2953 3178 videlicet
2981 3118 3232 3174 columba
3258 3115 3484 3173 multum

290 3207 544 3272 ὶθηίιίξυιιις
570 3217 678 3256 ιιοη
707 3207 970 3264 homines:
1003 3207 1096 3254 δθίι
1123 3207 1197 3254 dii
1224 3207 1581 3271 θρροηδιιῑυν·
1817 3225 1824 3232 ‘
1907 3213 2132 3282 simplex
2163 3222 2247 3268 est
2276 3212 2498 3279 animal,
2526 3221 2580 3268 et
2629 3213 2744 3284 ipse
2771 3212 3122 3284 prudentiae
3166 3211 3256 3282 pia
3282 3207 3462 3280 simpli

290 3293 356 3348 Et
389 3292 468 3347 illi
503 3292 750 3346 dixerunt
772 3305 790 3342 :
813 3292 920 3345 Alii
949 3290 1208 3346 Joannem
1229 3291 1548 3360 Baptistam,
1577 3289 1672 3344 alii
1703 3307 1800 3344 au-
1825 3267 1872 3330 (ἶ
1903 3304 2069 3359 omne
2096 3303 2381 3358 Dominum
2405 3303 2750 3360 sequebatur.
2792 3280 3002 3360 memor
3047 3301 3192 3359 illius
3231 3308 3462 3360 υιιωεενι

1903 3304 2069 3359 citate
2096 3303 2381 3358 Dominum
2405 3303 2750 3374 sequebatur,
2792 3318 3002 3362 memor
3047 3301 3192 3359 illius
3229 3297 3486 3373 praecepti

1901 3399 2046 3468 quod
2070 3415 2192 3455 cum
2221 3397 2334 3452 suis
2363 3397 2741 3467 condiscipulis
2765 3397 2831 3454 ab
2859 3397 3048 3452 eodem
3073 3395 3330 3467 magistro
3356 3392 3490 3451 sim-

1901 3490 2161 3564 plicitatis
2181 3498 2235 3544 et
2259 3490 2504 3546 veritatis
2533 3489 2742 3559 accepit
2771 3507 2784 3542 .°
2819 3489 2999 3544 Estote
3041 3487 3324 3560 prudentes
3347 3484 3488 3542 sicut

1903 3593 2183 3654 serpentes,
2212 3591 2259 3636 et
2291 3581 2550 3652 simplices
2584 3581 2717 3644 sicut
2747 3579 3019 3635 columbae.
3049 3576 3143 3636 Vel
3165 3584 3334 3647 certe,
3357 3575 3486 3647 quia

1906 3671 2140 3743 Spiritus
2172 3661 2392 3727 sanctus
2415 3687 2577 3742 super
2606 3671 2890 3730 Dominum
2917 3671 2970 3726 in
2997 3669 3262 3744 columba:
3309 3667 3490 3740 Specie

1907 3763 2204 3828 descendit,
2236 3771 2381 3818 recte
2413 3762 2554 3817 ﬁlius
2579 3762 2844 3820 columbae
2863 3770 3222 3831 nuncupatur,
3245 3759 3352 3830 .qui
3374 3758 3488 3830 spi-

1907 3855 2052 3910 ritali
2097 3857 2270 3928 gratia
2301 3855 2492 3924 plenus
2535 3854 2812 3910 exstitisse
2849 3860 3205 3912 monstratur.
3247 3851 3316 3908 Et
3343 3848 3490 3918 justa

1909 3947 2041 4004 satis
2061 3947 2219 4002 laude
2231 3946 2543 4003 dilectorem
2567 3944 3041 4014 confessoremque
3052 3959 3211 4000 suum
3235 3939 3496 3996 Dominus

1909 4047 2244 4104 remunerat,
2277 4053 2400 4092 cum
2426 4053 2549 4094 eum
2579 4037 2755 4094 sancti
2789 4035 3035 4112 Spiritus
3057 4033 3234 4106 ﬁlium
3263 4044 3384 4106 esse
3414 4038 3494 4086 te-

1909 4141 2107 4200 statur,
2137 4149 2168 4187 a
2187 4148 2294 4202 quo
2319 4131 2433 4202 ipse
2458 4131 2554 4186 Dei
2579 4129 2685 4184 vivi
2716 4129 2888 4186 Filius
2911 4133 3274 4190 asseveratur,
3297 4137 3497 4196 quam-

1909 4224 2134 4286 vishoc
2165 4222 2341 4292 ipsum
2363 4219 2596 4276 multum
2619 4217 2954 4280 dissimiliter
2993 4215 3111 4275 ﬁeri
3155 4214 3334 4288 nullus
3371 4213 3502 4290 ﬁde-

1910 4316 2042 4372 lium
2067 4316 2294 4374 dubitet.
2334 4313 2593 4368 Dominus
2620 4311 2764 4371 enim
2788 4310 3036 4366 Christus
3057 4307 3234 4386 Filius
3271 4306 3368 4365 Dei
3403 4319 3502 4376 per

1911 4418 2189 4473 naturam,
2217 4407 2408 4464 Petrus
2455 4407 2596 4462 sicut
2623 4413 2680 4461 et
2706 4403 2892 4463 caeteri
2942 4401 3102 4458 electi
3134 4400 3302 4474 ﬁlius.
3324 4397 3500 4460 sancti

1916 4499 2150 4570 Spiritus
2173 4507 2257 4552 est
2280 4513 2377 4566 per
2399 4496 2652 4568 gratiam.
2680 4493 2930 4550 Christus
2952 4491 3122 4548 Filius
3151 4491 3272 4557 Dei,
3290 4489 3415 4560 quia
3426 4489 3503 4554 de

223 4572 358 4644 quid
479 4577 823 4684 sensentiant,
852 4578 1173 4666 interrogat,
1202 4588 1263 4636 ut
1287 4582 1680 4638 confessionem
1719 4600 1808 4639 re-
1835 4624 1891 4684 Β
1915 4592 2032 4662 ipso
2055 4600 2214 4644 natus
2243 4595 2346 4653 est,
2376 4587 2569 4645 Petrus
2601 4584 2738 4640 ﬁlius
2764 4583 3000 4653 Spiritus
3049 4582 3255 4648 sancti;
3283 4581 3410 4652 quia
3435 4580 3503 4637 de

224 4676 332 4722 ctaa
375 4667 499 4724 ﬁdei
546 4669 761 4725 illorum
809 4661 966 4742 digna
1022 4673 1271 4728 mercede
1319 4683 1646 4730 remuneret.
1687 4673 1812 4732 Ideo

224 4757 360 4828 quid
389 4757 482 4814 alii
509 4760 574 4816 de
605 4776 662 4816 se
691 4763 946 4827 sentiant,
987 4763 1234 4832 inquirit,
1266 4773 1326 4820 ut
1353 4766 1612 4834 expositis
1639 4767 1814 4836 primo

227 4853 515 4908 sententiis
557 4855 882 4922 errantium,
922 4856 1167 4926 discipuli
1202 4859 1567 4934 probarentur
1607 4859 1813 4913 verita-

225 4954 342 5001 tem
387 4961 498 5002 sum
539 4945 916 5011 confessionis,
947 4964 1055 5003 non
1084 4949 1150 5003 de
1179 4951 1432 5020 Opinione
1461 4950 1692 5022 vulgata,
1721 4952 1816 5008 sed

226 5035 297 5092 de
348 5037 464 5106 ipso
505 5039 810 5108 percepisse
854 5039 1146 5096 Dominicze
1199 5040 1542 5097 revelationis
1592 5059 1812 5098 arcano.

233 5129 448 5205 (Beda.)
482 5131 605 5197 Vos,
640 5133 834 5204 inquit,
864 5151 1016 5204 quem
1046 5151 1124 5187 me
1161 5151 1270 5188 esse
1311 5135 1528 5190 dicitis?
1554 5135 1718 5204 Quasi
1749 5139 1817 5192 ab

231 5221 514 5278 hominum
546 5221 900 5294 generalitate
949 5223 1068 5277 illos
1107 5232 1472 5293 sequestrans,
1506 5233 1560 5277 et
1601 5225 1729 5280 deos
1756 5241 1818 5282 ac

227 5313 332 5370 Dei
358 5311 494 5390 ﬁlios
517 5329 616 5386 per
641 5314 980 5383 adOptionem
1005 5314 1117 5385 jam
1147 5313 1317 5370 factos
1344 5315 1641 5380 insinuans,
1665 5316 1820 5386 juxta

231 5401 366 5460 illud
396 5403 697 5460 Psalmista:
721 5425 732 5460 :
760 5406 874 5477 Ego
914 5408 1026 5461 dixi
1045 5425 1063 5464 :
1092 5408 1176 5462 Dii
1215 5409 1360 5475 estis,
1405 5418 1452 5462 et
1487 5409 1589 5478 ﬁlii
1613 5407 1822 5463 Excelsi

235 5509 416 5549 omnes
443 5493 613 5568 (Psal.
649 5495 854 5568 Lxxxr).

311 5581 642 5658 Respondeas
689 5585 870 5642 Simon
910 5587 1098 5644 Petrus
1139 5591 1274 5646 dixit
1310 5605 1328 5644 :
1369 5591 1448 5646 Tu
1488 5610 1542 5648 es
1583 5591 1821 5648 Christus

239 5673 418 5732 Filius
451 5677 546 5732 Dei
574 5679 690 5732 vivi.
728 5677 878 5732 Licet
907 5682 1089 5733 caeteri
1129 5684 1354 5750 apostoli
1395 5685 1584 5751 sciant,
1629 5685 1823 5742 Petrus

215 5777 425 5848 _tamen
469 5769 743 5840 respondit
770 5783 868 5839 pro
905 5769 1134 5823 caeteris.
1179 5769 1501 5841 Complexus
1528 5783 1612 5829 est
1640 5775 1821 5847 itaque

215 5857 448 5928 'omnia,
472 5861 565 5933 qui
602 5871 658 5916 et
693 5855 940 5918 naturam
981 5871 1036 5920 et
1079 5877 1274 5920 nomen
1316 5867 1603 5936 expressit,
1631 5867 1684 5923 in
1716 5848 1822 5938 quo

1918 4685 2036 4756 ipso
2063 4690 2283 4738 renatus
2309 4687 2412 4736 est.
2443 4679 2691 4736 Christus
2725 4677 2776 4735 ,F
2782 4677 2907 4732 ilius
3073 4683 3200 4745 ante
3227 4681 3500 4743 temore;

1917 4775 2033 4846 ipse
2053 4784 2137 4830 est
2160 4775 2304 4828 enim
2334 4772 2429 4826 Dei
2457 4771 2630 4826 virtus
2657 4777 2711 4826 et
2735 4769 2832 4826 Dei
2851 4768 3136 4838 sapientia,
3177 4781 3305 4838 qua:
3330 4766 3461 4832 dicit
3487 4781 3502 4819 :

1913 4867 2176 4944 [Dominus
2207 4865 2432 4937 possedit
2462 4880 2542 4918 me
2571 4865 2625 4918 in
2654 4863 2804 4918 initio
2855 4861 3072 4918 uiarum.
3090 4875 3329 4925 suarum,
3365 4869 3509 4916 ante-

1903 4974 2077 5030 ,quam
2097 4955 2383 5028 quidquam
2406 4954 2596 5024 faceret
2623 4971 2656 5008 a
2677 4953 2931 5024 principio
2946 4949 3286 5026 (Pramum);
3314 4947 3508 5018 Petrus

1920 5047 2064 5107 ﬁlius
2097 5045 2332 5117 Spiritus
2353 5045 2525 5101 sancti
2552 5059 2616 5100 ex
2641 5060 2708 5102 eo
2734 5053 2974 5115 tempore
3012 5057 3118 5112 quo
3139 5042 3210 5098 ab
3239 5041 3358 5112 ipso
3378 5041 3506 5107 illu-

1919 5141 2158 5196 minatus
2193 5139 2425 5209 gratiam
2447 5139 2641 5194 divinae
2663 5136 2986 5208 cognitionis
3029 5123 3356 5204 accepit..Et
3378 5131 3506 5202 quia

1923 5247 2028 5286 una
2048 5232 2300 5286 voluntas
2333 5231 2520 5285 eadem
2557 5241 2642 5284 est
2670 5227 2914 5297 Operatio
2959 5231 3161 5295 sancttr
3187 5222 3470 5292 Trinitatis
3491 5263 3507 5289 ,

1909 5329 2070 5381 recte
2093 5337 2216 5374 cum
2241 5321 2485 5374 dixisset.
2515 5318 2712 5370 Beatus
2736 5323 2810 5368 est
2834 5311 3016 5386 Simon
3035 5312 3300 5384 Barjona,
3319 5312 3503 5385 idest,

1923 5409 1997 5466 ﬁli
2028 5409 2215 5481 gratim
2241 5407 2519 5480 spiritalis,
2545 5406 2792 5480 protinus
2825 5403 3106 5474 adjunxit:
3138 5403 3278 5469 Quia
3303 5411 3505 5458 caraet

1923 5502 2137 5572 sanguis
2171 5517 2272 5554 non
2299 5499 2540 5554 reuelauit
2566 5498 2680 5565 tibi,
2707 5495 2798 5552 sed
2825 5495 2987 5550 Pater
3013 5511 3162 5568 meus
3203 5495 3293 5566 qui
3319 5495 3376 5550 in
3407 5510 3508 5549 cae-

1922 5593 1988 5649 lis
2030 5603 2122 5650 est.
2165 5593 2326 5648 Pater
2368 5593 2564 5662 quippe
2601 5591 2712 5646 ﬁlio
2756 5589 3016 5646 columbae
3061 5587 3338 5653 revelavit,
3381 5585 3507 5656 quia

1922 5703 2032 5744 una
2053 5695 2136 5743 est
2157 5686 2331 5758 gratia
2357 5685 2556 5748 Patris,
2579 5691 2634 5739 et
2665 5683 2899 5755 Spiritus
2921 5681 3112 5746 sancti,
3145 5680 3334 5736 eadem
3364 5690 3502 5747 quo-

1910 5795 2029 5854 _que
2050 5789 2103 5834 et
2127 5777 2284 5842 Filii;
2311 5778 2438 5847 quia
2460 5792 2566 5830 una
2585 5785 2668 5831 est
2693 5775 2941 5832 voluntas
2967 5783 3022 5830 et
3040 5770 3282 5848 operatio
3303 5765 3505 5854 Patris,

1895 5852 1980 5928 uet
2005 5867 2146 5938 Filii,
2183 5856 2237 5926 et
2263 5865 2496 5940 Spiritus
2524 5868 2715 5924 sancti.
2748 5866 2816 5922 Et
2848 5874 3138 5940 propterea
3177 5852 3504 5918 convenien-
