3898 6464
506 352 612 419 9M

1174 346 1806 411 'B.'RABANI'MAU'R1
1834 351 2158 412 ARCHIEP.
2198 352 2507 412 MOGUNT.
2548 354 2834 414 OPERUM
2871 355 3053 413 PARS
3089 357 3133 413 Ι.

3701 360 3803 416 993

505 478 596 530 ter
621 469 836 527 dicitur.
887 466 1025 537 Quia
1070 464 1232 524 Pater
1254 470 1347 541 qui
1377 470 1437 525 in
1459 469 1612 526 caelis
1656 477 1742 526 est
1770 469 2088 526 revelaverit
2112 470 2168 532 Α
2192 483 2379 525 ranam
2422 470 2723 541 quamlibet
2763 470 3120 543 fragilemque
3155 476 3228 530 ob
3264 487 3502 532 causam
3540 472 3798 533 habitum

507 558 620 616 ﬁlio
668 560 932 617 columbae
973 562 1295 631 mysterium
1336 561 1485 629 ﬁdei,
1531 562 1676 632 quod
1719 564 1823 618 hoc
1870 577 1997 618 caro
2031 571 2089 619 et

508 652 730 722 sanguis
773 650 1013 709 revelare
1043 653 1322 724 nequibat.
1378 654 1518 710 Caro
1543 663 1721 710 autem
1769 664 1827 711 et
1870 657 2087 728 sanguis

508 750 656 797 recte
676 742 1043 815 intelliguntur
1068 745 1318 802 homines
1368 747 1631 817 sapientia
1661 747 1845 803 carnis
1891 747 2083 815 inﬂati,

508 830 828 888 columbinum
867 833 1229 905 simplicitatis
1255 835 1425 891 nescii
1480 835 1707 908 ideoque
1750 851 1782 891 a
1820 837 2087 908 sapientia

507 925 740 999 Spiritus
777 930 1056 986 commode
1104 931 1301 997 aversi,
1335 931 1403 986 de
1439 931 1635 1001 quibus
1684 947 1846 1001 supra
1884 931 2087 988 dictum

501 1027 608 1088 est,
644 1023 771 1093 quia
804 1022 1082 1080 Christum
1125 1040 1235 1082 non
1285 1024 1648 1094 intelligentes
1688 1025 1778 1079 alii
1823 1024 2088 1082 Joannem

499 1110 821 1183 Baptistam,
846 1115 938 1170 alii
963 1124 1143 1172 autem
1167 1116 1361 1183 Eliam,
1389 1116 1481 1171 alii
1502 1130 1631 1171 vero
1649 1114 1962 1184 Jeremiam,
1996 1127 2090 1173 aut

505 1216 670 1258 unum
715 1220 783 1260 ex
810 1209 1087 1279 prophetis
1123 1224 1243 1264 esse
1288 1209 1548 1273 dicerent,
1600 1209 1667 1265 de
1710 1210 1906 1279 quibus
1959 1210 2089 1267 dicit

502 1290 792 1363 Apostolus
817 1310 832 1350 :
865 1295 1109 1353 Carnalis
1136 1308 1309 1353 autem
1330 1298 1484 1352 homo
1516 1314 1621 1352 non
1648 1300 1861 1371 percipit
1882 1317 1944 1355 ea
1971 1316 2088 1372 qua:

502 1396 626 1439 sunt
653 1385 884 1456 Spiritus
913 1390 1081 1444 sancti
1116 1389 1167 1453 (1
1199 1389 1320 1445 Cor.
1359 1390 1443 1464 ιι).

574 1474 647 1529 Et
668 1492 760 1547 ego
774 1477 892 1533 dico
911 1479 1004 1533 tibi
1027 1496 1045 1534 :
1070 1479 1209 1546 Quia
1230 1490 1285 1535 tu
1301 1500 1351 1537 es
1369 1482 1581 1552 Petrus,
1597 1495 1644 1542 et
1669 1504 1825 1558 super
1845 1487 1980 1542 hanc
2000 1504 2089 1559 pe—
2144 1472 2151 1485 “

507 1574 646 1622 tram
670 1570 942 1639 trdificabo
966 1572 1257 1629 Ecclesium
1284 1592 1474 1632 meam.
1493 1577 1761 1652 (Hieron.)
1776 1579 1855 1635 Ac
1877 1580 1923 1636 si
1940 1581 2087 1636 dice-

503 1668 589 1716 ret
604 1679 616 1715 :
632 1659 767 1728 Quia
782 1670 839 1716 tu
856 1663 988 1718 mihi
1004 1665 1185 1721 dixisti
1207 1685 1219 1720 :
1239 1666 1315 1722 Tu
1330 1682 1390 1724 es
1402 1667 1650 1725 Christus
1667 1670 1831 1727 Filius
1847 1671 1941 1727 Dei
1955 1671 2086 1737 vivi,

2188 564 2541 633 pratendisse
2569 564 2883 623 Christiani.
2912 567 3205 639 Sequitur:

2259 653 2331 708 Et
2363 655 2500 711 dabo
2520 657 2615 711 tibi
2641 658 2810 714 claves
2837 660 2984 731 regni
3021 660 3287 718 calorum.
3319 661 3429 732 Qui
3459 679 3666 738 reguli
3693 682 3799 726 ctu-

2189 746 2366 804 lorum
2411 749 2602 820 majori
2648 766 2761 822 pne
2810 753 3022 809 caeteris
3049 752 3337 813 devotione
3361 756 3671 816 confessus
3696 773 3795 829 est,

2190 839 2385 895 merito
2415 839 2528 912 prae
2548 844 2762 899 caeteris
2786 843 2901 915 ipse
2918 845 3138 902 collatis
3181 848 3435 906 clavibus
3473 853 3641 922 regni
3690 867 3795 908 cas

2190 932 2341 988 lestis
2363 933 2593 990 donatus
2610 944 2713 1001 est,
2735 945 2797 991 ut
2817 946 3094 995 constaret
3107 942 3384 1009 omnibus,
3416 944 3555 1014 quia
3587 944 3793 1016 absque

2190 1040 2254 1080 ea
2277 1024 2633 1092 confessione,
2664 1043 2728 1083 ac
2748 1028 2873 1097 ﬁde,
2908 1046 3135 1103 regnum
3160 1032 3430 1090 ctelorum
3467 1036 3664 1092 nullus
3700 1055 3791 1110 po-

2191 1124 2300 1172 test
2323 1117 2545 1173 inlrare.
2574 1119 2765 1175 Claves
2785 1129 2965 1177 autem
2987 1123 3138 1195 regni
3167 1124 3439 1181 caelorum
3470 1127 3661 1197 ipsam
3687 1130 3789 1184 ds-

2191 1209 2445 1264 cernendi
2485 1210 2770 1265 scientiam
2796 1213 3201 1284 potentiamque
3241 1218 3523 1283 nominat,
3577 1234 3690 1289 qua
3718 1220 3789 1275 dio

2190 1314 2325 1370 gnos
2346 1300 2586 1371 recipere
2616 1303 2671 1357 in
2694 1317 2940 1375 regnum,
2972 1304 3223 1379 indignos
3247 1307 3545 1366 secludere
3574 1310 3791 1367 ddreret

2192 1404 2223 1444 a
2256 1406 2443 1462 regno.

2259 1482 2333 1538 Et
2364 1485 2710 1559 quodcunque
2739 1488 2981 1560 ligaveris
3000 1508 3158 1563 super
3186 1501 3407 1560 terram,
3439 1495 3545 1548 erit
3577 1494 3787 1566 ligatus

2190 1586 2240 1631 et
2265 1578 2324 1633 in
2344 1579 2503 1646 caelis,
2529 1590 2577 1635 et
2620 1584 2966 1655 quodcunque
2990 1584 3207 1640 solveris
3224 1602 3383 1658 super
3422 1595 3658 1654 terrain,
3699 1592 3787 1644 erit

2189 1667 2417 1722 solutum
2445 1679 2494 1724 et
2520 1670 2575 1725 in
2602 1671 2762 1727 caelis.
2789 1673 2919 1741 Quae
2933 1675 3175 1730 solvendi
3200 1691 3266 1730 ac
3288 1675 3506 1747 ligandi
3530 1688 3785 1747 potestas,

503 1759 558 1807 et
578 1766 679 1824 ego
700 1753 826 1809 dico
850 1754 944 1809 tibi
968 1771 1073 1811 non
1095 1772 1345 1814 sermone
1370 1775 1526 1815 casso
1547 1769 1602 1816 et
1622 1762 1830 1817 nullum
1853 1762 2089 1818 habente
2114 1832 2159 1841 _
2192 1763 2439 1830 quamvis
2466 1762 2565 1818 soli
2597 1763 2760 1820 Petro
2786 1767 2911 1821 data
2941 1767 3192 1823 videatur
3220 1783 3252 1821 a
3279 1767 3548 1835 Domino,
3595 1772 3787 1841 absque

501 1856 657 1912 opus,
681 1844 776 1900 sed
804 1845 926 1901 dico
953 1845 1074 1913 tibi,
1094 1847 1222 1917 quia
1254 1864 1432 1904 meum
1476 1850 1677 1906 dixisse
1726 1851 1919 1908 fecisse
1962 1860 2045 1908 est
2069 1871 2082 1907 :
2114 1832 2164 1892 Β
2190 1854 2299 1908 ulla
2322 1863 2502 1910 tamen
2531 1856 2806 1913 dubietate
2833 1861 3164 1915 noscendum
3192 1868 3276 1916 est
3310 1861 3468 1931 quod
3496 1870 3558 1917 et
3588 1866 3789 1920 ceteris

503 1933 642 2000 Quia
681 1946 740 1991 tu
779 1955 834 1994 es
863 1935 1076 2007 Petrus,
1127 1950 1174 1995 et
1220 1959 1377 2013 super
1398 1943 1533 1999 hanc
1571 1956 1774 2015 petram
1812 1947 2086 2018 aediﬁcabo

500 2023 794 2085 Eeclesiam
820 2048 1009 2087 meam.
1040 2032 1192 2089 Sicut
1218 2036 1333 2105 ipse
1355 2037 1534 2093 lumen
1561 2040 1822 2110 apostolis
1844 2041 2083 2107 donavit,

499 2127 561 2173 ut
586 2119 766 2178 lumen
795 2125 981 2179 mundi
1031 2126 1388 2197 appellentur,
1421 2139 1723 2201 czeteraque
1751 2148 1818 2187 ex
1859 2132 2087 2189 Domino

499 2215 680 2269 sortiti
704 2217 964 2272 vocabula
992 2227 1137 2284 sunt,
1175 2220 1249 2274 ita
1275 2230 1330 2275 et
1366 2220 1594 2289 Simoni,
1628 2224 1720 2293 qui
1746 2226 2004 2281 credebat
2030 2227 2085 2282 in

496 2312 710 2391 petram
734 2306 1033 2375 Christum,
1058 2308 1204 2365 Petri
1228 2310 1453 2384 largitus
1485 2323 1571 2370 est
1614 2330 1834 2371 nomen.
1870 2315 2084 2391 (Beda.)

496 2389 578 2449 Ac
605 2396 902 2453 secundum
929 2400 1303 2468 metaphoram
1348 2410 1518 2471 petra:
1565 2413 1714 2461 recte
1762 2406 1963 2463 dicitur
1988 2389 2082 2464 ei:

496 2482 803 2556 Ediﬁcabo
828 2489 1123 2546 Ecclesiam
1149 2509 1320 2547 meam
1348 2509 1514 2566 super
1561 2505 1634 2565 te,
1665 2499 1792 2568 quia
1822 2500 1897 2555 illi
1938 2503 2086 2557 vide-

495 2571 626 2631 licet
652 2578 808 2634 ﬁrma
838 2580 942 2636 hac
986 2583 1161 2637 tenaci
1187 2592 1368 2640 mente
1415 2586 1664 2655 adhaesit,
1692 2589 1759 2644 de
1792 2605 1901 2660 quo
1952 2592 2087 2647 scri-

495 2674 648 2738 ptum
670 2678 754 2724 est
777 2684 792 2724 :
820 2670 985 2727 Petra
1010 2684 1186 2730 autem
1212 2687 1326 2732 erat
1364 2677 1606 2737 Christus
1636 2681 1687 2754 (Ῑ
1734 2681 1858 2739 Cor.
1886 2683 1963 2756 x).
2014 2685 2085 2742 Et

495 2773 655 2830 super
674 2761 810 2817 hanc
836 2773 1059 2834 petram,
1092 2768 1147 2823 id
1170 2777 1273 2835 est,
1317 2786 1481 2843 super
1500 2773 1788 2831 Dominum
1832 2774 2082 2833 Salvato-

495 2864 633 2918 rem,
671 2854 765 2923 qui
813 2855 957 2912 ﬁdeli
1007 2874 1106 2914 suo
1136 2861 1423 2933 cognitori,
1476 2866 1727 2931 amatori,
1781 2852 2128 2924 confessori‘

493 2944 840 3015 participium
867 2948 951 3003 sui
974 2952 1211 3009 nominis
1238 2954 1480 3022 donavit,
1507 2964 1567 3010 ut
1595 2958 1803 3014 scilicet
1856 2975 1889 3015 a
1930 2969 2085 3031 petra

492 3035 688 3093 Petrus
708 3049 1013 3107 vocaretur,
1040 3045 1340 3102 aediﬁcatur
1362 3047 1622 3115 Ecclesia,
1665 3053 1791 3123 quia
1820 3069 1928 3109 non
1978 3055 2083 3111 nisi

2189 1945 2449 2015 apostolis
2478 1946 2658 2015 datur,
2689 1949 2806 2020 ipso
2828 1958 2986 2016 teste,
3014 1952 3108 2021 qui
3135 1961 3257 2023 post
3281 1954 3593 2022 passionis,
3622 1971 3787 2011 πτειν-

2188 2038 2553 2110 rectionisque
2586 2056 2698 2096 sua:
2730 2042 3064 2113 triumphum
3083 2059 3375 2115 apparens,
3398 2048 3490 2101 eis
3513 2047 3787 2103 insiluit

2188 2136 2244 2183 et
2279 2129 2416 2185 dixit
2460 2131 2710 2188 omnibus
2741 2147 2756 2186 :
2788 2133 3019 2205 Accipite
3050 2133 3311 2205 Spiritum
3347 2148 3645 2204 sanctum;
3678 2156 3787 2209 βσ-

2189 2237 2306 2275 rum
2354 2224 2654 2279 remiseritis
2690 2236 2922 2296 peccata,
2967 2229 3299 2284 remittentur
3339 2232 3444 2296 eis,
3482 2244 3535 2286 et
3578 2250 3781 2304 quon-

2189 2315 2525 2382 rett'nueritis,
2557 2326 2757 2372 retenta
2799 2328 2921 2373 sunt
2952 2318 3135 2387 (Joan.
3166 2322 3287 2394 xx).
3314 2321 3434 2379 Nec
3479 2340 3598 2380 non
3639 2328 3780 2382 etiam

2188 2424 2332 2464 nunc
2376 2409 2431 2464 in
2470 2410 2735 2481 episcopis
2766 2426 2833 2467 ac
2867 2413 3199 2486 presbyteris
3230 2417 3503 2472 omnibus
3547 2419 3781 2476 Ecclesia

2186 2498 2419 2555 oﬁicium
2444 2501 2587 2557 idem
2619 2504 2998 2573 committitur,
3038 2515 3097 2561 ut
3123 2508 3385 2564 videlicet
3429 2512 3646 2581 agnitis
3677 2528 3781 2583 per-

2186 2591 2427 2647 cantium
2452 2594 2652 2659 causis,
2682 2609 3034 2667 quoscunque
3060 2597 3295 2655 humiles
3344 2615 3412 2656 ac
3444 2617 3589 2657 vere
3616 2605 3780 2672 pinni-

2186 2686 2362 2735 tentes
2379 2683 2671 2752 aspexerit,
2696 2684 2797 2741 hos
2817 2684 2929 2756 jam
2971 2701 3003 2741 a
3029 2687 3222 2743 timore
3261 2700 3562 2765 perpetuae
3606 2695 3781 2747 martis

2186 2771 2452 2828 miserans
2491 2772 2768 2841 absolvat;
2797 2792 2932 2847 quos
2961 2793 3087 2833 vero
3116 2779 3170 2833 in
3201 2783 3457 2850 peccatis
3508 2798 3637 2853 quae
3672 2798 3780 2853 ege-

2186 2861 2297 2917 rint
2322 2864 2616 2932 persistere
2637 2867 2975 2936 cognoverit,
2997 2867 3119 2924 illos
3148 2872 3494 2938 perennibus
3515 2873 3777 2943 suppliciis

2184 2951 2501 3024 obligandos
2523 2955 2778 3011 insinuet.
2801 2956 2959 3013 Omni
2987 2959 3153 3030 igitur
3171 2960 3484 3017 electorum
3516 2963 3776 3027 Ecclesia,

2183 3053 2244 3099 ut
2278 3046 2535 3112 diximus,
2558 3045 2712 3115 juxta
2741 3051 2961 3105 modum
2997 3051 3279 3122 culparum
3306 3055 3399 3109 vel
3427 3058 3777 3127 paenitentia,

491 3138 594 3195 per
616 3125 776 3183 ﬁdem
801 3136 857 3185 et
905 3131 1250 3255 dileﬁtionem
1288 3136 1511 3203 Christi,
1546 3154 1643 3235 per
1682 3144 2081 3214 susceptionem
2108 3190 2155 3255 C
2185 3136 2385 3255 ligandi
2415 3154 2479 3194 ac
2509 3139 2749 3255 solvendi
2770 3142 2932 3198 datur
2956 3145 3276 3201 auctoritas.
3302 3125 3590 3205 Sed—ideo
3610 3151 3779 3205 beatus

491 3227 958 3255 mnrnmnnlnrnm
1079 3224 1194 3255 υἷεςιῖ
1249 3242 1348 3255 νιΛ-
1376 3229 1774 3255 ΛιιηΑ--.-κιελμ
1802 3249 1921 3255 μ-..
1940 3236 2046 3255 λΑ.-
2231 3238 2375 3255 ,ιι-...η
2455 3246 2541 3255 ρ---
2626 3233 2852 3255 ι-..ξ-.--..
2884 3236 2909 3255 ι-
2929 3252 2979 3255 ,η
2999 3253 3009 3255 μ
3050 3237 3080 3255 n
3100 3238 3143 3255 n_
3228 3254 3237 3255 κ
3292 3237 3319 3255 ρ
3766 3252 3777 3255 -

490 3227 960 3277 sacramentorum
995 3222 1218 3292 Christi,
1249 3242 1348 3298 per
1373 3224 1776 3287 observantiam
1802 3236 2081 3292 mandato-
2108 3222 2155 3255 υ
2185 3228 2397 3297 Petrus,
2451 3232 2544 3302 qui
2581 3232 2857 3289 Christum
2883 3236 3022 3292 bona
3049 3237 3155 3294 ﬁde
3183 3237 3511 3306 confessus.
3542 3258 3672 3297 vero
3710 3252 3782 3298 est

489 3319 613 3362 rum
647 3307 871 3377 Christi,
904 3313 972 3368 ad
997 3323 1200 3372 sortem
1238 3318 1535 3375 electorum
1565 3330 1622 3377 et
1648 3331 1906 3380 aeternam
1950 3343 2078 3398 per-
2184 3338 2370 3379 amore
2396 3333 2635 3391 secutus,
2685 3327 2992 3396 specialiter
3021 3328 3203 3386 claves
3238 3331 3399 3402 regni
3432 3332 3707 3389 caelorum
3735 3344 3780 3388 et

487 3395 714 3469 tingitur
732 3401 921 3468 vitam,
944 3403 1205 3475 Apostolo
1229 3416 1543 3478 attestante,
1575 3414 1668 3483 qui
1708 3415 1785 3470 ait
1810 3434 1823 3469 :
1852 3395 2076 3474 Funda-

485 3499 719 3545 mentum
747 3493 885 3548 enim
916 3513 1064 3552 nemo
1084 3499 1234 3554 aliud
1253 3512 1419 3572 potest
1438 3521 1630 3576 ponere
1648 3518 1839 3577 praeter
1862 3511 1918 3565 id
1939 3513 2079 3583 quod

486 3580 709 3649 positum
736 3593 832 3650 est,
858 3587 950 3658 qui
979 3598 1055 3643 est
1077 3588 1235 3646 Iesus
1265 3593 1505 3649 Christus
1534 3594 1589 3666 (Ι
1618 3594 1742 3653 Cor.
1773 3599 1878 3662 ut).

558 3670 631 3725 Et
673 3686 839 3744 portte
866 3678 1062 3748 inferni
1102 3699 1205 3737 non
1249 3686 1602 3755 praevalebunt
1646 3690 1896 3747 adversus
1936 3712 2072 3751 eam.

483 3759 597 3853 Ego
621 3772 806 3833 portas
832 3766 1030 3825 inferni
1056 3771 1185 3827 vitia
1210 3789 1338 3830 reor
1358 3783 1522 3848 atque
1543 3788 1794 3851 peccata,
1816 3783 1901 3838 vel
1928 3794 2075 3853 certe

481 3852 861 3914 haereticorum
896 3861 1193 3932 doctrinas,
1223 3882 1324 3938 per
1344 3884 1481 3940 quas
1502 3870 1671 3929 illecti
1704 3875 1953 3934 homines
1976 3852 2076 3933 du?

480 3955 678 4001 cuntur
697 3949 765 4003 ad
787 3959 1074 4009 tartarum.
1097 3955 1269 4014 Nemo
1289 3960 1473 4031 itaque
1492 3973 1644 4033 putet
1666 3967 1732 4021 de
1750 3976 1924 4025 morte
1941 3970 2070 4039 dici,

479 4035 625 4104 quod
653 4041 886 4108 apostoli
911 4045 1208 4102 conditioni
1234 4052 1426 4107 mortis
1450 4052 1679 4123 subjecti
1709 4073 1819 4113 non
1847 4035 2071 4119 fuerint.

476 4123 657 4184 Porta:
696 4145 911 4203 quoque
954 4135 1138 4205 inferi,
1180 4149 1236 4195 et
1276 4150 1571 4214 tormenta,
1603 4156 1657 4204 et
1703 4148 2071 4210 blandimenta

480 4227 607 4273 sunt
626 4233 1056 4294 persecutorum,
1082 4244 1202 4300 qua:
1223 4231 1469 4291 inﬁrmos
1489 4252 1732 4310 quosque
1746 4241 2071 4300 deterrendo

478 4317 535 4365 et
554 4312 880 4371 emolliendo
903 4333 934 4372 a
961 4321 1257 4379 stabilitate
1287 4324 1411 4381 ﬁdei
1437 4327 1719 4386 introitum
1748 4333 1829 4389 eis
1852 4343 2072 4392 aeterna:

478 4404 672 4461 mortis
699 4406 968 4477 aperiunt.
1015 4410 1122 4469 Sed
1156 4424 1213 4471 et
1232 4433 1399 4487 prava
1441 4420 1737 4479 inﬁdelium
1765 4441 1933 4497 opera
1954 4429 2070 4485 ine-

2180 3413 2545 3485 principatum
2563 3412 2866 3484 iudiciariae
2891 3420 3176 3489 potestatis
3220 3423 3464 3493 accepit,
3502 3432 3571 3478 ut
3612 3437 3777 3479 omnes

2178 3520 2277 3576 per
2295 3507 2482 3562 orbem
2528 3509 2814 3565 credentes
2842 3510 3166 3584 intelligant,
3196 3514 3348 3584 quod
3376 3515 3704 3587 quicunque
3724 3516 3778 3569 ab

2178 3598 2387 3655 unitate
2408 3598 2535 3656 ﬁdei
2558 3600 2643 3656 vel
2659 3601 2938 3658 societatis
2957 3603 3101 3659 illius
3121 3604 3370 3676 quolibet
3395 3608 3577 3663 modo
3597 3615 3772 3663 εωθι-

2177 3690 2325 3762 ipsos
2359 3702 2671 3765 segregant,
2711 3695 2847 3752 tales
2884 3711 2988 3753 nec
3013 3696 3247 3755 vinculis
3285 3709 3662 3770 peccatorum
3700 3700 3776 3755 ab-

2177 3785 2336 3853 solvi,
2380 3803 2482 3843 nec
2513 3785 2735 3857 ianuam
2788 3792 3001 3862 possint
3048 3794 3201 3866 regni
3250 3795 3511 3852 caelestis

2177 3875 2448 3951 (Hieron.)
2470 3878 2638 3937 Istum
2660 3889 2846 3938 tamen
2867 3883 3046 3940 loctnn
3070 3885 3293 3956 quidam
3316 3887 3711 3958 epiStnoporum
3730 3896 3772 3941 et

2174 3967 2615 4040 presbyterorum
2645 3989 2753 4029 non
2778 3974 3160 4048 intelligentes,
3183 3976 3393 4046 aliquid
3418 3978 3535 4034 sibi
3564 3979 3633 4034 de
3656 3980 3775 4033 Pha-

2173 4059 2457 4117 risaeorum
2480 4075 2768 4120 assumunt
2790 4067 3104 4136 supercilio,
3132 4076 3194 4122 ut
3221 4067 3308 4124 vel
3328 4069 3615 4126 damnent
3640 4072 3772 4126 inno-

2171 4159 2377 4218 centes,
2429 4153 2518 4209 vel
2566 4154 2776 4212 solvere
2821 4159 3016 4214 noxios
3054 4159 3431 4225 arbitrentur,
3462 4177 3606 4217 cum
3652 4162 3771 4234 apud

2171 4247 2343 4303 Deum
2380 4262 2488 4305 non
2527 4251 2797 4306 sententia
2846 4252 3212 4320 sacerdotum,
3248 4252 3345 4309 sed
3391 4269 3629 4311 reorum
3678 4256 3770 4309 vita

2170 4350 2465 4412 quaaratur.
2495 4344 2749 4418 Legimus
2776 4348 2831 4403 in
2871 4346 3116 4405 Levitico
3145 4349 3214 4405 de
3254 4349 3516 4421 leprosis,
3564 4353 3656 4409 ubi
3692 4353 3767 4423 iu-

2169 4434 2368 4490 bentur
2407 4445 2470 4493 ut
2515 4453 2575 4495 se
2611 4439 2900 4495 ostendant
2951 4441 3325 4501 sacerdotibus
3365 4453 3433 4498 ut
3472 4445 3529 4499 si
3582 4445 3769 4516 lepram

474 4498 975 4611 {itaque-calumnia
1010 4514 1180 4608 portae
1205 4508 1391 4579 utique
1420 4520 1547 4568 sunt
1589 4513 1747 4571 inferi
1796 4517 1852 4571 in
1887 4534 2065 4588 quan-
2090 4549 2145 4611 Β
2171 4525 2480 4593 habuerint,
2508 4537 2636 4584 tunc
2656 4545 2690 4585 a
2723 4498 3017 4588 sacerdote
3039 4532 3302 4589 immundi
3332 4532 3502 4602 ﬁant,
3536 4498 3659 4593 nonr
3677 4552 3769 4608 quo

476 4587 728 4681 tumsuis
756 4590 853 4681 vel!
878 4596 1218 4666 auctoribus,
1250 4601 1335 4656 vel
1357 4606 1700 4673 sequacibus,
1748 4608 1852 4665 iter
1878 4587 2064 4681 perdi-

474 4672 639 4731 tionis
666 4679 976 4737 ostendunt.
1004 4684 1141 4741 Nam
1179 4696 1236 4743 et
1277 4690 1409 4757 ﬁdes
1433 4672 1544 4748 sine
1571 4697 1811 4766 operibus
1855 4672 2065 4757 mortua

468 4774 547 4820 est
572 4765 626 4821 in
649 4772 963 4843 semetipsa,
989 4785 1046 4831 et
1073 4792 1412 4852 corrumpunt
1433 4765 1608 4841 mores
1625 4786 1787 4843 bonos
1804 4792 2063 4864 colloquia

469 4871 654 4928 prava.
688 4859 871 4918 Multae
891 4864 1077 4936 itaque
1119 4879 1247 4926 sunt
1296 4883 1466 4942 portae
1522 4877 1703 4946 inferi,
1731 4882 1826 4937 sed
1867 4859 2062 4941 harum

468 4947 618 5045 nulla
643 4950 922 5023 Ecclesiae,
945 4973 1066 5028 quae
1090 4973 1253 5032 super
1275 4973 1487 5034 petram
1512 4967 1735 5025 fundata
1787 4982 1891 5040 est,
1917 4990 2059 5045 prae-

467 5039 641 5108 valet;
688 5045 816 5116 quia
853 5048 948 5119 qui
986 5048 1148 5105 ﬁdem
1195 5052 1394 5111 Christi
1435 5058 1625 5116 intimo
1647 5064 1829 5121 cordis
1873 5039 2060 5125 amore

465 5135 792 5203 perceperit,
830 5152 991 5196 omne
1015 5142 1279 5215 quidquid
1299 5149 1540 5204 exterius
1571 5152 1797 5220 periculi
1844 5164 2058 5213 tentan-

469 5222 541 5319 tis
564 5224 852 5295 ingruerit,
881 5231 1136 5288 facillime
1158 5240 1478 5295 contemnit.
1502 5242 1573 5297 At
1610 5246 1917 5319 quicunque
1937 5264 2058 5306 cre—

467 5310 712 5373 dentium
740 5318 903 5376 ﬁdem
933 5322 1019 5377 vel
1054 5338 1220 5394 opere
1262 5327 1349 5383 vel
1394 5310 1681 5401 negatione
1731 5310 2057 5406 depravatus

468 5405 725 5501 prodidit,
747 5425 856 5467 non
887 5413 978 5469 hic
998 5430 1162 5487 super
1191 5427 1422 5488 petram,
1449 5422 1678 5483 Domino
1706 5440 2052 5501 cooperante,

466 5496 685 5553 domum
715 5517 826 5559 sua:
862 5507 1220 5576 professionis
1247 5515 1571 5584 aediﬁcasse,
1595 5520 1690 5576 sed
1712 5521 1870 5592 juxta
1922 5496 2055 5581 alte;

468 5589 585 5646 rius
605 5589 707 5648 loci
729 5597 1064 5668 parabolam,
1098 5619 1263 5675 super
1289 5622 1509 5664 arenam
1552 5611 1671 5666 sine
1699 5589 2054 5675 fundamento

464 5684 714 5754 posuisse
738 5691 1040 5749 credendus
1066 5705 1149 5751 est
1174 5696 1389 5770 (Matth.
1436 5703 1534 5775 vn)
1575 5721 1588 5758 :
1631 5704 1735 5759 hoc
1784 5714 1886 5774 est,
1942 5723 2051 5766 non

2169 4621 2478 4677 sacerdotes
2515 4622 2758 4693 leprosos
2802 4623 3010 4682 faciant
3056 4635 3111 4683 et
3136 4628 3477 4697 immundos,
3530 4631 3634 4688 sed
3676 4646 3767 4702 ιιω

2167 4711 2403 4767 habeant
2449 4715 2699 4771 notitiam
2735 4715 2934 4788 leprosi
2971 4727 3029 4775 et
3074 4735 3184 4775 non
3228 4720 3454 4792 leprosi,
3483 4733 3549 4779 et
3572 4726 3765 4796 possint

2165 4800 2478 4858 discernere
2511 4805 2602 4875 qui
2660 4808 2895 4863 mundus
2933 4816 2989 4864 et
3017 4810 3111 4880 qui
3140 4810 3460 4869 immundus
3494 4814 3598 4869 sit.
3633 4814 3762 4881 Que-

2164 4893 2326 4948 modo
2365 4908 2495 4967 ergo
2531 4896 2603 4951 ibi
2638 4897 2912 4969 leprosum
2955 4900 3211 4957 sacerdos
3243 4903 3603 4960 immundum
3627 4904 3758 4967 facit.

2167 4984 2244 5040 sic
2281 4994 2335 5039 et
2371 4986 2459 5042 hic
2497 4986 2685 5059 alligat
2713 4989 2799 5043 vel
2840 4989 3000 5045 solvit
3031 4992 3322 5064 episcopus
3363 5003 3426 5049 et
3456 4996 3761 5068 presbyter.

2165 5090 2273 5130 non
2299 5090 2395 5132 eos
2434 5077 2527 5148 qui
2551 5078 2796 5136 insontes
2818 5090 2946 5136 sunt
2966 5082 3052 5139 vel
3087 5083 3321 5151 innoxii,
3346 5087 3449 5143 sed
3474 5102 3582 5159 pro
3600 5088 3761 5144 eicio

2163 5182 2265 5223 suo
2289 5183 2413 5224 cum
2439 5179 2787 5241 peccatorum
2814 5175 3048 5231 audierit
3076 5178 3394 5248 varietates,
3439 5183 3551 5238 scit
3578 5185 3669 5254 qui
3696 5182 3756 5238 li-

2164 5259 2373 5329 gandus
2400 5261 2491 5327 sit,
2519 5263 2613 5332 qui
2641 5263 2952 5322 solvendus.

2237 5347 2382 5404 Tunc
2429 5355 2671 5426 praecepit
2715 5356 2987 5429 discipulis
3026 5361 3161 5428 suis,
3191 5371 3251 5416 ut
3280 5366 3483 5421 nemini
3509 5369 3752 5429 dim.

2161 5442 2287 5513 quia
2310 5443 2421 5513 ipse
2440 5455 2570 5500 esset
2599 5446 2754 5503 Iesus
2779 5449 3042 5507 Christus.
3072 5452 3302 5526 (ΜΑοιι.)
3332 5454 3513 5527 Supra
3544 5460 3755 5515 mittens

2162 5532 2458 5602 discipulos
2486 5552 2613 5592 suos
2643 5539 2710 5594 ad
2735 5542 3143 5609 praedicandum
3164 5544 3412 5614 iusserat
3435 5548 3545 5617 eis,
3582 5561 3644 5605 nt
3663 5567 3754 5606 an-

2160 5626 2476 5681 nuntiarent
2503 5629 2795 5685 adventtIm
2817 5649 2996 5699 suum,
3038 5635 3130 5689 hic
3165 5639 3426 5708 praecepit
3463 5655 3537 5696 ne
3580 5642 3752 5698 dicant

2158 5728 2278 5769 esse
2304 5712 2513 5771 Jesum.
2542 5717 2671 5772 Mihi
2690 5721 2906 5776 videtur
2932 5723 3077 5780 aliud
3101 5742 3223 5782 esse
3250 5727 3536 5786 Christum
3561 5735 3726 5803 prati

454 5776 703 5848 ‘mmpud
728 5795 794 5838 ac
815 5795 943 5839 vera
968 5784 1579 5869 intentioneﬂhristum
1616 5798 1795 5869 Sequi,
1821 5798 1919 5859 sed
1939 5808 2121 5892 ter-ﬂ
2155 5820 2302 5876 care,
2338 5806 2487 5869 aliud
2522 5808 2709 5871 Jesum
2747 5776 3751 5883 Christum—Christus

3028 5935 3159 5953 ..-ηρ-..φ
3216 5940 3289 5953 ...._
3317 5944 3346 5957 η
3374 5944 3419 5963 κ
