3898 6466
66 367 204 427 993

1147 358 1497 426 COMMENT.
1535 365 1602 421 IN
1642 361 2080 421 MATTHAEUM.
2111 393 2183 406 -
2219 363 2346 420 LIB.
2387 363 2456 419 γ.

3273 365 3385 426 994

73 483 343 554 gnitatis
367 489 454 540 est
472 495 688 551 nomen,
721 481 878 539 Jesus
896 483 1171 554 proprium
1209 481 1533 537 vocabulum
1576 479 1696 536 Sal-
1727 482 1782 543 Α
1805 487 1908 534 rat.
1941 479 2184 534 Prudens
2207 479 2379 535 lector
2402 480 2657 551 inquirat,
2707 478 2972 550 quomodo
3003 487 3127 550 post
3172 487 3386 541 tantam

70 577 344 633 vatoris.
368 577 552 632 Potest
576 586 755 632 autem
779 575 919 641 fieri,
947 585 1005 630 ut
1027 576 1226 630 idcirco
1247 583 1372 630 ante
1401 575 1700 643 passionem

76 684 267 724 suam
319 677 378 724 et
425 669 874 724 resurrectionem
918 683 976 723 se
1023 668 1254 723 noluerit
1293 667 1595 737 prtedicari,
1642 676 1703 722 ut

74 760 396 830 completo
429 768 618 830 postea
659 759 935 831 sanguinis
976 769 1317 814 sacramento
1346 759 1702 830 opportunius

81 853 383 924 apostolis
409 854 611 908 diceret
635 868 649 907 :
679 852 877 907 Euntes
907 852 1082 906 docete
1108 869 1286 906 omnes
1310 862 1506 924 gentes,
1535 861 1591 907 et
1618 865 1702 906 re-

83 943 280 1016 liqua.
315 945 475 1014 Quod
501 959 570 1000 ne
594 945 715 1014 quis
737 952 888 1013 putet
918 951 1115 998 nostm
1151 958 1272 998 esse
1307 951 1513 998 tantum
1543 941 1702 996 intel-

85 1039 380 1111 ligentiae,
401 1050 456 1094 et
485 1053 592 1093 non
615 1052 805 1093 sensus
852 1035 1183 1107 Evangelici,
1219 1050 1338 1105 quae
1379 1043 1702 1105 sequuntur,

89 1145 316 1185 causas
345 1129 630 1201 prohibita:
671 1136 782 1182 tum
810 1126 1206 1196 praedicationis
1233 1134 1526 1196 exponunt.

178 1221 329 1294 [HL]
361 1220 572 1274 Exinde
599 1219 749 1290 capit
770 1217 926 1273 Iesus
961 1217 1229 1272 ostendere
1256 1215 1524 1288 discipulis
1553 1217 1666 1272 suis
1684 1258 1700 1282 ,

89 1313 237 1382 quia
266 1319 470 1381 oportet
499 1327 617 1366 eum
652 1311 728 1364 ire
758 1308 1197 1380 Hierosolymam,
1246 1318 1294 1362 et
1324 1307 1492 1362 multa
1531 1309 1642 1378 pati
1671 1325 1705 1362 a

91 1401 436 1468 senioribus,
469 1401 788 1473 principibus
817 1400 1167 1465 sacerdotum,
1211 1408 1257 1454 et
1287 1398 1492 1466 scribis,
1522 1407 1569 1453 et
1622 1415 1707 1454 oc-

95 1491 241 1556 cidi,
268 1501 320 1544 et
351 1491 504 1545 tertia
541 1491 625 1546 die
646 1507 930 1561 resurgere.
953 1490 1048 1544 Est
1071 1499 1252 1544 autem
1282 1505 1477 1544 sensus
1507 1504 1521 1543 :
1553 1489 1707 1546 Tunc

95 1595 198 1635 me
222 1582 540 1651 przedicate,
579 1597 702 1637 cum
737 1584 838 1638 ista
867 1598 1060 1652 passus
1087 1583 1258 1647 fuero,
1285 1582 1410 1651 quia
1442 1597 1549 1637 non
1580 1599 1707 1654 pro-

102 1673 239 1726 dest
266 1670 546 1728 Christum
577 1673 789 1743 publice
815 1673 1131 1744 praedicare,
1157 1683 1212 1728 et
1234 1670 1351 1740 ejus
1400 1674 1622 1744 vulgare
1650 1675 1706 1730 in

106 1761 340 1832 populis
368 1761 732 1832 majestatem,
756 1779 916 1833 quem
940 1773 1059 1835 post
1082 1764 1356 1834 paululum
1382 1764 1705 1836 ﬂagellatum

1805 571 2192 626 beatitudinem
2237 590 2250 626 :
2284 571 2478 628 Beatus
2517 591 2570 629 es
2591 616 2604 639 ,
2635 573 2817 629 Simon
2849 572 3118 642 Barjona;
3141 583 3197 628 et
3222 573 3300 628 Tu
3328 593 3382 632 es

1806 658 1997 715 Petrus
2020 701 2035 726 ,
2085 671 2133 715 et
2171 677 2327 732 super
2358 663 2492 717 hanc
2529 673 2731 733 petram
2779 661 3050 729 wdiﬁcabo
3091 661 3384 718 Ecclesiam

1803 767 1993 816 meam,
2018 760 2066 804 et
2088 761 2251 820 portw
2267 752 2460 820 inferni
2483 769 2584 807 non
2603 750 2954 824 praevalebunt
2969 751 3215 806 adversus
3233 769 3385 818 eam;

1804 847 1880 904 et,
1910 838 2022 894 Tibi
2049 841 2184 894 dabo
2210 840 2377 896 claves
2409 844 2551 912 regni
2576 841 2855 906 caelorum,
2890 851 2938 896 et
2967 843 3106 913 quod
3145 842 3386 914 ligaveris

1803 945 1960 999 super
1999 940 2224 999 terram,
2259 942 2307 986 et
2336 931 2566 997 solveris,
2600 935 2696 988 erit
2717 933 2938 1003 ligatum
2981 942 3028 987 et
3056 933 3286 990 solutum
3328 935 3392 993 in

1807 1020 1980 1076 caelo“:
2009 1021 2164 1078 Nunc
2186 1031 2366 1078 autem
2413 1022 2556 1079 Vade
2585 1035 2721 1079 retro
2751 1042 2854 1091 me,
2905 1025 3128 1090 Satana,
3159 1025 3388 1080 scanda-

1804 1109 1912 1164 lum
1957 1112 2085 1166 mihi
2119 1130 2173 1167 es
2185 1131 2206 1179 ;
2243 1124 2338 1169 aut
2375 1130 2493 1185 quae
2530 1116 2602 1170 sit
2632 1125 2739 1170 tam
2768 1116 3049 1187 repentina
3082 1118 3386 1185 conversio,

1804 1209 1864 1255 ut
1883 1210 2003 1271 post
2027 1211 2174 1258 tanta
2194 1205 2416 1275 prtemia
2443 1206 2672 1262 Satanas
2697 1216 2842 1263 retro
2873 1208 3100 1263 dicatur.
3132 1208 3239 1265 Sed
3258 1224 3390 1268 con-

1802 1289 2006 1346 sideret
2040 1293 2131 1363 qui
2159 1294 2262 1349 hoc
2289 1295 2501 1366 quzerit,
2537 1295 2684 1350 illam
2711 1297 3142 1352 benedictionem
3169 1313 3234 1353 ac
3261 1299 3392 1355 bea-

1807 1385 2121 1453 titudinem,
2168 1404 2233 1444 ac
2266 1398 2586 1460 potestatem
2613 1433 2627 1456 ,
2671 1402 2726 1447 et
2773 1393 3185 1450 aedificationem
3227 1410 3392 1465 super

1805 1491 1926 1532 eum
1965 1478 2216 1535 Ecclesiae
2246 1480 2300 1535 in
2341 1482 2524 1536 futuro
2541 1482 2886 1552 promissam,
2915 1500 3022 1539 non
3048 1485 3104 1538 in
3134 1487 3390 1555 praesenti

1807 1569 2018 1637 datam;
2071 1571 2408 1642 Ediﬁcabo,
2454 1575 2647 1644 inquit,
2694 1592 2849 1646 super
2890 1587 2939 1630 te
2983 1576 3295 1644 Ecclesium,
3342 1587 3390 1632 ct

1805 1671 1970 1733 porta:
2001 1664 2195 1734 inferni
2230 1682 2333 1721 non
2373 1666 2725 1736 prcevalebunt
2767 1668 3016 1724 adversus
3047 1687 3183 1735 eam,
3218 1680 3266 1724 et
3298 1671 3390 1724 tibi

1808 1753 1943 1810 dabo
1989 1755 2156 1811 claves
2201 1749 2344 1828 regni
2385 1758 2652 1813 caelorum.
2692 1758 2885 1815 Omnia
2917 1761 2983 1816 de
3009 1761 3192 1817 futuro
3225 1780 3238 1816 :
3272 1777 3392 1832 quae

111 1856 298 1910 visuri
323 1857 434 1911 sint
465 1864 521 1911 et
547 1855 885 1912 cruciﬁxum.
917 1854 1085 1910 Multa
1110 1858 1220 1928 pati
1251 1875 1285 1912 a
1314 1857 1624 1922 senioribus,
1658 1867 1706 1912 et
1733 1848 1781 1909 Β
1807 1845 1854 1900 εί
1885 1847 2066 1901 statim
2099 1848 2338 1904 dedisset
2365 1850 2436 1914 εί,
2470 1866 2746 1919 nunquam
2787 1852 2840 1906 ίη
2866 1866 2933 1906 εο
2959 1867 3140 1924 [irai/33
3180 1854 3388 1910 οοηίεθ-

105 1947 350 2014 scribis,
390 1957 440 2002 et
489 1949 810 2019 principibus
855 1950 1204 2004 sacerdotum.
1247 1949 1316 2005 Et
1365 1967 1508 2006 nunc
1551 1951 1710 2008 Jesus

103 2037 290 2094 multa
320 2038 526 2109 patitur
551 2039 620 2093 ab
647 2039 732 2094 bis
757 2040 848 2109 qui
888 2055 1102 2095 rursum
1137 2041 1239 2096 sibi
1266 2042 1591 2113 crucifigunt
1614 2041 1706 2097 Fi-

103 2125 251 2180 lium
285 2126 402 2181 Dei.
429 2127 641 2181 Etcum
685 2129 927 2184 seniores
947 2138 1204 2200 putentur
1245 2131 1300 2185 in
1349 2131 1611 2195 Ecclesia,
1655 2141 1709 2187 et

110 2219 402 2290 principes
445 2221 822 2288 sacerdotum,
879 2223 1178 2293 simplicem
1225 2233 1512 2294 sequentes
1559 2224 1707 2280 litte-

115 2325 266 2375 ram,
313 2310 570 2366 occidunt
601 2311 798 2367 Filium
845 2311 972 2379 Dei,
1014 2314 1140 2385 quia
1185 2322 1352 2371 totum
1387 2315 1619 2371 sentitur
1654 2317 1708 2372 in

117 2401 352 2472 Spiritu.

197 2492 268 2546 Et
300 2510 571 2550 assumens
593 2511 709 2550 eum
734 2494 924 2551 Petrus
944 2498 1091 2568 coepit
1117 2499 1387 2569 increpare
1426 2499 1596 2565 illum,
1627 2502 1710 2555 di-

113 2601 245 2638 cens
273 2598 292 2636 :
323 2585 469 2639 Absit
495 2604 527 2640 a
556 2596 624 2652 te,
655 2586 896 2652 Domine,
927 2605 1032 2644 non
1059 2591 1155 2644 erit
1186 2590 1279 2644 tibi
1305 2591 1421 2645 hoc.
1453 2591 1557 2657 Qui
1586 2609 1710 2647 con-

113 2691 302 2730 versus
324 2676 457 2731 dixit
479 2677 638 2734 Petro
663 2695 682 2732 :
715 2678 858 2734 Vade
878 2691 990 2751 post
1017 2697 1116 2748 me,
1141 2680 1377 2748 Satana;
1399 2685 1709 2739 scandalum

119 2784 178 2822 es
208 2769 356 2835 mihi,
404 2772 528 2841 quia
556 2788 659 2826 non
681 2773 822 2842 sapis
847 2790 907 2827 ea
936 2791 1053 2844 qua:
1080 2775 1177 2829 Dei
1207 2787 1347 2841 sunt,
1381 2777 1471 2830 sed
1497 2794 1559 2831 ea
1591 2795 1708 2848 quae

114 2859 408 2914 hominum.
456 2861 610 2934 Saepe
656 2865 891 2920 diximus
943 2866 1095 2920 nimii
1135 2869 1348 2924 ardoris
1402 2870 1710 2940 amorisque

116 2964 286 3019 quam
313 2951 534 3006 maximi
557 2950 724 3008 fuisse
769 2952 987 3010 Petrum
1042 2956 1095 3010 in
1136 2955 1422 3012 Dominum
1467 2958 1712 3016 Salvato-

116 3057 260 3097 rem.
292 3043 427 3110 Quia
449 3060 578 3116 ergo
605 3055 725 3115 post
745 3046 1144 3103 confessionem
1172 3065 1324 3104 suam
1347 3091 1362 3117 ,
1401 3067 1506 3122 qua
1555 3054 1710 3110 dixe-

116 3141 254 3187 rat:
293 3133 368 3187 Tu
396 3151 449 3188 es
503 3133 743 3192 Christus
789 3136 965 3192 Filius
1007 3138 1106 3194 Dei
1149 3142 1282 3205 vivi;
1331 3151 1386 3197 et
1425 3146 1707 3214 praemium

1811 1937 1978 1992 sionis
2000 1953 2154 1992 error
2179 1939 2450 1996 inveniret
2471 1941 2669 1997 locum.

1885 2028 2031 2084 Tunc
2057 2030 2214 2086 Iesus
2238 2033 2369 2087 dixit
2411 2035 2682 2105 discipulis
2709 2037 2816 2090 suis
2854 2049 2872 2088 :
2905 2034 2964 2091 Si
2993 2039 3109 2107 quis
3137 2036 3246 2091 vult
3277 2046 3392 2108 post

1810 2137 1890 2175 me
1916 2124 2111 2188 venire,
2142 2125 2352 2195 abneget
2383 2128 2734 2198 semetipsum.
2767 2127 2949 2200 (ΗΑΒ.)
2979 2127 3273 2198 Postquam
3314 2131 3395 2184 di-

1811 2207 2032 2286 scipulis
2081 2218 2397 2287 mysterium
2445 2233 2556 2274 sua:
2598 2220 2866 2289 passionis
2896 2227 2950 2275 et
2975 2221 3395 2276 resurrectionis

1809 2309 2068 2374 ostendit,
2112 2310 2362 2366 hortatur
2404 2326 2500 2366 eos
2541 2313 2610 2367 ad
2635 2315 2969 2384 sequendum
2992 2329 3102 2369 sua:
3129 2315 3396 2384 passionis

1809 2402 2133 2472 exemplum.
2180 2404 2244 2458 Et
2288 2405 2539 2460 omnibus
2571 2407 2784 2474 quidem
2805 2413 3028 2476 propter
3065 2419 3123 2461 se
3167 2406 3394 2462 tribula-

1813 2495 2016 2550 tionem
2046 2496 2318 2564 perpessis
2345 2497 2577 2552 salutem
2605 2497 2660 2552 in
2689 2496 2871 2552 futuro
2895 2495 3162 2566 promittit
3190 2497 3399 2551 anima-

1813 2603 1960 2654 rum;
2004 2603 2111 2643 non
2148 2597 2325 2644 tamen
2369 2591 2655 2657 omnibus,
2713 2604 2900 2646 verum
2942 2588 3398 2663 perfectioribus,

1813 2688 2014 2750 quanta
2039 2681 2154 2750 ipse
2177 2697 2435 2751 passurus
2459 2691 2514 2736 et
2542 2684 2686 2753 quod
2709 2697 2740 2737 a
2762 2683 2990 2738 mortuis
3015 2692 3160 2739 esset
3211 2699 3400 2740 resur-

1811 2779 2062 2827 recturus
2102 2774 2332 2842 aperuit.
2388 2773 2450 2828 Si
2479 2776 2596 2845 quis
2621 2775 2746 2839 vult,
2776 2776 2968 2846 inquit,
2993 2785 3108 2846 post
3132 2793 3214 2830 me
3233 2776 3399 2848 sequi,

1811 2861 2027 2932 deneget
2051 2864 2300 2932 seipsum.
2334 2861 2538 2934 (Greg.)
2573 2863 2726 2918 Tunc
2746 2874 2926 2919 autem
2969 2879 3069 2919 nos
3109 2864 3256 2934 ipsos
3307 2865 3402 2919 al)—

1811 2969 2098 3026 negamus,
2133 2971 2257 3010 cum
2286 2957 2519 3010 vitamus
2538 2956 2680 3025 quod
2703 2971 2802 3025 per
2824 2963 3153 3011 vetustatem
3179 2954 3400 3023 fuimus,

1811 3057 1866 3103 et
1889 3050 1956 3102 ad
1985 3048 2090 3102 hoc
2112 3048 2340 3102 nitimur
2359 3064 2465 3118 quo
2492 3063 2591 3118 per
2618 3049 2913 3104 novitatem
2961 3062 3236 3103 vocamur.
3266 3046 3406 3102 Pen-

1813 3153 1994 3197 semus
2019 3140 2289 3209 quomodo
2311 3157 2370 3196 se
2394 3140 2592 3196 Paulus
2618 3143 3000 3211 abnegaverat,
3027 3140 3117 3210 qui
3145 3137 3360 3195 dicebat
3386 3156 3398 3192 :

122 3223 419 3281 Salvatoris
441 3229 583 3297 quod
609 3229 851 3285 audierat
876 3249 888 3284 z
914 3229 1112 3286 Beatus
1133 3249 1210 3298 es,
1239 3213 1704 3306 SimonBarjona,
1734 3213 1780 3277 (ἶ
1821 3230 1946 3286 Vivo
1967 3241 2141 3286 autem
2163 3233 2282 3302 jam
2307 3250 2409 3286 non
2436 3251 2528 3304 ego
2558 3231 2700 3303 (Gal.
2729 3235 2790 3304 ιι)
2823 3252 2835 3286 :
2863 3233 3162 3289 exstinctus
3204 3231 3403 3302 quippe

118 3319 247 3388 quia
298 3337 420 3374 caro
466 3331 513 3373 et
544 3323 759 3392 sanguis
804 3339 907 3376 non
955 3323 1194 3378 reuelauit
1243 3326 1358 3391 tibi,
1400 3328 1491 3381 sed
1546 3326 1707 3384 Pater

118 3423 265 3462 meus
297 3409 386 3478 qui
409 3409 464 3464 in
497 3409 636 3464 ctelis
659 3419 754 3477 est,
805 3421 1025 3482 repente
1055 3414 1201 3468 audit
1231 3431 1262 3469 a
1289 3415 1519 3472 Domino
1541 3434 1705 3489 opor-

117 3507 238 3555 tere
268 3501 345 3556 ire
367 3499 814 3574 Hierosolymam,
860 3505 1040 3574 ibique
1077 3505 1246 3561 multa
1290 3507 1401 3576 pati
1423 3523 1455 3563 a
1483 3510 1708 3565 seniori«

118 3590 242 3656 bus,
269 3601 324 3647 et
351 3594 565 3659 scribis,
588 3603 641 3648 et
670 3595 1004 3665 principibus
1033 3599 1402 3661 sacerdotum,
1431 3607 1486 3655 et
1511 3601 1704 3666 occidi,

119 3691 179 3738 et
205 3684 360 3738 tertio
387 3685 473 3739 die
499 3700 805 3756 resurgere.
841 3686 958 3742 Non
1009 3688 1124 3744 vult
1152 3691 1359 3745 destrui
1407 3691 1705 3748 confessio-

120 3790 249 3829 nem
269 3790 442 3840 suam,
467 3791 568 3832 nec
594 3786 748 3848 putat
776 3779 891 3835 ﬁeri
912 3795 1092 3851 posse,
1133 3791 1192 3837 ut
1236 3783 1333 3838 Dei
1357 3783 1525 3839 Filius
1565 3786 1708 3840 occi-

120 3866 300 3920 datur.
345 3867 588 3923 Assumit
637 3870 822 3940 itaque
859 3886 983 3932 eum
1014 3872 1068 3928 in
1106 3873 1358 3930 allectum
1397 3891 1576 3942 suum,
1624 3877 1709 3932 vel

120 3957 409 4026 separatim
435 3958 602 4025 ducit,
633 3977 701 4017 ne
728 3965 1085 4032 praesentibus
1126 3967 1338 4022 caeteris
1371 3967 1710 4038 condiscipu-

120 4051 192 4104 lis
219 4052 532 4123 magistrum
558 4055 806 4110 videatur
849 4072 1094 4127 arguere,
1121 4069 1175 4113 et
1223 4062 1390 4130 coepit
1428 4061 1709 4131 increpare

122 4140 272 4194 illum
295 4144 528 4199 amantis
555 4145 774 4210 aﬂ'ectu,
803 4155 856 4203 et
877 4151 1118 4218 optantis
1140 4152 1321 4207 dicere
1347 4170 1359 4205 :
1395 4152 1540 4206 Absit
1572 4172 1604 4207 a
1633 4162 1705 4219 te,

124 4231 374 4300 Domine;
405 4235 489 4290 vel
519 4246 577 4291 ut
605 4238 800 4322 melius
828 4239 1059 4296 habetur
1089 4244 1141 4296 in
1173 4243 1363 4300 Grmco
1395 4263 1407 4299 :
1439 4245 1706 4316 Propitius

123 4333 232 4379 esto
254 4325 360 4389 tibi,
389 4326 632 4394 Domine,
667 4347 770 4383 non
791 4332 890 4383 erit
923 4333 1083 4397 istud,
1121 4335 1173 4388 id
1213 4344 1314 4400 est,
1361 4350 1468 4389 non
1507 4346 1704 4406 potest,

124 4430 226 4470 nec
258 4417 519 4487 recipiunt
565 4435 726 4476 aures
763 4436 928 4487 mete,
953 4432 1012 4476 ut
1050 4424 1144 4477 Dei
1175 4424 1343 4479 Filius
1382 4426 1708 4481 occidendus

124 4509 216 4564 sit.
251 4509 328 4563 Ad
359 4526 518 4580 quem
553 4510 816 4567 Dominus
848 4529 1146 4569 conversus
1187 4517 1263 4569 ait
1313 4535 1326 4570 :
1389 4515 1532 4570 Vade
1570 4529 1706 4572 retro

124 4613 235 4673 post
256 4620 350 4669 me,
381 4602 604 4669 Satana,
639 4605 949 4659 scandalum
993 4607 1122 4660 mihi
1165 4623 1238 4661 es.
1282 4606 1513 4664 Satanas
1544 4609 1710 4664 inter-

127 4705 367 4768 pretatur
389 4697 756 4762 adversarius,
783 4699 898 4771 sive
917 4699 1242 4764 contrarius,
1268 4699 1393 4770 quia
1415 4701 1708 4767 contraria,

129 4789 332 4858 inquit,
380 4788 622 4860 loqueris
669 4789 931 4842 voluntati
976 4805 1129 4854 metr,
1157 4790 1320 4845 debes
1370 4792 1713 4848 adversarius

127 4877 394 4947 appellari.
421 4877 570 4932 Multi
594 4887 790 4949 putant
815 4879 957 4948 quod
979 4896 1083 4935 non
1101 4879 1294 4936 Petrus
1316 4891 1600 4950 correptus
1618 4882 1708 4947 sit,

127 4969 220 5024 sed
258 4969 600 5026 adversarius
641 4972 896 5040 spiritus,
941 4972 1032 5040 qui
1073 4972 1186 5026 haec
1240 4973 1421 5027 dicere
1470 4973 1712 5042 apostolo

128 5064 460 5134 suggerebat.
515 5064 619 5119 Sed
661 5065 794 5119 mihi
829 5079 983 5120 error
1031 5065 1357 5134 apostolicus
1392 5079 1457 5119 ex
1496 5067 1714 5136 pietatis

133 5153 319 5210 allectu
348 5157 593 5222 veniens,
622 5173 897 5228 nunquam
930 5158 1262 5213 incentivum
1304 5157 1576 5212 videbitur
1602 5159 1715 5214 dia-

133 5247 256 5302 boli.
283 5248 427 5302 Vade
445 5257 612 5313 retro,
635 5249 868 5314 Satana;
895 5248 1108 5304 diabolo
1131 5248 1327 5303 dicitur
1347 5263 1360 5302 :
1386 5247 1531 5302 Vade
1555 5258 1710 5303 retro.

133 5338 314 5393 Petrus
341 5339 491 5393 audit
515 5357 526 5392 :
561 5337 705 5391 Vade
733 5349 868 5392 retro
893 5357 994 5404 me,
1029 5340 1080 5395 id
1109 5348 1213 5404 est,
1241 5354 1466 5409 sequere
1491 5350 1713 5395 senten-

134 5432 258 5486 tiam
283 5446 478 5495 meam,
510 5431 634 5501 quia
665 5447 766 5484 non
787 5432 926 5500 sapis
954 5449 1014 5486 ea
1035 5449 1152 5503 quia
1183 5432 1277 5486 Dei
1305 5441 1449 5495 sunt,
1478 5433 1568 5486 sed
1595 5448 1714 5503 qua:

134 5526 408 5580 hominum.
443 5522 572 5578 Mea:
613 5523 906 5579 voluntatis
927 5532 1012 5581 est
1056 5534 1111 5580 et
1149 5525 1351 5590 Patris,
1385 5524 1542 5594 cujus
1588 5525 1712 5580 veni

137 5617 307 5684 facere
352 5615 698 5677 voluntatem,
739 5623 801 5668 ut
825 5631 922 5684 pro
966 5616 1243 5672 hominum
1275 5617 1449 5672 salute
1488 5615 1710 5670 moriar.

139 5708 216 5764 Tu
238 5719 376 5763 tuam
403 5715 615 5762 tantum
647 5707 966 5763 desiderans
994 5708 1329 5771 voluntatem
1357 5725 1462 5764 non
1489 5709 1568 5763 vis
1593 5725 1714 5777 gra-

140 5817 263 5860 num
291 5801 454 5858 tritici
475 5801 527 5856 in
557 5809 759 5880 terram
781 5800 996 5867 cadere,
1024 5809 1084 5857 ut
1109 5801 1306 5856 multos
1337 5799 1550 5857 fructus
1584 5798 1714 5855 atl'e-

1810 3323 1987 3378 fuerat
2018 3339 2192 3378 saevus
2213 3322 2302 3376 ille
2330 3332 2669 3392 persecutor,
2699 3333 2754 3380 et
2788 3325 2968 3379 vivere
2993 3323 3159 3394 ccepit
3210 3322 3407 3393 praedi-

1809 3422 1961 3469 cator
2007 3415 2148 3484 pius.
2206 3414 2265 3470 Si
2306 3417 2451 3470 enim
2493 3416 2608 3486 ipse
2648 3424 2814 3481 esset,
2859 3416 2980 3486 pius
3020 3414 3261 3484 profecto
3297 3428 3405 3470 non

1808 3514 1978 3571 esset;
1999 3507 2092 3562 sed
2118 3507 2210 3576 qui
2234 3521 2292 3561 se
2317 3507 2502 3561 vivere
2525 3508 2775 3578 denegat,
2802 3507 2949 3561 dicat
2975 3505 3124 3560 unde
3151 3512 3236 3560 est
3262 3501 3410 3574 quod

1810 3608 1997 3654 sancta
2027 3601 2194 3654 verba
2221 3615 2318 3670 per
2346 3600 2650 3655 doctrinam
2673 3600 2922 3656 veritatis
2971 3599 3190 3655 clamat.
3230 3595 3412 3654 Proti-

1807 3707 1910 3747 nus
1940 3691 2121 3746 subdit
2149 3710 2160 3745 :
2209 3690 2339 3747 Vivit
2367 3709 2484 3746 vero
2507 3693 2562 3746 in
2592 3709 2674 3747 me
2704 3690 2980 3756 Christus;
3012 3705 3078 3746 ac
3126 3690 3174 3745 si
3219 3697 3406 3760 aperte

1808 3781 1953 3836 dicat
1977 3799 1992 3835 :
2015 3782 2128 3852 Ego
2152 3783 2367 3852 quidem
2387 3798 2416 3837 a
2439 3784 2761 3853 memetipso
2787 3784 3093 3839 exstinctus
3113 3797 3256 3847 sum,
3283 3781 3408 3851 quia

1808 3875 2102 3930 carnaliter
2125 3889 2233 3930 non
2261 3875 2408 3941 vivo,
2441 3877 2535 3931 sed
2565 3883 2746 3932 tamen
2773 3875 3140 3931 essentialiter
3165 3882 3411 3928 mortuus

1809 3981 1917 4020 non
1967 3981 2125 4031 sum,
2171 3966 2298 4035 quia
2345 3965 2399 4020 in
2443 3964 2663 4020 Christo
2709 3965 3028 4036 spiritaliter
3057 3964 3199 4020 vivo.
3256 3962 3412 4016 Dicat

1811 4073 1940 4127 ergo
1973 4058 2214 4122 Veritas,
2253 4057 2399 4112 dicat
2434 4076 2446 4111 :
2489 4057 2548 4112 Si
2595 4059 2713 4129 quis
2741 4059 2848 4113 vult
2877 4067 2993 4128 post
3021 4073 3102 4111 me
3128 4056 3294 4128 sequi,
3328 4055 3411 4109 de-

1809 4159 1955 4220 neget
1981 4155 2246 4220 sei’psum;
2272 4151 2398 4219 quia
2425 4151 2528 4207 nisi
2556 4153 2680 4222 quis
2709 4167 2740 4205 a
2761 4153 3052 4222 semetipso
3080 4149 3315 4213 deficiat,
3344 4147 3412 4204 ad

1809 4257 1932 4298 cum
1960 4243 2051 4312 qui
2076 4259 2239 4313 super
2259 4243 2435 4314 ipsum
2459 4254 2545 4298 est
2566 4259 2672 4298 non
2696 4245 3126 4315 appropinquat;
3147 4258 3248 4297 nec
3268 4241 3413 4298 valet

1809 4334 2220 4402 apprehendere
2247 4336 2392 4404 quod
2420 4335 2562 4389 ultra
2593 4337 2767 4405 ipsum
2790 4345 2892 4399 est,
2927 4336 2973 4390 si
2997 4334 3256 4390 nescierit
3299 4349 3411 4387 ma-

1816 4433 1966 4480 ctare
1994 4428 2138 4495 quod
2162 4436 2264 4482 est.
2302 4427 2407 4482 Sed
2435 4429 2546 4498 jam
2572 4429 2745 4498 quise
2781 4444 2809 4482 a
2857 4428 3004 4482 vitiis
3036 4430 3288 4497 abnegat,
3322 4441 3409 4480 ex-

1814 4518 2091 4587 quirendae
2115 4516 2230 4585 ejus
2257 4519 2483 4572 virtutes
2523 4527 2648 4573 sunt
2690 4519 2743 4572 in
2774 4519 2971 4588 quibus
3007 4527 3236 4572 crescat.
3276 4515 3413 4569 Nam

1818 4623 1940 4662 cum
1968 4607 2170 4662 dictum
2199 4616 2283 4662 est
2309 4625 2320 4660 :
2349 4607 2411 4662 Si
2438 4609 2553 4678 quis
2582 4607 2689 4661 vult
2717 4617 2833 4677 post
2871 4623 2954 4661 me
2983 4606 3150 4678 sequi,
3197 4605 3413 4676 abneget

1818 4699 2068 4768 seipsum,
2091 4699 2340 4767 protinus
2355 4697 2695 4768 adjungitur:

1890 4789 1961 4842 Et
2014 4788 2163 4843 tollat
2215 4806 2421 4843 crucem
2464 4806 2648 4854 suam,
2694 4799 2741 4844 et
2786 4797 3033 4861 sequatur
3059 4805 3162 4844 me.
3197 4787 3419 4845 Duobus

1821 4881 2024 4936 etenim
2073 4880 2250 4934 modis
2278 4896 2409 4934 crux
2443 4881 2672 4946 tollitur,
2703 4897 2825 4936 cum
2873 4890 2966 4936 aut
2995 4897 3094 4953 per
3140 4879 3415 4936 abstinen-

1821 4974 1951 5028 tiam
1975 4972 2208 5028 allicitur
2227 4989 2442 5043 corpus,
2476 4983 2570 5028 aut
2597 4991 2697 5044 per
2723 4975 3154 5044 compassionem
3183 4970 3418 5042 proximi

1817 5065 2074 5135 allligitur
2114 5066 2350 5121 animus.
2393 5067 2690 5121 Peusemus
2719 5066 2953 5135 qualiter
2977 5074 3207 5133 utroque
3255 5063 3420 5119 modii

1810 5158 2016 5213 Paulus
2066 5175 2288 5214 crucem
2337 5177 2490 5215 suam
2524 5161 2740 5224 tulerat,
2781 5160 2872 5229 qui
2899 5159 3111 5214 dicebat
3157 5155 3418 5225 :Castigo

1817 5266 2006 5318 corpus
2055 5266 2248 5316 meum,
2299 5260 2348 5304 et
2384 5252 2436 5304 in
2459 5251 2753 5304 servitutem
2799 5248 3000 5314 redigo,
3033 5254 3095 5300 'ne
3123 5245 3258 5316 forte
3295 5244 3416 5300 aliis

1817 5339 2113 5410 prwdicans
2144 5341 2252 5409 ipse
2297 5339 2544 5410 reprobus
2578 5339 2772 5408 cfﬁciar
2801 5336 2852 5408 (I
2877 5337 2998 5391 Cor.
3046 5336 3143 5407 ιχ).
3180 5337 3320 5392 Ecce
3361 5337 3416 5392 in

1822 5429 2111 5484 aﬂlietione
2139 5431 2384 5499 corporis
2409 5429 2716 5483 audivimus
2745 5443 2964 5483 crucem
2999 5428 3180 5483 carnis
3206 5469 3221 5494 ,
3273 5442 3416 5483 nunc

1819 5525 1874 5579 in
1926 5523 2305 5592 compassione
2339 5519 2574 5592 proximi
2621 5519 2905 5574 audiamus
2929 5533 3145 5574 crucem
3193 5518 3412 5573 mentis.

1818 5615 1909 5669 Ait
1936 5623 2116 5668 autem
2151 5633 2163 5667 :
2201 5613 2331 5679 Quis
2377 5612 2699 5680 inﬁrmatur,
2753 5621 2800 5665 et
2843 5629 2934 5680 ego
2982 5628 3084 5665 non
3126 5609 3417 5680 inﬁrmor.’

1822 5709 1952 5774 Quis
1995 5705 2413 5768 scandalizatur,
2471 5714 2518 5758 et
2567 5720 2658 5774 ego
2686 5721 2787 5758 non
2831 5705 2998 5757 uror?
3028 5702 3114 5776 (II
3146 5702 3268 5758 Cor.
3307 5695 3412 5755 ΜΛ

1817 5798 2101 5858 Perfectus
2145 5799 2346 5869 quippe
2391 5797 2716 5868 praedicator
2741 5837 2756 5862 ,
2799 5805 2858 5853 ut
2908 5794 3215 5864 exemplum
3257 5792 3427 5858 daret,
