3898 6454
528 299 641 364 995

1176 296 1237 353 B.
1279 294 1534 352 RABANI
1570 294 1791 353 MAURI
1826 292 2146 351 ARCHIEP.
2186 292 2495 350 MOGUNT.
2538 289 2824 348 OPERUM
2859 289 3043 347 PARS
3074 290 3123 354 Ι.

528 408 891 475 abstinentiae,
929 424 1142 465 crucem
1183 410 1437 480 portabat
1457 384 1512 464 in
1536 386 1792 480 corpore;
1817 396 1871 464 et
1896 409 2021 479 quia
2052 402 2107 462 in
2210 406 2416 462 Idcirco
2444 404 2689 461 tristibus
2716 405 2837 459 laeta
2862 407 3192 473 succedunt,
3215 412 3271 462 et
3300 404 3480 462 dicit:
3518 403 3716 461 Filias
3738 382 3830 463 ita;

529 519 587 560 se
610 503 856 558 trahebat
881 502 1069 557 damna
1109 499 1444 557 infirmitatis
1477 500 1685 567 alienae,
1716 516 1934 557 crucem
1976 514 2105 571 por-

529 599 679 655 tabat
711 594 775 652 in
796 594 975 651 corde.

582 678 706 763 Qui
752 689 889 744 enim
932 686 1145 742 voluerit
1188 690 1420 744 animum
1456 704 1607 743 suam
1650 686 1849 742 salvam
1897 688 2107 759 facere,

524 782 702 857 perdet
722 797 837 867 eam
859 797 878 845 ;
901 782 990 851 qui
1013 793 1187 833 autent
1214 781 1496 851 perdiderit
1519 780 1749 835 animam
1795 797 1947 834 suam
1988 797 2112 851 pro-

522 883 638 947 pter
660 890 759 938 me,
786 870 1009 927 inveniet
1046 889 1180 926 eam.
1213 870 1440 945 (IIilar.)
1488 871 1677 943 Magna
1722 883 1775 927 et
1802 871 1939 927 mira
1989 887 2111 927 sen-

521 946 732 1029 tentia“,
789 963 1241 1034 quemadmodum
1298 972 1423 1019 sunt
1471 965 1706 1020 hominis
1755 964 1809 1019 in
1869 966 2109 1019 animam

521 1072 672 1112 suam
699 1070 853 1109 amor
873 1066 931 1109 ut
952 1063 1160 1125 pereat,
1184 1054 1366 1110 odium
1398 1072 1465 1111 ne
1487 1062 1696 1125 pereat,
1720 1056 1765 1111 si
1793 1056 1932 1111 male
1960 1071 2110 1110 ama-

517 1146 684 1215 veris,
712 1149 1034 1216 tuncodisti,
1062 1149 1106 1204 si
1136 1149 1273 1204 bene
1288 1149 1489 1215 oderis,
1514 1158 1643 1205 tunc
1664 1150 1880 1204 amasti.
1905 1145 2107 1220 (Greg.)

518 1230 733 1299 Felices
749 1244 840 1314 qui
863 1244 1094 1301 oderunt
1117 1246 1489 1310 custodiendo,
1517 1262 1583 1300 ne
1607 1256 1832 1316 pereant
1853 1246 2103 1302 amando.

516 1332 609 1388 Sic
632 1333 835 1389 dicitur
860 1333 1005 1389 ﬁdeli
1034 1353 1047 1387 :
1079 1333 1181 1401 Qui
1212 1334 1431 1389 voluerit
1455 1336 1686 1390 animant
1730 1351 1881 1390 suam
1907 1334 2106 1389 salvam

516 1424 728 1495 facere,
772 1424 951 1498 perdet
998 1444 1144 1493 eam;
1199 1428 1287 1498 qui
1332 1437 1505 1482 autent
1541 1427 1823 1498 perdiderit
1871 1427 2105 1482 animum

515 1536 667 1575 suam
707 1529 921 1592 propter
956 1536 1056 1586 me,
1098 1518 1298 1575 salvam
1324 1537 1437 1574 eum
1466 1519 1641 1589 faciet.
1682 1520 1759 1575 Ac
1785 1520 1830 1576 si
1858 1519 2106 1591 agricolae

516 1612 731 1668 dicatur
765 1631 777 1668 :
807 1594 1163 1669 Frumentum
1203 1613 1247 1667 si
1288 1628 1496 1677 servas,
1522 1614 1733 1684 perdis;
1765 1614 1811 1669 si
1841 1613 2101 1679 seminas,

513 1686 762 1762 renovas.
798 1704 931 1774 Quis
959 1705 1106 1761 enim
1136 1705 1344 1760 nesciat
1378 1706 1521 1775 quod
1569 1704 1920 1773 frumentum,
1976 1722 2102 1762 cum

2160 506 2167 521 '
2214 500 2367 555 minis
2395 509 2641 554 venturus
2685 500 2848 552 estin
2897 498 3068 569 gloria
3097 495 3279 553 Patris
3314 500 3405 553 sui
3449 515 3583 552 cum
3633 501 3825 571 σωθῶ

2212 595 2342 649 suis.
2380 592 2563 648 Times
2617 592 2895 647 mortem?
2932 590 3069 645 Audi
3109 591 3341 662 gloriam
3395 592 3822 663 triumphantis.

2214 685 2433 741 Vereris
2458 684 2994 753 crucemiAusculta
3024 684 3340 754 angelorum
3380 686 3731 740 ministeria.
3762 685 3821 740 Et

2213 788 2359 847 tunc,
2392 779 2599 851 inquit,
2632 778 2807 833 reddet
2836 779 3118 849 unicuique
3147 779 3443 832 secundum
3479 794 3653 851 opera
3690 779 3818 849 ejus.

2213 869 2329 925 Non
2360 880 2445 926 est
2468 870 2741 925 distinctio
2764 868 2936 924 Judaei
2965 876 3021 922 et
3046 867 3287 933 ethnici;
3318 869 3426 923 viri
3450 876 3513 923 et
3535 869 3815 931 mittier-is;

2210 972 2505 1038 pauperum
2535 974 2590 1020 et
2613 966 2839 1020 divitum
2863 1005 2878 1030 ,
2922 963 3014 1019 ubi
3056 977 3163 1018 non
3196 977 3452 1034 persona:
3474 1005 3491 1030 ,
3524 966 3632 1023 sed
3663 982 3814 1039 Opera

2213 1059 2648 1114 considerantur.

2281 1153 2446 1206 Amen
2471 1150 2587 1204 dico
2614 1148 2782 1215 vobis,
2817 1157 2940 1203 sunt
2963 1148 3176 1220 quidam
3203 1149 3267 1203 de
3306 1149 3394 1203 hic
3431 1152 3710 1206 stantibus
3732 1156 3811 1226 qui

2213 1264 2313 1302 non
2341 1246 2621 1316 gustabunt
2648 1253 2885 1307 mortem,
2902 1240 3075 1296 donec
3101 1242 3311 1296 videant
3336 1241 3555 1297 Filium
3599 1246 3808 1302 homins

2209 1341 2495 1395 venientem
2533 1338 2586 1392 in
2617 1353 2771 1407 regno
2801 1352 2917 1389 suo.
2951 1334 3115 1407 (ΗΑΒ.
3141 1334 3159 1406 )
3188 1333 3441 1407 Regnum
3487 1336 3597 1391 Dei
3637 1338 3689 1391 in
3716 1354 3809 1409 qus

2209 1427 2381 1484 Filius
2404 1428 2495 1485 Dei
2524 1428 2665 1483 idem
2690 1426 2782 1496 qui
2811 1434 2865 1480 et
2888 1424 3055 1481 Filius
3074 1425 3313 1481 hominis
3346 1437 3551 1496 regnat
3580 1428 3686 1483 hoc
3708 1428 3807 1483 loco

2208 1534 2450 1592 prazsens
2481 1520 2725 1577 Ecclesia
2751 1526 2995 1574 vocatur.
3024 1518 3089 1573 Et
3111 1518 3237 1588 quia
3268 1518 3533 1573 nonnulli
3563 1535 3637 1574 ex
3667 1521 3809 1575 disci-

2202 1616 2348 1688 pulis
2380 1631 2551 1687 usque
2586 1616 2718 1669 adeo
2751 1613 2935 1668 victuri
2975 1614 3029 1667 in
3076 1628 3305 1682 corpore
3327 1621 3531 1677 erant,
3560 1624 3623 1666 ut
3646 1612 3808 1668 Ecde-

2209 1708 2345 1763 siam
2379 1707 2474 1762 Dei
2503 1714 2868 1762 constructam
2909 1704 3291 1773 conspicerent
3322 1712 3377 1758 et
3403 1712 3613 1758 contra
3642 1706 3802 1760 mutui

512 1795 566 1851 in
597 1797 803 1865 semine
846 1797 1098 1881 mittitur,
1145 1797 1286 1867 perit
1322 1797 1390 1851 ob
1422 1797 1612 1861 oculis,
1638 1797 1689 1852 in
1717 1807 1859 1852 terra
1886 1797 2099 1864 deficit;
2130 1795 2179 1857 B
2208 1795 2367 1865 hujus
2396 1797 2621 1868 gloriam
2650 1810 2747 1865 per
2787 1794 3027 1849 auctoris
3069 1793 3153 1847 sui
3196 1793 3514 1862 potentiam
3562 1802 3802 1857 erectam,

511 1888 607 1942 sed
636 1888 778 1944 unde
812 1888 1075 1960 putrescit
1105 1888 1159 1943 in
1186 1887 1405 1957 pulvere
1424 1928 1438 1954 ,
1471 1888 1750 1943 viridcscit
1794 1889 1845 1942 in
1876 1903 2105 1942 renova-

510 1981 675 2036 tione.
713 1981 849 2061 Quia
892 1996 1021 2047 vero
1045 1990 1231 2037 sancta
1255 1980 1500 2036 Ecclesia
1527 1980 1670 2035 aliud
1701 1989 1913 2050 tempus
1940 1980 2105 2035 habet

508 2073 909 2143 persecutionis
951 2081 1116 2144 atque
1160 2071 1304 2126 aliud
1347 2072 1533 2142 pacis,
1563 2070 1893 2140 Redemptor
1916 2081 2103 2125 noster

507 2164 626 2234 ipsa
674 2163 791 2234 ejus
843 2172 1086 2235 tempora
1145 2163 1444 2234 designavit
1493 2164 1546 2218 in
1602 2165 1904 2235 pneceptis.
1964 2163 2100 2218 Nam

504 2255 902 2327 persecutionis
931 2264 1174 2328 tempore
1197 2255 1444 2327 ponenda
1482 2264 1565 2310 est
1592 2255 1793 2321 anima,
1822 2256 1970 2326 pacis
2000 2272 2098 2309 au-

504 2356 612 2402 tem
669 2346 914 2425 tempore
960 2362 1023 2403 ea
1068 2363 1191 2419 qua:
1243 2348 1477 2418 amplius
1536 2347 1806 2402 dominari
1872 2355 2101 2418 possunt

504 2436 802 2517 frangenda
826 2445 956 2517 sunt
979 2435 1251 2517 desideria
1278 2445 1516 2493 terrena.
1569 2436 1725 2493 Unde
1757 2446 1811 2493 et
1835 2454 1979 2493 nunc
2014 2439 2096 2493 di-

502 2512 697 2593 citur:
768 2506 773 2524 ι
992 2522 1001 2543 ¹

574 2620 717 2687 Quid
757 2621 894 2701 enim
924 2621 1133 2701 prodest
1168 2622 1389 2685 homini,
1423 2622 1469 2675 si
1504 2621 1803 2676 universum
1840 2623 2095 2677 mundum

501 2696 755 2777 lucretur,
781 2696 975 2767 animat
996 2728 1114 2766 vero
1142 2704 1252 2767 sua:
1273 2713 1641 2767 detrimentum
1665 2714 1940 2783 patiatur?
1959 2714 2095 2770 Cum

499 2782 805 2874 persecutid
836 2802 903 2883 ab
925 2803 1253 2858 adversariis
1280 2802 1450 2870 deest,
1481 2803 1637 2859 valde
1662 2804 1973 2876 vigilantius
2002 2822 2096 2862 cor

497 2890 913 2951 matodieitdum
942 2903 1045 2949 est.
1068 2891 1204 2948 Nam
1233 2895 1383 2965 pacis
1402 2903 1671 2966 tempore,
1707 2898 1835 2967 quia
1861 2897 1990 2953 licet
2018 2897 2097 2952 vi-

496 2976 666 3049 vere‘,
708 2968 841 3038 libet
875 2972 1039 3039 etiam
1071 2985 1297 3040 ambire.
1327 2984 1655 3055 Plerumque
1676 2995 1858 3041 autem
1888 2996 1942 3044 et
1972 3002 2096 3043 ava-

496 3071 679 3129 ritiam
701 3066 991 3139 vincimus,
1022 3073 1116 3129 sed
1146 3074 1323 3129 adhuc
1350 3074 1533 3131 obstat
1564 3077 1706 3145 quod
1724 3076 1840 3131 vias
1871 3077 2094 3131 rectitu-

2156 1882 2163 1891 ’
2207 1888 2565 1943 consolatoria
2586 1885 2951 1957 promissione
2978 1898 3121 1939 nunc
3148 1882 3355 1938 dicitur
3388 1902 3402 1936 :
3441 1881 3587 1937 Sunt
3612 1885 3801 1953 quida-

2205 1984 2269 2039 de
2296 1983 2381 2038 hic
2408 1983 2689 2048 stantibus,
2708 1983 2805 2053 qui
2830 1998 2935 2036 non
2956 1982 3239 2052 gustabunt
3271 1990 3531 2043 mortem,
3558 1982 3719 2034 donec
3739 1981 3800 2033 ri-

2204 2076 2359 2129 deant
2388 2072 2587 2127 Filium
2614 2073 2841 2128 hominis
2876 2074 3157 2127 venientem
3180 2072 3236 2124 in
3265 2086 3437 2141 regno
3460 2087 3590 2134 suo,
3622 2070 3675 2124 id
3705 2080 3800 2137 e51,

2203 2166 2577 2222 ostendentem
2608 2163 2906 2235 potentiam
2946 2178 3122 2217 suam.
3151 2160 3263 2217 Sed
3288 2176 3422 2215 cum
3460 2169 3621 2215 tanta
3650 2160 3801 2215 Donn-

2204 2274 2306 2312 nus
2350 2256 2643 2312 subeunda:
2672 2256 2867 2311 mortis
2892 2265 3159 2326 praecepta
3190 2255 3426 2318 ederet,
3465 2254 3608 2324 quid
3640 2269 3798 2308 neces-

2202 2347 2406 2402 sarium
2436 2345 2579 2417 fuit,
2614 2355 2678 2401 ut
2714 2345 2781 2400 ad
2810 2346 2952 2400 hanc
2986 2346 3165 2400 subito
3201 2344 3645 2414 promissionem
3682 2347 3800 2399 veli-

2200 2439 2319 2494 ret?
2344 2439 2498 2505 Quod
2523 2438 2570 2493 si
2592 2437 2863 2494 subtiliter
2890 2437 3256 2500 attendamus,
3292 2446 3516 2505 quanta
3544 2436 3795 2507 dispansa-

2200 2531 2349 2587 tione
2378 2530 2596 2601 pietatis
2622 2538 2815 2601 agatur
2834 2529 3197 2601 agnoscimus.
3220 2527 3544 2600 Discipulis
3566 2532 3711 2583 enim
3729 2546 3799 2583 rn-

2199 2620 2358 2676 dibus
2386 2621 2550 2675 etiam
2592 2621 2658 2675 de
2693 2623 2948 2689 prmsenti
2968 2619 3089 2683 vita
3127 2618 3342 2688 aliquid
3379 2621 3799 2691 promittam

2198 2711 2320 2779 fuit,
2348 2719 2407 2766 ut
2426 2718 2647 2783 possent
2668 2711 2939 2766 robustius
2958 2711 3011 2765 in
3033 2708 3216 2765 futura
3240 2710 3511 2767 solidari.
3539 2710 3797 2767 Siclsrae-

2197 2805 2349 2860 litico
2377 2804 2572 2875 populo
2608 2820 2675 2858 ex
2698 2803 2914 2876 ZEgypti
2943 2811 3088 2859 terra
3111 2803 3406 2859 liberando
3436 2806 3797 2875 mpm

2198 2900 2284 2954 nis
2320 2906 2465 2953 terra
2489 2896 2847 2968 promittitur,
2871 2906 2927 2950 et
2950 2896 3076 2950 dum
3098 2896 3386 2951 vocandus
3412 2907 3573 2951 esset
3594 2898 3662 2952 ad
3683 2898 3793 2952 don

2197 2989 2481 3056 cmlestia,
2532 2991 2764 3043 terrenis
2810 2987 3261 3058 promissionibus
3312 2987 3619 3042 suadetur.
3668 2986 3791 3044 Unde

2197 3091 2347 3135 recte
2385 3093 2598 3150 quoque
2630 3094 2727 3149 per
2755 3077 3094 3133 Psalmistam
3127 3078 3333 3133 dicitur
3365 3098 3381 3133 :
3415 3079 3593 3134 Dedit
3637 3081 3792 3135 eisi?-

496 3161 639 3222 dinis
690 3164 889 3219 minori
940 3172 1188 3221 tenemus
1236 3167 1479 3221 custodia
1532 3166 1898 3237 perfectionis.
1956 3168 2091 3223 Nam
2120 3154 2167 3218 C
2198 3171 2375 3241 giones
2405 3171 2635 3240 gentium
2663 3210 2677 3233 ,
2707 3178 2755 3222 et
2781 3167 2982 3222 labores
3010 3166 3327 3238 populorum
3352 3171 3727 3233 possederunt,
3750 3184 3791 3225 ut

494 3272 639 3331 δωρεᾶ
677 3257 913 3315 labentia
949 3266 1143 3314 cuncta
1174 3260 1501 3331 despicimus
1524 3302 1539 3327 ,
1579 3261 1674 3316 sed
1703 3269 1884 3316 tamen
1917 3262 2095 3318 adhuc

494 3344 747 3405 humauaé
780 3349 1121 3405 verecundiae
1154 3365 1254 3405 usu
1294 3352 1652 3423 prazpedimur
1677 3395 1691 3420 ,
1729 3361 1789 3409 ut
1814 3354 2095 3409 rectitudi-

493 3432 621 3496 hem
646 3481 660 3506 ,
690 3456 855 3511 quam
885 3455 1164 3497 servamus
1197 3442 1249 3495 in
1276 3452 1457 3498 mente
1478 3484 1492 3509 ,
1524 3446 1761 3501 nondum
1788 3446 2095 3515 exprimere

492 3528 773 3605 valeamus
820 3530 876 3585 in
922 3547 1075 3588 voce.
1115 3530 1183 3587 Et
1217 3539 1369 3590 tanto
1415 3534 1511 3590 Dei
1545 3535 1740 3591 faciem
1780 3537 1847 3592 ad
1870 3535 2094 3605 justitia:

496 3600 868 3711 defensionem
913 3618 1250 3696 negligamus
1278 3666 1293 3692 ,
1351 3635 1555 3695 quanto
1607 3629 1874 3682 humanas
1925 3628 2094 3684 facies

494 3722 687 3771 contra
718 3712 985 3795 justitiam
1013 3712 1283 3797 veremur.
1328 3716 1435 3774 Sed
1469 3718 1622 3774 valde
1661 3720 1957 3775 cavendum
1985 3730 2089 3788 est,

490 3818 559 3858 ne
584 3800 682 3875 per
696 3806 981 3861 avaritiam
1006 3807 1398 3877 pecuniariam,
1422 3810 1533 3864 sive
1554 3825 1650 3880 per
1675 3809 1923 3866 timorem
1941 3828 2089 3866 mor-

491 3893 586 3961 tis,
620 3906 785 3977 atque
830 3914 1071 3954 amorem
1110 3900 1404 3973 corporalis
1428 3902 1552 3958 vita:
1573 3942 1587 3969 ,
1624 3902 1851 3958 salutem
1883 3904 2089 3959 anima-

493 4004 614 4043 rum
663 3972 1318 4066 quaerere'negligamus;
1361 3996 1488 4064 quia
1522 3992 1654 4052 nihil
1679 3997 1923 4067 proderit
1955 4005 2089 4052 tem-

489 4074 697 4152 poralia
746 4083 1086 4165 lucrifacere,
1137 4087 1182 4141 si
1226 4089 1524 4161 perdantur
1561 4098 1783 4145 aaterna.
1828 4089 1982 4147 Unde
2032 4100 2089 4147 et

494 4172 743 4228 subditur
772 4192 786 4229 :

562 4264 667 4320 Aut
704 4284 864 4339 quant
908 4268 1053 4323 dabit
1096 4268 1251 4324 homo
1295 4276 1755 4327 commutationem
1782 4291 1876 4345 pro
1906 4279 2084 4330 anima

489 4358 631 4412 sua?
656 4358 677 4430 (
702 4357 964 4433 Hieron.)
992 4359 1103 4417 Pro
1130 4361 1300 4417 Israel
1340 4362 1499 4418 datur
1530 4367 1886 4421 commutatio
1917 4366 2085 4439 {Egy-

485 4446 650 4518 ptus',
689 4447 967 4521 Ethiopia
987 4492 1002 4518 ,
1043 4458 1096 4507 et
1137 4468 1235 4522 pro
1264 4455 1445 4508 anima
1476 4455 1709 4510 humana
1734 4455 1822 4510 illa
1853 4458 1965 4512 sola
1992 4473 2083 4513 re-

480 4530 710 4601 tributio
742 4540 903 4615 quam
934 4543 1220 4601 Psalmista
1254 4549 1401 4602 cauit
1431 4567 1443 4602 :
1482 4547 1623 4615 Quid
1662 4550 1946 4603 retribuam
1982 4531 2085 4604 Do-
2107 4529 2164 4590 D

485 4635 628 4688 mino
652 4624 755 4706 pro
783 4626 1023 4692 omnibus
1051 4657 1167 4710 qua:
1204 4641 1441 4695 retribuit
1476 4642 1603 4697 nti/ti
1619 4644 1643 4696 ἰ)
1670 4642 1899 4697 Calicem
1938 4642 2083 4697 salu-

485 4726 617 4780 taris
641 4728 916 4803 accipiam,
939 4739 989 4783 et
1012 4748 1197 4785 nomen
1218 4730 1432 4786 Domini
1451 4735 1699 4788 invocabo
1728 4731 1900 4807 (Psal.
1930 4735 2076 4807 cxv).

556 4811 731 4894 Filius
755 4810 891 4871 enim
930 4819 1154 4874 hominis
1192 4830 1440 4876 venturus
1479 4833 1551 4877 est
1594 4823 1649 4876 in
1684 4822 1855 4894 gloria
1900 4823 2079 4880 Patris

485 4892 577 4965 sui
598 4924 716 4962 cum
741 4910 940 4980 angelis
968 4912 1097 4967 suis.
1132 4912 1267 4980 Quia
1294 4915 1385 4984 qui
1414 4915 1469 4968 in
1492 4914 1728 4971 hominis
1758 4925 1952 4971 natura
1980 4916 2081 4971 mi-

483 4992 588 5056 nor
599 5006 682 5055 est
695 4999 878 5067 Patre,
896 5002 1011 5073 ipse
1026 5003 1234 5060 unitate
1255 5005 1415 5062 unius
1434 5006 1784 5078 ejusdemque
1804 5010 2081 5080 estgloria:

485 5105 610 5177 cum
641 5089 824 5147 Patre.

502 5174 507 5195 "
558 5174 629 5234 Et
681 5183 1021 5241 tunc,reddet
1068 5186 1351 5256 unicuique
1396 5188 1684 5243 secundum
1732 5207 1890 5260 opera
1942 5192 2075 5262 ejus.

472 5270 680 5337 .Petrus
728 5273 1111 5343 praedicatione
1164 5280 1355 5332 mortis
1398 5278 1699 5336 Dominica:
1744 5283 2081 5339 scandaliza-

487 5356 582 5417 tus'
611 5367 879 5420 sententia
922 5366 1136 5423 Domini
1178 5368 1354 5425 fuerat
1384 5370 1695 5441 increpatus
1717 5414 1731 5439 ,
1772 5378 2078 5445 provocatis

487 5450 766 5524 discipulis
811 5458 925 5513 suis
972 5469 1031 5513 ut
1079 5458 1346 5530 abnegcnt
1399 5476 1475 5526 se,
1523 5470 1578 5516 et
1625 5461 1815 5518 tollant
1861 5481 2077 5523 crucem

488 5556 666 5608 suam,
695 5551 751 5597 et
773 5548 1113 5604 morientium
1141 5550 1321 5605 animo
1350 5552 1668 5622 magistrum
1698 5554 2072 5624 sequerentur.

487 5626 722 5691 Grandis
768 5643 941 5695 terror
979 5639 1347 5707 audientium,
1397 5651 1452 5697 et
1497 5644 1587 5713 qui
1638 5645 1808 5715 possit
1848 5646 2075 5718 principi

486 5724 854 5825 apostolorum
880 5771 894 5795 ,
936 5732 1096 5788 etiam
1134 5734 1253 5790 aliis
1283 5736 1539 5797 apostolis
1584 5748 1783 5793 metum
1831 5738 2069 5809 injicere.

2199 3262 2497 3316 custodiant
2529 3261 2945 3331 justi/icatioues
2983 3261 3117 3331 ejus,
3156 3270 3205 3314 et
3245 3260 3420 3332 legem
3468 3254 3595 3334 ejus
3635 3265 3789 3333 exqui-

2198 3364 2317 3407 rant
2354 3351 2527 3426 (Psal.
2550 3352 2680 3424 crv).
2708 3352 2799 3407 Sic
2836 3368 2965 3423 ergo
2992 3353 3094 3406 hoc
3117 3351 3238 3407 loco
3263 3354 3515 3409 rudibus
3542 3356 3787 3427 (Ἠερίρώ

2198 3446 2412 3501 Veritas
2442 3445 2689 3516 loquens,
2734 3446 3023 3501 videndum
3052 3460 3278 3514 regnum
3319 3444 3423 3499 Dei
3456 3447 3727 3516 promittit
3746 3449 3787 3501 ὴ

2197 3545 2365 3604 terra,
2407 3530 2467 3593 ut
2504 3539 2609 3597 hoc
2637 3539 2705 3594 ab
2727 3537 2806 3593 eis
2844 3537 3088 3593 fidelibus
3130 3538 3183 3591 in
3229 3537 3378 3594 ctelo
3418 3550 3784 3610 praesumam.

2195 3628 2350 3696 Quod
2372 3629 2419 3683 si
2440 3644 2664 3700 regnum
2684 3626 2779 3683 Dei
2803 3629 2858 3684 in
2880 3630 2982 3683 hac
3003 3629 3273 3683 sententia
3296 3628 3565 3685 futuram
3592 3633 3647 3686 in
3667 3630 3785 3687 emis

2193 3724 2585 3780 beatitudinem
2632 3724 2860 3780 velimus
2894 3725 3179 3795 accipere,
3228 3733 3284 3780 et
3322 3726 3439 3783 hoc
3478 3729 3701 3799 quidem
3736 3728 3784 3784 ὼ

2192 3817 2501 3872 astantibus
2529 3832 2636 3872 non
2666 3827 2786 3888 post
2831 3817 3030 3872 multus
3058 3815 3173 3873 dies
3204 3817 3262 3872 in
3303 3829 3515 3876 monte
3540 3822 3779 3877 viderunt.

2192 3907 2345 3976 Quod
2392 3909 2481 3980 pia
2513 3910 2699 3978 utique
2729 3907 3041 3978 provilene
3064 3909 3282 3963 factum
3309 3920 3429 3978 est,
3472 3922 3543 3967 ut
3579 3925 3784 3970 contem-

2190 3998 2429 4071 platione
2458 4014 2672 4071 semper
2694 3999 2966 4055 manentis
2996 3998 3209 4072 gaudii;
3240 4004 3474 4059 tametsi
3505 4007 3699 4076 raptim
3720 4013 3784 4058 at.

2191 4108 2297 4162 que
2325 4094 2392 4147 ad
2422 4094 2585 4147 breve
2621 4102 2956 4148 momentum
2978 4093 3211 4149 delibata
3234 4135 3251 4160 ,
3294 4093 3512 4151 fortius
3556 4098 3779 4154 instanti:

2190 4185 2373 4241 saeculi
2423 4185 2754 4240 transeuntis
2795 4186 3019 4240 adversa
3054 4185 3376 4241 tolerarent.
3406 4188 3779 4246 Deoentissino

2190 4295 2320 4335 sane
2346 4281 2512 4335 verbo
2551 4288 2771 4336 sanctos
2800 4290 3031 4335 mortem
3055 4290 3274 4352 gustare
3307 4291 3605 4350 testatur;
3633 4303 3661 4341 a
3686 4287 3780 4356 qui-

2188 4372 2291 4428 bus
2322 4375 2578 4429 nimirum
2617 4390 2765 4429 mors
2803 4375 3050 4446 corporis
3076 4376 3231 4446 quasi
3259 4375 3495 4433 libands)
3526 4390 3776 4451 gustatar,

2188 4464 2303 4518 vita
2324 4480 2454 4520 vero
2480 4466 2675 4521 animae
2701 4466 2973 4522 veraciter
3003 4467 3339 4538 possidendo
3373 4477 3623 4526 tenetur.

2761 4604 2990 4662 CAPUT
3043 4604 3205 4662 XVII.

2190 4733 2258 4788 In
2290 4746 2463 4813 monte
2504 4737 2919 4813 transﬁguratur
2958 4737 3217 4813 Dominus
3260 4756 3449 4813 coram
3500 4743 3766 4813 discipulis.

2259 4816 2308 4859 et
2335 4807 2532 4884 Elidet
2559 4807 2765 4884 _Mogse.
2790 4808 3102 4863 Lunaticum
3125 4822 3299 4865 curat.
3333 4810 3505 4867 Petro
3532 4807 3763 4884 jub'etpn:

2260 4894 2314 4931 se
2335 4888 2382 4931 et
2416 4876 2509 4932 illo
2534 4878 2662 4932 dare
2682 4895 2917 4933 censum.

2259 5007 2349 5082 [1.]
2382 5008 2449 5063 Et
2478 5018 2590 5079 post
2631 5010 2740 5063 dies
2789 5027 2880 5065 sea:
2920 5014 3202 5082 assumpsit
3241 5013 3407 5070 Iesus
3448 5013 3701 5078 Petrum,
3734 5032 3765 5069 tr

2182 5100 2442 5155 Joannem
2462 5142 2475 5167 ,
2504 5110 2552 5154 et
2584 5101 2874 5169 Iacobum,
2907 5104 3123 5173 fratrem
3150 5107 3290 5175 ejus,
3318 5119 3369 5161 et
3407 5111 3561 5163 ducit
3592 5110 3701 5163 ilio;
3726 5114 3759 5161 ἐκ,

2183 5194 2407 5243 montem
2430 5190 2689 5245 excelsum
2712 5208 2964 5247 seorsum.
2982 5193 3039 5249 In
3060 5195 3356 5267 Evangelia
3378 5199 3547 5256 Luca:
3568 5203 3635 5256 ita
3656 5220 3725 5256 sc.
3742 5228 3767 5251 τ-

2181 5288 2332 5350 ptum
2360 5288 2481 5334 est:
2517 5278 2743 5335 Factum
2776 5291 2852 5337 est
2890 5294 3004 5355 post
3039 5284 3151 5339 Iure
3182 5286 3338 5341 verba
3369 5291 3483 5361 fere
3512 5294 3625 5346 dies
3648 5302 3765 5345 ade.

2179 5384 2226 5429 et
2261 5376 2540 5447 assumpsit
2586 5373 2804 5431 Petrum
2830 5420 2845 5445 ,
2893 5388 2943 5433 et
2982 5378 3261 5448 Iacobum,
3306 5392 3354 5437 et
3388 5384 3660 5439 Joannem
3684 5427 3699 5447 ,
3730 5396 3765 5434 σε

2181 5467 2414 5521 ascendit
2457 5469 2510 5521 in
2543 5476 2769 5524 montem
2808 5480 2867 5525 ut
2896 5480 3093 5537 oraret,
3138 5481 3244 5531 etc.
3293 5473 3449 5547 (Luc.
3492 5477 3603 5545 rx).
3648 5476 3763 5531 [liae

2179 5561 2459 5631 quarritur,
2493 5565 2761 5634 quomodo
2783 5573 2905 5635 post
2931 5565 3045 5621 dies
3072 5582 3166 5622 sex
3195 5573 3561 5639 assumpsorit
3588 5588 3697 5634 eos,
3722 5582 3773 5637 ri.

2180 5653 2395 5707 duxerit
2439 5655 2492 5708 in
2536 5664 2773 5710 montem
2810 5657 3083 5712 excelsum
3120 5675 3359 5715 seorsum
3389 5702 3405 5725 ,
3478 5666 3613 5731 {und
3648 5662 3761 5715 3:21-

2178 5746 2349 5800 threus
2378 5744 2695 5817 Marcusque
2737 5755 3021 5816 testantur,
3064 5765 3187 5805 cum
3223 5750 3403 5808 Lucas
3442 5752 3759 5821 «tangi-tias
