3898 6510
34 330 195 390 997

1165 320 1525 380 COMMENT.
1566 319 1633 373 ΙΝ
1672 319 2108 387 ΜΑΤΤΙΙᾸΞΠΜ.
2148 354 2220 365 -
2256 323 2383 380 LIB.
2425 325 2492 384 γ.

3310 333 3423 419 99s

37 451 280 519 ponat
334 442 693 499 octonarium
735 456 1041 499 numerum.
1094 440 1201 496 Sed
1234 440 1407 495 facilis
1446 438 1729 509 responsio
1757 447 1806 503 Α
1834 438 1886 493 ἰιι
1918 442 2077 495 terris
2107 442 2438 499 consistente
2468 443 2715 513 despecta
2745 444 3082 518 aliorumque
3115 447 3309 506 similia
3339 452 3415 507 vi-

42 547 171 593 cst
216 556 234 591 :
280 536 435 608 quia
470 534 561 589 hic
592 533 752 589 medii
782 542 1055 605 ponuntur
1084 532 1228 599 dies,
1274 533 1349 587 ibi
1387 532 1593 603 primus
1621 547 1727 600 quo

49 630 406 686 Dominus
435 628 551 684 haec
586 625 860 699 promisit,
903 637 957 683 et
983 636 1289 693 extremus,
1327 642 1434 697 quo
1472 643 1568 682 sua
1602 642 1727 697 pro-

54 721 288 776 missa
348 721 683 792 complevit,
733 721 968 776 additur.
996 720 1227 790 Ideoque
1267 720 1439 776 Lucas
1471 736 1577 775 non
1608 728 1730 792 post

63 810 223 868 dies
260 821 437 880 octo,
483 813 577 867 sed
602 813 981 883 temperatius,
1018 811 1133 868 fere
1158 813 1272 868 dies
1299 821 1424 867 octo
1453 812 1622 884 ponit.
1662 811 1732 866 Et

65 904 146 960 in
188 905 447 961 ratione
469 906 693 977 mystica
717 905 823 961 illic
844 915 965 975 post
984 921 1078 962 sex
1101 904 1285 960 mundi
1313 913 1501 960 aetates
1527 884 1729 959 sanctis

70 995 168 1051 ab
224 993 408 1053 omni
459 996 644 1052 labore
680 995 1066 1066 quiescendum
1118 1012 1132 1050 :
1183 995 1272 1050 hic
1318 986 1449 1049 vero
1492 1004 1729 1064 tempore

69 1096 325 1143 octavo
361 1086 613 1159 designat
648 1101 768 1142 esse
807 1087 1215 1158 resurgendum.
1249 1084 1403 1141 Unde
1426 1082 1648 1157 pulchre
1676 1094 1730 1140 et

77 1185 319 1233 sextus
363 1175 609 1247 psalmus
644 1193 739 1248 pro
783 1186 961 1230 octavo
1004 1175 1278 1240 scribitur,
1331 1175 1481 1247 cujus
1514 1175 1728 1229 initium

77 1278 192 1325 est
226 1288 241 1323 :
274 1269 542 1335 Domine,
573 1286 636 1324 ne
663 1270 718 1324 in
739 1270 821 1323 ira
847 1279 939 1323 tua
969 1286 1164 1340 arguas
1196 1284 1293 1324 me.
1320 1266 1453 1336 Quia
1477 1268 1729 1322 nimirum

83 1377 209 1431 per
237 1377 353 1417 sex
393 1368 605 1428 aetates,
634 1360 832 1431 quibus
857 1361 1069 1432 operari
1100 1361 1242 1423 licet,
1268 1361 1519 1431 precibus
1542 1369 1621 1414 est
1644 1360 1729 1415 iu-

87 1446 447 1508 sistendum
472 1493 487 1518 ,
525 1468 593 1509 ne
619 1453 674 1507 in
699 1462 891 1510 octavo
922 1451 1294 1508 retributionis
1318 1460 1556 1522 tempore
1585 1469 1615 1505 a
1641 1448 1729 1521 ju-

90 1544 240 1599 dice
288 1544 664 1615 corripiamur
688 1544 827 1600 irato
874 1562 886 1597 :
928 1542 1073 1614 quod
1104 1553 1157 1599 et
1196 1544 1309 1615 ipse
1337 1542 1594 1598 Dominus
1631 1544 1733 1598 hoc

92 1638 241 1694 loco
289 1620 473 1693 voluit
507 1653 606 1694 nos
640 1646 857 1694 ostenso
897 1653 1009 1694 suae
1052 1637 1314 1695 orationis
1361 1635 1605 1708 exemplo
1640 1637 1733 1691 do-

96 1744 271 1785 cere.
298 1716 386 1785 De
406 1708 522 1800 'quo
552 1728 849 1811 secundum
880 1728 1082 1785 Lucam
1111 1731 1308 1785 dicitur
1343 1747 1354 1782 :
1389 1727 1526 1796 Quia
1548 1746 1732 1783 ascen-

1830 532 2117 600 debantur,
2161 534 2255 589 sed
2292 534 2407 605 ipso
2446 546 2685 593 montem
2734 546 2946 607 petente
2989 544 3133 595 novo‘
3175 543 3415 603 candore

1831 623 2095 695 refulgent
2137 641 2151 679 :
2206 626 2331 697 quia
2374 644 2510 681 nunc
2550 628 2757 699 quidem
2796 629 2896 698 ﬁlii
2937 629 3037 685 Dei
3077 650 3280 701 sumus,
3324 636 3417 692 sed

1831 715 2065 767 nondum
2090 717 2329 786 apparuit
2356 718 2480 788 quid
2504 719 2730 784 erimus;
2758 720 2947 775 scimus
2967 764 2980 787 ,
3022 725 3145 794 quia
3172 743 3289 781 cum
3315 744 3411 798 ap-

1830 807 2062 875 paruerit
2088 847 2102 873 ,
2140 807 2333 862 similes
2364 810 2410 863 ei
2436 811 2629 865 erimus
2668 829 2685 867 :
2716 813 2996 869 videbimus
3028 818 3165 871 enim
3191 836 3309 873 eum
3338 821 3415 874 si-

1830 896 1941 948 cuti
1966 906 2041 949 est
2065 895 2114 966 (ι
2147 896 2308 951 Joan.
2337 900 2441 968 ιιι).
2477 898 2631 955 Unde
2650 902 2784 957 bene
2808 903 2874 957 de
2899 904 3100 960 eisdem
3128 908 3417 964 vestimen-

1832 984 1901 1040 tis
1924 1001 2023 1056 per
2049 985 2288 1041 Marcum
2313 988 2510 1043 dicitur
2543 1008 2555 1043 :
2591 990 2728 1056 Quia
2757 992 2899 1062 facta
2922 1004 3041 1047 sunt
3070 995 3415 1066 splendentia,

1831 1078 2057 1132 candida
2088 1080 2241 1133 nimis
2264 1080 2394 1135 velut
2420 1082 2531 1148 nix,
2555 1084 2735 1154 qualia
2763 1084 2894 1154 fullo
2918 1102 3073 1157 super
3095 1096 3289 1144 terram
3314 1106 3419 1145 non

1829 1178 1992 1239 potest
2019 1170 2245 1223 candida
2276 1171 2447 1241 facere
2483 1172 2675 1243 (Marc.
2709 1174 2849 1247 vin).
2883 1174 3017 1231 Nam
3042 1179 3169 1248 quia
3197 1179 3284 1235 ille
3316 1181 3420 1236 hoc

1832 1260 1949 1316 loco
1980 1262 2357 1332 intelligendus
2386 1272 2471 1317 est
2503 1262 2631 1320 fullo
2652 1307 2667 1332 ,
2700 1282 2861 1335 quem
2887 1268 3157 1338 paenitens
3187 1270 3416 1326 Psalmi-

1832 1360 1916 1406 sta
1944 1354 2015 1406 ita
2042 1363 2295 1424 precatur
2323 1373 2334 1407 :
2361 1353 2596 1426 Amplius
2627 1356 2743 1411 lava
2782 1375 2861 1413 me
2893 1360 2957 1413 ab
2996 1360 3256 1430 injustitia
3280 1379 3419 1431 mea,

1832 1452 1879 1496 et
1907 1462 1938 1497 a
1965 1443 2152 1499 delicto
2182 1462 2293 1500 meo
2325 1445 2521 1500 munda
2544 1464 2624 1501 me
2647 1446 2819 1520 (Psal.
2844 1449 2919 1522 1.),
2950 1458 3265 1522 non‘potest
3291 1454 3422 1509 ﬁde-

1833 1533 1973 1591 libus
2000 1537 2112 1592 suis
2139 1537 2190 1592 in
2217 1548 2359 1592 terra
2389 1539 2518 1594 dare
2547 1539 2848 1595 claritatem
2872 1582 2886 1607 ,
2927 1557 3046 1613 quae
3079 1558 3175 1599 eos
3206 1559 3423 1602 conser-

1832 1637 1957 1683 vata
1987 1640 2171 1686 manet
2204 1632 2258 1685 in
2282 1632 2451 1687 cmlis.
2488 1630 2613 1688 Sive
2642 1633 2799 1689 aliter
2827 1649 2842 1689 :
2873 1633 3043 1693 Nemo
3072 1644 3156 1694 est
3183 1638 3275 1709 qui
3304 1639 3423 1695 sine

1838 1725 2041 1780 attactu
2077 1726 2303 1797 alicujus
2330 1728 2539 1798 peccati
2574 1728 2755 1784 vivere
2794 1729 2966 1799 possit
3005 1745 3168 1805 super
3196 1739 3419 1789 terram.

100 1822 197 1875 dit
242 1822 302 1878 in
350 1831 583 1905 montem
614 1802 668 1877 ut
702 1832 896 1879 oraret.
941 1821 999 1905 In
1028 1830 1267 1877 montem
1293 1835 1527 1891 namque
1548 1829 1733 1875 oratu—
1837 1810 1942 1872 Sed
1972 1813 2291 1888 quod'fullo,
2325 1818 2377 1872 id
2406 1828 2507 1885 est,
2546 1821 2735 1875 doctor
2766 1800 3110 1888 animarum;
3141 1836 3236 1877 seu
3262 1838 3425 1878 mun-

103 1926 243 1979 rus,
273 1920 339 1967 et
368 1898 963 1985 sic'transliguraturus
982 1898 1254 1978 ascendit,
1283 1918 1342 1966 ut
1372 1912 1621 1966 ostendat
1643 1926 1737 1967 cos

105 2005 221 2073 qui
253 2002 506 2083 fructum
532 2002 945 2059 resurrectionis
974 2012 1320 2081 exspectant,
1352 2003 1442 2074 qui
1469 2019 1651 2077 regem
1681 2003 1737 2059 in

106 2093 336 2165 decore
372 2109 476 2150 suo
504 2095 689 2151 videre
718 2095 1069 2163 desiderant,
1098 2106 1277 2151 mente
1303 2096 1359 2151 in
1385 2096 1615 2153 excelsis
1642 2096 1739 2153 ba-

108 2185 338 2252 bitare,
369 2195 427 2243 et
448 2186 721 2271 continuis
741 2174 996 2258 precibus
1022 2174 1333 2269 incumbere
1358 2186 1574 2243 debere.
1603 2187 1738 2244 Tres

111 2276 487 2359 solummodo
742 2262 1043 2348 discipulos,
1073 2277 1241 2345 ducit,
1289 2277 1373 2359 vel
1406 2270 1537 2350 quia
1585 2277 1739 2334 multi

114 2376 253 2421 sunt
279 2354 473 2451 uocati,
496 2350 797 2437 pauci‘vero
820 2368 989 2435 electi,
1017 2366 1253 2441 veliquia
1281 2350 1354 2435 lii,
1388 2368 1478 2442 qui
1504 2386 1647 2451 nunc
1677 2371 1737 2426 li-

119 2455 258 2510 dem
294 2446 412 2546 qua
450 2454 640 2547 imbuti
690 2467 814 2547 sunt
854 2452 1071 2514 sanctae
1101 2459 1383 2517 Trinitatis
1408 2446 1736 2535 incorrupta

122 2554 323 2603 mente
360 2557 746 2617 servaverunt,
788 2558 919 2607 tunc
954 2560 1158 2607 aeterna
1193 2554 1309 2625 ejus
1349 2570 1626 2613 merentur
1653 2560 1732 2613 vi-

124 2639 292 2695 sione
323 2634 515 2695 lte't'ari.
542 2638 611 2696 Et
636 2642 773 2697 bene
793 2634 916 2699 cum
947 2638 1152 2700 diceret
1184 2664 1196 2700 :
1230 2644 1369 2713 Quia
1397 2648 1539 2702 ducit
1569 2667 1655 2705 eos
1682 2651 1736 2707 in

129 2738 370 2808 montem
418 2720 953 2798 excelsum,'addidit
994 2751 1227 2789 seorsum
1264 2751 1283 2789 :
1322 2737 1448 2807 quia
1480 2737 1650 2808 justi,
1682 2749 1736 2794 et

130 2806 287 2876 nunc
311 2837 434 2877 cum
452 2808 759 2894 'pravorum
785 2824 933 2880 vitiis
953 2835 1305 2896 premuntur,
1341 2829 1522 2884 animo
1554 2841 1732 2885 tamen

134 2918 271 2964 sunt
302 2904 414 2967 toto
448 2902 936 2983 atque'intentione
980 2914 1105 2972 ﬁdei
1146 2920 1379 2989 separati
1425 2921 1492 2976 ab
1521 2920 1646 2988 illis,
1680 2929 1735 2975 et

137 3001 200 3056 in
227 3000 408 3059 futuro
439 2990 950 3064 funditus‘scorsum
996 3008 1337 3065 abducuntur
1369 3011 1436 3065 ab
1470 3004 1569 3067 eis.
1599 3010 1733 3067 Cum

1838 1905 1995 1961 dator
2020 1907 2216 1977 aliquis
2252 1908 2336 1963 sui
2362 1910 2605 1978 corporis
2637 1910 2868 1965 eximius
2896 1908 3058 1983 Super
3079 1918 3281 1967 terram
3314 1927 3422 1969 non

1836 1992 2051 2077 potest,
2084 1999 2341 2055 Dominus
2386 1997 2547 2056 faciet
2594 2000 2647 2055 in
2689 2001 2850 2069 ccelo,
2892 2003 3194 2059 emundans
3237 2002 3426 2061 Eccle-

1839 2082 1997 2159 siam,
2046 2104 2249 2149 vestem
2282 2093 2526 2151 videlicet
2563 2111 2716 2150 suam
2745 2090 2814 2151 ab
2838 2094 2985 2152 omni
3016 2097 3426 2170 inquinamento

1838 2186 2037 2267 carnis,
2072 2196 2125 2240 et
2154 2188 2394 2257 spiritus,
2428 2188 2645 2258 insuper
2664 2198 2866 2247 aeterna
2898 2178 3076 2249 carnis
3110 2208 3174 2249 ac
3208 2178 3435 2267 spiritus"

1838 2262 2168 2345 beatitudine
2195 2296 2259 2334 ac
2286 2278 2405 2336 luce
2434 2279 2703 2339 reficiens.
2730 2281 2985 2353 Sequrtur
3012 2276 3033 2339 ἐ
3232 2262 3252 2266 -
3412 2268 3417 2273 ἢ

1909 2368 1977 2445 Et
2012 2386 2127 2423 ecce
2148 2372 2387 2441 apparuit
2408 2370 2514 2425 illis
2553 2369 2757 2442 Moyses
2794 2383 2841 2427 et
2871 2373 3019 2429 Elius
3055 2390 3170 2433 cum
3218 2374 3325 2430 illis
3352 2374 3430 2429 lo-

1836 2452 2070 2548 quentes.
2102 2458 2297 2527 Quales
2323 2448 2708 2549 apparuerint,
2742 2472 2795 2517 et
2821 2456 3136 2533 quid‘locuti
3165 2465 3275 2521 sint
3303 2481 3428 2522 cum

1837 2566 1932 2617 eo,
1971 2548 2146 2605 Lucas
2179 2548 2515 2605 manifestius
2542 2549 2763 2618 scribit,
2797 2555 2982 2610 dicens
3013 2573 3025 2610 :
3054 2552 3224 2612 Erant
3253 2550 3435 2611 autem

1838 2641 2044 2715 Moyses
2083 2650 2131 2695 et
2168 2639 2313 2694 Elius
2338 2642 2432 2694 visi
2467 2643 2520 2695 in
2564 2638 2866 2713 majestate,
2903 2654 2949 2698 et
2980 2645 3220 2699 dicebant
3246 2662 3426 2699 exces-

1836 2749 1953 2785 sum
1982 2732 2116 2802 ejus,
2147 2749 2294 2803 quem
2319 2733 2667 2803 complelurus
2691 2745 2800 2788 erat
2824 2735 2877 2788 in
2907 2732 3245 2803 Hierusalem
3272 2735 3424 2809 (Luc.

1839 2823 1937 2896 ιχ).
1973 2820 2185 2895 Moyses
2213 2812 2341 2895 ergo
2374 2833 2430 2878 et
2459 2823 2602 2879 Elias
2626 2814 2764 2897 {qui
2805 2820 2971 2881 locuti
3008 2836 3134 2882 sunt
3169 2842 3291 2882 cum
3318 2825 3431 2883 Do-

1839 2914 1986 2969 mino
2009 2915 2064 2968 in
2104 2922 2288 2970 monte
2312 2955 2326 2980 ,
2370 2923 2425 2967 et
2455 2914 2761 2985 passionem
2803 2902 2955 2985 ejus,
2988 2932 3051 2972 ac
3083 2916 3435 2973 resurrectio-

1840 3024 1966 3064 nem
1993 3008 2247 3065 dicebant
2269 3050 2283 3075 ,
2310 3000 2529 3065 oracula
2557 3008 2690 3081 legis
2720 3019 2772 3065 et
2796 2992 3094 3101 prophetiae
3125 3000 3433 3101 designant,

142 3094 426 3154 abscondit
460 3091 554 3189 eds
593 3099 648 3155 in
689 3088 873 3157 abdito
903 3101 1081 3179 vultus
1121 3100 1225 3168 sui,
1254 3118 1286 3156 a
1324 3105 1735 3189 conturbatioue
1763 3165 1805 3189 Π
1841 3115 1961 3179 quae
1990 3100 2044 3155 in
2075 3099 2303 3153 Domino
2333 3096 2600 3170 completa
2629 3140 2644 3167 ,
2682 3107 2736 3155 et
2761 3086 3105 3189 nuuc'docti's
3131 3086 3434 3174 quibusque

143 3191 447 3273 hominum.

166 3272 173 3282 ’
228 3283 292 3339 Εε
316 3272 727 3356 transﬁguratus
767 3295 839 3341 est
871 3295 991 3367 ante
1021 3304 1126 3343 eos.
1167 3287 1436 3362 (Ηίενοη.)
1461 3288 1614 3357 Quod
1639 3306 1733 3346 au-

149 3374 262 3429 tem
286 3374 411 3429 dicit
443 3393 454 3428 :
485 3372 556 3429 Et
580 3376 987 3446 transﬁguratus
1013 3387 1087 3430 est
1113 3388 1232 3432 ante
1253 3395 1358 3441 eos,
1394 3395 1555 3433 nemo
1581 3388 1736 3451 putet

150 3456 434 3537 priStiuam
461 3481 584 3523 eum
614 3466 844 3522 formam
874 3475 928 3523 et
950 3467 1141 3522 faciem
1162 3454 1500 3539 perdidisse,
1528 3479 1582 3525 et
1603 3472 1737 3527 ami-

155 3560 291 3616 sisse
325 3560 563 3630 corporis
590 3558 909 3625 veritatem,
945 3569 1003 3614 et
1041 3556 1397 3630 assumpsisse
1436 3554 1639 3633 corpus"
1655 3564 1739 3619 vel

158 3653 409 3725 spiritale,
453 3654 537 3709 vel
586 3668 822 3709 aereum.
856 3652 1293 3724 Transfiguratus
1342 3654 1593 3711 Salvator
1631 3672 1739 3712 non

161 3747 507 3804 substantiam
536 3760 680 3802 verae
704 3747 885 3803 carnis
911 3746 1123 3813 amisit,
1159 3738 1253 3801 sed
1294 3748 1519 3818 gloriam
1547 3747 1741 3805 futura

161 3838 248 3893 vel
274 3855 394 3906 suae,
420 3839 507 3895 vel
534 3849 735 3895 nostrae
756 3841 1173 3895 resurrectionis
1201 3838 1469 3907 ostendit;
1499 3841 1590 3911 qui
1614 3854 1744 3911 qua-

162 3930 233 3985 lis
261 3938 378 3985 tunc
406 3919 662 4002 apostolis
691 3933 939 4003 apparuit
966 3932 995 4000 ,‘
1018 3928 1147 3988 talis'
1170 3941 1291 4003 post
1307 3931 1571 4004 judicium
1606 3948 1742 3988 cun-

167 4022 266 4077 ctis
313 4024 581 4093 apparebit
627 4023 838 4079 electis.
863 4023 1000 4078 Nam
1047 4024 1102 4079 in
1150 4016 1268 4095 ipso
1308 4033 1551 4094 tempore
1593 4024 1743 4094 judi-

169 4113 336 4179 candi,
363 4121 414 4167 et
445 4112 599 4167 bonis
628 4113 788 4168 simul
815 4121 871 4169 et
891 4114 1048 4168 malis
1080 4114 1135 4168 in
1162 4114 1341 4169 forma
1369 4116 1511 4170 servi
1538 4114 1745 4171 videbi-

174 4215 273 4273 tur,
299 4216 352 4261 ut
386 4208 633 4263 videlicet
672 4208 822 4278 impii
864 4223 1027 4278 quem
1071 4223 1344 4279 sprevere,
1372 4209 1541 4266 Judaei
1582 4223 1744 4281 quem

174 4315 437 4371 negavere,
491 4301 690 4355 milites
733 4315 894 4370 quem
938 4301 1281 4367 cruciﬁxere,
1322 4301 1525 4356 Pilatus
1572 4300 1744 4357 Hero-

179 4399 360 4465 desque
378 4410 535 4465 quem
556 4394 871 4464 judicavere
891 4434 908 4460 ,
944 4402 1148 4463 queant
1174 4410 1467 4465 agnoscere
1483 4394 1744 4464 judicem,

249 4492 305 4546 Et
325 4488 627 4560 resplenduit
648 4487 810 4557 facies
831 4487 945 4557 ejus
967 4488 1098 4539 sicut
1120 4486 1221 4553 sol,
1246 4490 1545 4542 vestimenta
1569 4499 1742 4544 autem

180 4586 286 4657 ejus
330 4584 462 4654 facta
514 4590 636 4636 sunt
679 4578 801 4645 alba
844 4577 978 4633 sicut
1033 4578 1144 4630 nix.
1192 4577 1395 4649 (ΒΑΕ.)
1445 4579 1512 4633 Et
1551 4580 1639 4634 hic
1687 4580 1740 4633 in

183 4676 462 4751 exemplum
483 4672 679 4729 fatum
703 4670 1107 4729 clariﬁcationis
1134 4670 1301 4739 ipsius
1325 4670 1639 4740 resplenduit
1662 4670 1744 4738 fa-

186 4772 278 4825 cies
303 4768 401 4838 ejus
440 4767 574 4821 sicut
610 4764 731 4830 sol;
781 4778 887 4819 non
932 4762 1059 4831 quia
1102 4761 1315 4815 Domini
1350 4769 1403 4815 et
1431 4770 1742 4816 sanctorum

186 4862 291 4933 ejus
314 4858 525 4929 aequalis
553 4856 725 4928 possit
750 4870 871 4911 esse
897 4853 1116 4908 claritas
1142 4860 1196 4907 et
1218 4851 1407 4923 gloria,
1438 4866 1560 4906 cum
1591 4858 1646 4905 et
1680 4851 1745 4906 de

188 4951 367 5008 eisdem
390 4949 590 5005 sanctis
615 4948 759 5003 dicat
780 4945 1068 5015 Apostolus
1100 4958 1114 4997 :
1148 4941 1311 4998 Stella
1339 4953 1511 4997 autem
1531 4960 1561 4996 a
1593 4942 1745 4998 stella

190 5041 343 5110 cli/fert
362 5041 412 5094 in
438 5038 676 5093 claritate
703 5035 753 5108 (1
778 5035 899 5091 Cor.
922 5034 1037 5106 xv),
1064 5034 1142 5089 sic
1165 5042 1220 5090 et
1247 5035 1574 5089 resurrectio
1601 5051 1743 5089 mor-

195 5108 407 5195 tuorum;
439 5128 531 5187 sed
561 5108 689 5199 quia
716 5126 850 5183 nihil
876 5126 989 5182 sole
1018 5116 1218 5180 clarius
1244 5125 1428 5180 videre
1453 5126 1701 5185 novimus
1724 5167 1739 5193 ,

197 5240 288 5279 non
325 5223 480 5278 solum
520 5221 770 5287 Domini,
812 5220 906 5276 sed
954 5228 1009 5276 et
1045 5226 1356 5276 sanctorum
1401 5219 1457 5273 in
1505 5234 1748 5287 resurre-

197 5316 349 5371 ctione
368 5313 527 5385 gloria
558 5312 687 5368 solis
714 5312 953 5383 aspectui
979 5319 1355 5383 comparatur,
1389 5312 1515 5382 quia
1544 5312 1744 5368 clarius

199 5405 295 5463 sole
327 5404 531 5475 aliquid,
574 5405 713 5458 unde
754 5404 1057 5474 exemplum
1093 5404 1247 5459 daret
1281 5402 1612 5470 hominibus,
1641 5403 1743 5458 mi-

199 5497 323 5551 nime
346 5497 509 5568 potuit
533 5495 784 5550 inveniri.
816 5494 1151 5552 Vestimenta
1177 5505 1358 5552 autem
1386 5494 1595 5551 Domini
1616 5535 1631 5561 ,
1661 5510 1746 5549 re-

203 5603 274 5651 cte
292 5596 441 5650 sancti
468 5593 583 5664 ejus
620 5594 993 5664 accipiuntur,
1038 5601 1175 5648 teste
1212 5593 1469 5663 Apostolo
1500 5593 1591 5663 qui
1624 5592 1699 5645 ait
1730 5610 1741 5644 :

206 5686 471 5760 Quicunque
504 5704 625 5759 ergo
667 5688 722 5741 in
757 5685 962 5741 Christo
1002 5686 1249 5756 baptizati
1285 5687 1407 5740 estis
1429 5727 1442 5751 ,
1483 5666 1747 5745 Christum

203 5778 411 5837 induistis
438 5778 577 5854 (Gal.
602 5779 717 5854 ιιι).
748 5779 877 5849 Quae
904 5779 1153 5836 videlicet
1173 5782 1497 5837 vestimenta
1521 5778 1749 5835 Domino

1761 3165 1807 3231 (εἶ
1840 3165 2007 3260 patet,
2038 3198 2092 3245 et
2117 3188 2304 3245 electis
2328 3165 2580 3247 omnibus
2609 3165 2661 3245 in
2698 3182 2894 3247 futuro’
2918 3165 3257 3266 manifesiius
3282 3165 3437 3266 pa-te-

1837 3281 1939 3337 bit.
1973 3270 2076 3348 Qui
2120 3282 2258 3337 bene
2293 3268 2401 3336 visi'
2422 3276 2491 3337 in.
2525 3280 2807 3354 majestate
2852 3264 3438 3363 dicuntur,'quialtunc

1841 3374 2081 3442 apertius
2106 3372 2375 3431 videbitur
2403 3418 2418 3444 ,
2466 3386 2669 3448 quanta
2698 3372 2939 3435 veritatis
2965 3366 3225 3453 dignitate
3260 3364 3438 3439 omnis

1842 3460 2149 3522 divinorum
2200 3467 2537 3541 eloquiorum
2585 3466 2695 3526 non
2748 3472 2925 3529 solum
2973 3462 3188 3542 sensus,
3240 3474 3335 3531 sed
3381 3482 3438 3531 et

1844 3571 2023 3614 sermo
2075 3558 2240 3613 fuerit
2283 3561 2547 3630 prolatus,
2592 3550 2853 3635 quamvis
2878 3546 2934 3620 in
2978 3548 3162 3639 Moyse
3210 3574 3266 3623 et
3292 3565 3436 3635 Elia,

1842 3663 2033 3704 omnes
2056 3650 2146 3720 qui
2178 3667 2299 3706 cum
2328 3651 2555 3709 Domino
2580 3640 2855 3727 regnaturi
2885 3640 3031 3725 sunt,
3062 3642 3209 3713 recte
3227 3659 3439 3731 possint

1844 3741 2093 3815 intelligi.
2122 3740 2181 3798 In
2220 3742 2402 3817 Moyse
2432 3740 2681 3851 quidem,
2712 3738 2803 3851 qui
2841 3738 3085 3808 mortuus
3113 3730 3168 3808 et
3192 3730 3439 3824 sepultus

1844 3845 1951 3925 est,
1983 3836 2038 3891 hi
2068 3836 2158 3910 qui
2201 3838 2254 3893 in
2286 3830 2493 3909 judicio
2528 3830 2889 3925 resuscitandi
2916 3834 3183 3925 a'morte;
3230 3842 3286 3898 in
3320 3840 3440 3899 Elia

1846 3916 1994 4009 vero,
2026 3922 2130 4002 qui
2178 3934 2416 4005 necdum}
2442 3934 2633 3991 mortis
2672 3916 3129 4001 debitum'solvit,
3169 3934 3226 3991 hi
3255 3932 3345 4007 qui
3382 3924 3439 3991 in

1847 4025 2080 4081 adventu
2125 4022 2324 4095 judicis
2367 4025 2473 4080 vivi
2512 4012 2821 4081 inveniendi
2863 4018 2991 4081 sunt
3023 4024 3076 4081 in
3112 4041 3276 4082 carne
3301 4066 3317 4095 ,
3346 4025 3440 4096 qui

1847 4117 2066 4187 utrique
2107 4117 2311 4195 pariter
2341 4116 2393 4171 in
2442 4132 2548 4195 uno
2577 4117 2874 4195 eodemque
2907 4124 3184 4193 momento
3213 4114 3354 4186 rapti
3384 4114 3438 4169 in

1848 4207 2101 4270 nubibus,
2130 4190 2342 4261 obviam
2366 4191 2595 4261 Domino
2623 4204 2679 4260 in
2704 4190 2829 4260 aera
2853 4247 2868 4271 ,
2900 4190 3024 4262 mox
3060 4200 3281 4276 peracto
3297 4203 3440 4274 judi-

1849 4284 1955 4375 cio,
2012 4302 2081 4357 ad
2125 4302 2289 4356 vitam
2333 4300 2705 4372 perducuntur
2751 4284 3029 4354 aeternam.
3078 4297 3286 4366 Quibus
3318 4305 3442 4369 apte

1851 4374 2125 4453 convenit,
2160 4376 2303 4460 quod
2347 4390 2556 4461 Moyses
2597 4398 2654 4443 et
2678 4386 2828 4443 Elias
2872 4387 2926 4442 in
2957 4382 3237 4456 majestate
3273 4386 3443 4445 fuisse

1851 4485 1955 4541 visi
1980 4484 2348 4555 perhibentur.
2382 4482 2483 4537 Per
2517 4480 2891 4559 excellentiam
2930 4470 3167 4548 namque
3190 4478 3443 4550 majesta-

1848 4580 1918 4636 tis
1944 4580 2151 4655 insigne
2187 4577 2449 4641 muneris,
2488 4591 2598 4647 quo
2636 4583 2759 4629 sunt
2805 4560 3100 4663 coronandi
3124 4614 3139 4637 ,
3172 4581 3441 4629 monstra-

1851 4680 1955 4724 tur.
1985 4666 2249 4724 Convenit
2279 4667 2479 4731 ethoc,
2504 4665 2646 4734 quod
2666 4661 2955 4718 excessum
2969 4661 3085 4733 ejus
3108 4676 3268 4731 quem
3294 4677 3441 4716 com-

1818 4761 2094 4831 picturas
2140 4767 2258 4813 erat
2297 4755 2348 4811 in
2386 4754 2743 4819 Hierusalem,
2788 4736 2988 4809 dixisse
3020 4748 3437 4818 'memorantur;

1849 4852 1977 4922 quia
2021 4850 2278 4904 nimirum
2325 4849 2484 4902 unica
2515 4832 2940 4922 laudisimater'ia
2980 4832 3227 4900 ﬁdelibus
3271 4842 3352 4897 sui
3382 4838 3443 4897 ﬁt

1849 4920 2030 5019 passio
2060 4922 2468 5027 iledeiuptoris;
2507 4920 2641 5010 quia‘
2657 4945 2858 5008 quanto
2885 4938 3055 5008 magis
3084 4951 3148 4991 ea
3174 4926 3441 4991 memine-

1850 5035 1980 5100 rint,
2014 5034 2181 5105 ipsius
2206 5033 2393 5111 gratia:
2436 5027 2753 5086 memoriam
2788 5031 2984 5085 devoto
3017 5043 3231 5098 semper
3266 5027 3321 5081 in
3350 5041 3444 5096 pe-

1852 5135 2001 5184 ctore
2032 5134 2286 5205 versant,
2316 5126 2505 5205 devota
2546 5114 2886 5199 confessione
2908 5128 3197 5177 testantur.
3240 5116 3441 5172 Verum

1851 5218 1977 5291 quia
2008 5196 2119 5289 quoi
2144 5196 2374 5291 amplius
2417 5219 2646 5288 quisque
2677 5216 2802 5269 vitae
2830 5196 3069 5270 Caelestis
3105 5210 3441 5268 dulcedinem

1855 5288 2122 5385 degustat,
2149 5325 2214 5366 eo
2242 5288 2471 5385 amplius
2495 5296 2700 5363 fastidit
2724 5296 2906 5359 omnia
2931 5319 3051 5376 quae
3070 5302 3359 5374 placebant
3384 5302 3441 5358 in

1853 5382 2088 5470 inﬁmis,
2133 5404 2328 5481 merito
2374 5382 2596 5466 Petrus,
2628 5398 2744 5482 visa
2771 5396 2983 5479 Domini
3027 5406 3083 5452 et
3127 5388 3439 5453 sanctorum

1851 5498 1970 5571 ejus
1997 5476 2301 5581 majestate,
2333 5502 2553 5567 repente
2582 5476 2777 5577 cuncta
2818 5476 2938 5578 quae
2975 5498 3195 5546 noverat
3224 5499 3441 5557 terrena

1853 5590 2189 5645 obliviscitur
2209 5629 2224 5653 ,
2254 5587 2382 5643 solis
2418 5586 2503 5643 bis
2524 5601 2645 5657 qua:
2677 5582 2824 5669 videt
2844 5590 3107 5656 perpetuo
3139 5581 3441 5669 delectatur

1856 5684 2154 5746 adlimrere,
2191 5681 2378 5735 dicens
2408 5697 2420 5732 :
2698 5668 2701 5669 ν
2746 5668 2751 5669 7
3170 5668 3173 5671 ⁷

1928 5776 2173 5843 Domine,
2191 5775 2380 5830 bonum
2404 5783 2479 5833 est
2505 5790 2599 5833 nos
2620 5772 2703 5826 hic
2724 5788 2832 5827 esse
2846 5790 2865 5839 ;
2889 5772 2933 5829 si
2956 5773 3049 5837 vis,
3076 5772 3333 5835 faciamus
3360 5767 3441 5822 hic
