3898 6456
621 331 728 389 999

1300 331 1360 384 Β.
1402 329 1656 387 RABANI
1694 331 1914 390 MAURI
1945 332 2262 391 ARCHIEP.
2303 334 2612 393 MOGUNT.
2653 337 2937 397 OPERUM
2972 342 3148 402 PARS
3180 348 3218 403 l.

3613 369 3688 430 ιοω

618 450 724 504 tria
766 449 1122 511 tabernacula,
1151 446 1243 500 tibi
1281 463 1470 510 unum,
1507 457 1551 500 et
1586 446 1757 516 Moysi
1783 465 1964 512 unum,
1992 459 2038 501 et
2070 448 2203 502 Elite
2229 459 2279 520 Α
2308 451 2581 521 Evangelii
2631 453 2782 508 locus
2828 469 2947 509 cum
2983 459 3159 514 verbis
3197 461 3346 531 ipsius
3371 467 3553 541 Moysis,
3579 485 3688 549 φιῆιυς

616 555 803 594 unum.
836 537 902 591 Et
933 537 1146 607 quidem
1176 537 1368 591 beatus
1401 535 1611 601 Petrus,
1647 537 1787 590 sicut
1811 537 1946 591 alius
1974 553 2202 608 evange-
2302 541 2657 597 ineat-nationi
2695 543 2984 601 Dominicaa
3008 551 3351 610 testimonium
3378 535 3686 629 fereomnium:

617 629 739 686 lista
767 637 995 703 testatur
1015 670 1029 694 ,
1061 630 1316 683 nesciebat
1342 629 1468 699 quid
1500 631 1712 696 diceret,
1747 630 1799 684 in
1827 646 1892 685 eo
1919 633 2060 700 quod
2090 646 2202 686 cce-

615 720 735 775 lcsti
765 720 1163 775 conversatiOni
1215 721 1560 774 tabernacula
1598 719 1841 775 facienda
1874 724 2100 794 putavit.
2139 723 2197 777 In

613 811 701 866 illa
741 827 972 883 namque
1010 812 1245 867 coalestis
1287 813 1410 866 vita:
1445 813 1616 882 gloria
1663 815 1854 868 domus
1889 816 2195 870 necessaria

609 919 714 957 non
746 904 878 971 erit,
907 903 998 959 ubi
1022 905 1218 959 divinae
1254 904 1725 976 contemplationis
1745 906 1863 961 luce
1889 909 2070 962 omnia
2095 925 2195 978 pa-

608 993 875 1059 cilicante,
911 1009 1042 1049 aura
1066 995 1410 1050 adversitatis
1438 995 1666 1064 alicujus
1694 997 1928 1052 timenda
1950 998 2094 1052 nulla
2116 1015 2196 1054 re-

606 1085 866 1150 manebit,
899 1093 1034 1140 teste
1057 1086 1300 1156 apostolo
1327 1083 1534 1141 Joanne
1561 1088 1653 1157 qui
1677 1087 2194 1159 ejusdemosupernte

604 1175 841 1230 civitatis
869 1176 1173 1232 claritatem
1211 1177 1523 1232 describens
1547 1217 1561 1241 ,
1601 1178 1732 1232 dicit
1772 1178 1912 1233 inter
1940 1179 2041 1233 alia
2075 1198 2088 1232 :
2123 1179 2192 1233 Et

601 1268 848 1339 templum
895 1285 999 1322 non
1045 1269 1152 1322 vidi
1183 1270 1236 1323 in
1257 1286 1318 1322 ea
1345 1309 1360 1334 ,
1401 1268 1658 1323 Dominus
1701 1271 1837 1323 enim
1871 1272 2191 1341 omnipotens

601 1356 850 1426 templum
875 1357 1019 1412 illius
1041 1368 1138 1422 est,
1169 1366 1216 1411 et
1239 1374 1402 1428 agnus
1431 1357 1613 1428 (Apoc.
1641 1357 1777 1430 XXI).
1808 1358 1911 1413 Sed
1934 1361 2070 1415 bene
2097 1377 2192 1415 n0-

599 1455 757 1500 verat
787 1449 918 1517 quid
945 1449 1173 1512 diceret,
1205 1463 1327 1502 cum
1359 1449 1435 1501 ait
1467 1466 1478 1500 :
1511 1448 1753 1514 Domine,
1781 1450 1971 1503 bonum
2001 1460 2074 1504 est
2106 1451 2189 1504 hic

598 1554 745 1602 esse;
779 1538 905 1606 quia
947 1554 1134 1594 revera
1166 1539 1339 1593 solum
1385 1540 1618 1594 hominis
1642 1541 1843 1594 bonum
1871 1550 1952 1595 est
1983 1541 2189 1597 intrare

595 1631 651 1685 in
699 1631 952 1702 gaudium
999 1631 1210 1686 Domini
1252 1633 1368 1697 sui,
1407 1641 1462 1686 et
1511 1632 1638 1687 huic
1678 1633 2093 1702 contemplando
2132 1636 2187 1689 in

594 1729 861 1776 aeternum
887 1722 1176 1796 assistere;
1211 1723 1354 1777 unde
1399 1725 1594 1777 merito
1636 1723 1770 1777 nihil
1799 1740 2031 1794 unquam
2059 1724 2186 1780 boni

2298 627 2614 700 Prophetam
2645 636 2784 688 vobis
2807 639 3069 692 suscitabit
3099 641 3332 699 Dominus
3360 647 3469 704 Deus
3486 627 3688 724 testentur.

2297 740 2454 794 quam
2497 726 2748 796 meipsum
2797 729 3053 795 audietis,
3091 732 3242 800 juxta
3273 740 3423 792 omnia
3460 759 3546 811 qua:
3576 749 3689 810 locum

2299 815 2456 885 fuerit
2475 817 2638 871 vobis.
2664 815 2782 871 Erit
2811 829 2984 875 autem
3008 823 3171 876 omnis
3198 827 3376 892 anima,
3398 847 3689 907 quamnquam

2296 908 2525 985 audierit
2577 911 2878 979 prophetam
2921 911 3101 978 illum,
3155 920 3522 976 exterminabitur
3549 929 3591 982 de
3615 935 3691 1000 plebe

2297 1000 2475 1071 (Deut.
2513 1002 2690 1074 xvm).
2741 1003 2910 1070 Quem
2956 1021 3083 1076 ergo
3122 1007 3331 1079 Moyses,
3376 1027 3476 1067 cum
3509 1023 3640 1074 venerit
3664 1027 3689 1081 in

2295 1108 2458 1148 carne
2484 1096 2809 1150 audiendum
2836 1097 2904 1150 ab
2933 1099 3079 1153 omni
3107 1101 3276 1155 anima
3309 1117 3413 1172 qua:
3435 1105 3578 1162 salvari
3597 1113 3687 1174 vellet,
3768 1096 3769 1148 Τ

2292 1184 2579 1251 praedixit,
2608 1185 2751 1240 hunc
2788 1184 2902 1254 jam
2928 1189 3228 1244 venientem
3254 1191 3303 1244 in
3334 1207 3469 1249 carne
3494 1197 3590 1253 Deus
3609 1201 3689 1257 Palu
3768 1221 3769 1234 π

2294 1272 2617 1328 audiendum
2658 1275 2934 1345 discipulis
2964 1279 3226 1344 ostendit,
3260 1289 3310 1334 et
3332 1282 3471 1337 'suum
3505 1300 3587 1341 esse
3603 1290 3688 1346 ﬁlium

2293 1365 2502 1422 caelesti
2526 1381 2658 1422 voce
2683 1368 2943 1438 signavit;
2975 1380 3029 1425 et
3049 1372 3201 1440 quasi
3222 1372 3513 1430 manifestius
3528 1376 3628 1434 fidem
3642 1385 3688 1436 ul-

2291 1466 2483 1513 ventus
2511 1458 2626 1528 ejus
2658 1459 2762 1514 illis
2786 1461 3064 1518 insinuans
3095 1479 3110 1516 :
3150 1463 3245 1520 Hic
3282 1465 3376 1532 vir,
3406 1467 3565 1536 inquit,
3587 1473 3636 1525 hic
3650 1488 3688 1528 est

2289 1548 2401 1615 ille,
2427 1565 2590 1620 quem
2614 1551 2824 1622 Moyses
2851 1556 2954 1608 iste
2979 1556 3133 1610 vobis
3157 1558 3341 1627 ssepius
3365 1558 3414 1612 in
3435 1561 3580 1615 mundo
3597 1566 3688 1618 nasci-

2291 1651 2470 1697 turum
2492 1645 2762 1714 promisit.
2791 1644 2961 1717 Hujus
2981 1648 3160 1702 verbis
3175 1647 3320 1716 juxta
3344 1663 3593 1721 praeceptum
3605 1657 3689 1724 ipsius

2290 1733 2489 1804 Moysis
2511 1775 2525 1800 ,
2570 1744 2624 1790 et
2649 1749 2747 1792 vos
2779 1737 3106 1804 auscultate,
3150 1748 3204 1794 et
3247 1754 3415 1794 omnes
3436 1742 3522 1796 veri
3542 1755 3688 1799 amatores

590 1811 708 1866 veri
737 1812 994 1868 habuisse
1027 1813 1300 1883 putandus
1347 1822 1448 1878 est,
1493 1814 1578 1867 cui
1609 1821 1761 1867 reatu
1801 1829 1899 1868 suo
1937 1814 2187 1885 exigente
2216 1815 2262 1875 B
2291 1826 2598 1883 auscultare
2632 1825 2836 1895 jubere.
2886 1829 2955 1884 Et
3004 1831 3314 1897 notandum,
3359 1832 3475 1886 sicut
3508 1833 3688 1890 Dominum

593 1904 822 1975 contigit
864 1920 1141 1974 nunquam
1171 1905 1253 1959 sui
1281 1904 1473 1959 faciem
1500 1904 1686 1960 videre
1713 1906 1997 1960 creatoris.
2030 1905 2184 1974 Quod

589 1994 638 2050 si
683 1995 874 2050 beatus
903 1995 1096 2050 Petrus
1141 1995 1497 2068 glorificatam
1549 1995 1750 2051 Christi
1787 1997 2181 2051 humanitatem

587 2084 1008 2153 contemplatus,
1049 2094 1201 2140 tanto
1229 2084 1460 2139 afficitur
1492 2085 1722 2156 gaudio,
1766 2095 1826 2140 ut
1875 2086 2182 2142 nullatenus

587 2176 658 2231 ab
683 2174 801 2244 ejus
827 2175 1021 2232 intuitu
1047 2178 1177 2232 velit
1205 2179 1448 2244 secerni,
1488 2178 1617 2247 quid
1641 2179 1938 2249 putandum
1966 2187 2050 2234 est
2075 2179 2181 2235 illis

588 2263 769 2319 inesse
795 2265 977 2336 gaudii
1006 2266 1379 2332 beatitudinis,
1410 2267 1502 2338 qui
1529 2268 1830 2323 divinitatis
1856 2267 1973 2337 ejus
2000 2268 2182 2323 altitu-

584 2355 767 2412 dinem
799 2357 980 2413 videre
1017 2359 1354 2414 meruerint?
1394 2361 1462 2415 Et
1503 2361 1549 2415 si
1581 2376 1702 2416 cum
1735 2362 1946 2418 duobus
1967 2372 2181 2418 tantum

581 2447 809 2512 sanctis,
840 2447 1022 2519 Moyse
1061 2450 1314 2505 videlicet
1361 2460 1415 2505 et
1445 2451 1594 2518 Elia,
1639 2452 2081 2524 transfiguratam
2124 2455 2179 2510 in

583 2545 769 2592 monte
803 2538 1037 2593 hominis
1063 2539 1268 2595 Christi
1298 2544 1531 2612 speciem
1566 2544 1750 2599 videre
1779 2547 1979 2600 bonum
2009 2548 2180 2602 maxi-

583 2644 731 2682 mum
753 2630 926 2696 duxit,
966 2633 1088 2700 quis
1121 2648 1300 2688 sermo
1324 2637 1599 2704 explicare
1618 2678 1632 2703 ,
1666 2639 1788 2708 quis
1815 2655 2007 2696 sensus
2034 2641 2179 2696 valet

583 2719 1071 2787 comprehendere,
1111 2735 1311 2791 quanta
1341 2725 1451 2780 sint
1479 2728 1673 2798 gaudia
1698 2728 1970 2798 justorum
1996 2773 2011 2797 ,
2051 2747 2178 2789 cum

579 2811 908 2864 accesserint
936 2812 1004 2866 ad
1034 2812 1163 2868 Sion
1193 2826 1455 2883 montem,
1485 2827 1540 2872 et
1566 2819 1843 2875 civitatem
1873 2821 1966 2877 Dei
1992 2823 2180 2878 viven-

580 2900 653 2956 tis
691 2901 1030 2960 Hierusalem
1069 2905 1268 2978 (Hebr.
1317 2908 1465 2980 ιιι),
1515 2920 1569 2964 et
1618 2911 1909 2967 multorum
1948 2914 2172 2968 millium

577 2994 892 3064 angelorum
926 2995 1312 3068 frequentiam,
1353 3001 1638 3072 ipsumque
1663 3003 1901 3058 civitatis
1930 3002 2173 3072 ejusdem

579 3086 866 3154 artificem,
897 3097 952 3144 et
974 3092 1311 3147 conditorem
1335 3093 1503 3148 Deum
1526 3109 1634 3148 non
1666 3110 1765 3164 per
1785 3097 2086 3165 speculum,
2119 3105 2175 3151 et

2285 1915 2520 1973 Iordane
2545 1919 2851 1990 baptizato,
2880 1921 2958 1976 sic
2990 1930 3049 1976 et
3085 1923 3139 1976 in
3183 1931 3353 1977 monte
3376 1923 3593 1979 clarificato
3609 1929 3690 1982 totius

2286 2014 2489 2062 sanctae
2536 2007 2817 2064 Trinitatis
2845 2012 3163 2082 mysterium
3198 2011 3689 2082 declaratur;quianiui-

2285 2112 2406 2151 rum
2435 2097 2662 2166 glbriam
2685 2097 2820 2168 ejus,
2853 2116 3012 2172 quam
3048 2101 3103 2154 in
3136 2102 3388 2170 baptismo
3411 2103 3610 2157 credentes
3626 2118 3689 2155 cou-

2283 2189 2520 2258 ﬁtemur,
2574 2193 2628 2246 in
2686 2195 3089 2250 resurrectione
3132 2195 3367 2250 videntes
3408 2195 3687 2250 eollaudahimus.

2282 2281 2393 2338 Nec
2426 2283 2627 2339 frustra
2651 2285 2884 2356 Spiritus
2907 2297 3130 2344 sanctus
3161 2290 3248 2344 hic
3268 2291 3319 2344 in
3346 2289 3491 2343 lucida
3513 2290 3616 2353 nube,
3632 2290 3683 2341 illic

2282 2377 2576 2444 apparebat
2604 2376 2659 2430 in
2682 2377 2930 2433 columba
2953 2420 2967 2444 ,
2994 2381 3125 2450 quia
3149 2381 3239 2450 qui
3279 2397 3408 2436 nunc
3430 2381 3594 2451 simplici
3607 2381 3687 2434 conis

2283 2462 2444 2519 ﬁdem
2467 2482 2630 2535 quam
2651 2470 2883 2539 percipit
2907 2480 3111 2538 servat,
3137 2482 3263 2528 tunc
3282 2473 3389 2529 luce
3407 2483 3557 2544 aperta:
3573 2471 3686 2526 visionis

2281 2561 2424 2630 quod
2467 2563 2771 2620 crediderat.
2822 2567 3298 2638 contemplabitur,
3337 2570 3518 2640 ipsaque
3543 2581 3606 2636 qua
3625 2566 3686 2620 illu-

2281 2654 2546 2708 strabitur
2570 2655 2623 2708 in
2655 2665 2972 2726 perpetuum
2997 2660 3176 2728 gratia
3209 2668 3498 2732 protegetur.

2350 2742 2420 2796 Et
2451 2745 2722 2800 audientes
2754 2748 3000 2818 discipuli
3039 2751 3409 2806 ceciderunt'in
3443 2751 3684 2820 faciamus.

2279 2831 2549 2906 (Hieron)
2579 2835 2867 2906 Triplicem
2892 2841 2961 2894 ob
2981 2855 3205 2896 causam
3226 2857 3408 2912 pavore
3427 2838 3686 2897 terrentur-td

2277 2926 2403 2994 quia
2430 2942 2488 2981 se
2517 2941 2730 2985 errasse
2757 2942 3128 3002 cognoverant
3152 2975 3168 3000 ,
3204 2934 3284 2988 vel
3316 2935 3427 3006 quia
3463 2936 3583 2989 nubes
3600 2933 3684 2985 luctu

2275 3028 2565 3087 operuerat
2593 3035 2686 3076 eos
2706 3061 2721 3086 ,
2749 3031 2844 3077 aut
2875 3025 3000 3093 quia
3039 3024 3139 3080 Dei
3166 3025 3337 3080 Patris
3363 3041 3516 3081 vocem
3540 3022 3685 3092 loquentis

2277 3107 2578 3164 audierant.
2633 3110 2881 3167 Humana
2932 3114 3202 3186 fragilitas
3243 3127 3536 3187 conspectum
3572 3113 3685 3180 mtjttrli

578 3176 635 3233 in
671 3179 962 3251 :enigmate
1003 3183 1143 3237 sicut
1171 3200 1314 3239 nunc
1339 3226 1352 3250 ,
1385 3185 1480 3241 sed
1515 3184 1654 3240 facie
1689 3186 1757 3239 ad
1791 3185 1987 3242 faciem
2033 3201 2168 3241 con-
2196 3175 2242 3238 C
2275 3201 2461 3273 gloria,
2499 3203 2642 3260 rem,
2665 3221 2772 3261 non
2803 3175 3047 3263 sustine;
3061 3249 3080 3275 ,
3117 3224 3182 3265 ac
3211 3218 3320 3265 ιοιο
3341 3210 3491 3264 animo
3512 3217 3684 3272 “(om

575 3273 888 3342 spexerint?
911 3274 965 3347 (Ι
988 3273 1112 3331 Cor.
1140 3277 1286 3350 xm.)
1309 3280 1384 3334 De
1409 3295 1514 3350 qua
1546 3280 1752 3337 visione
1780 3282 1911 3336 dicit
1933 3283 2048 3352 ipse
2069 3281 2170 3337 Pe-

575 3372 714 3429 trus,
758 3365 987 3436 loquens
1020 3370 1086 3424 de
1115 3370 1345 3426 Domino
1390 3373 1636 3430 fidelibus
1685 3393 1697 3428 :
1746 3372 1813 3429 In
1841 3392 1992 3446 quem
2030 3391 2168 3430 nunc

573 3475 778 3530 quoque
818 3477 924 3516 non
973 3464 1200 3520 videntes
1243 3468 1494 3533 creditis,
1549 3485 1700 3539 quem
1747 3486 1865 3522 cum
1912 3469 2162 3534 videritis,

572 3548 901 3605 exsultabitis
921 3550 1107 3608 lwtitia
1129 3556 1475 3611 inenarrabili
1489 3567 1536 3611 et
1557 3558 1854 3629 gloriﬁcata
1871 3558 1924 3629 (Ι
1939 3556 2083 3612 Petr.
2102 3557 2163 3630 1).

646 3642 830 3696 Adhuc
860 3661 918 3698 eo
943 3644 1182 3716 loquente
1206 3689 1221 3714 ,
1257 3665 1371 3703 ecce
1418 3651 1578 3704 nubes
1619 3651 1797 3704 lucida
1845 3651 2167 3706 obumbravit

573 3749 680 3788 eos.
707 3733 809 3802 Qui
833 3738 1114 3793 materiale
1143 3739 1552 3796 tabernaculum
1587 3743 1856 3812 quaesivit,
1888 3743 2048 3798 nubis
2077 3758 2168 3798 ac-

572 3826 704 3896 cipit
742 3829 1137 3897 umbraculum,
1186 3840 1249 3886 ut
1289 3832 1464 3888 discat
1513 3834 1568 3887 in
1615 3835 2015 3890 resurrectione
2056 3851 2166 3890 non

573 3917 806 3986 tegmine
835 3918 1134 3984 domorum,
1161 3921 1257 3978 sed
1289 3919 1525 3991 Spiritus
1555 3925 1730 3977 sancti
1755 3923 1924 3994 gloria
1946 3933 2165 3980 sanctos

572 4021 694 4061 esse
722 4011 1108 4080 protegendos,
1137 4011 1203 4066 de
1229 4026 1334 4082 qua
1360 4011 1650 4067 Psalmista
1677 4013 1753 4067 ait
1783 4030 1795 4065 :
1827 4012 1958 4067 Filii
1987 4023 2164 4069 autem

567 4099 839 4152 hominum
887 4101 944 4154 in
994 4104 1310 4171 protectione
1363 4105 1571 4158 alarum
1621 4115 1834 4158 tuarum
1880 4107 2161 4176 sperabunt

570 4187 746 4258 (Psal.
773 4191 961 4262 xxxv).
990 4192 1059 4246 Et
1077 4194 1132 4247 in
1155 4194 1476 4266 Apocalypsi
1509 4212 1603 4251 sua
1633 4195 1868 4253 Joannes
1895 4215 1908 4250 :
1941 4198 2009 4252 Et
2038 4209 2158 4254 tem-

561 4284 732 4355 plum,
759 4285 956 4355 inquit,
983 4305 1088 4342 non
1105 4289 1211 4342 vidi
1235 4291 1288 4344 in
1311 4307 1394 4344 ea.
1416 4291 2012 4365 Dominus_omnipotens
2031 4305 2160 4352 tem-

561 4373 708 4446 plum
727 4374 870 4430 illius
893 4387 968 4431 est
992 4387 1040 4432 et
1069 4396 1236 4450 agnus
1277 4380 1462 4452 (Apoc.
1492 4382 1628 4455 λιιι).

635 4466 704 4520 Et
728 4485 843 4523 ecce
866 4486 966 4524 vos:
985 4471 1050 4525 de
1072 4471 1204 4526 nube
1232 4471 1409 4527 dicens
1432 4487 1450 4524 :
1476 4473 1580 4527 Hic
1610 4485 1686 4530 est
1706 4475 1875 4533 Filius
1897 4497 2043 4535 meus
2075 4483 2158 4536 di-

561 4553 747 4623 lectus,
785 4560 840 4614 in
884 4578 986 4632 quo
1029 4563 1160 4616 mihi
1201 4564 1326 4617 bene
1367 4565 1693 4636 complacui;
1734 4570 1907 4640 ipsum
1953 4572 2153 4627 audite.

565 4643 844 4718 (Hierom)
872 4649 1011 4716 Quia
1054 4651 1426 4722 imprudenter
1475 4654 1974 4725 interrogaverunt,
2029 4677 2154 4731 pro-

557 4744 748 4806 pterea
779 4743 1187 4809 responsionem
1212 4745 1426 4800 Domini
1464 4762 1574 4801 non
1603 4757 1899 4814 merentur,
1930 4752 2024 4806 sed
2051 4751 2152 4806 Pa-

559 4834 644 4882 ter
672 4833 965 4901 respondet
991 4851 1091 4905 pro
1115 4837 1252 4892 Filio
1275 4879 1290 4904 ,
1322 4848 1384 4893 ut
1408 4841 1631 4896 verbum
1661 4842 1876 4898 Domini
1908 4846 2149 4916 comple-

557 4927 711 4974 retur
737 4935 752 4974 :
780 4921 891 4993 Ego
918 4925 1270 4982 testimonium
1314 4946 1417 4984 non
1445 4931 1562 4986 dico
1586 4949 1681 5002 pro
1720 4951 1820 5001 me,
1859 4937 1950 4991 sed
1987 4934 2150 4993 Pater

553 5013 645 5082 qui
672 5013 813 5068 misit
842 5030 956 5081 me,
988 5015 1095 5086 ipse
1111 5033 1206 5087 pro
1229 5035 1310 5072 me
1339 5020 1462 5074 dicit
1483 5024 1836 5079 testimonium
1859 5025 2043 5096 (Joan.
2068 5027 2144 5100 v).

555 5099 672 5154 Vox
699 5116 914 5173 quoque
942 5105 1009 5159 de
1038 5107 1176 5162 caelo
1221 5109 1400 5166 Patris
1438 5111 1707 5180 loquentis
1749 5117 2000 5184 auditur,
2028 5133 2148 5188 quae,

558 5190 927 5247 testimonium
952 5197 1237 5264 perhibeat
1281 5216 1380 5272 pro
1409 5200 1548 5257 Filio
1571 5244 1587 5270 ,
1631 5213 1687 5259 et
1715 5205 1934 5263 Petrum
1961 5223 2148 5264 errore

557 5280 772 5337 sublato
792 5283 983 5340 doceat
1012 5289 1322 5356 veritatem,
1353 5292 1463 5346 imo
1491 5295 1547 5347 in
1575 5294 1738 5353 Petro
1764 5310 1991 5358 caeteros
2020 5321 2148 5374 apo-

555 5369 725 5426 stolos
755 5391 768 5426 :
807 5373 910 5429 Hic
944 5387 1052 5444 est,
1082 5380 1180 5446 ait,
1225 5380 1398 5437 Filius
1433 5401 1578 5441 meus
1609 5388 1970 5448 charissimus.
2009 5369 2146 5452 Huic

555 5462 828 5540 figendum
876 5479 960 5524 est
992 5474 1422 5546 tabernaculum,
1466 5480 1591 5537 huic
1633 5483 2137 5557 obtemperandum.

555 5554 655 5612 llic
685 5565 768 5613 est
796 5558 958 5629 filius,
990 5563 1066 5620 illi
1094 5567 1235 5622 servi
1256 5577 1381 5625 sunt
1408 5571 1622 5644 Moyses
1647 5585 1702 5630 et
1724 5554 1905 5646 Elias;
1946 5582 2142 5638 debent

555 5655 609 5701 et
639 5647 739 5720 ipsi
776 5652 1054 5711 vobiscum
1094 5658 1149 5712 in
1177 5663 1547 5730 penetralibus
1589 5670 1770 5725 cordis
1795 5673 1878 5726 sui
1911 5673 2140 5732 Domino

554 5740 960 5805 tabernaculum
998 5765 1322 5823 praeparare.
1353 5755 1534 5830 (ΚΑΒ.)
1562 5758 1867 5820 Concordat
1892 5780 2022 5822 sane
2051 5769 2138 5826 hic

2273 3293 2700 3350 contremiscens
2751 3296 2806 3350 in
2852 3308 3056 3353 terram
3105 3299 3279 3367 cadit;
3327 3299 3436 3370 quia
3468 3302 3603 3368 quanio
3629 3293 3686 3362 tl“is

2272 3385 2535 3454 ampliora
2570 3389 2848 3456 quzesierit
2871 3432 2884 3458 ,
2915 3400 3088 3458 .tanto
3136 3394 3305 3464 magis
3347 3393 3408 3447 ad
3435 3389 3613 3446 inferiora
3631 3385 3684 3439 cul-

2271 3475 2496 3544 labitur,
2523 3479 2569 3532 si
2593 3480 2922 3550 ignoraverit
2952 3499 3264 3540 mensuram
3294 3500 3446 3541 suam.

2342 3592 2413 3645 Et
2443 3595 2659 3648 accessit
2682 3595 2861 3662 Iesus,
2887 3606 2936 3651 et
2964 3600 3134 3670 tetigit
3162 3617 3266 3655 eos.
3297 3596 3536 3671 (Manlius)
3555 3585 3682 3659 Qttitiilj

2263 3682 2519 3753 jacebant
2541 3725 2556 3751 ,
2593 3693 2649 3740 et
2685 3701 2910 3758 surgere
2944 3705 3050 3745 non
3090 3699 3365 3762 poterant,
3401 3689 3494 3758 ipse
3521 3683 3684 3740 dementer

2270 3776 2511 3847 accedit,
2547 3787 2601 3832 et
2641 3779 2813 3851 tangit
2849 3795 2974 3848 eos,
3012 3790 3075 3837 ut
3115 3792 3259 3839 tactu
3293 3784 3504 3838 timorem
3536 3777 3684 3846 ωειδϋὸ

2270 3866 2548 3923 debilitata
2575 3872 2816 3928 membra
2851 3873 3177 3930 solidentur.

2340 3981 2586 4054 Dixitque
2625 3985 2699 4040 eis
2727 4002 2746 4040 :
2782 3984 2992 4059 Surgite
3023 3998 3072 4043 et
3109 3990 3266 4046 nolite
3293 3991 3466 4045 timere.
3490 3985 3589 4054 Quos
3605 3990 3685 4034 mut

2266 4071 2424 4130 Jesus
2465 4085 2788 4144 sanaverat,
2829 4089 2988 4135 sanat
3023 4091 3078 4136 et
3123 4083 3358 4154 imperio.
3403 4079 3581 4136 Primum
3607 4072 3686 4124 ιὶωθτ

2266 4165 2586 4234 expellitur,
2620 4175 2681 4222 ut
2709 4178 2897 4239 postea
2935 4171 3184 4228 doctrina
3214 4174 3487 4230 tribuatur:
3509 4167 3686 4238 quiath

2263 4271 2560 4326 pavescens
2586 4268 2642 4313 et
2669 4260 2817 4314 varia
2846 4262 3094 4334 cogitans
3128 4265 3328 4319 intenta
3352 4277 3443 4317 non
3463 4259 3543 4315 erit
3561 4249 3683 4309 audiui.

2263 4347 2544 4407 Libentius
2579 4352 2724 4408 enim
2759 4363 2908 4410 metu
2943 4356 3162 4414 sublato
3199 4356 3420 4415 dicendis
3455 4350 3620 4408 auditum
3637 4343 3684 4394 ai-

2262 4443 2447 4498 mittit.

2333 4559 2582 4617 Levantes
2615 4574 2787 4620 autem
2815 4567 2993 4624 oculos
3018 4587 3144 4626 suos
3174 4572 3413 4626 neminem
3435 4566 3619 4622 viderint,
3637 4551 3684 4605 ἠέ

2261 4651 2430 4706 solum
2458 4649 2661 4708 Iesum.
2689 4655 2960 4733 (Πὶενοη.)
2993 4660 3050 4716 Si
3090 4663 3297 4736 Moyses
3324 4671 3374 4719 et
3401 4659 3516 4715 Elias
3537 4659 3683 4726 perﬁcis

2259 4755 2473 4800 rassent
2514 4763 2637 4826 cum
2669 4750 2896 4808 Domino
2917 4794 2931 4820 ,
2964 4753 3145 4812 Patris
3183 4773 3284 4813 vox
3311 4755 3539 4811 videretur
3557 4747 3684 4801 inca”:

2258 4839 2342 4892 cui
2370 4841 2712 4909 potissimum
2755 4845 2908 4900 daret
2947 4850 3324 4906 testimonium.
3361 4847 3520 4904 Vident
3544 4830 3682 4908 ergoii‘

2255 4943 2374 4982 sum
2407 4938 2659 4998 stantem,
2694 4933 2871 4990 ablata
2896 4937 3073 5006 nube,
3102 4949 3156 4994 et
3185 4940 3388 5010 Moysen
3410 4944 3456 4991 et
3479 4931 3682 4988 Elian???

2252 5020 2453 5074 nuisse.
2487 5021 2623 5088 Quia
2656 5034 2942 5095 postquam
2984 5027 3118 5100 legis
3145 5040 3199 5085 et
3237 5029 3559 5101 prophetarum
3577 5012 3683 5070 ιιιιώη

2250 5111 2577 5168 discesserat
2624 5131 2744 5184 qua:
2790 5119 3094 5175 velamento
3148 5138 3243 5178 suo
3285 5117 3516 5192 apostolos
3549 5109 3682 5164 ωιεηίν

2248 5212 2540 5274 utrumque
2570 5206 2625 5260 in
2657 5207 2948 5281 Evangelio
2977 5213 3260 5283 reperitur.

2323 5316 2433 5391 [IL]
2467 5315 2539 5372 Et
2572 5321 3000 5378 descendentibus
3033 5324 3139 5380 illis
3176 5326 3238 5381 de
3263 5332 3417 5379 monte
3443 5305 3681 5391 practpilil'

2250 5427 2340 5464 sus
2367 5411 2542 5466 dicens
2573 5429 2591 5467 :
2634 5414 2847 5470 Nemini
2876 5417 3113 5472 dixeritis
3149 5419 3405 5479 visionem,
3438 5412 3563 5466 donec
3585 5399 3681 5454 Filii!

2250 5503 2475 5558 hominis
2503 5523 2535 5558 a
2558 5508 2780 5562 mortuis
2806 5519 3064 5581 resurgat.
3093 5511 3273 5566 Futuri
3302 5507 3432 5578 regni
3455 5493 3680 5587 praemeditt-

2245 5594 2355 5661 tio,
2402 5604 2457 5652 et
2491 5597 2661 5668 gloria
2707 5600 3092 5672 triumphantis
3142 5605 3469 5660 demonstrata
3509 5591 3627 5646 fuerat
3654 5593 3680 5630 ιυ

2243 5695 2447 5740 monte.
2481 5685 2598 5741 Non
2633 5688 2747 5742 vult
2776 5705 2904 5760 ergo
2931 5694 3035 5748 hoc
3066 5694 3123 5749 in
3158 5693 3366 5765 populos
3386 5676 3621 5760 praedicari.
3648 5682 3682 5720 ηε

2243 5783 2299 5832 et
2326 5777 2640 5835 incredibile
2669 5792 2812 5838 esset
2833 5799 2945 5855 prae
2968 5787 3046 5842 rei
3077 5784 3432 5858 magnitudine.
3451 5785 3495 5834 ει
3513 5773 3680 5844 Ροδί¹³¹²’
