3898 6450
553 381 702 447 {005

1198 374 1256 431 B.
1298 371 1551 443 RABANI
1589 368 1810 435 MAURI
1845 363 2165 425 ABCHIEP.
2199 361 2510 422 MOGUNT.
2550 358 2835 419 OPERUM
2873 358 3049 416 PARS
3084 354 3125 415 ῐ.

3570 370 3660 430 ιωι

617 499 815 571 Alfene
846 511 963 551 eum
994 495 1095 547 huc
1129 490 1196 543 ad
1228 506 1330 544 me.
1357 487 1425 541 Et
1455 485 1734 558 increpavit
1766 482 1915 537 illum
1945 480 2125 548 Iesus,
2154 483 2205 545 Α
2232 480 2424 567 capitis
2462 478 2819 534 saluberrime
2859 478 3103 571 prodest;
3148 490 3265 571 nam
3296 477 3336 531 si
3359 480 3518 547 optime
3541 484 3664 544 tritum

544 602 595 650 et
624 591 751 648 exiit
776 588 839 644 ab
861 603 918 641 eo
943 582 1278 639 dwmonium.
1305 576 1596 651 (Marinus)
1620 573 1718 631 Hic
1743 582 1965 649 apparet
1988 573 2131 645 quod

2230 583 2286 629 et
2314 562 2606 627 cribratum
2638 571 2817 642 tepide
2852 566 3036 642 pingui
3076 570 3240 626 mulso
3272 572 3519 629 admisceas
3543 582 3581 633 et
3606 583 3666 638 hoc

548 697 690 754 saepe
732 678 1015 735 traduntur
1057 672 1303 728 homines
1341 678 1563 742 propter
1596 674 1819 736 peccata
1860 676 1989 731 sua,
2039 670 2134 719 aut
2224 664 2441 738 jejunus
2481 672 2669 719 contra
2708 662 2878 719 solem
2908 662 3136 717 calidum
3175 664 3309 754 etin
3335 664 3493 724 balneo
3511 674 3668 740 gat-gari.

550 782 832 848 parentum
860 784 1077 826 suorum
1116 762 1184 822 ad
1210 762 1575 819 invadendum
1610 754 1903 814 immundis
1927 755 2133 848 spiriti-

549 844 668 922 bus.
698 862 756 919 Si
791 862 933 919 enim
973 858 1132 915 nullis
1167 851 1597 930 praecedentibus
1624 846 1781 903 noxis
1808 846 2015 903 daemon
2047 844 2131 901 in-

550 957 770 1013 vaderet
802 956 946 1010 hunc
972 951 1291 1015 lunaticum,
1318 962 1424 1001 non
1458 943 1547 1013 ille
1569 941 1661 1013 qui
1690 937 2011 1011 patiebatur,
2041 934 2137 997 sed

550 1051 759 1105 daemon
796 1047 1017 1102 deberet
1049 1058 1079 1097 a
1107 1040 1334 1099 Domino
1374 1034 1662 1106 increpari.
1699 1032 1806 1087 Sed
1838 1028 2138 1103 increpavit

548 1154 796 1211 puerum,
830 1146 887 1193 et
908 1136 1036 1192 exiit
1068 1133 1135 1187 ab
1163 1147 1228 1187 eo
1249 1130 1455 1195 dmmon
1482 1146 1494 1181 :
1519 1124 1643 1205 quia
1668 1131 1889 1196 propter
1911 1128 2137 1194 peccata

550 1248 669 1298 sua,
694 1239 783 1287 aut
811 1236 1098 1302 parentum
1123 1239 1343 1280 suorum
1375 1238 1405 1275 a
1436 1220 1680 1277 dmmone
1714 1215 1889 1272 fuerat
1914 1228 2131 1285 Oppres-

550 1342 662 1381 sus.
695 1322 806 1379 Nec
834 1320 1097 1378 silendum
1126 1318 1361 1372 arbitror
1390 1313 1533 1386 quod
1566 1309 1862 1377 secundum
1897 1306 2140 1362 Marcum

550 1417 649 1473 iste
681 1414 1045 1471 dmmoniacus
1086 1426 1209 1465 cum
1249 1406 1468 1465 vidisset
1496 1403 1783 1471 Dominum
1822 1400 1998 1456 statim
2028 1398 2135 1469 spi-

551 1512 685 1564 ritus
715 1504 1040 1563 conturbavit
1069 1518 1208 1568 eum,
1231 1510 1277 1555 et
1303 1500 1460 1559 elisus
1489 1500 1543 1553 in
1583 1508 1777 1553 terram
1809 1492 2140 1550 volutabatur

556 1613 843 1669 Spumans;
870 1604 925 1651 et
952 1602 1069 1669 post
1093 1592 1387 1665 jussionem
1418 1589 1632 1647 Domini
1655 1596 1715 1642 ut
1736 1586 1939 1649 exiret,
1968 1581 2140 1641 estcla-

553 1709 703 1747 mans
746 1688 998 1755 multum,
1032 1696 1080 1743 et
1110 1685 1401 1751 discerpens
1440 1699 1557 1738 eum
1591 1682 1715 1735 exiit
1755 1678 1818 1734 ab
1849 1694 1909 1732 eo
1943 1675 2135 1749 (Marc.

2233 772 2339 818 zes,
2368 770 2582 811 omnem
2612 753 2895 819 humorem
2925 753 3332 819 noxium,'etiam
3352 753 3391 811 si
3410 757 3586 814 crassior
3601 759 3669 817 lue-

2233 851 2324 916 rit,
2349 844 2412 905 de
2437 850 2613 920 capite
2645 855 2863 919 purgat,
2892 856 2946 901 et
2975 846 3350 905 imminentium
3375 862 3543 917 quoque
3562 851 3669 908 inme.

2232 940 2512 998 cillit‘atum
2568 939 2697 995 facit
2742 936 2977 1013 pericula
3026 932 3202 993 vitari.
3250 936 3333 993 Sic
3373 938 3563 1007 profecto
3593 940 3670 1001 ﬁdes

2232 1036 2591 1094 tentationum
2617 1032 2821 1106 pistillo
2847 1033 3091 1104 probata,
3123 1030 3189 1087 ab
3214 1020 3349 1089 omni
3372 1032 3528 1092 levium
3549 1037 3672 1109 cogis.

2236 1129 2442 1186 tionum
2489 1125 2773 1200 superﬁcie
2818 1124 2997 1181 cribro
3045 1125 3369 1185 discretionis
3404 1128 3619 1199 castigata,
3644 1140 3674 1186 et

2233 1219 2487 1290 perfectae
2511 1214 2812 1275 dilectionis
2832 1216 2993 1273 melle
3021 1215 3308 1283 dulcorata,
3329 1232 3488 1277 omnes
3504 1218 3550 1276 de
3565 1221 3674 1287 male,

2236 1312 2380 1384 quod
2411 1320 2494 1366 est
2520 1309 2794 1366 interioris
2828 1309 3064 1365 hominis
3094 1318 3268 1380 caput,
3289 1309 3507 1367 vitiorum
3529 1312 3673 1367 sentina

2238 1420 2343 1459 non
2378 1403 2548 1458 solum
2581 1402 2646 1457 ad
2675 1416 2917 1474 prcesens
2943 1396 3227 1465 exhaurit,
3261 1400 3347 1459 sed
3383 1408 3427 1456 et
3461 1400 3504 1455 in
3529 1400 3676 1457 {omnia

2238 1512 2305 1551 ne
2326 1492 2563 1568 recolligi
2581 1495 2793 1551 valeant
2813 1506 3104 1567 praecavet,
3120 1494 3299 1566 sicque
3318 1504 3516 1553 mentem
3530 1507 3676 1552 nostram

2239 1602 2489 1657 capacem
2524 1584 2679 1649 donis
2708 1572 3023 1645 coelestibus
3053 1585 3202 1651 facit,
3226 1587 3295 1645 ita
3314 1596 3369 1649 ut
3393 1604 3478 1643 non
3501 1576 3676 1647 dithculta

2239 1696 2463 1750 qumque
2489 1678 2737 1747 velimus,
2770 1681 2863 1736 sed
2893 1678 3148 1736 facillime
3176 1695 3207 1735 a
3229 1680 3361 1737 tideli
3383 1680 3676 1754 Dominoiuu-

553 1783 653 1856 ix).
684 1780 918 1836 Allatum
940 1792 1070 1848 ergo
1096 1777 1323 1831 Domino
1346 1789 1575 1851 puerum
1604 1772 1827 1841 spiritus
1855 1767 2143 1824 conturbat
2170 1852 2209 1856 _
2241 1783 2385 1831 mire
2414 1776 2703 1849 possimus,
2742 1775 2891 1835 Unde
2916 1785 2973 1832 θι
3004 1776 3247 1848 sequitur
3276 1795 3291 1832 ε

550 1852 819 1938 etvelidit,
850 1871 975 1942 quia
1006 1884 1148 1940 saepe
1178 1869 1302 1923 dum
1330 1864 1571 1922 converti
1611 1864 1678 1919 ad
1707 1863 1993 1919 Dominum
2020 1866 2141 1931 post
2170 1852 2217 1927 Β
2312 1868 2381 1922 Ει
2419 1867 2548 1922 nihil
2579 1870 2894 1941 impossibile
2931 1872 3029 1926 erit
3076 1870 3235 1926 vobis.
3274 1869 3414 1927 Unde
3438 1870 3537 1926 alibi
3562 1871 3681 1928 dicunt

550 1971 774 2037 peccata
800 1974 1085 2026 conamur,
1119 1958 1413 2028 majoribus
1444 1955 1703 2024 novisque
1733 1953 1939 2022 antiqui
1971 1952 2141 2006 hostis

550 2056 833 2129 pulsamur
869 2052 1079 2107 insidiis
1110 2070 1121 2104 :
1159 2049 1302 2120 quod
1342 2050 1412 2103 ob
1442 2049 1495 2105 id
1534 2048 1719 2117 utique
1755 2046 1981 2100 callidus
2011 2042 2143 2099 facit

552 2146 919 2211 adversarius,
942 2153 1002 2200 ut
1017 2142 1103 2198 vel
1127 2140 1309 2197 odium
1332 2140 1547 2196 virtutis
1577 2139 1823 2203 incutiat,
1850 2134 1934 2192 vel
1955 2133 2142 2204 expul-

553 2238 724 2297 siouis
762 2237 872 2294 sua:
905 2233 1140 2289 vindicet
1181 2230 1454 2303 injuriam.
1491 2228 1630 2283 Hinc
1664 2236 1747 2284 est
1784 2227 1959 2291 enim,
1990 2233 2047 2279 ut
2074 2218 2142 2281 de

552 2333 731 2403 specie
774 2340 1113 2391 transeamus
1144 2326 1213 2381 ad
1249 2340 1445 2396 genus,
1479 2324 1619 2395 quod
1659 2321 1913 2383 Ecclesiae
1942 2329 2142 2376 sanctae

550 2424 862 2494 primordiis
891 2429 972 2477 tot
999 2420 1316 2491 gravissima
1342 2416 1607 2471 inferebat
1630 2415 1929 2471 certamina
1953 2430 2138 2484 perse-

555 2514 863 2580 cutionum,
896 2520 1028 2583 quot
1058 2527 1153 2565 suo
1187 2523 1350 2579 regno
1377 2509 1595 2563 dolebat
1627 2507 1805 2561 subito
1839 2508 2142 2568 animarum

551 2608 702 2664 illata
740 2608 906 2663 fuisse
946 2606 1244 2676 dispendia.
1286 2605 1543 2660 Exiturus
1578 2604 1776 2677 quippe
1815 2604 1882 2658 ab
1920 2604 2141 2658 homine

554 2703 778 2775 spiritus
817 2700 1127 2757 immundus
1150 2740 1163 2763 ,
1191 2698 1477 2769 discerpsit
1508 2712 1629 2753 eum
1649 2739 1664 2763 ,
1698 2713 1763 2753 ac
1792 2696 1991 2757 furenti
2026 2696 2137 2751 cla-

555 2806 706 2848 more
728 2790 917 2846 terruit
940 2789 1238 2854 intuentes;
1258 2789 1383 2859 quia
1400 2787 1714 2859 plerumque
1734 2786 2000 2852 diabolus,
2016 2803 2140 2843 cum

556 2883 623 2938 de
646 2882 809 2937 corde
835 2879 1152 2952 expellitur,
1184 2881 1422 2935 acriores
1451 2880 1504 2933 in
1531 2894 1597 2937 eo
1625 2878 1948 2935 tentationes
1980 2894 2141 2951 gene-

555 2984 640 3031 rat
665 2990 828 3046 quam
853 2975 1004 3045 prius
1031 2968 1381 3039 excitaverat,
1411 2973 1626 3045 quando
1646 2973 1750 3029 hoc
1770 2972 1986 3045 quietus
2014 2987 2141 3042 pos-

554 3068 785 3125 sidebat.

626 3160 692 3217 Et
725 3170 939 3215 curatus
968 3170 1041 3216 est
1068 3177 1197 3231 puer
1223 3176 1288 3216 ea:
1314 3158 1409 3214 illa
1432 3159 1584 3215 hora.
1609 3159 1784 3227 Quem
1806 3159 1952 3214 enim
1978 3173 2141 3215 verus

552 3250 796 3307 medicus
832 3258 1018 3316 curat,
1057 3229 1202 3306 recte
1240 3266 1405 3305 sanus
1439 3250 1692 3322 deinceps
1726 3250 1845 3305 ﬁeri
1881 3250 2141 3306 describi-
2167 3229 2218 3308 εἰ

553 3346 643 3393 tur
677 3356 689 3391 τ
722 3340 851 3411 quia
889 3339 1031 3394 nulla
1063 3340 1133 3394 ibi
1167 3348 1411 3396 remanet
1438 3341 1759 3409 inﬁrmitas,
1792 3341 1885 3399 ubi
1912 3340 2143 3398 salutem

553 3428 816 3503 integram
841 3430 1183 3501 omnipotens
1207 3439 1429 3509 praestat
1452 3440 1711 3504 potestas.

630 3521 774 3577 Tunc
804 3534 1128 3578 accesserunt
1165 3523 1409 3595 discipuli
1442 3526 1510 3578 ad
1532 3525 1714 3581 Jesum
1740 3537 1955 3592 secreto,
1987 3535 2034 3582 et
2061 3528 2144 3581 di-

550 3623 741 3665 aterunt
784 3615 831 3665 ei
872 3626 888 3663 :
932 3614 1108 3677 Quare
1152 3630 1245 3667 nos
1279 3632 1382 3667 non
1421 3616 1685 3685 potuimus
1723 3618 1910 3687 ejicere
1948 3618 2144 3674 illum?

550 3696 691 3753 Dicit
719 3700 863 3755 illis:
909 3699 1131 3772 Propter
1172 3704 1586 3758 incredulitatem
1627 3716 1868 3761 vestram.
1910 3705 2023 3763 Hoc
2062 3717 2145 3764 est

552 3791 693 3860 quod
727 3791 779 3845 in
811 3792 916 3848 alio
941 3791 1056 3849 loco
1077 3794 1273 3849 dicitur
1307 3815 1319 3848 :
1356 3795 1690 3870 Quwcunque
1710 3799 1764 3853 in
1794 3803 1999 3855 nomine
2031 3819 2141 3857 meo

550 3881 800 3950 petieritis
825 3884 1111 3951 credentes,
1134 3887 1395 3958 accipietis
1419 3888 1632 3959 (Matth.
1658 3891 1741 3964 ιι).
1771 3892 1909 3963 Ergo
1931 3893 2143 3962 quoties

555 3987 660 4025 non
704 3974 1034 4045 accipimus,
1082 3994 1184 4031 non
1225 3980 1533 4046 [)l‘tBstanliS
1578 3990 1662 4037 est
1710 3982 2141 4053 impossibilitas,

552 4062 646 4118 sed
678 4065 829 4136 culpa
859 4064 1281 4135 deprecantium.

626 4142 787 4206 Amen
812 4156 995 4226 quippe
1033 4158 1148 4210 ilico
1176 4158 1316 4212 vobis
1349 4174 1365 4210 :
1395 4160 1454 4215 Si
1489 4161 1775 4219 habueritis
1814 4166 1973 4235 ﬁdem
2008 4170 2140 4225 sicut

552 4260 774 4315 granum
804 4248 1024 4317 smapis,
1060 4249 1242 4303 dicetis
1277 4254 1439 4306 monti
1480 4253 1629 4322 huic,
1678 4256 1864 4313 Transi
1899 4264 2052 4329 hinc,
2092 4273 2141 4319 et

488 4412 497 4420 ο
553 4336 815 4391 transibit.
846 4336 1045 4395 Putant
1068 4340 1231 4411 aliqui
1262 4344 1416 4398 tidem
1448 4362 1617 4418 grano
1654 4352 1826 4423 sinapi
1855 4371 2140 4427 compara-

555 4437 662 4481 tam
705 4445 923 4499 parvam
954 4432 1059 4487 dici
1082 4474 1096 4498 ,
1128 4434 1380 4505 quoniam
1425 4455 1647 4511 regnum
1682 4445 1944 4501 emtoran
1970 4465 2141 4518 grano

550 4524 750 4593 sinapis
777 4535 1145 4595 comparatur,
1170 4544 1291 4583 cum
1320 4530 1609 4602 Apostolus
1636 4537 1779 4591 dicat
1812 4552 1824 4591 :
1855 4539 1921 4593 Et
1956 4543 1999 4594 si
2026 4551 2144 4595 tan—

548 4630 654 4668 tam
684 4616 841 4685 [idem
873 4619 1135 4686 habuero,
1162 4623 1234 4675 ita
1270 4635 1327 4676 ut
1352 4638 1549 4681 montes
1590 4631 1907 4700 transferant
1940 4633 1991 4705 (Ι
2016 4634 2136 4690 Cor.

550 4722 689 4777 Mil).
736 4701 876 4781 Ergo
912 4728 1107 4781 magna
1146 4714 1279 4771 tich
1318 4734 1489 4787 grano
1528 4723 1728 4792 sinapis
1772 4739 2135 4797 ctnnparutnr.

550 4798 745 4857 Montis
790 4805 1069 4863 translatio
1109 4826 1213 4863 non
1259 4808 1376 4877 ejus
1408 4814 1745 4885 signitieatur
1776 4834 1935 4887 quem
1969 4824 2141 4878 oculis

548 4894 731 4949 carnis
759 4895 1085 4965 aspicimus,
1127 4902 1218 4955 sed
1260 4903 1401 4959 illius
1447 4907 1536 4975 qui
1569 4925 1599 4960 a
1630 4909 1855 4965 Domino
1905 4916 2136 4969 transla-

548 4993 635 5041 tus
667 4988 841 5045 fuerat
880 5008 945 5046 ex
984 4992 1239 5050 lunatico.
1269 4996 1410 5062 Quid
1434 5000 1576 5063 enim
1606 5003 1683 5055 ait
1715 5022 1725 5054 :
1763 5005 1952 5058 llicetis
1976 5009 2139 5063 monti

544 5081 689 5150 huic,
719 5084 906 5141 Transi
928 5088 1068 5155 hinc,
1099 5099 1147 5144 et
1173 5092 1433 5147 transibit.
1468 5094 1547 5149 Ex
1570 5112 1676 5167 quo
1707 5098 1949 5154 stultitia:
1980 5116 2134 5157 coar-

546 5178 741 5247 guendi
770 5179 861 5249 qui
901 5189 1254 5238 contemnunt
1280 5186 1553 5253 apostolos
1582 5204 1875 5260 clunesque
1911 5193 2134 5247 creden-

548 5274 632 5324 tes
658 5284 725 5325 ne
760 5285 981 5341 parvam
1018 5272 1236 5343 quidem
1278 5276 1531 5345 habuisse
1571 5279 1767 5345 fidem,
1796 5283 1921 5352 quia
1958 5284 2134 5341 nullus

543 5375 730 5419 reorum
758 5373 967 5427 montes
991 5368 1348 5424 transtulerit.
1364 5370 1549 5441 Neque
1572 5375 1715 5428 enim
1742 5384 1949 5431 tantum
1973 5380 2134 5447 prod-

545 5463 627 5510 cst
655 5456 853 5510 montis
878 5459 944 5515 de
972 5459 1077 5515 alio
1107 5460 1162 5514 in
1190 5460 1355 5517 alium
1383 5462 1558 5519 locum
1588 5466 1887 5531 translatio,
1913 5477 1969 5521 et
1997 5485 2133 5524 vana

544 5548 820 5617 signorum
859 5553 1146 5619 quaerenda
1185 5556 1506 5621 ostentatio,
1545 5567 1805 5626 quantum
1832 5560 1903 5615 ob
1931 5562 2134 5617 utilita-

542 5646 651 5692 tem
683 5639 958 5694 hominum
988 5644 1088 5696 iste
1114 5660 1270 5700 mons
1300 5648 1725 5715 transferendus,
1751 5651 1838 5719 qui
1865 5668 1962 5721 per
1996 5652 2130 5709 Pro-

542 5730 761 5800 phetam
797 5731 991 5786 dicitur
1030 5748 1379 5809 corrumpere
1418 5755 1630 5794 omnem
1667 5752 1888 5798 terram.
1935 5746 2037 5801 Sed
2080 5757 2135 5804 et

545 5823 652 5882 hoc
675 5828 967 5883 notandum
1006 5831 1130 5899 quia
1164 5849 1391 5903 granum
1432 5836 1631 5905 sinapis
1658 5837 1725 5891 ad
1755 5842 2130 5910 purgationem

2242 1970 2324 2016 est
2362 1975 2377 2014 :
2411 1956 2602 2015 Omnia
2640 1950 2911 2032 possibilia
2953 1971 3079 2019 sunt
3119 1961 3337 2017 credenti
3377 1960 3533 2035 (Marc.
3558 1966 3679 2034 mit

2241 2049 2519 2121 Quomodo
2545 2062 2725 2115 autem
2758 2054 3089 2129 protervitas
3125 2051 3315 2113 diaboli
3341 2064 3681 2124 supereturosten-

2242 2134 2319 2203 dit
2348 2144 2627 2211 Dominus,
2660 2145 2715 2201 in
2747 2145 3209 2220 subsequentibus
3232 2146 3401 2205 dicens
3427 2165 3439 2201 :

2313 2228 2427 2295 Hoc
2453 2249 2624 2301 autem
2652 2256 2814 2311 genus
2841 2256 2945 2295 non
2972 2228 3207 2311 eiicitur,
3232 2238 3326 2293 nisi
3345 2254 3426 2311 per
3447 2237 3677 2293 oratiouna

2233 2327 2518 2400 jejunium.
2544 2329 2677 2384 Nam
2701 2331 2831 2386 dum
2856 2332 3011 2387 docet
3040 2330 3317 2401 apostolus
3331 2329 3679 2402 quomododaau

2243 2424 2608 2495 nequissimus
2630 2424 2822 2482 debeat
2841 2425 3063 2495 expelli,
3085 2441 3273 2481 omnes
3298 2423 3497 2483 instituit
3510 2424 3558 2477 ad
3576 2423 3678 2483 vium,

2242 2523 2301 2569 ut
2332 2502 2541 2570 scilicet
2564 2516 2877 2571 noverimus
2899 2516 3156 2587 graviora
3177 2500 3388 2591 quinque
3410 2515 3479 2571 vel
3497 2515 3680 2571 immania

2242 2624 2360 2662 rum
2393 2608 2699 2678 spirituum,
2730 2608 2814 2665 vel
2844 2610 3130 2665 hominum
3166 2617 3482 2671 tentamenta.
3501 2606 3679 2675 unum

2242 2702 2578 2759 orationibus
2631 2718 2750 2760 esse
2799 2704 3129 2774 superanda.
3180 2703 3319 2759 iram
3360 2716 3534 2773 quoque
3562 2695 3679 2754 limini

2242 2811 2367 2861 cum
2397 2796 2449 2859 in
2479 2794 2737 2851 ultionem
2772 2803 3086 2853 nostrorum
3130 2793 3382 2850 scelerum
3408 2792 3536 2847 fuerit
3552 2800 3679 2843 ausast

2242 2890 2345 2946 hoc
2371 2890 2611 2951 remedio
2638 2890 2899 2962 singulari
2923 2904 3087 2961 posse
3111 2888 3330 2961 placari.
3354 2885 3679 2959 loiuniumaurs

2242 2982 2491 3055 generale
2523 2990 2607 3039 est
2647 2998 2755 3041 non
2794 2982 2969 3038 solum
2995 2983 3069 3038 ab
3100 2982 3272 3048 escis,
3301 2980 3389 3041 sed
3409 2994 3437 3032 a
3459 2972 3680 3033 cunctisille-

2242 3073 2425 3139 cebris
2443 3072 2717 3131 abstinere
2741 3074 3079 3139 carnalibus,
3094 3075 3205 3129 imo
3227 3071 3291 3128 ab
3310 3072 3520 3128 omnibus
3535 3068 3682 3122 vitiari!

2243 3168 2522 3229 continere
2551 3168 2916 3239 passionibus.
2957 3168 3051 3224 Sic
3078 3177 3136 3224 et
3162 3167 3334 3226 oratio
3359 3163 3570 3239 generalis
3583 3157 3682 3216 nolit

2245 3264 2425 3321 verbis
2464 3263 2639 3324 solum
2667 3272 2752 3320 est
2768 3304 2783 3330 ,
2820 3262 3021 3334 quibus
3042 3262 3284 3327 divinam
3310 3258 3583 3321 clementiam
3599 3254 3682 3307 ino-

2247 3371 2465 3422 camus,
2495 3371 2684 3417 verum
2722 3355 2889 3411 etiam
2917 3355 2979 3409 in
3002 3354 3263 3411 omnibus
3291 3369 3400 3423 tum
3422 3352 3469 3406 in
3489 3344 3683 3415 obscuri!!!

2246 3450 2420 3506 nostri
2453 3448 2755 3505 conditoris
2780 3448 2904 3504 ﬁdei
2932 3448 3227 3507 devotione
3255 3446 3483 3520 gerimus,
3504 3436 3684 3506 tesqu

2246 3542 2385 3601 Stolo
2407 3542 2498 3612 qui
2524 3542 2601 3595 ait
2625 3560 2637 3594 :
2664 3538 2877 3611 Semper
2898 3539 3147 3610 gaudete,
3163 3539 3275 3594 sine
3298 3532 3685 3595 itttennissimm

2248 3632 2299 3705 (Ι
2331 3632 2483 3689 Thes.
2513 3632 2590 3706 v).
2616 3632 2897 3703 Quomodo
2918 3633 3067 3689 enim
3089 3634 3213 3704 quis
3235 3631 3463 3688 clunibus
3482 3625 3685 3689 horum“

2248 3727 2535 3787 momentis
2576 3726 2694 3782 sine
2733 3726 3140 3785 intermissione
3182 3729 3347 3787 Deum
3376 3732 3522 3796 potest
3538 3722 3685 3775 iurante

2247 3816 2629 3873 sermonibus?
2677 3817 2783 3874 Sed
2831 3828 2959 3875 tune
3008 3820 3129 3876 sine
3179 3818 3535 3876 intermissione
3563 3819 3685 3868 οηιε

2247 3925 2369 3965 cum
2398 3925 2458 3965 ea
2489 3910 2665 3966 solum
2689 3926 2857 3982 opera
2884 3913 3155 3993 gerimus,
3181 3930 3300 3984 qua:
3325 3928 3415 3969 nos
3437 3906 3576 3981 pietati
3593 3896 3685 3957 solli

2246 4004 2627 4063 commendent
2663 4005 2917 4065 auctoris.
2952 4006 3071 4075 Quo
3115 4008 3367 4062 nimirum
3581 4003 3685 4060 eis“

2244 4099 2488 4152 oratione
2511 4096 2735 4166 juvante
2753 4140 2769 4165 ,
2801 4100 3030 4156 Domino
3053 4110 3289 4159 cunctas
3306 4097 3490 4169 antiqui
3510 4086 3687 4150 Μεθ’

2244 4190 2565 4247 bellabimns
2591 4206 2665 4247 ac
2683 4191 3124 4262 propulsabimus
3152 4194 3387 4253 insidias-

2316 4277 2457 4353 [Νι
2494 4280 2935 4339 ϐοηιιθνιωιιὲὁιιε
2973 4295 3150 4340 αναιθιη
3190 4285 3297 4339 illis
3327 4285 3380 4338 in
3402 4265 3686 4337 Celticum

2242 4372 2346 4427 illis
2380 4372 2535 4428 Jesus
2571 4388 2588 4425 :
2630 4372 2808 4433 Filius
2842 4376 3070 4431 hominis
3113 4377 3393 4432 tradendus
3426 4382 3491 4428 ω
3520 4371 3559 4422 ἔκ
3583 4373 3687 4416 tm"

2244 4467 2511 4521 hominum
2549 4477 2598 4522 et
2637 4469 2875 4525 occident
2902 4486 3019 4525 eum
3038 4511 3057 4536 ,
3094 4479 3148 4526 et
3181 4471 3341 4525 tertia
3364 4469 3441 4522 die
3464 4451 3687 4529 ηυηάοίί

2167 4600 2220 4660 D
2246 4562 2543 4619 contristati
2566 4571 2689 4619 sunt
2711 4563 3047 4621 uehementer.
3074 4563 3343 4637 (Hirrum)

2196 4646 2215 4671 "
2246 4652 2322 4706 ris
2365 4652 2557 4708 miscet
2606 4654 2815 4720 tristia,
2869 4662 2929 4711 ut
2976 4669 3098 4711 cum
3141 4662 3363 4726 tepente
3394 4646 3606 4707 venerint.
3629 4650 3687 4691 ιηθ

2244 4751 2483 4797 terreant
2510 4746 2814 4815 apostolos,
2851 4748 2943 4802 sed
2977 4764 3008 4802 a
3036 4747 3413 4817 praemeditans
3433 4728 3687 4798 εει-ιηωτιεί·

2243 4836 2366 4889 mis.
2400 4836 2457 4891 Si
2483 4836 2627 4893 enim
2654 4839 2945 4899 contristat
2965 4856 3062 4896 vos
3085 4841 3237 4911 quod
3256 4835 3539 4896 occide
3557 4833 3625 4887 est.
3640 4821 3687 4873 δέ·

2242 4928 2331 4983 bet
2370 4928 2647 4987 laetiticare
2687 4933 2830 5000 quod
2865 4932 2952 4989 die
2994 4932 3163 4988 tertia
3199 4934 3567 4988 resonantium.
3593 4917 3687 4971 Ροπθ

2241 5023 2387 5091 quod
2424 5024 2815 5081 contristantur
2849 5026 3222 5092 vehementer,
3262 5041 3365 5081 Mli
3398 5024 3459 5079 ὼ
3488 5010 3688 5075 ἣιῧὰὶὶυυ

2236 5110 2412 5178 venit;
2449 5112 2689 5182 alioquin
2726 5123 2782 5170 et
2807 5114 3031 5172 Petrum
3065 5117 3309 5173 scth
3774 5128 3775 5195 ξ

2236 5217 2407 5271 quare
2435 5219 2544 5258 non
2577 5214 2801 5275 saperet
2818 5221 2883 5260 ea
2908 5222 3031 5279 quae
3054 5207 3157 5264 Dei
3177 5217 3330 5274 sunt,
3359 5206 3444 5262 sed
3466 5214 3518 5258 el
3540 5209 3623 5268 (μ’

2238 5293 2475 5360 minum;
2507 5312 2691 5355 verum
2716 5300 3120 5370 proﬂuebat):
3144 5302 3381 5375 magism
3403 5294 3690 5355 "iam",
3774 5364 3775 5377 ξ

2238 5387 2469 5447 nistrum
2499 5398 2563 5445 et
2586 5391 2790 5451 humile
2818 5394 3099 5462 patiuntur
3120 5396 3323 5451 audire:
3774 5430 3775 5463 ι

2309 5477 2380 5533 Et
2417 5497 2539 5537 cum
2575 5483 2797 5540 venisset;
2827 5484 3231 5556 Gaplsarnautu;
3261 5486 3548 5541 Μαί
3566 5465 3691 5556 ii}

2238 5570 2490 5626 drachma
2523 5574 2845 5644 accipiebant
2880 5554 2950 5631 ad
2993 5575 3239 5644 Petrum,
3277 5587 3331 5633 et
3360 5576 3598 5629 W"
3618 5554 3688 5613 ,δ’

2236 5663 2396 5734 gister
2433 5675 2595 5721 uester
2625 5678 2734 5721 non
2767 5666 2919 5723 soluit
2953 5670 3295 5725 didrachma?
3328 5668 3405 5721 Ait
3437 5664 3538 5720 eis:

2236 5754 2367 5811 Post
2393 5755 2693 5829 Augustum
2720 5757 2992 5816 Cassarum
3017 5761 3197 5818 Judzea
3222 5761 3454 5818 estfacta

2235 5857 2291 5905 et
2328 5868 2517 5907 omnes
2555 5855 2701 5910 censi
2744 5856 2921 5926 capite
2958 5858 3284 5916 ferebantur.
3327 5853 3462 5910 Unde
3487 5856 3533 5903 et
3560 5828 3688 5903 Μ
