3898 6468
195 429 325 499 tuus

195 576 306 615 cum
343 553 510 610 Maria
546 557 772 625 cognata
810 564 906 609 sua
942 552 1215 622 profectus
1254 550 1336 606 est
1373 551 1426 604 in
1463 547 1754 604 Bethleem.
1786 549 1838 611 Α

195 653 420 706 Rursum
447 651 698 720 quonian
727 647 959 701 nutritus
978 653 1097 700 erat
1121 646 1174 700 in
1203 643 1488 708 Nazareni,
1518 643 1661 712 quod
1681 639 1765 698 est

195 743 438 813 Oppidum
476 731 708 794 Galliam.
746 737 1123 807 Capltarnaum’
1155 736 1334 799 urbis,
1368 735 1440 789 ibi
1477 749 1504 788 a
1538 739 1764 789 censore

194 837 482 904 poscuntur
510 830 738 892 tributa,
771 837 825 883 et
852 830 950 897 pro
985 829 1258 896 signorum
1299 821 1666 896 magnitudine
1708 823 1762 877 hi

194 926 278 995 qui
305 923 591 995 exigebant
616 933 719 976 non
751 921 945 975 audent
973 920 1148 988 ipsum
1180 921 1442 988 repetere”,
1473 916 1564 972 sed
1598 913 1761 970 disci-

193 1009 367 1090 pulum
397 1016 748 1079 conveniant;
782 1014 896 1067 sive
921 1011 1184 1066 malitiose
1210 1011 1556 1080 lutei-fugant,
1585 1013 1762 1063 Utrum

194 1112 375 1166 reddat
398 1110 595 1163 tributa
620 1121 687 1161 an
708 1105 1041 1161 contradicat
1064 1104 1293 1159 Caesaris
1313 1102 1592 1166 voluntati,
1611 1099 1763 1169 juxta

192 1201 326 1272 quod
354 1200 406 1254 in
437 1197 544 1253 alio
584 1197 811 1269 legimus
853 1215 865 1250 :
906 1195 1045 1249 Licet
1083 1194 1277 1248 tributa
1311 1193 1509 1249 Ctesarl
1544 1193 1760 1257 solvere,

192 1303 257 1348 tm
287 1297 387 1347 nan
410 1293 432 1345 Ρ
457 1291 671 1362 (Matth.
702 1287 862 1360 itm.)

263 1384 323 1439 Et
362 1391 477 1438 cum
521 1382 788 1436 introisset
822 1380 878 1434 in
919 1381 1130 1433 domum
1171 1378 1422 1448 prteoenit
1459 1383 1578 1429 eum
1606 1374 1762 1428 Iesus

190 1478 378 1531 dicens.
409 1475 508 1542 Qui
537 1475 851 1529 didrachma
887 1470 1174 1541 erigebant
1220 1476 1465 1524 seorsum
1497 1465 1766 1521 οοὴηιὴρέ

191 1575 308 1624 rant
331 1569 578 1633 Petrum;
619 1569 849 1636 euntque
888 1565 1142 1618 iittrasset
1185 1563 1442 1626 domum,
1477 1564 1764 1629 antequam

188 1661 380 1718 Petrus
433 1659 715 1733 sitggerat,
748 1657 1008 1714 Doniinus
1038 1658 1374 1727 interrogat,
1407 1661 1473 1710 ne‘
1501 1654 1766 1710 scandali-

191 1759 378 1809 zentur
404 1751 651 1822 discipuli
683 1752 748 1807 ad
789 1751 1204 1821 postulationem
1244 1748 1470 1812 tributi,
1519 1754 1641 1801 eum
1690 1746 1768 1800 vi-

189 1846 345 1901 deant
379 1861 500 1899 eum
532 1850 688 1897 no‘sse
728 1849 848 1912 quae
877 1845 1100 1896 absente
1129 1853 1187 1895 se
1212 1846 1361 1910 gesta
1388 1847 1532 1892 sunt.

1177 419 1526 494 Constitui.
1564 421 1632 490 1N
1671 421 2105 492 narramus.
2146 453 2216 478 αι
2253 427 2382 493 us.
2425 427 2490 494 ν.

2418 551 2645 610 CAPUT
2683 549 2866 610 XVIII.

1865 661 2026 718 Docet
2057 663 2405 738 hitmililotem
2441 663 2674 738 exemplo
2714 661 3052 738 parvulorum
3072 710 3087 736 ,
3111 657 3160 725 ei
3189 673 3445 727 neniiaem

1935 748 2114 789 eorum
2141 736 2643 809 scandalisandum;
2670 736 2962 808 exciitplum
2992 740 3236 809 proponit
3265 741 3330 799 de
3354 745 3443 799 ave

1933 817 2143 861 errante
2161 847 2174 870 ,
2200 816 2248 859 et
2269 808 2468 878 quoties
2495 808 2653 877 fratri
2681 810 2747 862 sit
2773 808 3168 879 ignoscendum.

1937 917 2027 990 [1.]
2060 917 2127 972 In
2157 918 2250 972 illa
2286 919 2417 972 hora
2462 925 2789 976 accesserunt
2817 915 3065 994 discipuli
3106 919 3177 978 ad
3215 924 3399 982 Jesum.
3430 970 3446 997 ,

1864 1013 2092 1067 dicentes
2119 1030 2137 1067 :
2165 1010 2295 1078 Quis
2315 1001 2472 1084 putas
2510 1015 2684 1086 major
2727 1019 2827 1071 erit
2873 1013 2928 1070 in
2961 1021 3116 1089 regno
3160 1013 3452 1077 caelorum?

1866 1103 2136 1176 (Ηὶενϋη.)
2153 1104 2305 1171 Quod
2332 1111 2472 1175 saepe
2501 1105 2682 1160 monui
2699 1107 2861 1161 etiam
2886 1107 3030 1164 nunc
3055 1109 3452 1167 observaddum

1865 1205 1966 1252 est.
2001 1197 2192 1253 Causa:
2223 1199 2531 1268 qum-ends:
2568 1203 2693 1254 sunt
2733 1200 3069 1271 Singulorum
3111 1195 3326 1260 Domitii
3375 1193 3456 1260 di-

1863 1295 2076 1344 etorum‘
2125 1293 2287 1359 athe
2340 1287 2627 1345 laetorum.
2664 1289 2792 1347 Post
2833 1295 3116 1348 inventuiri
3143 1299 3403 1353 statereni
3435 1338 3453 1364 ,

1864 1391 1985 1451 post
2022 1382 2220 1436 tributa
2251 1379 2484 1447 reddita,
2512 1382 2642 1452 quid
2665 1384 2768 1439 sibi
2794 1384 2904 1440 vult
2935 1387 3213 1457 repentina
3241 1389 3457 1459 adesto-

1865 1469 2037 1526 lorum
2086 1469 2572 1543 interrogatiolln
2606 1471 2700 1528 illa
2754 1475 2884 1530 hord
2934 1481 3269 1532 acCEsser'ltut
3298 1479 3457 1533 disci-

1865 1561 1976 1633 puli
2006 1563 2076 1616 ad
2107 1563 2323 1629 Je‘sunt,
2375 1563 2650 1618 dicentes:
2697 1563 2829 1630 Quis
2875 1575 3029 1637 putas
3067 1569 3242 1638 iita’jor'
3275 1561 3350 1623 es!
3399 1569 3456 1625 in

1868 1663 2025 1722 regno
2055 1653 2298 1708 caelorum
2324 1653 2348 1707 Ρ
2375 1649 2476 1721 Qui
2503 1653 2788 1709 audierant
2828 1671 2924 1726 pro
2958 1655 3120 1712 Petro
3145 1665 3199 1712 et
3227 1645 3457 1714 Domino

1868 1747 2130 1800 tributum
2158 1746 2299 1800 idem
2325 1740 2694 1811 ratiditum,ex
2711 1743 3019 1817 aequalitate
3040 1742 3185 1804 Petri
3209 1743 3457 1806 arbitrati

1872 1846 1996 1891 sunt
2043 1837 2294 1892 omnibus
2333 1833 2592 1908 apostolis
2637 1833 2854 1894 Petrum
2883 1856 3002 1895 esse
3031 1835 3334 1911 prilaiuih,
3368 1844 3458 1913 qui

261 1936 396 2002 Quid
437 1937 528 1989 tibi
585 1936 786 1990 videtur
809 1976 822 1999 ,
858 1932 1089 1989 Simon?
1124 1929 1284 2003 Reges
1326 1939 1480 1986 terrm
1511 1949 1543 1984 a
1583 1930 1768 2001 auibus
1800 1923 1844 1984 Β
1874 1917 1942 1986 ἰή
1979 1929 2279 1987 redditione
2335 1933 2523 1986 tributi
2579 1920 2811 1988 Doinind
2861 1931 3041 1988 fuerat
3093 1931 3455 2005 coitqiaraliis.

189 2032 450 2099 accipiunt
482 2030 755 2093 tributum,
793 2027 868 2081 vel
904 2031 1114 2080 censum
1141 2067 1155 2090 ,
1191 2031 1222 2078 ά
1252 2023 1376 2093 ﬁliis
1417 2025 1554 2085 suis,-
1590 2031 1659 2078 an”
1705 2023 1768 2076 ab

189 2121 418 2175 alienis?
470 2121 537 2174 Et
574 2119 662 2173 ille
687 2119 821 2173 dixit
849 2131 866 2169 :
894 2117 970 2170 Ab
1001 2116 1204 2171 alienis.
1255 2115 1396 2169 Dixit
1445 2113 1524 2167 illi
1568 2114 1725 2168 Iesus
1751 2130 1769 2165 :

187 2212 332 2283 Ergo
363 2211 512 2266 liberi
543 2223 662 2266 sunt
693 2209 813 2280 ﬁlii.
867 2207 1127 2263 Dominus
1166 2214 1352 2262 uester
1381 2213 1436 2260 et
1475 2206 1770 2260 secundum

186 2319 407 2360 carnem
435 2314 489 2360 et
521 2303 814 2360 secundum
844 2304 1092 2373 spiritum
1144 2301 1286 2355 illius
1333 2299 1476 2371 rcgis
1505 2309 1621 2355 erat
1642 2341 1656 2365 ,
1689 2301 1772 2354 vel

183 2413 254 2454 ex
283 2397 449 2451 David
487 2399 654 2468 stirpe
691 2404 1002 2468 generatus,
1041 2395 1124 2449 vel
1168 2394 1553 2464 oiniiipdtentis
1597 2393 1773 2448 Patris

185 2489 442 2543 Verbum.
476 2489 618 2559 Ergo
651 2488 852 2542 tributa
886 2486 1042 2555 quasi
1073 2499 1259 2555 regum
1290 2483 1438 2536 filius
1475 2488 1580 2536 non
1611 2484 1774 2537 debe-

184 2579 278 2635 bat
302 2597 316 2644 ;
349 2580 442 2633 Sed
469 2579 558 2648 qui
587 2578 948 2632 humilitatem
973 2575 1152 2630 earnis
1174 2579 1562 2644 as'suinpserat,
1591 2573 1774 2627 debuit

186 2669 483 2740 adimplere
515 2674 729 2723 onmem
760 2667 1048 2738 justitiam.
1101 2664 1316 2732 Nosque
1370 2662 1648 2727 inleliees,
1681 2663 1773 2731 qui

183 2759 384 2814 Christi
437 2767 723 2814 censemur
772 2757 1019 2821 nomine,
1073 2765 1126 2811 e‘t
1174 2755 1310 2810 nihil
1358 2754 1576 2825 dignam
1626 2761 1775 2807 tanta

185 2850 416 2906 facimus
448 2847 730 2916 majestate”
762 2867 775 2901 :
803 2849 890 2902 ille
917 2857 1014 2918 pro
1040 2846 1195 2901 nobis
1226 2855 1443 2899 erucem
1475 2845 1730 2898 sustinuit
1757 2883 1771 2908 ,

184 2951 244 2997 et
277 2943 476 2996 tributa
502 2941 689 3007 dedit,
738 2940 831 2994 sed
875 2955 973 2994 nos
999 2954 1097 3008 pro
1133 2938 1276 2992 illius
1322 2937 1528 2991 honore
1578 2936 1776 2990 tributa

184 3048 293 3087 non
326 3034 600 3088 reddimus
627 3040 686 3088 et
713 3032 870 3102 quasi
900 3025 995 3086 lilii
1033 3032 1178 3103 regis
1222 3043 1252 3084 tt
1289 3029 1644 3100 vectigal-ibus
1677 3028 1778 3082 im-

186 3139 380 3182 manes
411 3137 618 3180 sumus.

261 3217 327 3272 Ut
351 3229 523 3272 autem
543 3229 646 3272 non
665 3217 1084 3272 scandalizentus
1112 3227 1219 3282 eos,
1261 3216 1390 3271 unde
1433 3215 1502 3270 ad
1530 3229 1694 3278 mare,
1723 3223 1773 3267 et
1810 3275 1812 3280 τ

186 3312 334 3365 mitte
368 3312 580 3364 hamum
612 3339 626 3376 ς
662 3319 708 3365 et
739 3325 856 3365 eum
884 3313 1076 3382 piscem
1115 3313 1205 3381 qui
1234 3311 1434 3380 primm
1455 3310 1769 3374 ascenderit,
1800 3282 1844 3345 Ο

187 3400 330 3455 tolle.
357 3401 425 3454 Et
448 3412 624 3471 aperto
651 3415 739 3456 ore
764 3402 878 3472 ejus
919 3402 1144 3455 inuenies
1188 3408 1436 3454 struerem
1463 3415 1481 3452 t
1507 3400 1657 3453 illum
1686 3415 1775 3452 sa-

187 3509 354 3560 mens,
383 3496 452 3548 da
487 3496 560 3549 eis
601 3511 694 3565 pro
723 3509 804 3549 me
857 3500 905 3550 et
959 3501 1027 3549 te.
1078 3495 1217 3561 Quid
1264 3495 1496 3563 primum
1528 3494 1694 3547 mirer
1720 3492 1774 3546 in

189 3585 296 3639 hoc
333 3587 473 3650 loco,
506 3587 712 3651 nescio,
739 3595 916 3642 utram
969 3587 1367 3657 praescientiam
1399 3591 1470 3639 an
1510 3585 1776 3655 magnitu-

187 3681 370 3733 dinem
415 3679 750 3734 Salvatoris?
775 3680 1200 3744 Prieseientiam,
1234 3681 1377 3748 quod
1413 3687 1639 3734 noverat
1682 3679 1777 3732 ha-

186 3774 319 3826 bere
348 3775 550 3842 piscem
596 3774 651 3826 in
691 3787 788 3828 ore
814 3780 1070 3827 staterem
1097 3809 1112 3838 ,
1145 3781 1200 3828 et
1224 3773 1368 3842 Quod
1409 3773 1616 3842 primus
1661 3772 1778 3841 ipse

187 3865 486 3933 capiendus
515 3873 690 3930 esset;
717 3865 1142 3935 magnitudinem
1173 3873 1336 3934 atque
1357 3865 1608 3930 virtutes,
1636 3863 1778 3933 quod

187 3957 259 4009 ad
287 3957 508 4010 verbum
546 3958 664 4026 ejus
703 3958 885 4011 statim
935 3956 1192 4012 stater-in
1223 3971 1322 4011 ore
1353 3957 1518 4026 piscis
1563 3965 1779 4010 creatus

186 4057 294 4113 est,
327 4049 470 4116 quod
497 4048 734 4102 futurum
762 4059 902 4115 erat,
933 4050 1049 4119 ipse
1084 4049 1352 4118 loquendo
1377 4048 1587 4103 fecerit.
1624 4047 1782 4101 Vide-

186 4139 346 4193 batur
374 4148 554 4194 autem
579 4141 708 4193 mihi
750 4141 1048 4195 secundum
1072 4141 1330 4212 mysticus
1356 4140 1659 4194 intellectas
1680 4139 1780 4192 iste

188 4245 311 4286 esse
335 4233 521 4299 piscis,
570 4231 662 4300 qui
691 4233 896 4300 prinms
916 4239 1108 4301 captus
1150 4242 1252 4296 est,
1286 4232 1377 4300 qui
1419 4232 1469 4285 in
1513 4230 1779 4301 profundo

190 4325 360 4378 matis
394 4333 532 4390 erat,-
562 4332 617 4378 et
661 4326 714 4377 in
754 4325 910 4378 salsis
935 4326 1242 4393 amat-isque
1268 4325 1572 4395 gurgitibus
1596 4337 1779 4377 mora-

188 4413 390 4478 batur,
420 4421 481 4467 ut
525 4427 620 4483 per
660 4414 954 4468 secundum
982 4414 1155 4466 Adam
1195 4414 1518 4467 liberaretur
1574 4413 1782 4482 primus

187 4503 384 4556 Adam.
417 4503 485 4556 Et
515 4504 567 4556 id
594 4503 738 4572 quod
764 4503 818 4556 in
858 4517 954 4557 ore
980 4502 1118 4572 ejus,
1149 4503 1201 4558 id
1227 4513 1328 4564 est,
1357 4503 1410 4556 in
1442 4502 1783 4558 confessione

189 4596 372 4649 fuerat
403 4599 698 4660 inventum,
716 4611 814 4666 pro
828 4596 987 4651 Petro
1007 4605 1062 4650 et
1085 4613 1180 4666 pro
1195 4597 1419 4652 Domino
1444 4597 1780 4651 redderetur.

187 4685 258 4739 Et
292 4687 511 4755 pulchre
537 4689 766 4757 idipsum
792 4688 1009 4758 quidem
1041 4690 1198 4744 datur
1229 4730 1242 4753 ,
1291 4698 1345 4744 et
1377 4691 1610 4759 pretium
1642 4689 1779 4743 divi-

187 4795 313 4832 sum
351 4789 452 4845 est,-
475 4782 600 4849 quia
635 4795 735 4849 pro
761 4782 920 4836 Petro
939 4782 1091 4849 quasi
1113 4797 1210 4852 pro
1239 4792 1524 4851 peccatore
1548 4785 1778 4853 pretium

187 4867 546 4937 reddebatur,
577 4874 837 4928 Dominus
887 4884 1067 4928 autem
1119 4883 1303 4929 noster
1329 4885 1545 4945 peccata
1571 4887 1674 4927 non
1701 4876 1779 4944 fe-

187 4975 364 5032 cerat,
400 4980 492 5020 nec
521 4966 674 5020 dolus
702 4968 940 5020 inventus
967 4975 1042 5020 est
1086 4968 1141 5020 in
1175 4983 1262 5020 ore
1290 4967 1403 5037 ejus
1431 4966 1480 5038 (1
1511 4968 1654 5020 Petr.
1694 4967 1777 5037 tt).

187 5060 382 5117 Stater
412 5061 609 5115 dicitur
640 5060 732 5128 qui
761 5061 896 5114 duas
922 5061 1085 5114 habet
1109 5061 1472 5120 didrachmas,
1515 5068 1574 5114 ut
1601 5069 1781 5115 osten-

187 5154 419 5209 deretur
449 5154 744 5208 similitudo
771 5154 956 5209 carnis
979 5195 993 5219 ,
1029 5155 1154 5208 dum
1184 5155 1372 5208 eodem
1424 5164 1479 5208 et
1525 5154 1784 5210 Dominus

188 5252 252 5299 et
291 5256 481 5299 servus
514 5244 690 5314 pretio
728 5245 1045 5299 liberamur.
1105 5245 1210 5299 Sed
1266 5252 1321 5298 et
1361 5246 1678 5314 simpliciter
1707 5247 1787 5300 in-

189 5334 446 5390 tellectus
485 5335 716 5390 aediﬁcat
743 5335 1078 5400 auditorem,
1137 5336 1268 5389 dum
1313 5333 1474 5390 tantie
1528 5337 1787 5392 nummus

189 5423 378 5480 fuerat
411 5427 744 5496 paupertatis
771 5467 784 5491 ,
814 5435 875 5480 ut
902 5428 1044 5482 unde
1087 5428 1290 5482 tributa
1334 5429 1630 5483 reddiderit
1679 5441 1783 5484 non

192 5519 477 5574 habuerit;
508 5518 660 5585 Quod
705 5519 754 5572 si
795 5519 916 5587 quis
959 5520 1195 5588 eltjieere
1229 5521 1462 5576 voluerit
1513 5523 1784 5592 quomodo

189 5607 369 5664 δίωξις
393 5610 447 5664 iu
477 5609 668 5665 loculis
701 5612 950 5679 portabat
978 5612 1304 5679 pecuniam?
1343 5611 1785 5683 respondebinms

195 5711 320 5755 rem
352 5704 652 5773 panperutn'
669 5703 725 5755 in
747 5712 876 5756 usus
895 5716 1021 5756 suos
1040 5713 1358 5760 convertere
1382 5703 1534 5760 nefas
1554 5707 1782 5777 putavit,

197 5797 472 5867 uobisque
495 5798 635 5853 idem
666 5797 859 5854 tribuit
885 5798 1211 5870 exemplum.

1871 2023 1996 2078 Ideo
2025 2023 2362 2095 interrogant
2391 2036 2405 2077 :‘
2437 2021 2567 2089 Quis
2604 2023 2778 2095 major
2803 2035 2878 2078 est
2898 2018 2951 2078 la
2982 2033 3138 2097 regno
3164 2025 3410 2081 ca‘zloru’m
3439 2025 3463 2080 ?

1872 2111 2181 2184 Videasque
2207 2112 2367 2169 Jesus
2396 2114 2751 2184 cegitationes
2778 2119 2984 2180 eorum,
3015 2123 3067 2170 et
3097 2117 3288 2171 eatiSas
3311 2123 3463 2172 e'r'ro—

1871 2223 1991 2262 rum
2041 2207 2349 2278 intelligetis
2378 2243 2392 2270 ,
2433 2207 2547 2262 vult
2577 2209 2903 2265 desiderium
2932 2209 3116 2280 gloriae
3143 2198 3464 2265 humilitatis

1873 2301 2222 2355 contentione
2256 2305 2474 2355 sanare.

1945 2390 2014 2444 Et
2043 2390 2303 2443 aduocans
2332 2389 2488 2444 Iesus
2528 2389 2805 2461 parvulum
2833 2433 2847 2457 ,
2893 2387 3076 2446 stdtult
3101 2393 3156 2445 in
3182 2385 3354 2445 ine'tlid
3383 2395 3465 2445 eo-

1875 2489 2012 2532 rum.
2037 2478 2136 2534 Vel
2161 2477 2478 2548 simpliciter
2504 2479 2799 2548 qnemlibet
2824 2478 3131 2548 parvulum,
3157 2473 3218 2532 lit
3247 2473 3463 2533 ictuictu

1874 2575 2145 2640 quaar'eret
2168 2572 2222 2625 et
2257 2567 2667 2625 similitudinem
2697 2569 3017 2624 innocentiae
3044 2570 3464 2636 deuttlnStraret,

1874 2664 1960 2718 Vel
1983 2669 2128 2718 cbrte
2156 2661 2441 2732 parietum
2467 2660 2656 2716 statuit
2683 2661 2738 2715 in
2764 2660 2942 2717 medio
2970 2661 3186 2716 illorum
3205 2661 3465 2732 scipsum,

1876 2755 1967 2825 qui
2018 2767 2123 2807 non
2171 2753 2465 2808 ministrari
2503 2760 2743 2814 venerat,
2800 2754 2894 2807 sed
2927 2755 3262 2819 ministrare,
3296 2763 3358 2808 ut
3385 2754 3466 2809 eis

1875 2845 2199 2900 humilitatis
2235 2844 2496 2899 tribueret
2535 2844 2862 2914 exemplum.
2907 2843 3008 2899 Alii
3043 2839 3326 2915 partuluni
3376 2840 3464 2899 iu.-
3532 2897 3535 2900 .

1875 2939 2246 3006 terpretalitur
2274 2930 2533 3004 Spiritum
2571 2943 2853 2999 sanctum,
2907 2943 3067 3006 quem
3121 2933 3366 3005 posuerit
3409 2937 3466 2992 in

1876 3028 2130 3082 cordibus
2155 3027 2561 3096 discipulorum,
2592 3038 2650 3083 ut
2674 3025 2984 3098 superbiam
3015 3025 3318 3087 humilitate
3346 3033 3469 3086 nutu

1877 3125 2074 3173 tarem;
2109 3117 2324 3190 (Betim)
2348 3118 2500 3187 Quod
2523 3123 2702 3174 autem
2725 3122 3021 3176 Secundum
3049 3115 3286 3176 Marcum
3319 3137 3466 3177 com-

1876 3213 2129 3284 plectitur
2183 3210 2344 3268 Iesus"
2388 3219 2614 3284 puerum
2659 3213 2850 3286 (Marc.
2902 3215 3010 3284 ti),
3057 3213 3326 3287 signiﬁcat
3364 3214 3466 3270 hu-

1877 3305 2031 3359 miles
2057 3319 2155 3359 suo
2181 3305 2370 3375 digitos
2397 3309 2515 3360 esse
2550 3305 2831 3373 cumpiextt
2862 3319 2924 3360 ac
2954 3305 3272 3372 dilectione;
3300 3305 3464 3362 tales-

1878 3403 1983 3465 que
2011 3401 2130 3450 eum
2179 3396 2516 3468 iinplet'e'riut
2557 3395 2703 3466 quod
2732 3397 2988 3468 prrecepit
3040 3417 3051 3451 :
3102 3397 3296 3452 Discite
3326 3415 3356 3452 a
3383 3405 3464 3453 me

1876 3491 2000 3560 quia
2029 3490 2168 3543 mitis
2196 3488 2310 3543 sum
2335 3489 2380 3543 ei
2401 3483 2616 3544 humilis
2641 3490 2796 3544 corde
2815 3483 3028 3561 (Statili.
3048 3491 3147 3561 XI),
3163 3489 3288 3558 jure
3308 3497 3470 3560 ptisse

1879 3581 2096 3652 gloriari
2130 3597 2194 3635 ac
2226 3580 2404 3636 dicere
2434 3595 2446 3635 :'
2474 3581 2630 3636 Ltevd
2652 3581 2767 3654 ejus
2793 3581 2891 3637 sub
2912 3581 3078 3653 capite
3098 3597 3235 3648 meo,
3266 3591 3313 3636 et
3337 3573 3465 3636 dea:-

1879 3684 1992 3728 tera
2013 3673 2155 3728 illius
2178 3673 2562 3744 amplexabitur
2586 3683 2686 3729 me.

1955 3765 2022 3820 Et
2048 3761 2181 3821 dixit
2216 3781 2233 3818 :
2264 3759 2426 3820 Arnen
2454 3767 2573 3821 dico
2601 3763 2761 3832 vobis,
2807 3767 2910 3822 nisi
2954 3761 3190 3821 conuerti
3227 3765 3470 3835 fueritis,

1881 3871 1931 3915 et
1975 3861 2271 3933 efficiantini
2304 3863 2438 3914 sicut
2467 3859 2701 3931 parvuli,
2727 3877 2831 3915 non
2878 3855 3144 3913 intrabitis
3174 3860 3229 3912 in
3256 3863 3474 3927 regnum

1882 3955 2148 4008 cwloram.
2181 3953 2451 4025 (Hieron.)
2489 3952 2604 4007 Non
2632 3951 2945 4022 praecipitur
2973 3949 3228 4022 apostolis
3259 3949 3318 4003 ut
3344 3953 3474 4003 aeta-

1883 4047 1992 4097 tem
2027 4045 2260 4098 habeant
2289 4044 2668 4114 parmlorum,
2708 4041 2801 4098 sed
2854 4049 2912 4096 ut
2966 4039 3350 4096 innocentiam.
3408 4036 3476 4094 Et

1883 4134 2027 4207 quod
2060 4138 2131 4192 illi
2160 4153 2257 4207 per
2282 4153 2450 4191 armos
2484 4136 2778 4206 possident,
2814 4137 2867 4189 hi
2897 4128 3212 4204 possideant
3245 4128 3342 4202 per
3387 4127 3471 4184 iu-

1884 4233 2148 4288 (lUstriam
2177 4274 2190 4296 ,
2230 4241 2288 4285 ut
2337 4231 2538 4285 malitia
2568 4273 2581 4296 ,
2637 4228 2740 4283 n’on
2792 4229 3054 4298 sapientia
3103 4225 3312 4297 parvuli
3343 4224 3497 4280 sint:

1883 4325 2068 4398 (ius)
2097 4325 2165 4380 Ut
2190 4326 2254 4377 ad
2281 4326 2453 4379 instar
2474 4323 2649 4377 artatis
2673 4321 2906 4392 parvula)
2932 4313 3332 4388 simplicitatem
3357 4315 3478 4371 Sine

1885 4417 2215 4485 arrogantia,
2248 4417 2569 4469 charitatem
2603 4415 2720 4467 sine
2740 4412 2963 4476 invidia,
2993 4409 3331 4463 devotionem
3359 4408 3475 4461 sine

1886 4484 2164 4562 iracundia
2196 4509 2538 4560 conservent.

1963 4600 2268 4669 Quicunque
2298 4607 2420 4666 ergo
2452 4594 2803 4649 humiliaveril
2833 4609 2886 4646 se
2917 4595 3048 4645 sicut
3078 4588 3328 4660 parvulus
3357 4590 3475 4650 iste,

1888 4692 1970 4745 hic
2001 4701 2074 4742 est
2106 4690 2278 4758 major
2311 4689 2361 4739 in
2391 4702 2546 4756 regno
2572 4684 2837 4738 caelorum.
2867 4681 3136 4754 (Ηίθνωι.)
3172 4679 3321 4733 Situt
3346 4695 3473 4748 par-

1887 4784 2043 4836 t‘ulus
2074 4779 2225 4849 cujus
2252 4779 2401 4833 vobis
2433 4777 2673 4846 exempla
2710 4777 2907 4838 tribuo,
2952 4791 3053 4826 non
3085 4777 3396 4841 perseverat
3425 4771 3476 4823 in

1889 4873 2186 4933 iiacumlia,
2215 4887 2320 4925 non
2354 4870 2511 4923 laesus
2537 4868 2810 4933 meminit,
2843 4877 2950 4921 non
2977 4867 3164 4920 vide‘ns
3191 4863 3473 4934 pulchram

1890 4966 2168 5021 mulierem
2201 4953 2523 5026 delectatur,
2567 4967 2672 5014 non
2725 4959 2866 5013 aliud
2921 4957 3177 5026 loquitur,
3210 4953 3354 5007 aliud
3382 4969 3475 5008 c0-

1889 5061 2022 5134 gitat
2044 5101 2057 5123 ,
2089 5059 2168 5111 sic
2196 5061 2249 5110 et
2280 5072 2372 5110 vos
2399 5097 2412 5120 ,
2446 5054 2550 5108 nisi
2585 5055 2744 5107 talem
2776 5039 3072 5105 imbueritis
3113 5046 3477 5102 innocentiam

1886 5162 1940 5206 et
1982 5151 2144 5205 animi
2181 5149 2494 5218 paritatem,
2526 5153 2752 5215 regnum
2781 5144 3040 5200 caelorum
3092 5139 3198 5196 mm
3252 5139 3480 5210 potestis

1889 5244 2112 5298 intrare.
2144 5239 2270 5295 Sive
2294 5239 2455 5293 aliter’
2482 5257 2493 5291 :
2530 5237 2839 5304 Quicunque
2869 5231 3217 5286 lm‘mlliaverit
3246 5247 3300 5284 se
3341 5232 3475 5285 sicut

1887 5333 2134 5407 parvulus
2161 5333 2287 5396 isre,
2322 5333 2405 5384 hic
2442 5333 2514 5384 est
2551 5330 2729 5398 indjor
2764 5323 2819 5380 in
2861 5341 3018 5397 regno
3047 5325 3315 5379 caelorum.-
3371 5323 3476 5392 Qui

1890 5427 2132 5480 inritatus
2161 5429 2243 5478 me
2272 5423 2452 5486 fuerit;
2481 5427 2534 5476 et
2566 5437 2624 5474 se
2654 5421 2708 5473 in
2741 5418 3050 5488 exemplum
3083 5419 3189 5472 mei
3220 5417 3474 5472 humiliar-
3541 5459 3548 5468 .

1891 5517 2052 5581 verit,
2084 5523 2144 5570 ut
2195 5519 2402 5569 tantum
2454 5519 2511 5567 Se
2552 5512 2788 5582 dejieiat,
2833 5519 3092 5580 quantum
3139 5518 3226 5565 me
3260 5508 3476 5579 deieci,

1889 5608 2119 5662 formam
2170 5607 2312 5662 servi
2367 5604 2674 5675 accipiens,
2730 5603 2819 5658 hic
2869 5602 3096 5658 intrabit
3146 5602 3202 5656 in
3247 5603 3477 5671 regiam

1889 5700 2168 5756 Curiorum.

1959 5791 2027 5846 Et
2051 5792 2140 5862 qui
2162 5791 2443 5860 susceperit
2475 5806 2637 5843 unum
2669 5789 2948 5859 parvulum
2978 5801 3135 5843 ιαιιηη
3176 5805 3230 5841 tu
3269 5795 3476 5840 noth

1891 5897 2024 5950 tneo,
2051 5901 2132 5938 me
2163 5884 2398 5952 suscipit.
2425 5882 2525 5948 Qui
2551 5884 2673 5938 talis
2696 5882 2880 5948 fuerit,
2910 5890 2968 5936 ut
2987 5881 3188 5936 Christi
3231 5879 3473 5936 imitetur
