3898 6446
570 378 713 457 tam

1244 392 1305 447 Β.
1344 390 1597 447 RABANI
1633 388 1856 448 MAURI
1890 386 2212 445 ARCHIEP.
2252 385 2567 444 MOGUNT.
2606 380 2897 445 OPERUK
2932 381 3108 440 PARS
3142 383 3183 438 ι.
3592 395 3670 456 {sui

567 513 930 576 humilitatem
953 518 1010 566 et
1051 509 1417 565 Innocentiam
1432 549 1447 573 ,
1476 509 1533 563 in
1557 522 1622 564 eo
1649 505 1898 563 Christus
1922 504 2149 574 suscipi—

2252 503 2385 558 titur
2410 502 2577 559 Judas
2610 542 2626 569 ,
2677 502 2772 572 qui
2822 500 3106 572 proditioni
3140 499 3356 555 animum
3377 517 3669 574 preparame

567 619 679 668 tur.
709 607 779 664 Et
801 606 1097 679 prudenter
1138 619 1236 667 ne,
1287 618 1410 658 cum
1453 601 1687 657 delatum
1713 598 1875 655 fuerit
1898 599 2155 671 apostolis

568 700 843 772 fastigium
872 696 1119 762 honoris,
1146 711 1204 751 se
1221 702 1414 765 putent
1438 695 1737 749 honoratos
1759 732 1775 758 ,
1815 691 2014 760 adjecit
2049 707 2157 746 non

568 792 692 849 illos
729 791 811 847 sui
843 789 1040 845 merito
1065 788 1161 844 sed
1188 787 1432 858 magistri
1465 787 1671 842 honore
1694 785 2081 854 suscipiendos.

642 882 746 949 Qui
765 891 939 936 autem
967 878 1401 937 scandalizaverit
1428 894 1591 932 unum
1614 879 1679 932 de
1697 878 1901 949 pusillis
1924 879 2037 932 istis
2067 877 2157 948 qui

565 975 622 1028 in
645 989 728 1027 me
751 972 991 1036 credunt,
1014 970 1217 1042 expedit
1244 970 1293 1024 ei
1318 979 1375 1023 ut
1403 968 1756 1040 suspendatur
1790 968 1930 1023 mola
1979 971 2159 1023 asina-

568 1061 651 1115 ria
678 1062 734 1116 in
755 1059 890 1115 collo
935 1061 1051 1130 ejus
1094 1068 1143 1114 et
1174 1059 1508 1130 demergatur
1543 1060 1600 1112 in
1622 1058 1945 1129 profundum
1966 1060 2155 1113 maris.

564 1151 884 1223 Quanquam
926 1150 1194 1224 generalis
1219 1150 1394 1221 possit
1420 1164 1541 1206 esse
1574 1151 1843 1205 sententia
1871 1150 2158 1205 adversum

560 1258 757 1298 omnes
784 1243 878 1314 qui
907 1242 1143 1312 aliquem
1194 1242 1583 1306 scandalizent,
1630 1250 1831 1297 tamen.
1842 1240 1998 1311 juxta
2029 1258 2158 1297 con-

561 1334 907 1405 sequentiam
937 1334 1205 1389 sermonis
1233 1335 1397 1388 etiam
1420 1343 1613 1390 contra
1648 1334 1924 1404 apostolos
1952 1335 2156 1389 dictum

564 1425 793 1498 intelligi
819 1434 1017 1496 potest.
1057 1425 1159 1492 Qui
1205 1425 1586 1496 interrogando
1633 1426 1757 1496 quis
1801 1424 1975 1495 major
2016 1435 2162 1482 esset

566 1516 622 1573 in
649 1532 818 1589 regno
843 1516 1129 1582 ctelorum,
1160 1516 1483 1571 videbantur
1521 1516 1665 1571 inter
1702 1531 1761 1574 se
1802 1517 1868 1572 de
1895 1517 2160 1590 dignitate

564 1606 925 1674 contendere;
957 1616 1013 1662 et
1038 1607 1084 1662 si
1136 1606 1190 1661 in
1235 1608 1338 1662 hoc
1364 1607 1492 1660 vitia
1522 1606 1969 1676 permansissent,
2009 1616 2161 1676 pote-

569 1709 693 1756 rant
715 1715 811 1756 eos
839 1714 978 1770 quos
1008 1698 1077 1753 ad
1122 1698 1285 1754 ﬁdem
1310 1699 1575 1754 vocabant
1602 1714 1701 1768 per
1737 1715 1895 1755 suum
1932 1700 2161 1754 scanda-

564 1792 677 1847 lum
729 1792 977 1863 perdere,
1024 1791 1150 1846 dum
1179 1791 1454 1860 apostolos
1486 1790 1669 1846 vident
1709 1791 1853 1847 inter
1877 1806 1937 1847 se
1962 1792 2028 1847 de
2058 1791 2157 1846 ho-

2264 594 2405 650 Dicit
2432 604 2487 649 et
2529 594 2858 665 Apostolus:
2895 588 3105 662 Oportet
3142 602 3301 646 autent
3326 602 3366 647 et
3392 593 3562 654 hiemes
3584 618 3670 670 an,

2259 674 2434 756 utqui
2458 685 2663 755 probati
2688 693 2810 738 sunt
2841 682 3099 751 manifesti
3122 682 3241 750 [iant
3267 685 3317 736 in
3348 684 3482 740 nobis.
3516 688 3673 761 lmpossi.

2257 772 2364 827 bile
2387 782 2620 843 estergo
2646 780 2707 825 ut
2733 769 2868 824 alius
2893 766 3213 839 evangelista
3236 765 3370 833 dicit,
3394 769 3439 825 in
3462 772 3539 828 hoc
3556 781 3673 834 mundo

2258 864 2535 919 erroribus
2546 861 2907 932 aerumnisque
2934 859 3235 931 plenissimo
3254 863 3469 917 scandala
3489 868 3673 937 sepissime

2260 972 2366 1012 non
2393 957 2598 1013 venire.
2626 956 2733 1011 Sed
2759 970 2842 1011 vae
2871 954 2947 1007 illi
2971 953 3064 1023 qui
3092 953 3227 1023 quod
3253 953 3528 1024 impossibile
3546 968 3674 1018 estnon

2259 1053 2445 1108 venire
2465 1066 2563 1107 suo
2587 1051 2718 1105 vitio
2740 1046 2870 1103 facit
2891 1056 2949 1101 ut
2974 1063 3071 1117 per
3097 1062 3154 1102 se
3178 1046 3361 1101 veniat.

2330 1144 2393 1201 Si
2414 1154 2589 1199 autem
2612 1159 2797 1196 manus
2834 1151 2949 1206 tua,
2992 1138 3070 1194 vel
3112 1156 3197 1209 pes
3236 1149 3346 1193 tuus
3374 1141 3674 1214 scandalizent,

2260 1240 2503 1295 abscinde
2529 1255 2648 1292 eum
2673 1276 2688 1302 ,
2720 1246 2769 1290 et
2801 1236 2997 1306 projice
3045 1233 3136 1287 abs
3165 1243 3211 1287 te
3235 1250 3252 1287 :
3281 1233 3447 1287 bonum
3480 1237 3548 1289 tibi
3574 1251 3620 1292 est
3642 1244 3675 1293 at

2259 1333 2419 1386 vitam
2448 1329 2651 1401 ingredi
2690 1327 2935 1392 debilem,
2975 1342 3132 1397 quam
3175 1325 3300 1379 duas
3332 1341 3490 1381 manus
3527 1327 3579 1382 vel
3606 1330 3675 1383 diu

2259 1426 2412 1496 pedes
2437 1425 2709 1479 habentem
2730 1410 2876 1479 mitti
2897 1424 2953 1478 in
2977 1424 3146 1494 ignem
3167 1432 3413 1478 (sternunt.
3435 1424 3590 1495 (Beda)
3604 1426 3675 1492 Qui:

2260 1533 2423 1589 supra
2445 1518 2704 1573 docuerat
2728 1531 2795 1571 ne
2831 1515 3254 1572 scandalizemus
3279 1530 3366 1570 eos
3394 1516 3472 1585 qui
3493 1516 3640 1571 credunt
3652 1518 3677 1570 in

2262 1626 2408 1676 eum,
2438 1625 2580 1665 nunc
2608 1617 3004 1678 consequenter
3054 1609 3300 1663 admonet
3330 1616 3540 1678 quantum
3571 1623 3678 1663 esset

2263 1701 2555 1757 debeamus
2578 1716 2673 1756 eos
2702 1700 2795 1770 qui
2822 1699 3188 1756 scandalizare
3213 1714 3333 1764 nos,
3357 1698 3404 1754 id
3422 1707 3503 1763 est,
3523 1697 3680 1753 verbovel

2263 1794 2513 1862 exemplo
2553 1808 2652 1849 suo
2680 1793 2749 1847 ad
2778 1792 2991 1847 ruinam
3034 1791 3241 1862 peccati
3269 1791 3522 1862 propellere
3549 1799 3677 1846 certant

560 1898 696 1940 nore
717 1898 980 1955 pugnare.
1015 1882 1169 1948 Quod
1203 1891 1384 1937 autem
1415 1882 1552 1937 dixit
1582 1899 1597 1937 :
1635 1882 1861 1953 Expedit
1888 1883 1938 1936 ei
1965 1891 2022 1936 ut
2044 1899 2163 1936 sus—
2190 1866 2237 1926 Β
2267 1885 2482 1941 Manum
2533 1886 2731 1956 quippe
2777 1894 3024 1940 nostram
3060 1884 3288 1955 appellat
3312 1883 3680 1939 necessst-inmani-

561 1972 983 2044 pendaturmola
1006 1973 1244 2027 asinaria
1279 1974 1335 2027 in
1355 1972 1490 2028 collo
1513 1974 1650 2043 ejus,
1674 1973 1974 2030 secundum
1997 1974 2158 2029 ritum

559 2066 857 2137 provincia
905 2066 1181 2136 loquitur,
1218 2066 1362 2136 quod
1412 2064 1678 2134 majorum
1727 2066 2016 2122 criminum
2053 2067 2160 2121 ista

560 2158 703 2227 apud
730 2166 945 2214 veteres
988 2155 1203 2213 Iudaeos
1252 2174 1412 2228 paena
1452 2157 1657 2224 fuerit,
1690 2167 1750 2213 ut
1795 2159 1847 2213 in
1888 2158 2161 2230 profundo

559 2249 731 2321 ligato
767 2264 901 2305 saxo
931 2249 1376 2319 demergerentur
1406 2249 1590 2322 (ΚΑΒ.)
1618 2248 1845 2321 Expedit
1882 2259 2064 2306 autem
2108 2252 2158 2306 ei

562 2343 719 2409 dicit,
748 2343 879 2412 quia
923 2341 1094 2397 multo
1143 2341 1329 2397 utilius
1374 2350 1458 2397 est
1485 2343 1763 2397 innoxium
1807 2356 1969 2412 poena
1997 2359 2158 2413 quam

562 2433 941 2499 atrocissima,
997 2433 1325 2502 temporaria
1364 2441 1546 2487 tamen
1570 2474 1586 2498 ,
1626 2432 1796 2487 vitam
1835 2432 1994 2488 linire
2037 2449 2162 2489 cor-

559 2540 806 2597 poream,
830 2540 993 2595 quam
1031 2524 1275 2579 laedendo
1302 2526 1527 2579 fratrem
1555 2533 1785 2580 mortem
1812 2525 2007 2580 animm
2041 2541 2159 2579 me-

560 2616 672 2671 reri
706 2624 1049 2686 perpetuam.
1084 2613 1252 2670 Recte
1279 2609 1457 2671 autem
1486 2616 1578 2686 qui
1601 2615 1960 2672 scandalizari
1982 2624 2162 2687 potest

559 2708 789 2779 pusillus
818 2708 1149 2779 appellatur;
1181 2709 1272 2778 qui
1306 2709 1452 2764 enim
1498 2725 1729 2782 magnus
1770 2720 1873 2777 est,
1908 2726 2161 2781 quaecun-

560 2813 667 2870 que
694 2799 921 2866 viderit,
957 2813 1295 2870 quaecunque
1333 2815 1523 2870 passus
1567 2801 1753 2868 fuerit,
1792 2818 1899 2858 non
1925 2803 2162 2858 declinat

559 2905 593 2945 a
620 2890 758 2956 ﬁde;
787 2891 884 2962 qui
909 2898 1091 2947 autem
1118 2891 1349 2962 pusillus
1390 2901 1474 2948 est
1501 2893 1685 2949 animo
1711 2902 1766 2949 et
1796 2910 1997 2965 parvus
2022 2935 2037 2960 ,
2066 2911 2161 2950 oc-

561 2981 813 3037 casiones
858 2984 1055 3053 quaerit
1098 2984 1370 3053 quomodo
1419 2984 1837 3041 scandalizetur.
1864 2986 2161 3057 Propterea

562 3076 797 3146 denique
826 3085 1044 3147 oportet
1072 3092 1173 3132 nos
1197 3078 1435 3134 maxime
1461 3079 1545 3134 his
1567 3078 1850 3135 consulere
1882 3079 1976 3149 qui
2004 3079 2158 3150 parvi

562 3177 687 3222 sunt
715 3167 770 3221 in
796 3166 924 3233 ﬁde,
971 3184 1040 3223 ne
1062 3170 1351 3225 occasione
1376 3169 1551 3225 nostri
1575 3168 1948 3235 oll’endantur,
1980 3179 2037 3225 et
2074 3186 2160 3227 re-

561 3259 759 3315 cedant
780 3276 810 3313 a
836 3259 959 3324 tide,
988 3277 1053 3316 ac
1081 3260 1335 3317 decidant
1377 3276 1408 3316 a
1435 3261 1626 3318 salute.
1668 3259 1876 3334 (Greg.)
1912 3262 2046 3318 Item
2066 3280 2163 3335 per

564 3349 763 3404 molam
796 3351 1094 3406 asinariam
1124 3352 1402 3408 saecularis
1445 3354 1571 3408 vitae
1599 3353 1860 3411 circuitus
1905 3371 1970 3411 ac
2007 3356 2162 3410 labor

562 3439 909 3510 exprimitur,
940 3450 995 3496 et
1023 3458 1122 3513 per
1156 3442 1485 3514 profundum
1513 3443 1683 3499 maris
1722 3453 1969 3500 extrema
2010 3445 2163 3499 dam-

563 3533 715 3587 natio
751 3533 1086 3605 designatur.
1135 3533 1239 3602 Qui
1285 3550 1415 3607 ergo
1458 3535 1525 3590 ad
1572 3535 1881 3591 sanctitatis
1924 3536 2161 3605 speciem

566 3626 831 3682 deductus
880 3627 964 3682 vel
1000 3628 1166 3683 verbo
1199 3637 1429 3683 caeteros
1472 3628 1723 3694 destruit,
1766 3627 1851 3684 vel
1890 3629 2159 3697 exemplo,

565 3718 760 3775 melius
804 3718 1051 3791 profecto
1080 3729 1221 3776 cerat
1253 3729 1313 3775 ut
1348 3720 1491 3775 hunc
1515 3721 1584 3776 ad
1612 3729 1843 3776 mortem
1881 3721 1983 3776 sub
2013 3729 2163 3775 exteo

566 3810 698 3865 riori
747 3810 936 3867 habitu
980 3820 1199 3868 terrena
1231 3822 1353 3868 acta
1381 3812 1859 3884 constringerent:
1903 3812 2031 3883 quia
2076 3812 2162 3866 ni-

567 3903 765 3958 mirum
790 3905 835 3959 si
865 3904 1011 3960 solus
1039 3906 1279 3970 caderet,
1331 3914 1605 3974 utcunque
1645 3906 1789 3960 hunc
1830 3904 2166 3960 tolerabilior

569 3994 770 4051 inferni
794 4011 958 4067 ptena
987 3997 1275 4051 cruciaret.
1295 3996 1636 4070 (Maximum)
1652 3996 1779 4051 Sive
1798 3997 1955 4052 aliter
1980 3998 2165 4052 asinus

568 4095 653 4140 est
681 4086 750 4140 ad
772 4086 996 4152 molam,
1021 4101 1197 4141 caecus
1219 4088 1288 4141 ad
1314 4087 1548 4157 lapidem
1567 4128 1581 4153 ,
1610 4088 1826 4158 gentilis
1854 4087 1920 4141 ad
1948 4103 2163 4155 saxum,

569 4173 661 4244 qui
699 4174 894 4229 adorat
918 4188 1044 4229 eum
1071 4190 1234 4243 quem
1273 4190 1379 4228 non
1405 4174 1575 4241 videt,
1599 4190 1701 4229 nec
1728 4176 1992 4246 agnoscit.
2024 4174 2168 4230 Deus

570 4264 717 4321 enim
767 4281 872 4320 non
922 4265 979 4318 in
1011 4265 1333 4334 manufactis
1380 4265 1582 4319 habitat
1614 4266 1753 4338 (Act.
1803 4266 1935 4337 vn),
1967 4281 2069 4322 nec
2110 4266 2168 4321 in

570 4356 792 4413 metallo
814 4396 831 4422 ,
862 4364 959 4411 aut
987 4371 1119 4412 saxo
1148 4356 1513 4426 cognoscitur.
1542 4354 1642 4410 llic
1670 4371 1800 4425 ergo
1829 4356 2048 4427 gentilis
2071 4371 2168 4426 po-

569 4448 753 4519 pulus,
784 4464 909 4504 cum
936 4448 1373 4519 persecutionem
1402 4446 1716 4503 Christiano
1757 4447 2032 4514 intulerit,
2063 4447 2169 4503 hac

568 4554 732 4611 paena
757 4541 1017 4612 plectitur
1042 4550 1102 4596 ut
1125 4555 1248 4595 cum
1282 4555 1377 4595 sua
1405 4540 1669 4611 sacrilega
1712 4539 1854 4595 mola
1889 4538 2168 4610 judicandi

575 4632 758 4688 saeculi
786 4631 1042 4688 ﬂuctibus
1066 4632 1436 4703 admergatur.
1466 4629 1669 4703 (Greg.)
1698 4630 2002 4686 Notandum
2036 4646 2166 4685 sane

572 4726 700 4795 quia
744 4725 800 4780 in
834 4734 1022 4780 nostro
1049 4725 1193 4779 bono
1230 4740 1395 4795 opere
1432 4723 1725 4793 aliquando
1753 4722 2055 4776 cavendum
2084 4730 2168 4777 est

572 4813 889 4869 scandalum
922 4814 1157 4884 proximi
1182 4854 1197 4878 ,
1229 4813 1517 4882 aliquando
1560 4826 1691 4866 vero
1728 4827 1827 4881 pro
1852 4811 2019 4865 nihilo
2042 4826 2169 4866 con—

574 4906 947 4961 temnendum.
979 4906 1036 4960 ln
1069 4913 1335 4977 quantum
1364 4904 1512 4959 enim
1543 4904 1661 4958 sine
1699 4912 1927 4973 peccato
1970 4917 2167 4973 possu-

573 5012 694 5053 mus
719 5038 734 5063 ,
768 4996 945 5053 vitare
984 4996 1357 5067 proximorum
1400 4994 1716 5051 scandalum
1779 4995 2058 5050 debemus.
2110 4993 2168 5049 Si

574 5100 756 5146 autem
802 5092 869 5149 de
911 5091 1143 5146 veritate
1186 5089 1498 5146 scandalum
1534 5089 1765 5143 sumitur
1788 5130 1803 5155 ,
1833 5088 2019 5143 utilius
2044 5103 2167 5159 per-

575 5182 810 5236 mittitur
856 5181 1169 5237 scandalum
1199 5182 1348 5236 nasci
1380 5196 1544 5250 quam
1570 5182 1777 5236 veritas
1806 5181 2163 5251 relinquatur.

662 5288 751 5345 Va:
775 5292 973 5348 mundo
998 5311 1030 5347 a
1052 5292 1339 5348 scandalis.
1374 5291 1601 5347 Necesse
1618 5301 1693 5345 est
1717 5291 1855 5345 enim
1874 5299 1931 5343 ut
1956 5290 2166 5344 veniant

580 5382 875 5449 scandala;
922 5394 1275 5439 verumtamen
1306 5400 1380 5439 va:
1427 5382 1625 5438 homini
1651 5398 1744 5453 per
1761 5397 1914 5453 quem
1943 5380 2168 5435 scanda-

581 5470 694 5528 lum
748 5476 903 5529 venit.
946 5475 1214 5548 (Hieron.)
1252 5476 1367 5531 Non
1417 5491 1523 5546 quo
1574 5488 1800 5530 necesse
1856 5474 1931 5529 sit
1982 5473 2167 5528 venire

581 5564 840 5623 scandala
867 5566 1125 5638 (alioquin
1156 5570 1360 5638 absque
1386 5567 1541 5635 culpa
1572 5573 1757 5621 essent
1803 5564 1896 5634 qui
1940 5564 2170 5618 scanda-

582 5657 700 5717 lum
744 5657 1004 5731 faciunt),
1057 5662 1152 5716 sed
1199 5675 1325 5715 cum
1363 5673 1585 5730 necesse
1631 5657 1702 5712 sit
1733 5656 1790 5711 in
1816 5655 1924 5711 isto
1967 5652 2170 5709 mundo

584 5750 707 5810 Ieri
776 5750 1031 5809 scandala
1061 5791 1075 5815 ,
1125 5751 1497 5823 unusquisque
1549 5765 1646 5804 suo
1710 5748 1842 5803 vitio
1898 5744 2168 5801 scandalis

584 5851 774 5913 patet;
814 5841 1082 5913 simulque
1117 5857 1212 5913 per
1246 5840 1555 5912 generalem
1605 5838 1928 5896 sententiam
1974 5851 2168 5907 percu-

2262 1994 2385 2035 cum
2411 2018 2427 2045 ,
2469 1977 2626 2047 cujus
2661 1993 2827 2048 opera
2875 1989 3040 2049 atque
3097 1976 3292 2032 auxilio
3338 1975 3580 2045 quotidiano
3611 1989 3681 2043 opus

2261 2070 2542 2126 habemus.
2575 2069 2684 2125 Sed
2706 2069 2831 2124 talis
2852 2070 2899 2125 si
2924 2084 3026 2125 nos
3050 2068 3241 2125 laedere
3269 2068 3320 2122 in
3348 2082 3481 2122 causa
3497 2067 3681 2120 animato

2261 2164 2445 2229 luerit,
2475 2162 2846 2217 excludendos
2866 2169 2951 2216 est
2978 2176 3011 2215 a
3041 2169 3227 2216 nostra
3252 2159 3493 2223 societate,
3512 2157 3679 2212 uesicas

2260 2255 2474 2327 perdito
2500 2254 2554 2309 iu
2584 2254 2688 2309 hac
2716 2252 2828 2308 vita
2853 2261 3069 2323 partem
3090 2251 3286 2307 habere
3303 2251 3526 2313 volumus,
3546 2246 3681 2302 simqu

2262 2349 2445 2404 futuro
2472 2363 2595 2403 cum
2620 2346 2713 2401 illo
2736 2361 3048 2417 pereamus.
3076 2345 3135 2399 In
3166 2345 3314 2415 pede,
3334 2344 3455 2400 sicut
3470 2352 3512 2399 et
3529 2343 3565 2397 in
3581 2356 3679 2404 manu,

2263 2442 2461 2497 charos
2491 2438 2919 2495 inemendabiles
2953 2439 3116 2495 docet
3155 2439 3442 2494 alienandos
3472 2453 3496 2492 a
3518 2436 3627 2497 nobis.
3649 2448 3681 2487 ut

2261 2548 2360 2604 per
2400 2531 2799 2587 immunditiam
2828 2546 3018 2586 eorum
3046 2546 3183 2601 quos
3211 2529 3453 2601 castigare
3487 2527 3679 2597 omnium

2261 2633 2318 2679 et
2359 2623 2462 2695 ipsi
2507 2622 2696 2694 polluti
2749 2637 3058 2693 pereamus.
3092 2621 3198 2678 Sed
3232 2636 3408 2676 manus
3437 2627 3677 2690 properans

2264 2716 2635 2773 necessarium
2677 2715 2869 2782 nobis,
2920 2716 3091 2785 pedes
3144 2720 3268 2770 sunt
3299 2712 3413 2770 dicti
3436 2711 3539 2766 tales
3561 2716 3679 2779 pm

2264 2808 2628 2865 ministerium
2649 2847 2666 2874 ,
2697 2807 3088 2877 discursusque
3116 2806 3173 2861 in
3197 2806 3385 2862 nostris
3402 2804 3544 2859 usibus
3565 2814 3680 2855 accol-

2266 2900 2473 2955 modos.

2333 2994 2403 3048 Et
2434 2996 2480 3048 si
2508 2993 2693 3049 oculus
2720 3004 2842 3049 tuus
2870 2992 3207 3048 scandalth
3235 3002 3314 3057 te,
3339 3005 3446 3044 erue
3461 2992 3682 3049 Μυκη

2256 3088 2366 3160 jice
2395 3090 2488 3143 abs
2526 3098 2576 3143 te
2601 3104 2621 3143 :
2651 3087 2844 3142 bonum
2882 3088 2976 3141 tibi
3017 3096 3097 3141 est
3147 3085 3402 3140 habentem
3430 3095 3551 3135 unum
3570 3072 3681 3129 oculis

2264 3180 2510 3234 in’t'itam
2540 3180 2773 3244 intrare,
2812 3194 2972 3249 quam
3005 3176 3143 3232 duos
3183 3175 3350 3230 oculos
3385 3172 3587 3225 habentes:
3613 3160 3681 3213 milli

2188 3240 2233 3302 θ
2265 3274 2319 3326 in
2347 3273 2636 3343 gehennam
2666 3240 2835 3343 ignis:
2855 3272 2913 3325 ιιι
2943 3270 3106 3326 oculo
3131 3283 3339 3340 quoque
3360 3273 3535 3336 propter
3555 3256 3680 3313 scans-

2266 3364 2375 3417 lum
2400 3363 2644 3419 eruendo
2685 3362 2850 3418 iidem
2893 3363 3070 3417 nostri
3109 3359 3386 3417 carnaliter
3406 3352 3543 3413 amici,
3570 3346 3684 3415 spilile

2267 3457 2389 3511 liter
2416 3470 2543 3510 vero
2585 3454 2883 3511 adversarii
2935 3453 3304 3523 designantur.
3348 3447 3439 3502 Sed
3459 3458 3548 3499 etim
3567 3452 3626 3493 nos
3643 3447 3686 3485 αν

2269 3567 2386 3605 rum
2426 3548 2655 3605 consilio
2698 3563 2763 3603 ac
2807 3548 3120 3619 provisione
3158 3561 3289 3616 opus
3315 3531 3686 3619 liabelnusiilli‘il0

2267 3642 2495 3697 consilio
2528 3656 2627 3698 nos
2671 3618 2838 3711 pravo
2881 3639 3137 3710 decipere
3162 3679 3178 3704 ,
3223 3638 3273 3692 in
3308 3636 3405 3691 iter
3435 3626 3583 3686 erroris
3605 3618 3686 3674 ἁδὺ

2267 3746 2416 3793 ctere
2444 3742 2694 3808 quaerunt
2718 3776 2734 3802 ,
2779 3734 2997 3807 penitus
3044 3734 3204 3790 nobis
3227 3729 3492 3788 omittenda
3510 3729 3568 3778 est
3586 3726 3685 3773 eam

2267 3833 2522 3888 societas.

2340 3924 2613 3996 (Hieron.)
2651 3924 2821 3996 Igitur
2872 3924 3158 3979 Dominico
3190 3925 3438 3991 praecepto
3467 3909 3592 3968 omnis
3611 3914 3688 3956 aut

2269 4024 2426 4072 catur
2458 4015 2706 4081 aﬁectus,
2738 4022 2793 4070 et
2818 4015 3071 4069 universa
3108 4006 3458 4081 propinquitas
3480 4001 3688 4091 ampullle

2269 4122 2338 4163 ne
2366 4121 2464 4178 per
2487 4108 2827 4163 occasionem
2857 4104 3076 4175 pietatis
3106 4100 3454 4171 unusquisque
3772 4088 3773 4123 ί

2269 4196 2540 4254 scandalis
2583 4204 2789 4268 pateat.
2834 4194 2891 4250 Si
2921 4236 2937 4261 ,
2983 4194 3164 4265 inquit
3186 4234 3202 4258 ,
3230 4193 3303 4247 ita
3327 4178 3602 4254 est
3624 4182 3689 4223 CW
3772 4192 3773 4197 ‘

2263 4294 2506 4363 junctus,
2539 4299 2601 4346 ut
2625 4305 2840 4354 manus,
2871 4303 2990 4358 pes,
3042 4287 3252 4351 oculus,
3275 4291 3329 4339 et
3360 4289 3434 4336 est
3471 4268 3692 4363 utilis.

2270 4352 2536 4441 sollicitus
2562 4424 2578 4449 ,
2617 4389 2673 4437 et
2718 4352 2910 4435 acutus
2937 4352 3002 4433 ad
3038 4372 3482 4449 pcrspiciendum,

2270 4484 2453 4530 autem
2482 4446 2575 4529 tibi
2610 4472 2757 4534 facit,
2785 4479 2841 4524 et
2868 4446 3089 4540 propter
3115 4446 3473 4523 dissonantiam
3505 4457 3643 4540 m0”?

2196 4603 2245 4663 ι)
2271 4563 2538 4636 pertrabit
2564 4563 2619 4617 in
2648 4533 2954 4663 gehennam
2969 4533 2998 4625 ’,
3027 4558 3222 4614 melius
3249 4563 3329 4611 est
3360 4560 3414 4663 ult

2270 4667 2327 4713 et
2351 4656 2732 4713 emolumentis
2774 4653 2894 4724 ejus
2935 4667 3127 4708 careas
3146 4692 3162 4718 ,
3188 4663 3346 4722 quam
3366 4646 3474 4701 dum
3494 4636 3555 4691 vis
3574 4620 3695 4725 Ιυφθ·

2271 4764 2395 4805 cere
2416 4758 2675 4819 cognatos
2703 4756 2757 4801 et
2784 4745 3121 4801 necessarios
3146 4785 3160 4808 ,
3192 4754 3398 4797 causam
3423 4731 3580 4788 habe“

2274 4858 2413 4898 rum.
2448 4812 2723 4899 Malos
2749 4843 2951 4913 quippe
2972 4854 3151 4896 sermo
3189 4837 3398 4895 Grzecus
3415 4836 3512 4889 est,
3643 4817 3693 4917 ’ξ

2271 4936 2652 4994 oli'endiculum
2690 4899 2784 4991 vel.
2812 4899 3047 5000 ruinam,
3076 4941 3133 4990 et
3168 4928 3513 5001 impactionem

2273 5045 2398 5085 cere
2433 5044 2739 5099 possumus.
2790 5028 2883 5083 Ille
2937 5042 3069 5097 ergo
3118 5020 3431 5082 scandalizat
3468 5003 3695 5099 in"???

2274 5121 2421 5177 dicto
2436 5086 2659 5175 'factove
2687 5119 2867 5174 minus
2890 5086 3042 5173 recto
3062 5114 3389 5172 occasionem

2272 5212 2462 5282 Itaque
2503 5226 2610 5266 non
2657 5209 2827 5266 frater
2847 5250 2865 5276 ,
2891 5224 3005 5264 non
3030 5223 3167 5264 uxor
3190 5247 3204 5271 ,
3230 5218 3333 5261 non
3356 5198 3469 5262 ﬁlii:
3486 5188 3695 5282 που]

2275 5273 2392 5360 non
2433 5303 2613 5357 omnis
2664 5273 2931 5367 allectus,
2981 5300 3075 5370 qui
3126 5313 3223 5353 nos
3265 5290 3515 5351 excludere

2275 5356 2445 5466 regno
2471 5392 2734 5449 caelorum
2753 5356 2979 5459 ','
2998 5356 3230 5446 IDomini
3272 5382 3575 5457 μωροωωτ·

2277 5447 2645 5556 nuisse—[nisque
2682 5447 3023 5541 credentium
3058 5481 3187 5552 quid
3230 5447 3326 5535 sibi
3371 5447 3553 5527 noceat.
3588 5447 3697 5556 1°":

2275 5592 2385 5649 quo
2402 5537 2733 5634 slolligitetur
2762 5576 2996 5641 animus,
3048 5537 3114 5631 ac
3161 5584 3299 5643 saepe

2274 5638 2408 5743 ergo
2427 5678 2513 5726 est
2536 5670 2703 5724 vitam
2734 5638 3034 5723 solitariam
3056 5638 3267 5728 ducere,
3292 5668 3439 5731 quam
3453 5649 3510 5705 ob
3524 5638 3701 5702 vim

2277 5765 2447 5821 sentis
2472 5763 2781 5819 necessaria
2809 5763 2976 5817 vitam
3000 5771 3251 5817 mternam
3275 5749 3541 5841 perdere:

2355 5850 2537 5913 Videte
2572 5871 2636 5912 ne
2662 5856 3007 5911 contemnatis
3043 5868 3200 5910 unum
3304 5845 3378 5900 Itis
3394 5831 3577 5911 puduit.
3596 5821 3701 5886 δίνη
