3898 6478
190 471 317 530 1009

1158 461 1511 523 COMMENT.
1548 461 1617 518 ΙΝ
1655 457 2093 518 ΜΑΤἸἮᾹΞῙΙΜ.
2133 491 2204 505 -
2238 459 2366 519 LIB.
2404 461 2470 519 Υ.

3316 464 3452 521 1"“)

194 589 416 645 diximus
444 597 542 657 per
567 596 809 649 manum,
841 590 896 637 et
923 573 1146 652 pedem,
1183 587 1238 635 et
1281 577 1530 644 oculum,
1571 589 1761 632 omnes
1787 574 2086 654 Anaginta
2122 597 2316 638 novem
2351 591 2410 638 ut
2461 594 2677 641 centum
2719 586 2846 641 sint.
2898 581 3115 641 Variari
3172 595 3304 652 ergo
3357 596 3456 650 per

193 679 616 754 propinquitates
648 686 703 732 et
728 675 1156 732 necessitudines
1185 688 1304 742 quae
1345 669 1656 727 scandalum
1687 668 1769 724 fa-

194 789 307 830 cere
335 778 589 842 poterant
623 768 996 838 amputandas.
1021 764 1410 820 Austeritatem
1440 763 1624 831 itaque
1645 775 1768 814 sen-

194 863 364 919 tentia:
388 861 630 932 subjecto
654 868 923 930 praecepto
940 865 1221 927 temperat,
1248 856 1434 910 dicens
1465 869 1479 906 :
1514 851 1691 906 Videte
1705 868 1768 905 ne

193 955 524 1012 contemnatis
548 971 709 1007 unum
737 953 800 1007 de
824 951 1029 1023 pusillis
1055 951 1189 1005 istis.
1219 949 1330 1015 Sic,
1356 948 1552 1019 inquit,
1577 947 1770 1018 praeci-

192 1048 274 1118 pio
300 1046 641 1102 severitatem
671 1044 1008 1099 commistam
1059 1042 1391 1107 clementiae;
1421 1047 1683 1110 quantum
1712 1039 1768 1093 in

189 1139 336 1194 vobis
367 1146 451 1193 est
480 1136 645 1192 nolite
677 1145 1026 1190 contemnere
1051 1174 1068 1199 ,
1102 1134 1196 1188 sed
1223 1149 1322 1203 per
1344 1140 1580 1186 vestram
1627 1129 1770 1183 salu-

192 1238 293 1284 tem
321 1227 531 1282 illorum
555 1225 783 1296 quaerite
816 1226 1127 1280 sanitatem.
1157 1223 1225 1278 Et
1260 1240 1383 1279 cum
1421 1237 1769 1294 perseveran-

192 1331 268 1378 tes
305 1322 361 1376 in
407 1318 644 1390 peccatis
684 1317 926 1371 videritis
953 1325 1007 1372 et
1036 1316 1181 1370 vitiis
1209 1316 1505 1370 servientes
1532 1355 1547 1380 ,
1579 1312 1770 1367 melius

187 1423 266 1469 cst
293 1412 436 1468 solos
464 1411 644 1466 salvos
671 1410 786 1465 fieri
810 1426 972 1481 quam
1003 1411 1180 1481 perire
1207 1425 1328 1462 cum
1356 1409 1621 1478 pluribus.

254 1504 384 1559 Dico
412 1505 552 1558 enim
579 1503 738 1567 vobis,
765 1503 890 1572 quia
913 1501 1084 1573 angeli
1107 1519 1285 1556 eorum
1316 1503 1368 1554 in
1399 1501 1539 1555 caelis
1570 1515 1772 1571 semper

185 1598 351 1653 vident
383 1597 568 1665 faciem
595 1594 776 1648 Patris
803 1597 903 1648 mei
934 1595 1024 1666 qui
1051 1595 1104 1648 in
1125 1596 1264 1648 caelis
1288 1605 1381 1648 est.
1410 1593 1482 1649 Ut
1512 1610 1769 1663 unaquaa—

184 1707 284 1760 que
313 1689 380 1744 ab
407 1697 528 1744 ortu
553 1689 857 1743 nativitatis
883 1690 934 1742 in
971 1689 1272 1744 custodiam
1304 1690 1385 1743 sui
1415 1689 1648 1760 legatum
1675 1690 1772 1744 ha-

183 1781 306 1836 heat
331 1781 608 1851 angelum,
634 1795 830 1850 magna
857 1780 1092 1851 dignitas
1131 1787 1214 1835 est
1255 1780 1577 1833 animarum.
1618 1778 1772 1834 Unde

183 1875 406 1944 legimus
446 1875 501 1928 in
523 1873 844 1944 Apocalypsi
868 1872 1092 1928 Joannis
1113 1873 1347 1943 :Angelo
1375 1873 1567 1943 Ephesi
1597 1873 1774 1944 Thya-

1867 675 2192 731 brevitatem
2239 684 2296 730 et
2330 676 2755 748 magnitudinem
2799 677 3011 732 numeri
3059 686 3284 748 possunt
3338 675 3459 746 qui-

1867 766 1971 821 bus
2002 783 2167 821 unum
2197 767 2370 834 deest,
2391 776 2452 822 ut
2481 768 2832 838 perficiantur
2861 788 2874 824 :
2907 770 3081 839 ipsum
3109 783 3238 825 vero
3265 782 3458 834 unum,

1869 859 1988 912 sine
2016 859 2278 914 varietate
2307 861 2361 914 in
2389 876 2447 915 se
2472 876 2719 928 manens,
2751 878 2872 918 cum
2901 864 3196 920 accesserit
3235 870 3464 922 catena

1868 950 2100 1020 perficit.

1940 1045 2010 1098 Et
2033 1047 2078 1099 si
2102 1047 2374 1115 contigerit
2412 1055 2467 1101 ut
2506 1049 2746 1125 inveniat
2779 1065 2918 1116 eam,
2971 1067 3123 1105 amen
3157 1050 3276 1105 dico
3320 1049 3464 1106 vobis

1869 1138 1993 1209 quia
2017 1139 2261 1208 gaudebit
2291 1156 2447 1209 super
2467 1157 2581 1193 eam
2616 1141 2783 1211 magis
2806 1157 2964 1213 quam
2989 1158 3144 1212 super
3176 1141 3464 1211 nonaginta

1870 1245 2052 1283 novem
2097 1245 2213 1300 quae
2262 1245 2366 1283 non
2407 1241 2731 1286 erraverunt.
2784 1229 3045 1305 (Didym.)
3089 1231 3189 1286 Alii
3239 1246 3369 1286 vero
3407 1232 3460 1286 in

1870 1321 2162 1390 nonaginta
2195 1336 2386 1376 novem
2435 1323 2628 1378 ovibus
2665 1324 2933 1394 justorum
2963 1335 3154 1395 putant
3180 1341 3462 1380 numerum

1872 1410 2118 1481 intelligi,
2163 1421 2216 1466 et
2266 1412 2318 1466 in
2362 1429 2466 1467 una
2515 1415 2724 1469 ovicula
2769 1425 3136 1486 peccatorum,
3169 1418 3465 1473 secundum

1872 1503 2012 1572 quod
2047 1504 2099 1557 in
2129 1504 2236 1558 alio
2264 1504 2380 1560 loco
2409 1506 2620 1560 dixerat
2651 1525 2662 1560 :
2696 1507 2817 1562 Non
2845 1509 2983 1563 enim
3014 1511 3129 1563 veni
3161 1526 3343 1563 vocare
3367 1511 3466 1579 ju-

1872 1605 2000 1662 stos,
2031 1596 2121 1650 sed
2160 1608 2485 1668 peccatores;
2517 1617 2617 1653 non
2652 1600 2787 1654 enim
2828 1617 2957 1672 opus
2987 1601 3174 1655 habent
3209 1603 3328 1655 sani
3363 1620 3468 1656 me-

1873 1687 2012 1751 dico,
2036 1687 2124 1741 sed
2155 1689 2245 1758 qui
2268 1688 2401 1742 male
2427 1690 2611 1744 habent
2648 1691 2858 1758 (Matth.
2889 1692 2988 1761 IX).
3033 1693 3137 1747 Sed
3167 1695 3462 1748 notandum

1873 1782 2015 1849 quod
2051 1782 2101 1834 in
2135 1780 2278 1836 Luca
2317 1780 2469 1849 juxta
2526 1785 2664 1839 hanc
2716 1785 3026 1854 parabolam
3077 1787 3335 1856 scriptum
3385 1796 3468 1839 est

1874 1873 2016 1940 quod
2056 1874 2128 1926 ita
2177 1873 2428 1944 gaudium
2465 1876 2562 1929 erit
2604 1877 2659 1929 in
2704 1876 2831 1932 cmlo
2863 1895 3020 1949 super
3056 1895 3160 1932 uno
3199 1889 3470 1948 peccatore

187 1967 298 2020 tirat
327 2007 342 2032 ,
401 1973 454 2020 et
511 1964 703 2034 angelo
743 1964 1125 2031 Philadelphia:
1154 2006 1168 2030 ,
1205 1975 1259 2019 et
1305 1964 1508 2034 angelis
1542 1974 1773 2034 quatuor
1799 1952 1850 2014 Β
1876 1964 2229 2033 pwnitentiam
2262 1974 2465 2032 agente,
2492 1982 2648 2036 quam
2673 1983 2832 2037 super
2863 1970 3146 2039 nonaginta
3177 1986 3352 2024 novem
3373 1970 3468 2038 ju-

181 2057 509 2126 reliquarum
556 2054 906 2109 ecclesiarum
961 2055 1139 2109 scribe
1194 2056 1308 2109 haec
1359 2055 1540 2126 (Apoc.
1589 2073 1640 2122 ι,
1685 2056 1766 2126 ιι).

180 2148 472 2217 Apostolus
502 2162 716 2217 quoque
746 2147 1003 2216 praecepit
1047 2146 1216 2201 velari
1250 2147 1422 2216 capita
1450 2148 1504 2200 in
1528 2146 1772 2201 ecclesiis

181 2243 502 2296 feminarum
556 2250 777 2311 propter
805 2242 1042 2310 angelos.
1081 2241 1376 2312 (MAUBUS.)
1408 2243 1595 2314 Angeli
1628 2243 1769 2297 enim

179 2332 522 2402 parvulorum
549 2374 563 2396 ,
597 2332 648 2385 id
685 2341 768 2385 est
815 2333 1124 2398 humilium,
1171 2334 1220 2386 in
1255 2333 1409 2387 caelis
1439 2349 1654 2402 semper
1697 2334 1774 2386 vi-

179 2422 308 2477 dent
342 2420 540 2477 faciem
584 2421 762 2475 Patris
789 2463 804 2485 ,
833 2422 937 2476 hoc
963 2429 1049 2475 est
1083 2422 1534 2492 contemplatione
1565 2423 1658 2476 Dei
1689 2439 1774 2478 as-

177 2512 330 2568 sidua
365 2511 738 2580 perfruuntur.
787 2511 1004 2568 Faciem
1070 2529 1284 2583 quoque
1340 2530 1491 2570 more
1535 2517 1773 2571 humano

176 2604 331 2677 ponit
358 2620 454 2674 pro
481 2604 690 2658 visione
715 2611 768 2658 et
789 2605 1064 2674 agnitione
1088 2607 1411 2662 certissima.

261 2696 411 2752 Venit
463 2699 598 2752 enim
651 2697 824 2754 Filius
853 2700 1078 2756 hominis
1105 2701 1311 2757 salvare
1354 2704 1494 2774 quod
1526 2706 1773 2775 perierat.

179 2788 260 2844 Ac
314 2790 357 2844 si
406 2791 655 2856 diceret,
690 2791 839 2845 venit
893 2791 1059 2847 Filius
1124 2793 1216 2848 Dei
1287 2803 1594 2851 restaurare
1635 2797 1776 2866 quod

179 2881 476 2935 contritum
520 2897 583 2936 ac
635 2880 901 2949 dejectum
959 2893 1095 2938 erat.
1140 2885 1208 2938 Et
1241 2886 1362 2941 ideo
1411 2887 1677 2943 salvatum
1709 2891 1778 2945 ab

179 2988 249 3026 eo
281 2972 448 3027 nolite
471 2973 718 3042 perdere.
745 2972 875 3029 Sine
899 2975 1044 3029 enim
1075 2977 1265 3047 grandi
1298 2979 1541 3046 periculo
1580 2995 1644 3034 ac
1688 2981 1780 3035 de-

183 3064 446 3118 trimento
498 3065 578 3118 sui
625 3079 735 3120 non
766 3075 948 3135 potest
981 3067 1104 3136 quis
1128 3082 1261 3138 Opus
1293 3068 1386 3123 Dei
1430 3071 1730 3126 dissolvere
1762 3113 1776 3137 ,

183 3175 284 3214 nec
338 3168 423 3216 est
470 3161 691 3230 dignum
751 3171 812 3216 ut
873 3163 1036 3217 homo
1097 3163 1362 3233 despiciat
1422 3165 1568 3234 quod
1638 3166 1781 3222 Deus

181 3253 363 3324 elegit.
422 3254 576 3310 Unde
635 3255 780 3310 aliud
826 3256 892 3311 de
923 3255 1111 3312 eadem
1151 3273 1212 3313 re
1265 3256 1544 3330 subiungit
1593 3273 1780 3315 exem-

180 3347 351 3418 plum.

260 3438 372 3512 [IL]
409 3439 550 3505 Quid
586 3441 731 3495 vobis
765 3440 1016 3496 videtur?
1045 3440 1104 3495 Si
1145 3442 1343 3512 fuerint
1375 3442 1538 3497 alicui
1571 3454 1777 3499 centum

177 3544 320 3594 oves,
366 3539 413 3584 et
445 3531 693 3585 erraverit
728 3548 832 3585 una
864 3548 929 3586 ex
959 3532 1033 3586 eis
1059 3573 1074 3598 ,
1113 3549 1284 3587 nonne
1319 3533 1564 3605 relinquit
1619 3551 1782 3589 nona-

175 3620 329 3692 ginta
369 3637 545 3675 novem
588 3623 643 3675 in
672 3622 935 3678 montibus
953 3664 968 3689 ,
1015 3633 1064 3677 et
1091 3624 1236 3678 vadit
1263 3641 1497 3696 qumrere
1524 3642 1641 3680 eam
1665 3643 1782 3696 quae

179 3711 418 3764 erravit?
445 3710 718 3782 (Πίενοη.)
750 3711 1158 3782 Consequenter
1184 3714 1251 3767 ad
1279 3713 1625 3770 clementiam
1653 3732 1780 3786 pro-

179 3808 341 3854 vocat
369 3801 460 3869 qui
485 3803 825 3870 praemiserat
852 3804 1039 3860 dicens
1074 3819 1089 3857 :
1134 3803 1310 3859 Videte
1347 3823 1410 3858 ne
1439 3809 1784 3861 contemnatis

181 3905 354 3943 unum
375 3908 438 3945 ea:
460 3893 666 3959 pusillis
696 3893 826 3948 istis.
856 3894 923 3948 Et
945 3894 1220 3964 subjungit
1259 3898 1570 3966 parabolam
1615 3914 1784 3952 nona-

181 3982 341 4052 ginta
370 3999 563 4039 novem
587 3985 768 4039 ovium
794 3985 848 4040 in
877 3985 1152 4041 montibus
1180 3986 1512 4048 relictarum,
1539 3997 1595 4041 et
1625 3989 1786 4043 unius

191 4089 444 4130 erronem
469 4116 482 4140 ,
520 4092 682 4144 quam
725 4085 912 4146 pastor
952 4078 1126 4132 bonus
1155 4077 1280 4146 quia
1310 4087 1530 4148 pr0pter
1563 4077 1786 4132 nimiam

183 4164 562 4220 infirmitatem
593 4166 870 4222 ambulare
901 4183 1006 4221 non
1040 4175 1272 4236 poterat,
1304 4167 1549 4222 humeris
1583 4167 1696 4222 suis
1717 4167 1788 4222 ad

184 4271 408 4327 gregem
433 4257 699 4326 reliquum
725 4266 982 4327 reportet.
1003 4259 1232 4325 Quidam
1255 4267 1448 4328 putant
1479 4259 1640 4312 istum
1668 4273 1787 4313 esse

183 4355 465 4417 pastorem
495 4389 509 4412 ,
558 4349 647 4418 qui
671 4365 788 4402 cum
815 4345 1071 4418 informa
1098 4349 1196 4402 Dei
1221 4358 1381 4413 esset,
1413 4367 1516 4402 non
1548 4350 1787 4418 rapinam

185 4440 479 4493 arbitratus
514 4448 592 4494 est
618 4457 673 4493 se
699 4455 808 4494 esse
852 4439 1106 4510 (aqualem
1126 4439 1258 4504 Deo,
1294 4440 1384 4494 sed
1409 4440 1690 4494 exinanivit
1714 4456 1786 4504 se,

183 4530 419 4600 formam
468 4531 602 4585 servi
644 4531 930 4600 accipiens,
980 4529 1151 4599 factus
1178 4530 1420 4584 obediens
1452 4528 1602 4583 Patri
1630 4547 1791 4601 usque

184 4622 259 4674 ad
297 4631 538 4686 mortem,
569 4630 787 4675 mortem
809 4631 984 4674 autent
1012 4621 1184 4674 crucis
1209 4619 1466 4692 (Philipp.
1491 4620 1554 4690 ιι)
1594 4638 1606 4672 :
1641 4630 1694 4674 et
1722 4619 1792 4674 ob

1875 2055 1965 2107 stis
1989 2055 2075 2123 qui
2100 2070 2200 2106 non
2230 2054 2459 2123 indigent
2489 2057 2788 2124 poenitentia
2811 2057 2961 2129 (Luc.
2980 2060 3077 2131 ix).
3097 2057 3298 2131 (Greg)
3317 2060 3468 2115 Unde

1877 2146 2321 2201 considerandum
2367 2155 2450 2203 est
2490 2165 2590 2203 cur
2627 2151 2885 2206 Dominus
2928 2152 3047 2222 plus
3089 2153 3156 2206 de
3195 2152 3472 2209 conversis

1876 2237 2250 2306 peccatoribus
2263 2254 2423 2308 quam
2437 2240 2503 2294 de
2517 2242 2784 2296 stantibus
2799 2243 2960 2313 justis
2981 2244 3032 2298 in
3056 2245 3195 2299 cmlo
3217 2244 3470 2316 gaudium

1877 2343 1996 2382 esse
2043 2330 2274 2383 fateatur
2305 2348 2316 2381 :
2351 2330 2451 2384 nisi
2503 2332 2603 2386 hoc
2642 2334 2786 2401 quod
2836 2333 2934 2402 ipsi
2967 2349 3063 2403 per
3096 2335 3470 2403 quotidianum

1877 2420 2102 2474 visionis
2147 2423 2570 2490 experimentum
2609 2425 2877 2487 novimus,
2903 2426 3028 2494 quia
3054 2425 3372 2495 plerumque
3413 2425 3471 2480 hi

1879 2512 1969 2580 qui
1996 2510 2156 2566 nullis
2186 2529 2245 2567 se
2279 2529 2567 2583 oppressos
2619 2524 2964 2585 peccatorum
3005 2517 3235 2572 molibus
3268 2517 3470 2582 sciunt,

1879 2611 2025 2656 stant
2055 2601 2268 2671 quidem
2300 2604 2351 2658 in
2383 2605 2468 2657 via
2492 2605 2736 2674 justitite,
2765 2606 2906 2660 nulla
2929 2605 3113 2661 illicita
3138 2614 3472 2677 perpetrant,

1881 2697 1975 2751 sed
2007 2704 2184 2750 tamen
2214 2697 2281 2751 ad
2310 2697 2588 2753 caelestem
2617 2697 2848 2768 patriam
2871 2699 3032 2753 anxie
3056 2713 3164 2754 non
3190 2697 3468 2763 anhelant,

1883 2797 2140 2856 tantoque
2168 2787 2270 2842 sibi
2298 2781 2542 2842 iu'rebus
2574 2789 2736 2844 licitis
2773 2805 2930 2844 usum
2967 2789 3231 2859 praebent,
3269 2797 3476 2858 quanto

1863 2892 1942 2958 se
1975 2886 2290 2948 perpetrare
2317 2878 2498 2933 illicita
2539 2880 2684 2933 nulla
2726 2881 3120 2944 meminerunt;
3147 2887 3202 2933 et
3233 2878 3474 2949 plerum-

1883 2984 1989 3038 que
2013 2969 2151 3039 pigri
2179 2979 2464 3024 remanent
2491 2970 2554 3023 ad
2585 2971 2885 3026 exercenda
2917 2970 3056 3026 bona
3084 2985 3247 3040 opera
3279 2970 3474 3039 praeci-

1883 3074 2010 3129 pua,
2041 3061 2166 3129 quia
2209 3061 2365 3117 valde
2393 3063 2568 3118 securi
2599 3072 2726 3117 sunt
2761 3065 2904 3134 quod
2936 3062 3079 3118 nulla
3104 3063 3480 3118 commiserint

1886 3151 2030 3207 mala
2059 3153 2323 3223 graviora.
2378 3154 2449 3207 At
2472 3163 2660 3209 contra
2685 3169 3072 3224 nonnunquam
3097 3153 3152 3208 hi
3178 3153 3270 3224 qui
3296 3166 3355 3207 se
3382 3150 3480 3206 ali-

1888 3261 1994 3315 qua
2033 3247 2216 3301 illicita
2246 3247 2420 3318 egisse
2459 3247 2842 3313 meminerunt,
2887 3263 2955 3301 ex
2999 3247 3114 3317 ipso
3159 3259 3259 3300 suo
3295 3243 3482 3299 dolore

1807 3338 1854 3402 C
1887 3338 2195 3406 compuncti
2236 3338 2583 3394 inardescunt
2625 3339 2690 3392 ad
2728 3352 2971 3392 amorem
3009 3335 3126 3402 Dei,
3160 3348 3388 3404 seseque
3423 3333 3478 3387 in

1885 3429 2093 3498 magnis
2139 3428 2426 3482 virtutibus
2477 3435 2751 3484 exercent.
2803 3429 2974 3498 Majus
3013 3439 3142 3497 ergo
3179 3425 3249 3480 de
3284 3437 3478 3495 pecca-

1885 3530 2003 3576 tore
2043 3537 2306 3577 converso
2357 3539 2517 3592 quam
2559 3526 2623 3578 de
2653 3531 2828 3577 stante
2850 3521 2998 3592 justo
3025 3519 3278 3591 gaudium
3319 3516 3380 3570 fit
3425 3516 3480 3570 in

1885 3614 2056 3680 caelo;
2081 3617 2205 3684 quia
2238 3625 2293 3669 et
2316 3616 2421 3669 dux
2447 3617 2498 3670 in
2521 3616 2706 3686 praelio
2733 3616 2852 3686 plus
2878 3629 3001 3670 eum
3033 3612 3258 3668 militem
3284 3609 3478 3681 diligit,

1886 3704 1978 3773 qui
2001 3712 2122 3774 post
2145 3704 2323 3773 fugam
2338 3720 2590 3761 reversus
2606 3706 2814 3760 hostem
2841 3704 3053 3760 fortiter
3072 3701 3291 3772 premit,
3316 3714 3478 3769 quam

1887 3794 2036 3849 illum
2077 3796 2168 3866 qui
2213 3812 2489 3866 nunquam
2520 3806 2668 3869 terga
2714 3797 2961 3866 praebuit,
2990 3805 3046 3850 et
3066 3808 3342 3863 nunquam
3378 3791 3480 3844 ali-

1887 3891 2017 3960 quid
2042 3889 2254 3945 fortiter
2283 3891 2429 3946 fecit.
2470 3889 2577 3946 Sed
2602 3892 2745 3946 inter
2770 3892 2885 3946 haac
2911 3888 3189 3945 sciendum
3221 3894 3304 3940 est
3339 3882 3482 3954 quod

1889 3989 2015 4034 sunt
2042 3981 2284 4050 plerique
2309 3981 2460 4049 justi,
2486 3983 2537 4035 in
2564 3997 2794 4052 quorum
2831 3981 2942 4034 vita
2985 3987 3192 4033 tantum
3228 3987 3313 4031 est
3353 3975 3487 4047 gau-

1889 4076 2057 4138 dium,
2100 4084 2157 4128 ut
2201 4075 2282 4128 eis
2331 4074 2584 4143 quaslibet
2626 4083 2975 4144 peccatorum
3012 4071 3333 4141 pmnitentia
3355 4085 3487 4140 prte-

1889 4166 2014 4236 poni
2044 4165 2343 4220 nullatenus
2371 4165 2559 4235 possit.
2617 4163 2750 4219 Nam
2799 4163 2950 4218 multi
2991 4171 3047 4217 et
3080 4161 3346 4216 nullorum
3377 4159 3483 4216 sibi

1889 4256 2154 4311 malorum
2172 4265 2295 4310 sunt
2322 4257 2548 4323 conscii,
2572 4265 2627 4311 et
2656 4264 2835 4311 tamen
2862 4256 2914 4310 in
2946 4255 3081 4309 tanti
3104 4253 3314 4309 ardoris
3351 4250 3483 4306 allii-

1891 4349 2123 4403 ctionem
2157 4365 2214 4404 se
2243 4358 2489 4412 exerunt,
2531 4364 2595 4403 ac
2643 4349 2687 4403 si
2737 4349 2976 4418 peccatis
3024 4346 3277 4400 omnibus
3317 4361 3490 4416 angu-

1892 4447 2121 4494 stentur.
2170 4438 2374 4492 Cuncta
2400 4440 2563 4493 etiam
2592 4439 2736 4493 licita
2764 4447 3045 4509 respuunt,
3076 4438 3142 4491 ad
3173 4438 3484 4506 despectum

1893 4531 2076 4584 mundi
2101 4530 2408 4586 sublimiter
2433 4531 2809 4601 accinguntur,
2849 4531 3100 4586 lamentis
3133 4531 3390 4601 gaudent,
3431 4530 3488 4583 in

1893 4623 2102 4676 cunctis
2133 4623 2451 4692 semetipsos
2481 4622 2802 4686 humiliant,
2829 4630 2882 4677 et
2907 4622 3049 4677 sicut
3086 4621 3327 4677 nonnulli
3363 4636 3488 4691 pec-

185 4713 240 4766 id
285 4714 350 4766 ad
382 4723 595 4768 terrena
625 4711 995 4778 descenderit,
1036 4720 1095 4764 ut
1142 4710 1345 4765 salvam
1389 4711 1591 4765 faceret
1623 4726 1784 4765 unam
1810 4699 1865 4760 D
1891 4718 2008 4766 cata
2033 4727 2280 4780 operum,
2305 4712 2383 4766 sic
2412 4712 2510 4780 ipsi
2533 4721 2753 4780 peccata
2777 4713 3161 4784 cogitationum
3185 4711 3484 4782 deplorant.
3514 4747 3521 4758 .

180 4805 483 4870 oviculam,
518 4820 637 4875 quae
687 4805 946 4874 perierat,
993 4803 1046 4857 id
1101 4813 1201 4867 est,
1264 4805 1559 4858 humanum
1595 4819 1788 4875 genus.

181 4897 330 4952 Nam
358 4897 501 4967 quod
534 4897 621 4952 hic
643 4895 973 4966 evangelista
999 4893 1131 4949 dicit
1161 4894 1377 4950 relictas
1396 4909 1526 4950 oves
1549 4894 1604 4949 in
1637 4910 1789 4950 mon-

181 4991 356 5053 tibus,
384 4991 539 5045 idest
564 4990 618 5044 iu
650 4989 902 5053 excelsis,
928 4988 1066 5043 alius
1089 4988 1223 5042 dicit
1248 4988 1301 5042 in
1324 4988 1560 5044 deserto.
1581 4987 1788 5058 (Greg.)

183 5079 304 5136 Cur
337 5088 516 5135 autem
549 5081 746 5135 caelum
776 5079 1051 5134 desertum
1083 5089 1330 5144 vocatur,
1377 5079 1483 5133 nisi
1519 5080 1662 5149 quod
1698 5081 1790 5134 de-

183 5184 402 5229 sertum
425 5173 626 5228 dicitur
661 5172 975 5228 derelictum
1009 5213 1024 5237 ,
1077 5172 1274 5227 cmlum
1331 5181 1509 5226 autem
1553 5175 1791 5228 deseruit

185 5265 386 5329 homo,
427 5277 548 5317 cum
589 5263 853 5333 peccavit.
901 5261 959 5316 ln
1011 5262 1226 5317 deserto
1264 5269 1444 5316 autem
1496 5262 1788 5333 nonaginta

187 5370 398 5410 novem
427 5369 557 5409 oves
587 5366 982 5420 remanserant,
1027 5355 1246 5425 quando
1276 5355 1328 5408 in
1362 5361 1505 5408 terra
1533 5355 1791 5408 Dominus

187 5466 366 5503 uuam
399 5448 677 5518 quaerebat
704 5487 719 5512 ,
747 5447 874 5517 quia
919 5447 1255 5504 rationabilis
1289 5455 1556 5502 creatura:
1599 5462 1793 5502 nume-

188 5557 322 5608 rus,
352 5541 665 5612 angelorum
693 5538 946 5594 videlicet
988 5549 1042 5595 et
1095 5541 1376 5596 hominum
1399 5580 1414 5604 ,
1466 5554 1585 5608 qua:
1614 5540 1682 5593 ad
1715 5541 1794 5595 vi-

191 5633 441 5690 (lendum
467 5631 636 5686 Deum
659 5631 874 5686 condita
906 5632 1098 5696 fuerat,
1139 5642 1396 5701 pereunte
1429 5633 1647 5686 homine
1675 5641 1795 5688 erat

193 5725 546 5790 imminutus,
563 5732 618 5779 et
641 5733 703 5778 ut
729 5723 968 5795 perfecta
994 5738 1200 5777 summa
1214 5723 1397 5779 ovium
1424 5723 1796 5794 integraretur

196 5815 265 5872 in
292 5815 454 5881 caelo,
486 5815 647 5871 homo
673 5815 916 5886 perditus
946 5815 1290 5884 quaerebatur
1336 5815 1390 5870 in
1441 5823 1608 5870 terra.
1655 5815 1794 5871 Nota

196 5905 360 5976 quod
387 5921 552 5960 unum
572 5906 726 5963 deest
755 5909 821 5964 ad
847 5921 1039 5962 novem
1061 5915 1122 5962 ut
1153 5907 1343 5962 decem
1365 5907 1494 5974 sint,
1521 5916 1573 5964 et
1605 5908 1674 5963 ad
1699 5924 1797 5964 no—

1894 4803 2030 4857 Hinc
2059 4817 2189 4872 ergo
2217 4802 2575 4872 colligendum
2598 4812 2680 4858 est
2698 4813 2961 4872 quantum
2987 4805 3098 4859 Deo
3120 4804 3372 4875 gaudium
3403 4794 3516 4872 [ει-ξ

1892 4898 2002 4952 ciat
2029 4897 2243 4967 quando
2270 4897 2546 4951 humiliter
2574 4898 2775 4970 plangit
2797 4897 2994 4967 justus,
3031 4899 3076 4954 si
3110 4899 3238 4953 facit
3266 4898 3320 4953 in
3349 4891 3524 4970 cmlo‘;

1893 4989 2171 5060 gaudium,
2203 4989 2420 5059 quando
2447 4990 2548 5044 hoc
2574 4990 2716 5058 quod
2741 4989 2880 5045 male
2910 4991 3076 5062 gessit
3097 5005 3194 5060 per
3219 4989 3488 5060 pmniten-
3523 4973 3528 4977 λ

1894 5080 2024 5134 tiam
2064 5080 2283 5134 damnat
2317 5079 2567 5149 injustus.
2602 5079 2859 5150 Sequitur
2880 5081 3138 5136 Dominus
3163 5090 3218 5135 et
3242 5079 3370 5136 dicit
3396 5097 3410 5134 :

1967 5169 2058 5224 Sic
2087 5186 2189 5224 non
2213 5179 2289 5224 est
2316 5171 2551 5225 voluntas
2582 5182 2702 5225 ante
2729 5170 2944 5226 Patrem
2966 5183 3191 5227 vestrum
3211 5174 3301 5243 qui
3319 5173 3375 5226 in
3389 5189 3488 5228 caa-

1894 5261 1959 5316 lis
1985 5271 2082 5328 est,
2115 5273 2169 5315 ut
2197 5275 2370 5333 pereat
2401 5280 2537 5317 unus
2566 5264 2630 5316 de
2650 5262 2856 5334 pusillis
2882 5264 3016 5317 istis.
3062 5262 3331 5334 (Ηίενοη.)
3378 5263 3487 5321 Re-

1895 5352 2002 5408 fert
2048 5355 2114 5408 ad
2158 5353 2404 5422 superius
2432 5357 2786 5424 propositum,
2816 5355 2881 5409 de
2904 5371 3011 5424 quo
3039 5355 3268 5421 dixerat,
3308 5354 3491 5412 Videte

1897 5467 1961 5505 ne
1989 5452 2330 5504 contemnatis
2362 5468 2519 5503 unum
2546 5451 2610 5504 de
2627 5449 2832 5520 pusillis
2860 5450 2994 5513 istis,
3024 5459 3077 5503 et
3105 5450 3262 5504 docet
3285 5448 3487 5504 idcirco

1898 5544 2209 5614 parabolam
2241 5543 2593 5613 propositam,
2627 5552 2684 5595 ut
2715 5541 2890 5611 pusilli
2913 5557 3017 5595 nou
3050 5547 3486 5596 contemnantur.

1901 5633 1960 5687 ln
1988 5648 2053 5687 eo
2086 5641 2266 5686 autem
2311 5631 2452 5700 quod
2488 5631 2617 5685 dicit
2650 5650 2661 5684 :
2697 5630 2819 5683 Non
2847 5640 2920 5683 est
2962 5629 3198 5684 voluntas
3229 5638 3350 5682 ante
3376 5623 3489 5678 Pa-

1902 5736 2031 5779 trem
2060 5736 2303 5789 vestrum,
2339 5735 2390 5778 ut
2420 5734 2594 5794 pereat
2624 5741 2758 5778 unus
2783 5724 2847 5777 de
2876 5723 3081 5793 pusillis
3107 5723 3240 5786 istis,
3277 5717 3490 5788 quoties

1903 5815 2100 5885 aliquis
2137 5815 2354 5883 perierit
2388 5816 2452 5868 de
2482 5814 2712 5882 pusillis,
2753 5813 3058 5866 ostenditur
3083 5812 3223 5879 quod
3253 5824 3360 5863 non
3389 5821 3486 5862 vo-

1904 5908 2109 5962 luntate
2141 5906 2314 5960 Patris
2336 5907 2573 5975 perierit.
