3898 6472
237 458 376 516 1015

232 576 335 638 bus
356 571 558 630 salubri
592 572 1004 645 compunctione
1031 573 1306 646 castigatis
1326 570 1522 646 Joseph
1552 567 1808 634 benevole
1837 570 1887 629 Α

233 666 638 740 cognoscendus
668 664 930 720 exhibuit.

302 758 431 814 Ideo
455 757 800 816 assimilatum
822 766 895 811 est
920 773 1132 828 regnum
1177 756 1422 810 caelorum
1466 754 1664 808 homini
1706 755 1812 826 regi

231 853 322 930 qui
344 851 500 907 voluit
537 853 791 912 rationem
825 868 1012 922 ponere
1037 869 1152 906 cum
1179 850 1337 905 servis
1370 851 1500 904 suis.
1541 846 1810 920 (Hierom)

234 945 522 1000 Familiare
542 953 622 998 est
653 943 803 1016 Syris
833 953 884 998 et
912 945 1144 1000 maxime
1175 944 1261 996 l’al
1283 943 1471 996 rstinis
1504 943 1567 994 ad
1600 957 1808 992 omnem

233 1049 536 1094 sermonem
581 1052 734 1091 suum
785 1035 1070 1108 parabolas
1110 1034 1373 1100 jungam
1428 1047 1484 1085 ut.
1529 1049 1662 1098 nunt
1716 1047 1812 1099 per

233 1129 453 1198 simplex
481 1137 804 1200 prmeeptum
834 1130 1001 1182 teneri
1026 1130 1091 1180 ab
1121 1146 1181 1178 nr:
1211 1129 1262 1178 "1
1292 1149 1317 1179 ιε
1338 1129 1366 1178 Ξέ

228 1236 324 1291 per
373 1220 777 1276 similitudinem
833 1221 1184 1294 exemplaque
1223 1232 1232 1271 t
1282 1242 1323 1270 4-.
1352 1243 1355 1266 ς
1388 1231 1415 1269 1:
1557 1225 1563 1266 '.
1739 1217 1810 1284 g-Zt

229 1313 408 1386 itaque
450 1312 608 1366 Petro
645 1313 742 1366 hac
785 1295 1040 1382 parabola
1089 1313 1343 1366 Dominus
1387 1330 1444 1364 stt
1475 1315 1533 1360 .':
1615 1357 1617 1359 ,
1653 1371 1656 1374 _

229 1405 372 1458 tione
421 1406 558 1474 regis
602 1404 801 1459 domini
832 1415 883 1460 et
919 1405 1081 1470 servi,
1107 1406 1196 1475 qui
1230 1406 1438 1458 debitor
1469 1405 1651 1456 decem
1688 1402 1806 1454 mil-

226 1495 356 1547 lium
393 1495 716 1550 talentorum
753 1514 780 1548 a
813 1498 1031 1552 domino
1072 1513 1264 1565 rogans
1297 1497 1507 1550 veniam
1556 1495 1808 1564 impetra-

224 1596 397 1651 verat,
429 1597 486 1640 ut
512 1588 624 1658 ipse
650 1604 862 1662 quoque
883 1589 1116 1654 dimittat
1153 1587 1426 1641 conservis
1456 1586 1566 1640 suis
1595 1571 1804 1638 minora

223 1679 591 1746 peccantibus.
643 1678 855 1750 Nosque
885 1679 1042 1734 simul
1071 1681 1325 1742 admonet
1359 1688 1416 1732 ut
1453 1679 1651 1734 nostris
1680 1695 1806 1737 con-

223 1773 394 1825 servis
426 1773 638 1844 benigni
680 1783 734 1827 et
771 1774 1148 1840 misericordes
1185 1773 1371 1829 simus.
1425 1771 1478 1825 Si
1526 1773 1667 1826 cnim
1717 1772 1805 1826 ille

223 1881 314 1920 rex
344 1875 398 1919 et
427 1867 687 1930 Dominus
718 1882 872 1921 servo
915 1867 1141 1920 didiitori
1182 1882 1446 1922 summam
1475 1866 1657 1920 decem
1691 1864 1804 1918 mil-

223 1957 349 2010 lium
401 1958 722 2011 talentorum
770 1967 876 2010 tam
928 1957 1082 2010 facile
1126 1957 1344 2020 dimisit,
1389 1967 1590 2026 quanto
1633 1958 1802 2028 magis

221 2049 495 2115 conservis
521 2050 632 2104 suis
658 2049 1024 2116 unusquisque
1056 2056 1301 2100 nostrum
1331 2062 1498 2104 noxas
1530 2047 1803 2102 dimittere

222 2139 424 2196 debet?
457 2141 607 2210 Quo.l
636 2148 690 2192 ut
720 2138 1056 2201 manifestius
1090 2138 1178 2194 fiat
1219 2139 1457 2199 dicamus
1489 2138 1586 2197 sub
1627 2154 1805 2192 exem-

221 2234 310 2304 plo
344 2232 437 2287 {Si
465 2233 584 2302 quis
617 2241 862 2292 nostrum,
887 2231 1219 2294 commiserit
1255 2229 1598 2293 adulterium,
1634 2229 1806 2284 homi-

221 2326 440 2389 cidium,
477 2325 837 2392 sacrilegium,
878 2323 1081 2394 majora
1122 2323 1351 2382 erimina
1402 2322 1587 2383 decem
1637 2320 1801 2375 millia

220 2419 542 2473 talentorum
580 2417 890 2488 rogantibus
932 2415 1294 2480 dimittuntur,
1324 2415 1372 2476 si
1403 2422 1456 2468 et
1487 2413 1584 2482 ipsi
1625 2413 1804 2468 dimit-

219 2520 335 2565 tant.
366 2513 570 2572 minora
599 2493 966 2580 peccantibus.
1014 2509 1108 2562 Sin
1145 2518 1324 2568 autem
1354 2508 1421 2562 ob
1447 2506 1642 2560 factam
1675 2522 1802 2562 cou-

223 2603 490 2662 tumeliam
535 2602 700 2656 simus
751 2601 1140 2670 implacabiles,
1191 2610 1245 2654 et
1290 2609 1509 2672 propter
1557 2616 1799 2654 aurarum

192 2697 438 2760 _\'er‘t:um
471 2705 718 2772 perpetes
749 2694 1043 2748 habeamus
1080 2693 1400 2758 discordias,
1433 2709 1608 2756 nonne
1649 2693 1801 2748 nobis

217 2785 459 2846 videmur
487 2794 633 2844 recte
662 2785 936 2854 redigendi
971 2785 1021 2838 in
1057 2801 1355 2849 carcerem,
1389 2793 1442 2846 et
1483 2786 1581 2840 sub
1623 2799 1802 2843 exem-

216 2877 303 2950 plo
325 2878 505 2954 operis
525 2877 698 2940 nostri
730 2877 832 2937 hoc
867 2891 1045 2946 agere,
1073 2885 1132 2930 ut
1162 2876 1430 2946 majorum
1466 2876 1619 2928 nobis
1666 2874 1799 2930 deli—

216 2979 424 3032 ctorum
458 2970 613 3026 venia
662 2983 765 3028 non
808 2967 1142 3024 relaxetur?-
1176 2964 1466 3040 (altanus)
1518 2965 1574 3019 Si
1622 2975 1799 3026 autem

217 3062 524 3132 allegoriam
555 3061 606 3116 iu
639 3061 741 3120 hac
761 3059 1015 3130 parabola
1052 3059 1174 3128 quis
1211 3069 1434 3128 qtnerat,
1484 3065 1659 3128 potest
1704 3058 1802 3118 hos

217 3155 350 3216 duos
372 3153 640 3207 debitores
667 3153 771 3208 sub.
793 3161 916 3222 typo,
944 3153 1170 3208 duorum
1193 3150 1509 3224 populorum
1535 3151 1797 3218 accipere.

216 3243 387 3299 llomo
408 3260 536 3316 ergo
567 3244 653 3307 hic
679 3251 732 3298 et
758 3259 854 3296 rex
884 3244 969 3302 cui
994 3259 1216 3313 regnum
1246 3242 1506 3298 caelorum
1539 3240 1801 3298 assimila-

216 3349 322 3404 tur,
351 3339 440 3409 qui
473 3339 734 3398 rationem
762 3353 886 3400 cum
916 3337 1085 3391 servis
1108 3336 1218 3392 suis
1246 3336 1445 3405 posuit,
1471 3336 1592 3404 quis
1615 3335 1803 3390 melius

215 3449 377 3504 quam
416 3434 743 3501 Redemptor
782 3437 963 3483 noster
1004 3428 1353 3497 intelligitur?
1401 3428 1475 3480 De
1522 3443 1628 3496 quo
1668 3426 1801 3482 Pro—

214 3523 374 3594 pheta
413 3525 541 3576 dicit
579 3541 592 3576 :
633 3522 701 3576 Et
741 3523 892 3575 homo
930 3531 1040 3585 est,
1079 3521 1192 3589 quis
1242 3519 1506 3587 cognoscit
1545 3535 1694 3581 eum;
1750 3525 1806 3572 et

215 3613 531 3676 Psalmista;
564 3612 728 3677 Deus,
769 3612 963 3680 inquit,
996 3611 1256 3681 judicium
1296 3620 1460 3662 tuum
1487 3611 1593 3679 regi
1631 3610 1722 3675 da,
1755 3617 1808 3662 et

217 3704 470 3773 iustitiam
500 3716 642 3756 tuam
669 3703 778 3771 ﬁlio
813 3703 943 3771 regis
970 3699 1140 3772 (Psal.
1175 3701 1364 3771 Lxxu).
1409 3699 1510 3766 Qui
1542 3717 1669 3758 cum
1690 3717 1804 3764 ser—

219 3795 300 3849 vis
327 3794 437 3848 suis
474 3794 734 3848 rationem
769 3794 921 3857 facit,
951 3793 1166 3861 quando
1197 3792 1617 3860 uniuscujusque
1646 3793 1806 3845 tueri-

219 3895 332 3940 tum
384 3887 623 3940 districte
665 3887 983 3940 examinans
1029 3885 1330 3955 perpendit.
1383 3885 1456 3938 De
1502 3885 1618 3954 ipso
1661 3885 1806 3939 enim

216 3981 479 4050 seriptum
613 3997 624 4032 :
650 3978 922 4040 Judicabit
943 3978 1118 4036 orbam,
1135 3988 1285 4037 terra
1306 3978 1360 4038 in
1385 3979 1630 4047 affinitate
1645 3959 1695 4036 et
1713 3996 1806 4048 μς,

215 4072 366 4146 pulos
392 4073 446 4128 in
478 4073 690 4134 veritate
726 4089 823 4126 sua
851 4071 1020 4142 (Psal.
1058 4072 1201 4141 xcv).

289 4161 355 4216 Et
397 4180 514 4218 cum
559 4163 789 4232 cmpisset
833 4164 1086 4220 rationem
1135 4179 1346 4233 ponere,
1397 4163 1598 4218 oblatus
1641 4174 1713 4224 est
1757 4167 1804 4226 ei

219 4272 352 4310 unus
397 4256 488 4326 qui
527 4254 738 4319 debebat
779 4254 954 4310 decem
1002 4253 1172 4314 millia
1207 4254 1420 4316 talenta.
1464 4253 1600 4321 Cum
1631 4266 1803 4318 autem

219 4364 324 4408 non
366 4347 573 4406 haberet
615 4345 752 4400 unde
786 4345 1042 4409 redderet,
1078 4345 1239 4414 jussit
1267 4361 1385 4402 eum
1415 4347 1724 4411 renuntiari,
1756 4358 1803 4401 et

219 4458 436 4502 uxorem
458 4441 595 4510 ejus,
622 4449 668 4498 et
688 4439 850 4508 ﬁlios,
873 4449 917 4493 et
949 4441 1122 4494 omnia
1151 4455 1266 4509 qua:
1290 4439 1528 4505 habebat,
1556 4451 1602 4494 et
1635 4442 1801 4496 reddi.

222 4537 422 4592 Servus
462 4537 547 4591 hic
580 4536 670 4605 qui
713 4537 898 4590 decem
936 4534 1100 4590 millia
1143 4533 1467 4588 talentorum
1507 4535 1690 4588 debuit
1714 4533 1806 4588 ειυς

1412 1146 1450 1172 3"
1479 1143 1577 1177 lii‘ll
1685 1139 1692 1174 Ξ
1727 1133 1806 1189 ’κί’

1178 456 1526 516 COMMENT.
1570 455 1634 510 IN
1674 450 2102 508 auruncum.
2133 482 2199 490 -
2235 433 2360 507 Lto.
2405 452 2457 509 ν.

1827 3289 1878 3359 α

3353 452 3489 508 ΜΗ

1985 568 2230 630 Misenus
2268 580 2439 628 autem
2482 571 2732 626 Dominus
2772 573 2902 624 servi
2935 571 3096 634 illius,
3130 570 3324 622 dimisit
3355 587 3494 634 eum,

1913 676 1958 720 et
1988 664 2214 730 debitum
2245 666 2439 718 dimisit
2472 668 2537 718 ei.
2577 665 2708 734 Quia
2741 667 2878 719 sicut
2905 666 2970 720 de
2999 684 3063 718 eo
3093 666 3349 735 scriptum
3379 674 3492 719 est:

1916 760 2210 814 Misericors
2239 769 2285 814 et
2309 760 2582 812 miserator
2608 768 2704 819 est,
2733 759 2931 828 patiens
2961 767 3007 810 et
3036 757 3254 809 multum
3287 757 3492 810 miseri-

1915 870 2026 906 cors
2056 850 2222 921 (Ps/1’.
2257 851 2360 912 ml,
2390 850 2508 902 uillis
2532 861 2579 894 ιιι
2606 869 2701 900 “rx-.1
2735 867 2807 918 tm.
2831 866 2918 894 της
2945 852 3173 916 σηει--ι-εξιῖι·
3203 869 3243 902 vs
3276 865 3379 901 non
3409 862 3498 903 so-

2321 1053 2388 1085 tf.
2569 1080 2577 1090 ,
2931 1035 3010 1040 ”
3129 1044 3277 1064 π
3431 1031 3494 1083 iis

1915 1128 2040 1180 tl.-.-'
2073 1146 2116 1195 μ.
2213 1147 2216 1152 ·
2277 1126 2284 1132 ’
2330 1123 2332 1128 ’
2454 1144 2456 1146 ·
2842 1127 2846 1132 ’
2930 1127 2936 1132 ’
3077 1145 3080 1152 ·
3201 1142 3204 1148 ·
3400 1122 3493 1174 ἷκιῐει

3108 1219 3113 1225 .
3213 1221 3216 1226 .
3423 1216 3434 1225 ι

2456 1325 2464 1374 ζ
2605 1353 2611 1360 .
2738 1353 2762 1358 ..
2887 1353 2892 1358 .
2955 1348 2996 1359 ..
3038 1348 3061 1359 ,ι
3128 1339 3136 1360 ι
3170 1329 3262 1362 eos
3293 1320 3486 1377 νη)νο-

1913 1400 2082 1453 cuntis
2123 1419 2219 1451 int.
2251 1416 2345 1467 per
2374 1400 2561 1451 isatam
2592 1398 2789 1452 dicitur
2824 1418 2834 1451 :
2868 1399 3126 1452 Memento
3157 1400 3363 1465 horum,
3403 1397 3497 1453 Ja-

1909 1489 2022 1551 cob,
2056 1489 2300 1560 quoniam
2350 1506 2524 1542 servus
2570 1505 2713 1541 meus
2756 1507 2805 1540 es
2845 1500 2920 1552 tu,
2964 1491 3184 1558 formari
3218 1501 3287 1554 te,
3318 1505 3496 1544 servus

1910 1599 2053 1635 mens
2077 1600 2128 1634 es
2157 1593 2232 1635 tu.
2265 1582 2449 1646 Israel,
2485 1599 2586 1636 non
2622 1583 2933 1636 Oblivisceris
2964 1585 3101 1648 mei;
3129 1583 3291 1638 delevi
3317 1593 3372 1637 ut
3400 1600 3496 1638 nu-

1911 1673 2020 1726 bem
2047 1674 2343 1744 iniquitates
2375 1683 2511 1751 tuas,
2541 1675 2692 1746 quasi
2724 1674 2961 1726 nebulam
2999 1684 3207 1743 peccata
3247 1685 3372 1740 tua;
3415 1691 3496 1729 re-

1908 1775 2100 1817 vertere
2138 1764 2206 1816 ad
2243 1782 2345 1828 me,
2386 1765 2633 1834 quoniam
2673 1764 2863 1818 redemi
2901 1775 2947 1820 te
2982 1764 3135 1836 (Isai.
3170 1765 3334 1838 xuv).
3388 1766 3496 1820 Sed

1912 1860 2036 1928 quid
2064 1873 2251 1913 servus
2289 1857 2374 1920 hic
2401 1857 2648 1928 pertinax
2693 1865 2748 1910 et
2798 1858 3039 1926 ingratus
3079 1855 3268 1932 postea
3307 1859 3497 1915 fecerit

1911 1953 2213 2005 auduunus.

1976 2045 2229 2116 Egressus
2254 2054 2427 2098 autem
2460 2061 2637 2098 servus
2665 2045 2770 2109 ille,
2800 2046 2988 2106 invenit
3016 2062 3175 2098 unum
3209 2046 3273 2099 de
3297 2063 3500 2099 conser-

1904 2140 1978 2194 vis
2001 2140 2110 2194 suis
2137 2141 2224 2215 qui
2247 2139 2456 2199 debebat
2480 2139 2524 2192 ei
2551 2149 2753 2191 centum
2775 2139 3039 2201 denarios,
3065 2148 3110 2199 et
3135 2150 3310 2194 tenens
3332 2139 3498 2208 suffo-

1905 2230 2052 2288 cabal
2073 2246 2212 2295 eum,
2244 2230 2417 2282 dicens
2442 2246 2458 2282 :
2487 2229 2661 2288 Redde
2683 2231 2818 2297 quod
2849 2231 3022 2284 debes.
3063 2230 3347 2284 Procidens
3375 2248 3500 2284 con-

1905 2338 2082 2384 servus
2117 2322 2230 2391 ejus
2271 2321 2480 2392 rogabat
2519 2338 2634 2372 eum
2675 2321 2849 2373 dicens
2879 2334 2895 2370 :
2927 2319 3244 2372 Patientiam
3279 2321 3410 2372 habe
3443 2321 3497 2372 in

1907 2430 1989 2467 me
2015 2425 2060 2466 et
2096 2413 2268 2465 omnia
2299 2410 2510 2464 reddam
2545 2411 2656 2465 tibi.
2692 2409 2788 2462 Ille
2814 2421 2984 2462 autem
3010 2409 3200 2473 noluit,
3228 2409 3318 2464 sed
3346 2407 3496 2473 abiit,

1907 2514 1952 2558 et
1981 2504 2117 2556 misit
2142 2519 2255 2555 eum
2290 2502 2339 2554 in
2366 2517 2642 2562 carcerem,
2672 2500 2832 2552 donec
2859 2499 3088 2552 redderet
3115 2499 3364 2551 debitum.
3409 2496 3499 2548 Li-

1906 2597 2126 2651 beratus
2170 2609 2296 2664 ergo
2345 2594 2405 2645 de
2454 2591 2763 2661 captivitate
2812 2588 3066 2644 Judaicus
3101 2590 3350 2660 populus,
3391 2602 3496 2642 non

1906 2692 2076 2746 solum
2106 2691 2182 2744 Re
2207 2688 2448 2762 letnptori
2474 2702 2570 2740 suo
2595 2687 2798 2756 gratias
2822 2686 3041 2739 minime
3063 2685 3192 2758 egit,
3214 2683 3308 2738 sed
3328 2681 3494 2737 etiam

1905 2784 2146 2856 peccatis
2190 2781 2432 2852 pristinis
2474 2789 2691 2850 peccata
2749 2795 2881 2834 nova
2926 2778 3384 2848 super-adjiciens,
3439 2774 3495 2828 in

1907 2885 2272 2946 contemptum
2315 2874 2527 2928 Domini
2575 2873 2660 2928 sui
2705 2888 3025 2928 conservum
3073 2884 3247 2934 suum,
3313 2866 3365 2921 id
3412 2874 3500 2922 est

1907 2971 2167 3043 gentilem
2193 2968 2468 3038 populum,
2498 2967 2650 3041 quasi
2675 2967 2775 3020 sibi
2804 2967 3094 3020 obnoxium
3128 2960 3356 3030 fatigare
3386 2974 3494 3013 non

1909 3061 2133 3118 distulit.
2182 3059 2343 3128 Quasi
2383 3075 2510 3128 ergo
2540 3057 2640 3114 sibi
2679 3058 2978 3112 debitorem
3006 3055 3231 3118 credens
3253 3051 3490 3129 circum-

1907 3154 2168 3212 cisionem
2217 3160 2269 3206 et
2313 3148 2662 3204 czeremonias
2710 3147 2841 3216 legis
2885 3147 2951 3200 ab
2997 3161 3060 3201 eo
3109 3142 3397 3219 expetivit,
3444 3147 3500 3195 et

1909 3245 2108 3299 Christi
2157 3242 2382 3313 gratiam
2430 3239 2571 3309 quod
2620 3239 2686 3294 ad
2729 3237 2951 3292 salutem
3004 3235 3110 3289 illis
3161 3234 3351 3290 idonea
3386 3246 3493 3286 non

1910 3347 2074 3402 esset,
2110 3333 2446 3394 calumnians
2491 3329 2712 3398 respuit.
2770 3329 2918 3384 Unde
2959 3336 3041 3384 cst
3079 3326 3203 3382 illud
3242 3325 3386 3394 quod
3415 3329 3500 3376 est

1908 3435 1966 3489 in
1997 3433 2218 3488 Actibus
2248 3427 2612 3504 apostolorum
2642 3444 2654 3480 :
2681 3425 2907 3500 Quidam
2953 3427 3019 3480 de
3065 3423 3258 3480 lueresi
3308 3420 3500 3478 Phari-

1910 3540 2139 3580 sreorum
2174 3522 2322 3574 Pauli
2363 3528 2416 3574 et
2446 3518 2700 3572 Barnabae
2734 3516 3102 3586 pnedicationi
3140 3515 3496 3584 impedimen-

1911 3626 2022 3670 tum
2053 3615 2330 3677 facientes,
2360 3610 2759 3664 afﬁrmaverunt
2787 3623 2879 3663 eos
2903 3608 2998 3677 qui
3025 3621 3088 3661 ex
3115 3607 3363 3675 gentibus
3387 3617 3478 3660 ere

1909 3709 2160 3768 diderunt
2221 3706 2416 3762 debere
2478 3701 2828 3763 circumcidi,
2885 3709 2937 3754 et
2985 3699 3271 3753 observare
3326 3696 3498 3766 legem

1910 3801 2101 3869 Moysi,
2142 3807 2196 3852 et
2242 3815 2346 3853 non
2393 3795 2563 3850 solum
2611 3797 2709 3849 hoc
2746 3808 3033 3864 persuasu,
3067 3793 3160 3845 sed
3191 3790 3352 3845 etiam
3388 3797 3499 3842 tor-

1909 3890 2107 3944 mentis
2132 3889 2247 3942 lieri
2278 3887 2560 3954 cogebant.
2614 3883 2764 3937 Sicut
2797 3892 2850 3935 et
2892 3881 3180 3951 praedictus
3226 3875 3498 3947 apostolus

1909 3981 2108 4036 Paulus
2157 3975 2726 4040 Thessalonicensibus
2765 3974 3008 4034 scribens
3053 3980 3171 4025 ait:
3213 3969 3316 4024 Vos
3356 3969 3492 4023 enim

1907 4073 2196 4136 imitatores
2223 4071 2348 4138 facti
2371 4070 2488 4122 estis
2521 4068 2708 4136 fratres
2736 4063 3070 4120 ecclesiarum
3095 4063 3206 4128 Dei,
3236 4078 3351 4133 qua:
3374 4069 3498 4115 sunt

1906 4161 1962 4226 in
1991 4162 2206 4226 Judtra,
2236 4163 2288 4218 in
2315 4160 2520 4214 Christo
2541 4158 2668 4212 Jesu
2698 4172 2714 4209 :
2741 4159 2862 4228 quia
2899 4156 3077 4216 eadem
3107 4155 3247 4226 passi
3288 4154 3410 4212 estis
3449 4159 3496 4205 et

1905 4270 1994 4308 vos
2033 4270 2066 4306 a
2102 4251 2476 4305 contribulibus
2511 4252 2711 4312 vestris,
2749 4252 2882 4304 sicut
2908 4259 2954 4308 et
2981 4248 3079 4317 ipsi
3121 4265 3153 4302 a
3180 4246 3384 4302 Jud—wis
3406 4244 3498 4315 qui

1907 4355 1956 4397 et
1985 4343 2266 4397 Dominum
2304 4342 2599 4395 occiderunt
2627 4340 2807 4393 Jesum
2857 4349 2905 4393 et
2950 4340 3249 4408 praphetas,
3301 4345 3349 4390 et
3401 4350 3494 4388 nos

1905 4437 2160 4505 persecuti
2189 4442 2330 4496 sunt,
2358 4442 2403 4485 et
2430 4431 2536 4484 Deo
2573 4447 2676 4484 non
2701 4429 3031 4497 placuerunt,
3061 4437 3108 4486 et
3145 4426 3383 4479 omnibus
3407 4423 3498 4476 lto-

1907 4526 2133 4580 minibus
2159 4525 2524 4585 adversantur,
2559 4520 2884 4590 prohibentes
2919 4535 3010 4572 nos
3051 4517 3286 4587 gentibus
3333 4513 3495 4584 loqui,

222 4629 405 4683 daieus
431 4635 513 4682 est
539 4626 782 4696 populus,
834 4625 925 4694 qui
977 4625 1232 4693 decalogo
1279 4624 1413 4694 legis
1459 4625 1801 4689 constrictus,
1831 4654 1884 4712 Ι)
1913 4630 1967 4676 ut
2001 4620 2158 4674 salva:
2191 4619 2345 4686 ﬁant,
2374 4626 2427 4668 ut
2463 4614 2708 4684 impleant
2733 4622 2942 4683 peccata
2971 4627 3069 4668 sua
3095 4625 3295 4678 semper
3322 4620 3340 4658 :
3365 4622 3501 4712 prae:

219 4719 513 4780 multarum
538 4716 1027 4787 transgressionem
1069 4716 1266 4774 debitis
1299 4715 1480 4777 fuerat
1516 4716 1800 4777 obnoxius.

220 4810 389 4875 Quem
429 4808 685 4872 Dominus
716 4824 844 4862 suus
867 4808 1029 4878 jussit
1052 4807 1372 4871 venundari.
1403 4816 1456 4868 et
1481 4823 1734 4870 uxorem,
1755 4815 1811 4868 et

219 4900 379 4965 filios,
409 4909 466 4966 et,
493 4901 674 4964 ornnia
700 4916 820 4969 qua:
845 4900 1092 4964 habebat,
1125 4908 1180 4953 et
1200 4898 1345 4953 reddi
1373 4917 1385 4951 :
1412 4899 1538 4967 quia
1576 4914 1682 4953 non
1721 4914 1809 4954 so-r

220 5002 331 5058 lum
379 4994 632 5064 populum
660 5033 675 5058 ,
723 4992 819 5048 sed
862 4991 1027 5050 etiam
1071 5006 1395 5060 synagogam
1456 4988 1764 5050 Judaeormn
1792 5031 1806 5056 ,

220 5087 474 5161 prastatos
501 5085 660 5146 simul
690 5093 745 5139 et
771 5084 1013 5140 subditos
1047 5099 1168 5138 cum
1215 5091 1323 5138 tota
1368 5082 1669 5142 substantia
1709 5099 1803 5138 eo-

223 5199 342 5242 rum
371 5189 588 5252 propter
617 5180 934 5236 delictorum
964 5179 1387 5248 magnitudinem
1417 5179 1468 5232 in
1498 5191 1805 5236 exterarum

221 5282 544 5348 potestatem
566 5273 783 5326 tradidit
807 5274 1106 5336 nationum,
1131 5281 1188 5326 ut
1208 5272 1350 5340 quod
1374 5271 1662 5330 noluerunt
1684 5282 1806 5328 vnto

224 5364 532 5438 persolvere
555 5370 876 5433 cogerentur
904 5371 1191 5418 tormento.

305 5455 584 5514 Procidens
605 5471 780 5510 servus
798 5453 906 5517 ille,
929 5455 1108 5507 orabat
1129 5469 1243 5506 eum
1266 5454 1472 5507 dicens:
1489 5450 1806 5510 Patientiam

223 5545 359 5602 habe
381 5547 440 5600 in
460 5561 562 5610 me,
593 5554 642 5598 et
672 5545 847 5598 omnia
873 5543 1086 5596 reddam
1113 5545 1225 5606 tibi.
1268 5542 1360 5599 Sic
1391 5553 1445 5600 et
1472 5543 1695 5612 populus
1721 5543 1809 5599 ille

226 5638 439 5709 legalis,
466 5647 750 5708 postquam
777 5652 834 5690 se
865 5644 1107 5692 senserat
1145 5636 1301 5692 malis
1339 5636 1726 5692 circumdatum
1754 5645 1808 5690 et

227 5735 659 5797 coaugustatum,
695 5727 910 5780 tandem
936 5725 1313 5794 pmnitentiam
1346 5727 1470 5793 egit,
1516 5725 1582 5779 ad
1619 5740 1808 5794 preces

229 5831 527 5878 conversus
546 5826 650 5878 est.
700 5816 853 5886 Quod
899 5815 1048 5885 prius
1082 5823 1270 5885 sponte
1309 5815 1498 5878 noluit,
1536 5825 1724 5886 postea
1754 5815 1806 5869 vi

233 5913 452 5976 coactus
472 5918 528 5960 se
552 5903 820 5963 facturum
835 5905 1102 5980 promisit.

1911 4714 2044 4767 venit
2092 4711 2229 4764 enim
2278 4722 2434 4776 super
2477 4703 2594 4759 illos
2648 4705 2734 4758 ira
2788 4703 2881 4762 Dei
2934 4717 3093 4772 usque
3143 4701 3202 4758 in
3241 4698 3400 4767 [ineat
3445 4695 3497 4767 (Ι

1915 4803 2092 4858 Thess.
2141 4802 2224 4868 ll).

1997 4892 2236 4948 Videntes
2272 4902 2444 4959 autem
2483 4887 2713 4944 conservi
2758 4886 2872 4956 ejus
2899 4900 3018 4955 quae
3043 4882 3258 4953 ﬁebant,
3305 4878 3502 4934 contri-

1915 4985 2038 5044 stati
2071 4995 2190 5045 sunt
2224 4981 2402 5046 ualde;
2429 4990 2476 5036 et
2502 4987 2765 5043 venerunt,
2804 4987 2850 5031 et
2897 4980 3242 5030 narraueram
3287 4969 3497 5028 domino

1919 5097 2014 5134 suo
2045 5078 2223 5131 onuzia
2263 5091 2379 5145 qua:
2408 5074 2549 5142 facta
2585 5070 2810 5138 fuerant.
2860 5067 2964 5135 Qui
2998 5074 3124 5127 sunt
3159 5072 3341 5120 autem
3370 5076 3500 5122 con-

1913 5169 2055 5230 servi
2113 5168 2200 5222 isti
2256 5165 2347 5235 qui
2404 5162 2734 5234 proterviam
2783 5159 2926 5216 servi
2980 5171 3210 5227 nequam
3279 5153 3500 5212 domino

1914 5257 2248 5320 renuntiant,
2278 5255 2380 5309 nisi
2422 5252 2649 5323 apostoli
2686 5259 2740 5306 et
2786 5249 3169 5320 pradioatores
3195 5244 3495 5316 Evangelii,

1823 5419 1832 5426 _
1914 5352 2007 5421 qui
2052 5350 2291 5420 quotidie
2341 5363 2438 5418 pro
2482 5345 2654 5402 salute
2701 5342 3038 5406 credentium
3080 5348 3275 5402 contra.
3315 5338 3504 5400 dolum

1913 5451 2323 5514 persecutorum
2372 5437 2656 5492 Dominum
2705 5430 3027 5503 implorant?
3071 5429 3230 5490 Sicut.
3270 5436 3327 5492 et
3375 5441 3501 5507 apo-

1915 5534 2037 5590 stoli
2083 5535 2134 5587 in
2165 5530 2388 5592 Actibus
2426 5525 2790 5597 apostolorum
2824 5523 3018 5587 fecisse
3056 5522 3326 5593 leguntur,
3373 5531 3496 5580 eum

1915 5625 2243 5687 sacerdotes,
2268 5629 2323 5676 et
2362 5619 2708 5688 magistratus
2750 5614 2958 5686 templi,
2997 5621 3051 5676 et
3099 5608 3383 5674 Sadducaai
3408 5607 3502 5670 do-

1914 5717 2086 5772 lentes
2129 5715 2269 5783 quod
2318 5713 2571 5768 docerent
2615 5708 2868 5780 populum
2905 5717 2962 5772 et
3016 5706 3400 5762 annuntiarent
3440 5702 3500 5762 il

1914 5805 2098 5872 Jesum
2146 5801 2597 5865 resurrectionem
2655 5815 2721 5858 ex
2767 5796 3012 5862 mortuis,
3062 5793 3286 5866 ﬂagellis
3342 5789 3500 5856 caesis

1917 5897 2367 5958 denuntiaverunt
2394 5909 2462 5949 ne
2485 5892 2625 5948 ultra
2669 5891 3018 5965 loquerentur
3053 5889 3107 5945 in
3151 5881 3369 5944 nomine
3401 5879 3495 5942 Je-
