3898 6462
424 405 563 464 i015

1071 407 1132 461 Β.
1171 404 1425 463 MBAN]
1461 400 1686 464 MAURI
1718 399 2039 462 ARCHIEP.
2078 399 2387 461 MOGUNT.
2424 399 2713 459 OPERUM
2749 398 2930 457 PARS
2964 399 3010 456 Ι.

419 535 487 579 su
527 515 617 574 ulli
644 516 940 573 hominum.
978 513 1051 571 At
1074 515 1173 585 ipsi
1208 517 1275 572 ad
1313 532 1441 572 suos
1480 514 1685 573 reversi
1711 514 2005 571 leuam-unt
2030 514 2237 585 Aergo
2279 528 2442 569 verus
2468 513 2731 569 Dominus
2773 528 3001 584 pravum
3053 519 3109 567 et
3152 512 3558 586 blaSphemum
3618 525 3715 586 pu-

400 626 596 677 ‘mocem
633 607 700 662 ad
743 607 930 673 Deum,
956 616 1004 661 et
1023 605 1296 672 dixerunt,
1349 604 1450 673 Tu,
1479 604 1700 661 Domine
1726 603 1890 671 Deus,
1913 605 2004 675 qui

426 699 594 769 [εσὶδέὶ
643 698 823 752 caelum
869 704 919 751 et
958 706 1155 751 terram
1192 705 1241 751 et
1274 696 1450 750 omnia
1486 710 1604 764 qum
1640 695 1698 749 in
1735 694 1812 750 eis
1860 703 2003 760 sunt,

406 774 759 871 lquiSpiritu
790 795 1101 871 sanctonper
1138 803 1196 871 os
1235 787 1401 859 patris
1428 787 1596 841 nostri
1642 784 1811 841 Dauid
1855 788 2005 858 pueri

404 862 735 963 “tui,di.1_:isti
760 895 780 935 :
800 862 993 951 [Quare
1026 862 1356 965 fremuerunt
1391 889 1566 965 gentes
1594 888 1645 935 et
1688 878 1868 951 populi
1891 896 2003 934 me-

414 948 578 1028 ditati
602 952 723 1030 sunt
755 948 981 1045 inaniaz
1012 948 1304 1054 astiterunt
1338 948 1480 1051 reges
1512 952 2007 1054 te'rrteetfrinci-

423 1086 531 1144 μεθ’,
563 1076 906 1155 eumenen/nt
952 1067 1014 1141 in
1062 1050 1231 1141 unum.
1265 1052 1517 1147 adrersus
1566 1050 1907 1157 Dominum
1940 1074 2007 1137 .et

716 1143 1003 1211 Clu-istum
1080 1143 1260 1226 ejugs‘l'
1299 1142 1686 1227 ςυηεεηειυηὲ.

423 1232 784 1329 εἷῳίιαιεςὶεια
844 1248 1092 1309 adversus
1148 1232 1386 1329 sanctum
1434 1263 1658 1329 puerum
1710 1232 1866 1324 tuum
1918 1245 2008 1302 Ie-

422 1359 538 1397 sum
569 1380 584 1407 ,
630 1357 779 1412 quem
824 1341 1017 1394 una-isti
1042 1381 1059 1406 ,
1123 1338 1357 1394 Herodes
1420 1349 1467 1393 et
1526 1338 1749 1393 Pontius
1801 1336 2009 1395 Pilatus

410 1416 558 1507 Icum.
601 1431 837 1507 gentibus
888 1440 937 1484 et
972 1428 1176 1499 populis
1225 1428 1395 1483 Israel
1442 1428 1633 1498 facere,
1679 1446 1795 1496 qua:
1823 1447 2009 1485 manus

408 1504 528 1597 tua:
557 1528 616 1587 et,
650 1504 919 1591 consilium
947 1521 1276 1577 decreverunt
1302 1519 1440 1599 fieri.
1473 1518 1538 1573 Et
1578 1538 1737 1586 nunc,
1764 1521 2006 1590 Domine,

422 1594 619 1681 respice
657 1598 905 1665 in‘minas
956 1626 1153 1675 eorum,
1196 1620 1243 1663 et
1270 1610 1338 1664 da
1366 1613 1526 1666 seruis
1570 1613 1674 1667 tuis
1712 1629 1827 1667 cum
1868 1614 2009 1669 omni

407 1683 620 1772 'ﬁducia
667 1703 808 1775 loqui
872 1704 1076 1759 verbum
1137 1713 1284 1757 tuum
1334 1704 1389 1757 in
1452 1720 1551 1772 eo,
1623 1722 1741 1760 cum
1794 1725 2007 1763 manum

406 1778 567 1869 fluam
602 1795 851 1851 extendas
908 1795 976 1849 ad
1033 1795 1280 1848 sanitates
1318 1803 1458 1861 tuas,
1504 1807 1553 1851 et
1599 1799 1751 1869 signa
1803 1808 1851 1853 et
1887 1816 2009 1870 pro—

2105 607 2291 676 pulum
2323 602 2628 681 Iudaeorum
2657 604 2727 660 ob
2768 603 3053 675 perﬁdiam
3085 620 3238 660 suam
3265 606 3322 661 in
3362 620 3583 661 manus
3608 604 3716 663 Bo-

2104 713 2412 762 manorum,
2454 697 2649 767 quibus
2694 697 2893 769 partim
2936 696 3080 752 fame
3113 698 3412 756 exstinctis
3435 738 3453 764 ,
3501 696 3715 768 partim

2106 791 2285 864 gladio
2312 790 2529 853 occisis,
2574 788 2768 859 partim
2806 790 2970 845 etiam
2999 789 3054 846 in
3080 791 3461 861 captivitatem
3507 788 3715 858 (ludis,

2106 882 2183 937 ita
2227 890 2396 937 totam
2449 890 2651 936 terram
2703 889 3072 949 vastaverunt,
3117 889 3178 937 ut
3222 883 3446 938 scilicet
3510 891 3717 938 metro-

2107 972 2254 1043 polin
2295 988 2481 1043 eorum
2517 970 2852 1027 Hierusalem
2890 986 2921 1026 a
2956 971 3308 1053 fundamento
3359 981 3712 1037 everterent,

2110 1060 2493 1136 templumque
2528 1065 2945 1132 succenderent,
2989 1074 3044 1119 et
3089 1080 3307 1120 omnem
3356 1065 3585 1121 cultum
3630 1082 3717 1121 eo-

2110 1174 2229 1214 rum
2272 1158 2621 1229 dissiparent.
2670 1157 3000 1227 Factumque
3042 1167 3127 1213 est
3187 1167 3319 1214 tunc
3376 1158 3541 1230 quod
3611 1160 3717 1231 ipse

2082 1246 2359 1327 Salvator
2388 1257 2517 1311 ante
2544 1246 2625 1304 eis
2666 1247 2943 1318 praedixit:
3005 1247 3142 1316 Quia
3188 1249 3264 1304 ita
3322 1249 3718 1304 destruehatnr

2109 1348 2222 1395 tota
2255 1340 2519 1395 habitatio
2556 1338 3118 1409 Hierosolymitarum,
3155 1348 3216 1395 ut
3257 1356 3373 1395 non
3437 1341 3717 1411 relinque-

2110 1440 2261 1486 retur
2296 1430 2434 1500 lapis
2464 1443 2625 1499 super
2670 1429 2904 1500 lapidem
2944 1433 2968 1504 (
3013 1429 3206 1486 Matth.
3258 1448 3399 1487 xm
3433 1433 3479 1505 ).
3527 1434 3600 1489 Et
3642 1452 3716 1491 se»

2110 1521 2343 1577 cundum
2388 1521 2625 1578 Danielis
2672 1523 3010 1592 prophetiam
3042 1524 3310 1581 desolatio
3353 1538 3711 1596 permaneret

2110 1629 2281 1684 usque
2331 1614 2385 1667 in
2438 1612 2623 1668 ﬁnem.
2677 1612 2803 1668 Sive
2856 1614 3044 1670 aliter:
3096 1617 3435 1674 Tortoribus
3491 1621 3714 1675 tradidit

2110 1718 2223 1766 eos.
2256 1703 2307 1757 id
2335 1712 2417 1758 est
2463 1702 2710 1772 malignis
2757 1703 3056 1773 spiritibus,
3085 1707 3176 1777 qui
3206 1707 3417 1764 invidia
3450 1713 3712 1780 nequissi-

2112 1812 2255 1851 mam
2283 1796 2516 1851 animam
2548 1795 2981 1867 malitiosamque
3027 1806 3081 1853 et
3114 1799 3581 1872 incorrigihilem,
3611 1805 3714 1859 sine

412 1889 561 1960 diqu
598 1890 716 1959 ﬁeri
769 1906 861 1960 per
911 1904 1097 1944 nomen
1142 1888 1310 1940 sancti
1358 1888 1508 1959 pueri
1558 1889 1636 1944 tui
1687 1887 1839 1957 Iesu,
1898 1898 2005 1946 etc.
2035 1885 2084 1945 B
2113 1887 2219 1942 ﬁne
2254 1887 2473 1943 aeternis
2518 1887 2849 1943 cruciatibus
2892 1890 3165 1959 punirent.
3212 1890 3376 1960 Quod
3418 1902 3612 1950 autem
3640 1912 3716 1950 se-

422 1983 561 2049 (Act.
597 1997 648 2036 1v
674 1982 715 2054 ).

494 2071 639 2126 Tunc
677 2073 873 2126 vocavit
920 2087 1038 2124 eum
1068 2071 1313 2126 dominus
1342 2088 1469 2127 suus
1505 2080 1555 2127 et
1602 2071 1676 2126 ait
1710 2070 1822 2126 illi:
1850 2071 2008 2129 Serve

419 2155 665 2235 nequam,
711 2178 861 2217 omne
886 2160 1113 2215 debitum
1158 2162 1334 2215 dimisi
1368 2162 1463 2215 tibi
1509 2162 1758 2234 quoniam
1811 2165 2005 2233 rogasti

417 2272 518 2320 me,
552 2271 721 2310 nonne
752 2265 801 2308 et
842 2261 890 2308 te
930 2253 1157 2323 oportuit
1202 2252 1439 2306 misereri
1487 2253 1721 2307 conservi
1747 2253 1844 2317 tui,
1869 2254 2004 2307 sicut

415 2357 465 2403 et
500 2364 593 2419 ego
650 2348 729 2401 tui
802 2347 1045 2401 misertus
1108 2345 1266 2399 sum?
1302 2343 1528 2400 Dimisit
1556 2359 1685 2415 ergo
1733 2344 2000 2402 Dominus

415 2438 562 2509 genti
615 2434 921 2493 Iudaeorum
991 2438 1185 2506 saepius
1256 2436 1456 2501 debita,
1523 2437 1738 2506 quando
1808 2439 1859 2491 in
1911 2454 2007 2493 an-

417 2529 607 2600 gustiis
654 2528 934 2584 constituti
957 2536 1011 2581 et
1041 2526 1415 2596 paenitentiam
1462 2536 1684 2598 agentes
1712 2526 1855 2582 illius
1898 2529 2003 2583 mi-

416 2618 764 2674 sericordiam
819 2616 1275 2687 deprecabantur;
1318 2618 1409 2672 sed
1449 2617 1665 2673 liberati
1704 2619 1772 2674 ab
1807 2635 2006 2691 angusL

416 2712 507 2765 tiis
540 2709 744 2764 nullam
773 2717 959 2780 postea
990 2707 1421 2779 compassionem
1454 2708 1536 2763 vel
1574 2709 2003 2766 misericordiam

412 2817 542 2871 erga
577 2801 853 2870 proximos
876 2813 1141 2871 pauperes
1177 2801 1475 2868 habebant;
1508 2803 1636 2873 quin
1681 2803 1860 2873 potius
1886 2820 2006 2859 om-

411 2908 509 2947 nes
551 2892 824 2948 debitores
878 2907 1025 2958 suos,
1081 2900 1139 2945 ut
1177 2892 1439 2963 scriptum
1481 2902 1582 2961 est,
1616 2896 1873 2951 atrociter
1919 2912 2005 2952 re-

411 2983 683 3051 petebant.
738 2982 960 3054 Insuper
997 2983 1162 3038 etiam
1206 2992 1262 3039 et
1302 2985 1594 3055 prophetas
1657 2994 1819 3057 atque
1875 3004 2004 3059 apo-

411 3071 577 3126 stolos
611 3072 703 3141 qui
750 3072 831 3127 eis
872 3077 1096 3128 verbum
1150 3073 1608 3130 reconciliationis
1672 3075 1996 3146 aﬂ'erebant,

410 3165 621 3235 ingrate
656 3175 970 3236 spernentes
1013 3166 1303 3222 crudeliter
1350 3168 1714 3226 trucidabant.
1766 3170 1922 3228 Unde
1948 3180 2005 3228 et

410 3266 730 3313 meruerunt
770 3257 900 3313 illud
947 3259 1149 3314 sentire
1173 3259 1316 3329 quod
1372 3258 1644 3316 subditur.

479 3347 550 3403 Et
589 3350 757 3405 iratus
801 3350 1043 3405 dominus
1092 3352 1207 3421 ejus
1262 3351 1481 3406 tradidit
1530 3369 1649 3408 eum
1695 3356 2001 3425 tortoribus,

2108 1980 2295 2051 quitur
2320 1998 2332 2033 :

2180 2069 2272 2126 Sic
2297 2078 2346 2124 et
2378 2068 2541 2124 Pater
2573 2086 2719 2125 meus
2759 2070 2978 2126 ctelestis
3020 2073 3182 2142 faciet
3210 2073 3389 2142 vobis,
3428 2075 3482 2129 si
3509 2093 3614 2131 non
3647 2096 3715 2131 re-

2107 2161 2353 2216 miseritis
2391 2162 2743 2233 unusquisque
2785 2163 2940 2231 fratri
2976 2179 3072 2217 suo
3110 2164 3175 2218 de
3213 2165 3482 2220 cordibus
3523 2170 3709 2223 uestris.

2108 2250 2308 2326 (Hier.
2346 2251 2366 2325 )
2402 2252 2769 2308 Formidolosa
2816 2252 2986 2309 'valde
3023 2256 3299 2310 sententia
3333 2266 3451 2321 est,
3490 2259 3539 2311 si
3576 2256 3711 2325 juxta

2106 2351 2347 2398 nostram
2392 2351 2629 2398 mentem
2670 2345 2943 2399 sententia
2992 2344 3089 2401 Dei
3129 2344 3381 2401 ﬂectitur
3414 2359 3589 2420 atque
3614 2363 3711 2405 ωυ-

2110 2441 2273 2488 tatur.
2331 2433 2385 2487 Si
2427 2448 2593 2503 parva
2629 2432 2890 2489 fratribus
2930 2450 3038 2490 non
3102 2436 3484 2501 dimittamus,
3538 2456 3711 2511 magna

2106 2525 2265 2581 nobis
2297 2540 2327 2578 a
2370 2525 2477 2580 Deo
2508 2541 2615 2581 non
2653 2526 3015 2582 dimittentur.
3046 2527 3115 2583 Et
3150 2528 3285 2600 quia
3331 2538 3533 2601 potest
3568 2548 3712 2585 unus-

2106 2616 2335 2686 quisque
2369 2617 2579 2673 dicere:
2633 2617 2777 2673 Nihil
2812 2620 2986 2675 habeo
3018 2630 3212 2675 contra
3266 2636 3431 2686 eum,
3474 2624 3593 2692 ipse
3633 2638 3713 2677 no-

2106 2708 2183 2764 vit
2217 2726 2231 2775 ;
2265 2710 2427 2765 habet
2451 2709 2621 2767 Deum
2649 2710 2909 2783 iudicem,
2940 2728 3050 2768 non
3093 2714 3227 2768 mihi
3276 2729 3423 2770 cura
3479 2725 3564 2771 est
3604 2716 3712 2787 quid

2103 2801 2236 2860 velit
2255 2816 2436 2874 agere,
2459 2818 2560 2875 ego
2587 2803 2767 2873 ignovi
2795 2803 2865 2869 ei,
2890 2803 3178 2859 confirmat
3201 2806 3556 2861 sententiam
3578 2820 3713 2862 suam

2103 2902 2160 2949 et
2182 2908 2397 2948 omnem
2443 2893 2842 2949 simulationem
2894 2895 3033 2950 ﬁcta:
3065 2895 3221 2965 pacis
3241 2897 3484 2963 evertit,
3510 2897 3710 2954 dicem:

2104 2985 2169 3044 Si
2204 3004 2309 3042 non
2341 2987 2642 3043 remiseritis
2673 2989 3029 3061 unusquisque
3051 2988 3208 3060 fratri
3249 3006 3357 3044 suo
3394 2991 3465 3046 de
3487 2992 3711 3048 cordibus

2104 3080 2307 3135 vestris.
2342 3077 2360 3151 (
2391 3078 2545 3151 Greg.
2575 3078 2596 3153 )
2640 3078 2719 3135 Ex
2754 3079 2951 3149 quibus
2976 3080 3253 3136 videlicet
3290 3082 3468 3138 dictis
3494 3093 3709 3151 constat,

2105 3174 2251 3246 quod
2288 3173 2333 3229 si
2366 3175 2468 3228 hoc
2497 3187 2641 3244 quon
2674 3172 2729 3227 in
2771 3189 2872 3228 nos
2899 3173 3243 3244 delinquitur
3268 3190 3341 3231 ex
3402 3180 3574 3234 corde
3616 3195 3710 3234 IIOI

2031 3265 2079 3330 C
2109 3264 2468 3331 dimittamus,
2513 3273 2567 3320 et
2604 3264 2734 3320 illud
2784 3279 2979 3322 rursus
3005 3281 3036 3320 a
3065 3266 3224 3323 nobis
3270 3268 3540 3341 exigitur,
3584 3272 3710 3343 qmd

2110 3354 2267 3411 nobis
2294 3355 2407 3426 jam
2436 3369 2535 3428 per
2560 3355 2943 3426 paenitentiam
2976 3356 3264 3414 dimissum
3305 3358 3488 3418 fuisse
3520 3362 3706 3434 gaude-

409 3439 584 3512 quoad
620 3457 784 3514 usque
819 3442 1056 3497 redderet
1110 3443 1412 3498 universum
1462 3443 1715 3500 debitum.
1762 3446 2010 3504 Tradidit
2113 3446 2326 3503 bamus.

427 3592 3693 3629 mm

1663 3712 1968 3793 LIBER
2042 3712 2462 3852 SEXTUS.

1008 3984 1242 4046 CAPUT
1287 3984 1424 4043 XIX.

409 4104 635 4163 Uxorem
680 4122 785 4161 non
827 4105 1012 4160 debere
1051 4106 1246 4158 dimitti
1289 4104 1458 4168 docet,
1489 4110 1537 4157 et
1585 4101 1650 4156 de
1696 4099 1998 4166 eunuchis;

475 4176 702 4243 infantes
726 4192 756 4227 a
785 4174 1137 4229 benedictione
1180 4192 1282 4227 non
1320 4190 1429 4243 esse
1455 4171 1708 4226 arcendos
1738 4188 1757 4235 ;
1787 4171 1999 4243 divitem

475 4241 680 4315 difﬁcile
692 4245 1012 4315 intraturum
1032 4245 1088 4298 in
1103 4260 1316 4315 regnum
1338 4242 1583 4315 caelorum
1598 4259 1616 4308 ;
1633 4250 1682 4295 et
1701 4241 1999 4315 centuplum

476 4309 819 4385 recepturum,
860 4314 951 4384 qui
998 4309 1177 4369 omnii
1217 4314 1407 4368 deserit
1458 4322 1669 4383 propter
1706 4309 1995 4366 Christum.

475 4428 771 4498 Explicatis
823 4443 954 4499 ergo
993 4428 1335 4484 sermonibus
1377 4425 1591 4482 Domini
1622 4440 1761 4496 quos
1790 4425 1847 4480 in
1887 4424 1999 4480 Ga-

399 4524 539 4580 lilaea
575 4534 698 4595 post
731 4524 1031 4595 expetitum
1068 4525 1138 4579 ab
1183 4538 1249 4578 eo
1301 4523 1562 4577 tributum
1602 4522 1669 4575 ad
1723 4520 1995 4590 apostolos

398 4612 465 4665 de
499 4612 804 4667 innocentia
832 4621 889 4667 et
913 4611 1218 4667 humilitate
1254 4612 1373 4681 ipse
1416 4610 1668 4665 Salvator
1705 4611 1993 4676 habuerat,

395 4710 586 4758 vetans
620 4718 715 4759 eos
742 4718 810 4758 ne
852 4703 1287 4760 scandalizarent
1322 4702 1543 4773 pusillos
1570 4703 1823 4773 adjuncta
1847 4718 1998 4773 para-

394 4798 540 4863 bola,
568 4805 624 4853 et
650 4802 838 4868 postea
869 4812 989 4866 qua:
1017 4797 1082 4851 de
1111 4800 1453 4867 correptione
1481 4796 1709 4852 fratrum
1741 4806 1796 4854 et
1824 4798 1999 4854 indul-

394 4889 575 4958 gentia
624 4888 1011 4943 convenienter
1050 4888 1271 4954 docens,
1313 4887 1473 4943 Petro
1519 4890 1889 4962 interrogante
1931 4892 1999 4947 de

396 4982 714 5038 remissione
767 4991 1147 5054 peccatorum,
1197 4998 1306 5037 non
1366 4991 1577 5040 tantum
1629 4986 1852 5055 septies,
1903 4987 1998 5044 sed

394 5073 561 5130 etiam
600 5076 909 5147 septuagies
934 5075 1137 5145 septies
1177 5077 1583 5144 remittendum,
1616 5079 1994 5149 responderat,

393 5164 451 5221 id
470 5165 647 5236 ipsum
675 5167 1037 5239 comprobans
1072 5169 1319 5237 sequenti
1363 5170 1657 5239 parabola;
1707 5179 1995 5241 postquam

394 5254 512 5310 haec
538 5257 787 5314 videlicet
817 5259 996 5313 omnia
1026 5256 1312 5313 Mattbteus
1341 5257 1414 5314 ita
1453 5259 1815 5331 explicuisset,
1843 5276 1995 5317 more

395 5359 498 5401 suo
536 5349 687 5415 quasi
714 5347 781 5403 ad
830 5347 935 5403 alia
964 5364 1023 5403 se
1066 5348 1396 5406 conferendo
1435 5353 1704 5408 narranda
1748 5355 1828 5408 sic
1872 5369 1998 5425 pro-

396 5437 643 5507 sequitur
669 5446 724 5495 et
752 5441 883 5496 dicit
906 5456 923 5495 :

469 5527 561 5605 [1.]
618 5529 683 5585 Et
726 5532 925 5601 factum
954 5542 1034 5590 est
1065 5550 1186 5590 cum
1216 5548 1624 5594 consummasset
1673 5537 1830 5593 Iesus
1881 5556 1994 5594 ser-

394 5636 575 5677 mones
617 5620 765 5685 istos,
801 5623 1044 5693 migravit
1087 5642 1122 5679 a
1167 5623 1414 5693 Galiltra,
1466 5637 1517 5683 et
1570 5629 1705 5683 venit
1760 5630 1815 5683 in
1865 5632 1996 5700 ﬁnes

394 5711 604 5769 Indica:
642 5723 791 5767 trans
826 5715 1135 5772 Iordanem.
1165 5718 1333 5789 (Rau.
1358 5718 1398 5793 ).
1452 5719 1590 5777 Hinc
1640 5737 1771 5794 ergo
1802 5722 1995 5794 incipit

398 5817 460 5858 ea
490 5819 716 5860 narrare
763 5820 887 5874 qtae
930 5805 1194 5865 Dominus
1220 5810 1274 5865 in
1319 5807 1503 5866 Iudaea
1528 5810 1680 5877 fecit,
1730 5813 1911 5868 docuit
1940 5822 1997 5870 et

2104 3997 2300 4054 passus
2349 3990 2456 4041 est.
2501 3983 2571 4040 Et
2617 3984 2794 4057 primo
2842 3987 3059 4057 quidem
3103 3994 3259 4043 trans
3299 3986 3599 4047 Iordanem
3641 3992 3698 4048 ad

2103 4073 2389 4140 orientem,
2427 4074 2620 4132 deinde
2659 4077 2822 4131 etiam
2851 4077 2931 4133 cis
2957 4076 3271 4145 Iordanem,
3302 4082 3528 4150 quando
3557 4085 3698 4139 venit

2104 4164 2160 4220 in
2209 4164 2447 4231 Iericho,
2495 4164 2809 4238 Bethphage
2836 4177 2890 4223 et
2930 4168 3398 4241 Hierosolymam;
3430 4188 3558 4227 nam
3591 4191 3677 4229 om

2101 4258 2185 4312 nis
2245 4256 2554 4314 Iudaeorum
2620 4260 2900 4330 provincia
2959 4261 3209 4331 quamvis
3256 4264 3590 4333 generaliter
3635 4265 3699 4320 ad

2103 4350 2504 4407 distinctionem
2533 4352 2760 4406 aliarum
2788 4353 3027 4423 gentium
3064 4352 3248 4409 Iudaea
3285 4354 3429 4409 dicta
3464 4357 3553 4423 sit,
3585 4373 3700 4428 spe-

2103 4443 2293 4500 cialius
2321 4452 2503 4499 tamen
2535 4446 2835 4501 meridiana
2868 4444 2987 4514 ejus
3015 4446 3172 4517 plaga
3202 4447 3583 4518 appellabatur
3615 4447 3700 4505 Iu-

2099 4537 2237 4601 dzea,
2270 4536 2337 4591 ad
2369 4536 2773 4591 distinctionem
2805 4535 3084 4602 Samaria,
3115 4536 3373 4606 Galilaeae,
3420 4539 3695 4612 Deapolis

2098 4632 2153 4679 et
2181 4633 2506 4681 caeterarum
2538 4626 2593 4680 in
2622 4627 2811 4681 eadem
2839 4628 3125 4698 provincia
3146 4629 3452 4699 regionum.

2168 4715 2237 4771 Et
2267 4726 2454 4773 secutae
2481 4726 2604 4772 sunt
2629 4734 2747 4772 eum
2774 4718 2941 4774 turba
2964 4720 3168 4787 multae,
3196 4731 3246 4775 et
3275 4723 3481 4777 curauit
3502 4741 3590 4779 eos

2098 4806 2362 4882 (Hitar.)
2408 4807 2657 4865 Galilzeos
2696 4810 2749 4865 in
2779 4809 2978 4868 Iudaeas
3023 4815 3225 4872 finibus
3274 4826 3454 4871 curat.
3504 4816 3690 4873 Potue-

2100 4908 2187 4955 rat
2251 4901 2468 4971 quidem
2518 4910 2848 4973 aegrotorum
2914 4906 3103 4961 turbas
3171 4921 3280 4961 non
3343 4906 3593 4979 fatigare,
3640 4917 3691 4963 et

2097 4992 2241 5047 intra
2278 4994 2452 5064 ipsam
2511 4993 2791 5050 Galilaeam
2842 5011 3002 5067 opem
3060 4997 3204 5053 ferre
3259 4998 3555 5066 debilibus,
3601 4999 3689 5054 sed

2100 5086 2279 5156 typica
2330 5085 2468 5140 ratio
2522 5087 2685 5142 etiam
2740 5088 2980 5144 locorum
3036 5099 3155 5144 erat
3210 5090 3474 5161 explenda
3532 5092 3689 5162 privi‘

2098 5176 2254 5247 legiis
2293 5186 2350 5229 ut
2397 5185 2620 5247 peccata
2673 5180 2912 5250 gentium
2943 5180 2997 5235 in
3034 5196 3156 5236 eam
3193 5180 3406 5237 veniam
3446 5199 3570 5254 qua
3600 5182 3686 5239 Iu-

2098 5268 2227 5323 daate
2266 5269 2585 5339 parabatur,
2631 5270 2958 5327 admitteret.

2166 5360 2239 5415 Et
2270 5372 2600 5416 accesserunt
2630 5362 2702 5417 ad
2731 5380 2849 5418 eum
2879 5364 3144 5421 Pharisaei
3176 5375 3436 5423 tentantes
3471 5385 3592 5422 eum
3634 5376 3684 5422 et

2096 5451 2355 5507 dicentes:
2393 5450 2452 5507 Si
2504 5452 2624 5508 licet
2678 5454 2875 5509 homini
2926 5456 3186 5512 dimittere
3240 5475 3458 5514 uxorem
3513 5476 3682 5526 sum,

2095 5559 2404 5614 quacunque
2427 5559 2494 5598 ea:
2525 5544 2717 5599 causa?
2751 5545 2820 5599 Et
2850 5546 2939 5602 hic
2987 5549 3225 5603 notanda
3288 5552 3555 5607 tuentium
3608 5552 3684 5607 di-

2097 5635 2297 5688 stantia
2344 5635 2396 5689 in
2431 5634 2603 5690 turbis
2644 5643 2699 5690 et
2744 5634 3060 5693 Pharisaeis:
3111 5638 3197 5694 hae
3250 5643 3581 5697 conveniunt
3625 5649 3682 5697 ut

2096 5712 2412 5793 doceantur,
2444 5738 2499 5783 et
2522 5728 2604 5783 sui
2633 5741 2895 5786 sanentur
2920 5729 3144 5797 inﬁrmi,
3173 5733 3314 5789 sicut
3352 5734 3683 5805 evangelista

2099 5816 2385 5873 Matthaeus
2440 5827 2625 5889 aperte
2670 5831 3108 5879 commemorat:
3171 5821 3247 5878 illi
3299 5825 3569 5882 accedunt
3616 5829 3680 5882 ut
