3898 6460
162 426 306 484 1017

1128 402 1480 480 counsur’.
1521 420 1590 477 IN
1626 416 2062 480 ΜΑπΜιυΜ,
2101 449 2173 461 -
2207 418 2335 476 LIB.
2374 420 2462 479 π.

3288 417 3431 476 1018

158 540 503 599 Salvatorem
561 549 626 592 ac
681 535 956 593 doctorem
1011 533 1258 591 veritatis
1318 533 1578 590 tentando
1647 533 1744 588 de-
1773 534 1828 594 Α
1850 532 2135 588 homicidia
2194 546 2561 602 perseverare.
2623 530 2907 602 Simulque
2972 529 3257 588 considera
3287 530 3432 601 quod

158 634 383 705 cipiunt.
432 629 617 700 Neque
651 629 754 684 hoc
813 627 1160 693 mirandum;
1201 639 1327 680 nam
1387 626 1487 681 has
1532 625 1745 680 devotio

157 724 402 796 pietatis,
430 721 549 777 illos
597 718 847 776 stimulus
884 718 1108 774 adduxit
1143 717 1352 773 livoris.
1395 719 1415 788 (
1459 714 1680 771 Hieron.
1724 716 1744 788 )

157 818 504 888 luterrogant
533 830 661 887 ergo
685 829 808 869 eum
838 822 1019 868 utrum
1044 813 1201 868 liceat
1241 812 1443 866 homini
1476 811 1749 866 dimittere

162 926 393 969 uxorem
450 923 603 966 suam
662 907 901 979 qualth
949 921 1136 972 causa,
1192 913 1255 960 ut
1311 904 1466 974 quasi
1520 912 1749 959 cornuto

167 1012 388 1061 teneant
414 1002 742 1075 syllogismo,
771 1007 827 1056 et
873 998 1229 1069 quodcunque
1278 997 1619 1067 responderit
1658 1011 1751 1052 ca-

164 1100 407 1171 ptionem
435 1096 690 1167 patiatur.
731 1093 791 1150 Si
826 1093 1024 1149 dixerit
1051 1092 1426 1147 dimittendam
1450 1105 1572 1146 esse
1590 1170 1593 1171 7
1612 1105 1749 1145 uxo-

170 1170 287 1246 rem
339 1187 579 1258 qualibet
608 1202 677 1242 ex
711 1200 897 1251 causa,
947 1192 999 1241 et
1046 1183 1323 1239 ducendas
1380 1182 1540 1248 alias,
1590 1170 1752 1252 pudi-

171 1283 314 1339 citiae
358 1281 682 1354 praedicator
728 1280 829 1335 sibi
889 1278 1157 1335 videbitur
1214 1276 1411 1332 docere
1453 1275 1747 1331 contraria.

172 1376 269 1431 Sin
299 1382 483 1431 autem
526 1374 863 1444 responderit
902 1389 1007 1429 non
1052 1385 1267 1429 omnem
1295 1370 1366 1427 ob
1394 1386 1614 1426 causam
1663 1370 1755 1425 de-

171 1471 301 1526 bere
332 1469 529 1526 dimitti
567 1467 720 1539 quasi
769 1466 1028 1537 sacrilegii
1069 1480 1196 1521 reus
1244 1464 1533 1528 tenebitur,
1583 1470 1639 1517 et
1662 1463 1758 1517 ad-

168 1578 361 1617 versus
393 1561 693 1616 doctrinam
729 1559 916 1630 Moysi,
947 1573 1011 1613 ac
1038 1573 1136 1629 per
1164 1557 1404 1629 Moysen,
1438 1555 1531 1612 Dei
1554 1555 1756 1611 facere.

174 1653 340 1721 Igitur
386 1652 645 1708 Dominus
673 1651 753 1707 sic
799 1650 1202 1720 responsionem
1242 1655 1526 1717 temperat,
1570 1655 1631 1702 ut
1665 1646 1761 1701 de-

174 1745 407 1816 cipulam
432 1753 699 1809 transeat,
740 1744 1077 1815 Scripturam
1103 1750 1347 1799 sanctam
1386 1741 1658 1797 adducens
1703 1741 1760 1795 in

176 1839 570 1905 testimonium,
596 1845 656 1893 et
698 1837 1000 1892 naturalem
1043 1836 1216 1907 legem
1271 1835 1617 1907 primamque
1662 1834 1758 1890 Dei

174 1933 519 1990 sententiam.
556 1931 817 2009 ‘Seeuudo
860 1946 1135 2001 opponens
1168 1944 1288 2000 qua:
1324 1944 1431 1984 non
1486 1928 1761 1985 voluntate

173 2028 293 2093 Dei,
324 2026 418 2083 sed
458 2025 797 2096 peccantium
835 2026 1157 2081 necessitate
1202 2038 1460 2080 concessa
1500 2033 1603 2078 est.

248 2116 350 2185 Qui
373 2117 686 2188 respondens
723 2119 797 2171 ait
823 2118 934 2172 eis:
965 2116 1088 2171 Non
1124 2116 1318 2187 legistis
1351 2116 1477 2187 quia
1520 2117 1609 2183 qui
1637 2115 1760 2185 fecit

175 2210 242 2264 ab
279 2210 434 2264 initio
493 2208 784 2264 masculum
821 2217 869 2264 et
926 2208 1174 2278 feminam
1226 2206 1347 2277 fecit
1388 2224 1494 2262 eos.
1554 2205 1666 2261 Hoc
1704 2206 1759 2260 in

170 2302 397 2357 exordio
462 2299 737 2358 Geneseos
787 2302 1050 2372 scriptum
1107 2308 1211 2357 est.
1279 2299 1516 2356 Dicendo
1573 2309 1758 2355 autem

170 2392 473 2447 masculum
525 2399 580 2447 et
633 2390 906 2456 feminam,
968 2392 1208 2447 ostendit
1254 2391 1493 2447 secunda
1537 2390 1759 2446 vitanda

171 2486 451 2556 coniugia;
482 2500 591 2540 non
630 2484 777 2540 enim
812 2486 888 2540 ait
912 2484 1213 2541 masculum
1238 2492 1294 2538 et
1331 2483 1579 2549 feminas,
1615 2483 1760 2554 quod

170 2593 238 2633 ex
269 2579 509 2648 priorum
550 2576 772 2647 repudio
808 2578 1169 2649 quaerebatur,
1217 2575 1309 2632 sed
1362 2576 1661 2631 masculum
1705 2584 1762 2632 et

171 2666 452 2733 feminam,
496 2674 553 2721 ut
605 2668 765 2723 unius
805 2669 1050 2740 conjugis
1084 2669 1357 2723 consortia
1388 2674 1756 2724 necterentur.

250 2757 319 2812 Et
376 2759 542 2813 dixit:
583 2758 807 2831 Propter
840 2761 936 2815 hoc
996 2760 1219 2814 dimittet
1255 2760 1409 2813 homo
1460 2769 1662 2830 patrem
1713 2770 1761 2815 et

176 2860 415 2917 matrem,
463 2861 512 2905 et
545 2850 830 2907 adhaerebit
873 2851 1028 2906 uxori
1053 2868 1185 2907 suae.
1241 2849 1533 2922 Signanter
1561 2852 1639 2908 ait
1681 2851 1759 2906 si-

172 2943 393 3009 militer,
425 2944 579 2998 uxori
612 2960 744 3009 sum,
778 2959 887 2999 non
916 2943 1196 2998 uxoribus.

249 3032 314 3087 Et
342 3042 494 3087 erunt
526 3034 630 3088 duo
667 3036 723 3088 in
760 3051 919 3089 carne
950 3052 1075 3092 una.
1116 3032 1307 3106 Itaque
1336 3033 1453 3104 jam
1492 3049 1599 3089 non
1636 3041 1763 3090 sunt
1811 3104 1814 3107 Α

172 3125 303 3190 duo,
342 3126 433 3180 sed
460 3143 568 3180 una
604 3143 747 3181 caro.
779 3125 798 3199 (
831 3124 1049 3199 Hilar.)
1100 3125 1389 3181 Praemium
1446 3125 1759 3197 nuptiarum

173 3223 348 3270 estex
379 3215 588 3272 duobus
630 3232 797 3271 unam
850 3231 1070 3273 carnem
1117 3214 1256 3273 fieri.
1296 3215 1533 3274 Castitas
1573 3217 1759 3289 juncta
1789 3269 1835 3294 η

1788 3270 1836 3333 (1

176 3408 356 3456 actum
392 3410 476 3458 est
499 3412 703 3459 aeterno
736 3417 802 3457 ac
836 3402 1037 3459 salubri
1074 3403 1326 3468 consilio,
1359 3411 1421 3458 ut
1460 3404 1763 3473 portionem
1801 3429 1807 3435 -

175 3308 391 3378 spiritui
437 3325 577 3364 unus
631 3308 861 3365 edicitur
931 3310 1175 3381 spiritus.
1225 3310 1626 3383 Omnipotentis
1664 3311 1761 3368 Dei

174 3495 261 3551 sui
284 3496 528 3567 corporis
545 3495 631 3551 vir
651 3496 1068 3566 amplecteretur
1091 3497 1147 3551 in
1174 3495 1397 3563 femina,
1419 3512 1519 3553 nec
1536 3513 1566 3552 a
1585 3513 1644 3553 se
1661 3513 1764 3567 pu-

176 3596 315 3644 taret
373 3603 494 3645 esse
545 3589 840 3655 diversum,
888 3588 1031 3658 quod
1088 3590 1155 3643 de
1202 3602 1260 3644 se
1308 3596 1661 3673 cognpsceret
1685 3589 1766 3644 fa-

175 3677 470 3734 hricatum.

273 3767 426 3833 Quod
472 3785 595 3840 ergo
656 3769 795 3824 Deus
832 3771 1127 3840 conjunxit,
1166 3771 1320 3825 homo
1373 3787 1479 3825 non
1536 3778 1760 3842 separet.

176 3856 198 3930 (
224 3855 440 3912 Hieron.
471 3857 490 3931 )
515 3858 669 3927 Quod
689 3873 815 3928 ergo
844 3859 987 3914 Deus
1016 3859 1294 3929 conjunxit
1329 3877 1495 3917 unam
1516 3859 1766 3919 faciendo

175 3963 396 4030 carnem
436 3948 540 4002 viri
576 3957 633 4005 et
678 3948 911 4017 feminae,
935 3950 1077 4007 hanc
1114 3953 1274 4007 homo
1326 3967 1433 4006 non
1472 3960 1651 4021 potest
1678 3968 1765 4009 se-

173 4052 387 4110 parare,
442 4038 545 4093 nisi
604 4038 829 4095 forsitan
879 4039 1025 4095 solus
1097 4041 1261 4095 Deus.
1313 4040 1489 4117 Homo
1548 4050 1766 4112 separat

176 4131 391 4202 quando
423 4140 644 4202 propter
684 4132 1008 4189 desiderium
1037 4135 1289 4190 secundae
1323 4137 1509 4192 uxoris
1528 4137 1763 4206 primam

157 4222 527 4279 'dimittimus:
565 4223 705 4279 Deus
734 4232 950 4295 separat
981 4225 1070 4294 qui
1104 4234 1158 4279 et
1189 4224 1566 4296 conjunxerat,
1592 4242 1765 4297 quan-

175 4314 247 4369 do
289 4329 355 4369 ex
389 4328 653 4369 consensu
691 4322 911 4383 propter
965 4314 1284 4369 servitutem
1329 4315 1450 4381 Dei,
1486 4330 1553 4372 eo
1618 4318 1764 4388 quod

175 4416 388 4479 tempus
431 4408 485 4462 in
524 4416 751 4477 angusto
798 4406 890 4471 sit,
924 4405 1002 4462 sic
1045 4406 1313 4473 habemus
1350 4423 1573 4476 uxores,
1602 4411 1762 4480 quasi

174 4517 282 4556 non
320 4499 598 4555 habentes.

1786 1898 1835 1958 Β

1852 624 2018 678 dixit:
2048 623 2273 694 Propter
2322 623 2577 677 duritiam
2623 622 2805 680 cordis
2832 622 2994 678 vestri
3038 637 3144 678 non
3188 622 3437 701 permisit

1850 718 2003 773 vobis
2038 718 2178 774 Deus
2210 719 2303 773 sed
2349 717 2578 789 Moyses,
2613 727 2674 773 ut
2717 718 2870 788 juxta
2919 716 3257 785 Anostolum,
3306 732 3438 775 con-

1851 808 2029 865 silium
2060 810 2132 865 sit
2169 808 2421 877 hominis,
2450 824 2558 865 non
2596 809 2883 880 imperium
2919 809 3038 867 Dei.

1926 904 2054 959 Dico
2084 912 2257 958 autem
2285 902 2446 968 vobis,
2473 904 2598 974 quia
2625 904 2916 975 quicunque
2942 903 3201 958 dimiserit
3219 919 3439 959 uxorem

1852 1017 2005 1056 suam
2038 1000 2138 1055 nisi
2171 999 2233 1053 ob
2284 998 2703 1069 fornicationem,
2726 1007 2777 1052 et
2832 997 2994 1052 aliam
3031 997 3262 1063 duxerit,
3306 1013 3435 1051 ma:-

1853 1093 2058 1156 cluuur,
2084 1101 2131 1146 et
2156 1091 2245 1162 qui
2272 1091 2541 1145 dimissam
2574 1089 2801 1154 duxerit,
2844 1090 3148 1144 moechatur.
3179 1088 3302 1144 Sola
3335 1088 3442 1153 for,-

1855 1182 2055 1237 nicatio
2098 1191 2183 1237 est
2223 1196 2343 1252 quae
2373 1182 2556 1236 uxoris
2599 1181 2784 1236 vincat
2826 1179 3096 1236 affectum.
3148 1180 3261 1235 Imo
3314 1194 3438 1235 cum

1857 1272 1944 1329 illa
1974 1289 2136 1328 unam
2176 1288 2395 1328 carnem
2426 1272 2478 1327 in
2519 1272 2745 1327 alteram
2790 1272 3079 1336 dimiserit,
3128 1282 3184 1328 et
3218 1288 3276 1328 se
3332 1273 3445 1327 for-

1858 1366 2132 1422 nicatione
2160 1366 2493 1435 separaverit
2528 1381 2558 1419 a
2589 1366 2807 1431 marito,
2836 1381 2941 1420 non
2971 1365 3129 1422 debet
3157 1367 3352 1430 teneri,
3379 1381 3448 1421 ne

1858 1462 2034 1516 virum
2062 1475 2274 1531 quoque
2322 1461 2421 1515 sub
2465 1459 2753 1514 maledicto
2807 1458 2988 1522 faciat,
3030 1459 3241 1514 dicente
3295 1458 3446 1514 Scri-

1859 1564 2061 1626 ptura:
2116 1552 2219 1619 Qui
2277 1552 2571 1608 adulteram
2625 1561 2779 1615 tenet,
2819 1550 3010 1605 stultus
3040 1561 3091 1605 et
3132 1552 3324 1622 impius
3360 1550 3450 1607 'cst

1862 1648 1882 1721 (
1916 1648 2071 1702 Prov.
2101 1644 2293 1718 xvul).
2346 1645 2515 1717 Igitur
2560 1645 2868 1713 ubicunque
2920 1641 3209 1699 fornicatio
3241 1651 3295 1696 et
3336 1641 3453 1698 for-

1864 1742 2150 1799 nicationis
2214 1740 2446 1812 suspicio
2491 1748 2594 1807 est,
2634 1738 2801 1794 libere
2849 1753 2985 1794 uxor
3023 1738 3329 1794 dimittitur.
3383 1735 3455 1795 Et

1866 1837 1991 1908 quia
2014 1843 2224 1906 poterat
2258 1834 2525 1899 accidere,
2555 1839 2617 1888 ut
2643 1833 2836 1902 aliquis
2879 1831 3202 1888 calumniam
3246 1831 3452 1889 faceret

1861 1931 2156 1997 innocenti,
2190 1940 2246 1985 et
2284 1932 2352 1984 ob
2398 1929 2690 1986 secundam
2737 1927 2981 1998 copulam
3012 1927 3320 1998 nuptiarum
3353 1942 3449 1982 ve.

1859 2024 1963 2079 teri
1988 2023 2190 2079 crimen
2236 2022 2576 2093 impingeret,
2615 2021 2694 2075 sic
2720 2021 2958 2091 priorem
2987 2020 3258 2074 dimittere
3291 2017 3449 2087 jubet

1860 2134 2108 2181 uxorem,
2147 2126 2206 2172 ut
2261 2117 2552 2172 secundam
2591 2115 2766 2184 prima
2825 2114 3039 2169 vivente
3069 2129 3174 2168 non
3230 2111 3447 2166 habeat.

1861 2210 2012 2280 Quod
2040 2210 2182 2265 enim
2229 2209 2357 2263 dicit
2385 2208 2492 2263 tale
2529 2216 2611 2263 est
2638 2227 2650 2262 :
2683 2207 2727 2263 si
2759 2222 2865 2263 non
2892 2214 3113 2276 propter
3148 2204 3448 2267 libidinem,

1862 2304 1957 2359 sed
2011 2310 2233 2374 propter
2284 2299 2535 2370 injuriam
2599 2299 2826 2355 dimittis
2860 2313 3109 2362 uxorem,
3141 2312 3310 2365 quare
3358 2311 3454 2351 ex-

1862 2402 2047 2466 pertus
2099 2390 2341 2447 infelices
2390 2391 2601 2462 priores
2642 2389 2874 2461 nuptias,
2930 2402 3194 2443 novarum
3238 2395 3292 2440 te
3350 2386 3454 2440 im-

1861 2483 2036 2541 mittis
2077 2479 2492 2553 periculo?Nec
2530 2496 2639 2535 non
2673 2480 2799 2550 quia
2844 2487 3059 2550 poterat
3105 2478 3345 2543 evenire,
3394 2483 3454 2531 ut

1855 2575 2011 2647 juxta
2052 2574 2299 2631 eamdem
2328 2574 2499 2643 legem
2546 2587 2685 2628 uxor
2706 2587 2921 2642 quoque
2947 2571 3145 2626 marito
3172 2571 3326 2626 daret
3354 2583 3447 2624 re—

1860 2668 2104 2738 pudium,
2135 2667 2322 2722 eadem
2360 2664 2570 2720 cautela
2611 2664 2924 2736 praecipitur
2951 2678 3019 2719 ne
3044 2662 3340 2719 secundum
3363 2676 3456 2718 ac-

1863 2758 2028 2828 cipiat
2081 2757 2278 2811 virum.
2322 2752 2342 2827 (
2383 2754 2518 2809 Ras.
2556 2755 2576 2826 )
2624 2755 2693 2810 Et
2744 2755 2871 2824 quia
2924 2753 3188 2810 meretrix
3224 2762 3279 2808 et
3333 2766 3456 2822 qua!

1865 2849 2031 2907 semel
2058 2847 2235 2904 fuerat
2272 2846 2513 2902 adultera
2557 2847 2906 2916 opprobrium
2945 2861 3053 2901 non
3086 2845 3331 2910 timebat,
3369 2857 3458 2902 se-

1864 2940 2039 2997 cundo
2095 2940 2403 3010 praecipitur
2440 2938 2579 3004 viro,
2607 2937 2749 3007 quod
2790 2938 2838 2993 si
2865 2937 3027 2992 talem
3079 2935 3314 2999 duxerit,
3354 2936 3456 2991 sub

1865 3031 2117 3088 adulterii
2165 3031 2394 3086 crimine
2434 3030 2540 3096 sit;
2571 3045 2679 3083 una
2703 3044 2835 3100 ergo
2863 3026 3198 3084 solummodo
3219 3026 3457 3083 carnalis

1864 3132 2159 3189 estcausa,
2204 3122 2259 3176 id
2293 3129 2398 3187 cst,
2433 3119 2742 3188 fomicatio,
2774 3136 2882 3175 una
2931 3119 3212 3190 spiritalis,
3246 3119 3298 3174 id
3348 3129 3456 3186 est,

1865 3215 2031 3270 timor
2080 3213 2196 3275 Dei,
2242 3221 2303 3267 ut
2359 3226 2495 3268 uxor
2549 3206 2875 3277 dimittatur,
2927 3210 3070 3266 sicut
3121 3209 3275 3264 multi
3322 3211 3450 3266 reli-

1866 3304 2229 3377 gionis‘causa
2257 3302 2450 3358 fecisse
2486 3302 2756 3374 leguntur.
2800 3300 2955 3356 Nulla
2985 3308 3165 3357 autem
3187 3315 3349 3357 causa
3375 3309 3463 3357 est

1865 3393 1961 3449 Dei
2005 3393 2123 3464 lege
2164 3394 2481 3465 praescripta
2505 3401 2566 3447 ut
2606 3393 2823 3448 vivente
2864 3407 2929 3448 ea
2973 3407 3093 3463 quae
3144 3391 3331 3447 relicta
3375 3397 3463 3448 est

1866 3485 1972 3540 alia
2022 3485 2249 3541 ducatur

1938 3579 2130 3634 Dicunt
2163 3580 2210 3634 ei
2253 3578 2498 3650 discipuli
2525 3578 2641 3650 ejus
2671 3592 2690 3631 :
2723 3575 2785 3633 Si
2817 3578 2892 3633 ita
2920 3585 2996 3632 est
3037 3594 3199 3633 causa
3229 3575 3459 3634 hominis

1866 3688 1984 3725 cum
2011 3687 2196 3737 uxore,
2228 3688 2333 3726 non
2369 3671 2575 3740 expedit
2617 3670 2828 3726 nubere.
2874 3671 2893 3741 (
2936 3669 3158 3726 Hieron.
3210 3669 3231 3744 )
3277 3667 3462 3728 Grave

1862 3763 2076 3832 pondus
2126 3776 2355 3816 uxorum
2390 3769 2472 3816 est
2508 3761 2573 3825 si,
2602 3768 2825 3832 excepta
2862 3776 3027 3817 causa
3054 3759 3460 3829 fornicationis,

1865 3870 1960 3911 eas
2004 3871 2112 3910 non
2179 3854 2307 3910 licet
2353 3854 2645 3909 dimittere.
2709 3853 2849 3922 Quid
2894 3853 3039 3910 enim
3068 3853 3114 3910 si
3167 3852 3463 3911 temulenta

1864 3948 2050 4012 fuerit,
2094 3948 2138 4003 si
2186 3947 2463 4013 iracunda,
2503 3947 2549 4002 si
2596 3948 2751 4004 malis
2786 3948 3052 4015 moribus,
3083 3948 3131 4004 si
3158 3948 3462 4018 luxuriosa,

1866 4041 1911 4098 si
1939 4040 2146 4113 gulosa,
2175 4041 2221 4096 si
2249 4054 2407 4112 vaga,
2445 4040 2490 4095 si
2512 4039 2803 4111 jurgatrix,
2834 4048 2891 4096 et
2915 4038 3193 4104 maledica,
3229 4041 3462 4096 tenenda

1865 4134 1971 4188 erit
2013 4132 2315 4203 ejusmodi,
2372 4131 2599 4187 velimus
2656 4131 2886 4187 nolimus
2931 4131 3263 4187 sustinenda.
3324 4129 3462 4187 Cum

1865 4228 2009 4283 enim
2049 4243 2291 4285 essemus
2328 4227 2504 4292 liberi,
2541 4226 2844 4282 voluntarie
2867 4242 2966 4282 nos
2993 4223 3319 4292 subiecimus
3348 4238 3462 4279 ser-

1866 4319 2042 4374 vituti.
2093 4319 2349 4374 Videntes
2379 4334 2510 4391 ergo
2550 4316 2777 4389 apostoli
2803 4331 2964 4388 grave
2992 4331 3221 4371 uxorum
3246 4315 3459 4385 jugum,

1867 4411 2151 4483 proferunt
2185 4419 2389 4466 motum
2434 4411 2600 4466 animi
2648 4409 2753 4475 sui,
2799 4417 2856 4464 et
2896 4410 3128 4465 dicunt:
3159 4406 3221 4464 Si
3267 4408 3343 4461 ita
3382 4416 3457 4461 est

1868 4518 2030 4557 causa
2068 4502 2293 4556 hominis
2325 4517 2445 4555 cum
2477 4516 2676 4566 uxore,
2716 4515 2821 4553 non
2855 4498 3061 4568 expedit
3105 4497 3316 4552 nubere.

245 4580 441 4690 Picun't
473 4588 604 4690 illius
636 4587 926 4690 Quidler-go
972 4588 1181 4690 Mpyses
1232 4591 1508 4690 mandavit
1544 4591 1665 4690 dari
1702 4593 1766 4647 li-
1790 4630 1845 4690 Β
1943 4591 2047 4690 Qui
2083 4589 2399 4690 dixit:Non
2414 4606 2621 4690 ‘omnes
2662 4589 2883 4690 cupiunt
2915 4587 3126 4690 verbum
3163 4586 3343 4690 istud,‘
3368 4585 3460 4690 sed

174 4679 364 4735 bellum
401 4678 627 4751 repudii,
657 4687 706 4734 et
740 4678 1047 4735 dimittere?
1083 4681 1349 4750 Aperiunt
1412 4679 1760 4746 calumniam,

174 4789 339 4844 quam
364 4778 708 4845 paraverant.
751 4771 817 4827 Et
845 4781 991 4829 certe
1024 4772 1286 4829 Dominus
1342 4789 1449 4829 non
1489 4775 1765 4845 propriam

173 4865 497 4920 sententiam
534 4863 850 4934 pretulerat,
888 4863 981 4919 sed
1006 4863 1207 4919 veteris
1245 4864 1486 4921 historiae
1526 4872 1580 4921 et
1617 4881 1769 4922 mau-

172 4959 420 5013 datorum
463 4955 640 5012 fuerat
675 4956 986 5012 recordatus
1013 4956 1132 5013 Dei.

245 5049 333 5102 Ait
371 5047 479 5102 illis
517 5062 536 5101 :
585 5046 847 5115 Quoniam
887 5046 1093 5119 Moyses
1151 5047 1221 5102 ad
1282 5048 1536 5103 duritiam
1584 5049 1762 5105 cordis

175 5143 329 5199 vestri
365 5141 601 5215 permisit
660 5140 798 5195 vobis
858 5140 1118 5195 dimittere
1171 5156 1361 5195 uxores
1423 5149 1652 5197 vestras:
1698 5141 1763 5196 ab

173 5236 325 5291 initio
354 5243 530 5291 autem
568 5233 797 5303 nonfuit
829 5234 924 5288 sic.
961 5232 1115 5301 Quod
1153 5233 1283 5288 dicit
1312 5232 1628 5289 istiusmodi
1656 5241 1760 5290 est:

176 5326 429 5399 Nunquid
465 5332 644 5398 potest
671 5324 816 5380 Deus
860 5325 960 5381 sibi
992 5341 1114 5382 esse
1158 5326 1484 5393 contrarius,
1514 5335 1575 5382 ut
1617 5327 1766 5382 aliud

178 5426 306 5475 ante
358 5416 603 5490 jusserit,
654 5423 709 5470 et
762 5416 1083 5471 sententiam
1140 5431 1295 5471 suam
1352 5431 1493 5471 novo
1552 5416 1769 5489 frangat

179 5508 406 5578 imperio
427 5506 452 5561 ?
472 5505 590 5560 Non
630 5504 702 5560 ita
741 5504 1078 5559 sentiendum
1107 5514 1212 5561 est.
1252 5505 1360 5561 Sed
1394 5505 1606 5579 Moyses
1639 5521 1767 5561 cum

178 5601 393 5656 videret
428 5606 650 5671 propter
691 5597 1017 5653 desiderium
1066 5601 1421 5655 secundarum
1472 5599 1767 5672 coniugum

179 5708 299 5760 quae
322 5689 404 5745 vel
431 5689 675 5753 ditiores,
698 5688 778 5742 vel
799 5687 1063 5759 juniores,
1080 5688 1166 5743 vel
1193 5690 1531 5760 pulchriores
1554 5700 1766 5759 essent,

180 5783 383 5853 primas
410 5796 606 5837 uxores
633 5790 729 5836 aut
773 5778 1028 5847 interfici,
1078 5790 1171 5835 aut
1209 5782 1406 5837 malam
1461 5782 1626 5838 vitam
1662 5782 1767 5836 du-

183 5892 328 5943 cere,
386 5874 576 5931 maluit
614 5873 893 5947 indulgere
941 5873 1267 5932 discordiam
1313 5891 1476 5947 quam
1530 5876 1657 5931 odia
1710 5882 1770 5931 et

1867 4683 2053 4756 quibus
2083 4682 2266 4737 datum
2291 4690 2386 4735 est.
2414 4678 2585 4735 Nemo
2620 4686 2773 4750 putet
2801 4678 2905 4733 sub
2931 4678 3036 4733 hoc
3064 4677 3232 4732 verbo
3260 4675 3346 4730 vel
3376 4674 3456 4729 fa-

1870 4782 2008 4835 tum,
2031 4772 2114 4826 vel
2152 4771 2423 4826 fortunam
2463 4769 2754 4834 introduci,
2781 4768 2925 4839 quod
2973 4767 3027 4822 hi
3070 4766 3180 4823 sint
3224 4765 3461 4835 virgines

1870 4864 2066 4934 quibus
2092 4881 2120 4918 a
2147 4862 2259 4918 Deo
2299 4862 2484 4916 datum
2522 4861 2622 4926 sit,
2648 4867 2741 4915 aut
2768 4850 3037 4939 quosdam
3055 4859 3121 4913 ad
3154 4858 3258 4913 hoc
3299 4872 3460 4912 casus

1871 4955 2176 5013 adduxerit.
2212 4952 2318 5008 Sed
2346 4953 2430 5008 his
2461 4953 2643 5008 datum
2668 4959 2752 5006 est
2781 4950 2874 5021 qui
2916 4951 3213 5021 petierunt,
3242 4949 3334 5019 qui
3360 4964 3460 5003 vo-

1870 5047 2117 5112 luerunt,
2140 5044 2233 5115 qui
2261 5052 2323 5099 ut
2349 5043 2658 5114 acciperent
2682 5041 3082 5098 laboraverunt.
3128 5038 3287 5096 Omni
3312 5039 3457 5095 enim

1871 5138 2076 5211 petenti
2105 5137 2343 5203 dabitur,
2370 5145 2426 5192 et
2452 5149 2702 5206 quaerens
2723 5132 2959 5188 inveniet
2986 5139 3042 5188 et
3066 5130 3305 5204 pulsanti
3331 5145 3459 5202 ape-

1874 5231 2062 5286 rietur.

1946 5322 2083 5379 Sunt
2104 5322 2241 5377 enim
2261 5320 2483 5377 eunuchi
2508 5319 2597 5392 qui
2620 5318 2685 5372 de
2704 5319 2888 5373 matris
2908 5325 3055 5372 utero
3072 5315 3149 5371 sic
3179 5314 3290 5370 nati
3311 5325 3456 5382 sunt,

1873 5423 1922 5471 et
1951 5424 2073 5470 sunt
2117 5414 2339 5469 eunuchi
2366 5414 2455 5484 qui
2484 5413 2611 5482 facti
2651 5420 2772 5466 sunt
2801 5410 2865 5465 ab
2910 5409 3227 5475 hominibus,
3254 5419 3302 5463 et
3332 5417 3455 5465 sunt

1873 5506 2097 5563 eunuchi
2123 5506 2212 5576 qui
2242 5505 2436 5575 seipsos
2460 5510 2814 5557 castraverunt
2831 5509 3040 5572 propter
3070 5515 3281 5571 regnum
3304 5499 3455 5553 caelo-

1874 5618 2011 5657 rum.
2042 5601 2256 5672 Triplex
2278 5613 2447 5669 genus
2472 5598 2864 5663 cunuchorum,
2892 5595 3121 5651 duorum
3151 5594 3450 5653 carnalium

1869 5700 1926 5750 et
1954 5693 2169 5748 tertium
2198 5689 2458 5761 spiritale.
2488 5687 2601 5743 Alii
2624 5696 2753 5743 sunt
2768 5689 2860 5759 qui
2883 5688 2951 5743 de
2972 5695 3126 5742 utero
3157 5686 3345 5741 matris
3374 5685 3454 5740 sic

1870 5791 2194 5848 nascuntur;
2225 5780 2312 5835 alii
2362 5779 2446 5835 vel
2473 5794 2609 5850 quos
2647 5779 2988 5850 captivitates
3018 5779 3224 5834 faciunt
3250 5776 3334 5831 vel
3350 5777 3447 5831 de-
3476 5784 3487 5793 '

1869 5874 2006 5930 licia:
2030 5872 2389 5937 matronales;
2423 5869 2568 5926 tertii
2589 5877 2717 5926 sunt
2737 5871 2830 5940 qui
2849 5872 3056 5940 seipsos
3074 5875 3452 5924 castraverunt
