3898 6460
569 414 715 484 ιθιο

1240 419 1300 475 Β.
1342 412 1600 475 RABANI
1638 412 1858 474 MAURI
1895 409 2214 474 ARCHIII}.
2251 410 2555 475 MOGUNT.
2596 409 2884 475 OPERUM
2918 416 3097 474 PARS
3131 414 3175 473 ῐ.
3608 420 3697 493 tm

558 547 784 615 propter
828 549 1051 608 regnum
1101 534 1361 590 emtorum
1380 573 1394 598 ,
1428 540 1482 588 et
1510 533 1601 602 qui
1631 547 1751 587 cum
1779 540 1998 602 possent
2029 545 2151 587 esse
2176 533 2229 593 Α
2253 533 2424 599 boias,
2451 535 2542 590 sed
2569 541 2753 606 aperte
2777 536 2971 605 quibus
2994 551 3214 607 operum
3241 537 3432 597 melius
3452 541 3698 608 mm

560 636 686 699 viri,
713 639 933 704 propter
956 628 1229 683 Christum
1257 624 1489 680 eunuchi
1527 624 1664 678 fiunt
1689 643 1699 678 :
1731 624 1849 680 istis
1873 624 2135 695 promitti-

564 736 653 783 tur
679 724 989 797 praamium;
1022 716 1393 790 superioribus
1434 724 1612 771 autem
1651 716 1847 785 quibus
1891 715 2146 770 castimo—

562 820 664 874 nia:
694 816 986 872 necessitas
1012 828 1119 867 non
1147 812 1393 867 voluntas
1419 818 1525 875 est,
1552 810 1685 865 nihil
1713 810 1933 866 omnino
1979 811 2143 865 debe-

564 916 668 964 tur.
684 907 975 962 Possumus
986 913 1044 960 et
1061 904 1221 959 aliter
1240 904 1440 969 dicere,
1463 903 1692 957 eunuchi
1717 911 1844 958 sunt
1862 918 1928 957 ex
1954 904 2144 959 matris

560 1009 716 1054 utero
745 1000 838 1069 qui
865 1005 991 1053 sunt
1020 996 1317 1067 frigidioris
1364 1006 1589 1061 natum,
1620 1011 1720 1050 nec
1746 994 2024 1050 libidinem
2048 1010 2145 1065 ap-

558 1100 827 1162 petentes,
855 1098 909 1146 et
943 1090 1105 1159 aliqui
1137 1090 1205 1143 ab
1235 1088 1544 1144 hominibus
1584 1086 1719 1141 ﬁunt
1743 1102 1880 1158 quos
1909 1095 2003 1143 aut
2026 1087 2147 1158 phi-

560 1186 768 1254 losophi
807 1183 1030 1247 faciunt,
1055 1188 1149 1235 aut
1176 1187 1401 1250 propter
1446 1179 1711 1233 idolorum
1737 1180 1942 1235 cultum
1973 1178 2143 1233 emol-

561 1278 764 1331 liuntur
784 1276 838 1329 in
860 1274 1108 1339 feminas,
1133 1272 1211 1327 vel
1242 1273 1591 1344 persuasione
1612 1271 1865 1325 haeretica
1889 1270 2144 1325 simulant

561 1368 900 1431 charitatem,
929 1374 990 1419 ut
1019 1366 1347 1419 mentiantur
1374 1363 1650 1435 religionis
1696 1362 2013 1427 veritatem;
2047 1361 2143 1416 sed

559 1462 737 1520 nullus
772 1477 956 1516 eorum
984 1460 1333 1528 consequitur
1359 1475 1581 1529 regnum
1604 1459 1886 1524 caelorum,
1920 1459 2021 1514 nisi
2050 1458 2142 1529 qui

560 1573 619 1613 se
645 1564 864 1626 propter
889 1554 1161 1609 Christum
1193 1553 1533 1607 castraverit.
1569 1552 1721 1607 Unde
1762 1553 1923 1607 infert
1949 1571 1961 1606 :

633 1649 737 1716 Qui
762 1657 923 1719 potest
959 1664 1139 1717 capere
1170 1649 1363 1717 capiat.
1410 1646 1481 1701 Ut
1508 1646 1873 1715 unusquisque
1898 1645 2145 1701 conside-

560 1749 642 1796 ret
672 1741 813 1795 vires
843 1755 987 1805 suas,
1026 1747 1206 1793 utrum
1251 1738 1423 1808 possit
1460 1738 1742 1807 virginalis
1784 1749 1838 1792 et
1872 1739 2144 1808 pudicitiae

560 1831 780 1902 implere
808 1843 1094 1904 prmcepta.
1128 1835 1230 1889 Per
1256 1850 1315 1891 se
1345 1835 1490 1889 enim
1520 1836 1758 1889 eharitas
1797 1835 1988 1889 blanda
2034 1843 2137 1900 est,

557 1936 612 1981 et
638 1900 933 1996 quemlibet
954 1900 1018 1982 ad
1045 1944 1103 1983 se
1132 1928 1406 1995 alliciens;
1440 1928 1533 1983 sed
1562 1929 1968 1984 considerandae
2002 1929 2141 1982 vires
2170 1900 2216 1960 Β

557 2026 704 2083 sunt,
735 2028 791 2072 ut
818 2020 909 2088 qui
933 2028 1096 2089 potest
1119 2037 1299 2090 capere
1326 2021 1517 2090 capiat.
1552 2020 1714 2088 Quasi
1745 2021 2013 2076 hortantis
2040 2036 2143 2075 vox

557 2110 767 2166 Domini
809 2121 911 2178 est,
944 2123 998 2168 et
1038 2116 1237 2169 milites
1283 2129 1410 2170 suos
1456 2116 1521 2169 ad
1552 2115 1824 2185 pudicitiae
1861 2115 2145 2184 prmmium

557 2204 876 2261 concitantis
902 2220 916 2260 :
939 2206 1042 2273 Qui
1070 2218 1235 2279 potest
1263 2226 1445 2279 capere
1469 2209 1659 2280 capiat.
1695 2209 1795 2277 Qui
1838 2216 2016 2278 potest
2046 2223 2146 2278 pu-

554 2311 719 2366 gnare
744 2307 963 2369 pugnet,
992 2308 1210 2371 superet
1235 2308 1291 2355 et
1317 2301 1632 2371 triumphet.

627 2390 714 2463 [ll]
747 2392 890 2448 Tunc
916 2394 1076 2448 oblati
1108 2406 1227 2450 sunt
1250 2397 1298 2450 ei
1327 2395 1553 2466 parvuli,
1581 2404 1638 2450 ut
1666 2412 1856 2450 manus
1881 2395 1953 2450 eis
1979 2397 2147 2465 impo-

556 2496 695 2539 neret
744 2494 791 2540 et
821 2498 1015 2542 oraret.
1070 2488 1237 2553 Tunc,
1268 2489 1484 2558 quando
1508 2488 1769 2545 Dominus
1802 2490 1868 2544 de
1892 2490 2146 2544 castitate

561 2576 790 2632 faciebat
806 2594 1136 2649 sermonem,
1152 2591 1204 2635 et
1224 2581 1413 2637 beatos
1436 2582 1819 2653 pronuntiabat
1842 2585 2138 2639 eunuchos.

556 2665 634 2721 De
664 2668 829 2738 gloria
852 2671 995 2725 enim
1018 2673 1361 2729 continentiae
1384 2673 1613 2729 Domino
1639 2675 1948 2746 proferente
1976 2686 2145 2753 atque

557 2756 802 2826 dicente,
835 2767 962 2816 sunt
1004 2763 1097 2832 qui
1153 2780 1212 2820 se
1255 2767 1617 2821 eunuchizant
1662 2774 1885 2837 propter
1917 2784 2144 2840 regnum

556 2846 836 2903 cmlormn.
872 2851 1165 2909 Audientes
1207 2854 1425 2923 quidam
1469 2855 1779 2910 obtulerunt
1802 2856 1881 2910 eis
1910 2856 2143 2912 infantes

553 2953 752 3009 pueros
773 2940 837 2996 de
859 2944 1107 2999 castitate
1132 2945 1533 3001 mundissimos.
1551 2944 1819 3001 Putabant
1842 2946 1985 3002 enim
2002 2947 2143 3018 quod

557 3026 815 3085 Dominus
859 3046 1086 3102 corpore
1125 3036 1354 3091 mundos
1405 3044 1610 3091 tantum
1647 3037 1893 3092 laudaret
1936 3054 2045 3093 non
2091 3045 2146 3095 et

553 3118 851 3187 voluntate,
885 3123 1184 3180 nescientes
1210 3126 1353 3196 quod
1385 3126 1641 3183 Dominus
1681 3145 1786 3183 non
1816 3129 1937 3185 illos
1972 3130 2144 3186 beati-

2249 642 2372 681 nam
2399 629 2653 697 consequi
2688 629 2877 697 possit,
2913 629 3127 699 exponi.

2320 720 2462 788 Quid
2490 721 2623 775 dixit
2654 723 2702 774 ei
2725 739 2743 775 :
2768 721 2909 787 Quid
2938 740 3017 779 me
3055 725 3336 795 interrogas
3358 726 3415 782 de
3440 730 3547 787 bona
3563 734 3591 801 ff
3610 736 3699 800 lim

2248 821 2323 867 est
2353 812 2515 866 bonus
2549 812 2707 867 Deus.
2735 813 3005 885 (Hieron.)
3032 814 3167 883 Quia
3195 819 3483 889 magistrum
3507 839 3697 890 vocaverat

2246 907 2470 972 bonum,
2498 915 2552 961 et
2583 923 2686 962 non
2722 908 2885 961 Deum
2917 907 2998 962 vel
3028 908 3122 963 Dei
3168 909 3351 965 Filium
3376 913 3600 973 confessus
3617 938 3697 983 erat,

2248 1001 2409 1056 discit
2437 1001 2680 1072 quamvis
2719 1007 2963 1055 sanetum
2996 1002 3264 1056 hominem
3307 986 3698 1075 comparationem

2246 1109 2355 1149 non
2403 1108 2523 1149 esse
2564 1109 2783 1149 bonum.
2817 1093 2894 1147 De
2932 1110 3038 1163 quo
3086 1093 3310 1148 dicitur:
3340 1094 3612 1165 Con/itemisi
3637 1103 3699 1157 Do-

2247 1186 2407 1251 mino,
2448 1185 2694 1256 quoniam
2742 1185 2905 1238 bonus
2933 1183 3107 1256 (Psal.
3159 1185 3342 1255 cxvii).
3371 1184 3438 1241 Ne
3474 1188 3569 1258 quis
3590 1204 3697 1249 autem

2246 1288 2397 1350 putet
2422 1280 2475 1333 in
2507 1293 2573 1333 eo
2600 1278 2740 1347 quod
2772 1279 2946 1333 bonus
2980 1277 3123 1331 Deus
3154 1279 3347 1332 dicitur
3369 1280 3544 1335 excludi
3568 1298 3590 1335 a
3610 1286 3697 1339 boni-

2248 1382 2357 1428 tate
2382 1372 2578 1428 Filium
2610 1373 2700 1427 Dei
2722 1414 2736 1437 ,
2772 1371 3002 1442 legimus
3030 1372 3084 1425 in
3118 1370 3222 1425 alio
3251 1372 3396 1426 loco:
3424 1371 3577 1428 Pastor
3604 1379 3696 1432 bona:

2247 1467 2391 1536 ponit
2425 1466 2653 1518 animum
2678 1481 2827 1517 suam
2871 1482 2963 1534 pro
2997 1465 3175 1517 ovibus
3204 1467 3309 1517 suis
3332 1466 3491 1534 (Aloan.
3525 1468 3583 1530 xl.
3613 1472 3695 1524 Elin

2246 1554 2510 1626 Propheta
2562 1554 2821 1626 Spiritum
2846 1556 3043 1608 bonum
3077 1562 3377 1624 terramque
3404 1558 3577 1611 bonam.
3600 1558 3694 1629 igitur

2247 1653 2301 1700 et
2352 1646 2598 1700 Salvator
2636 1659 2741 1699 non
2790 1646 3047 1699 bonitatis
3099 1646 3446 1701 testimonium
3483 1651 3692 1711 reuulsa}

2248 1738 2487 1810 magistri
2521 1739 2722 1807 absque
2751 1737 2861 1790 Deo
2885 1737 3114 1791 exclusit
3143 1752 3396 1791 errorem.

2321 1828 2379 1884 Si
2402 1839 2575 1884 autem
2603 1832 2675 1882 vis
2700 1828 2767 1887 ad
2792 1830 2946 1883 vitam
2968 1829 3196 1899 ingredi,
3217 1846 3357 1883 serra
3379 1831 3596 1884 mandata.
3618 1832 3695 1885 Diri!

2244 1923 2321 1979 illi
2344 1923 2512 1989 :Qute
2530 1924 2553 1976 ξ’
2571 1921 2727 1977 Iesus
2751 1932 2923 1977 autem
2945 1922 3082 1975 dixit
3107 1937 3125 1976 ε
3144 1922 3265 1976 Non
3288 1923 3575 1975 homicidium
3589 1924 3695 1992 facie,

2244 2032 2345 2069 non
2393 2014 2736 2079 adulterabis,
2768 2029 2872 2067 non
2906 2013 3069 2083 facies
3105 2014 3332 2083 furtum,
3372 2024 3463 2067 non
3496 2014 3696 2083 falsumu-

2244 2111 2544 2165 stimonium
2571 2111 2728 2165 dices.
2760 2106 2979 2165 Honora
3006 2118 3212 2183 patrem
3233 2118 3280 2164 et
3304 2120 3514 2174 matrem,
3538 2111 3693 2181 etdiliya

2242 2206 2539 2277 proximum
2583 2215 2729 2259 tuum
2759 2205 2892 2259 sicut
2917 2214 2964 2259 te
2987 2206 3183 2275 ipsum.
3215 2201 3571 2260 Adulescentes!
3606 2206 3694 2258 istum

2246 2304 2567 2351 tentatorem
2607 2310 2727 2350 esse
2770 2312 2836 2351 ex
2866 2310 2931 2351 eo
2960 2293 3197 2364 probam
3240 2309 3511 2365 possumus,
3537 2294 3691 2363 quotidi.

2244 2397 2401 2446 cente
2426 2389 2529 2444 sibi
2555 2389 2798 2451 Jomino,
2831 2384 2891 2443 Si
2920 2389 2995 2442 vis
3022 2387 3094 2440 ad
3117 2387 3273 2440 vitam
3295 2387 3465 2449 pertire,
3487 2402 3594 2439 sem
3610 2404 3692 2437 ass-

2243 2486 2392 2550 data,
2423 2496 2636 2538 rursum
2685 2482 3054 2537 fraudulenter
3082 2481 3391 2551 interregat,
3419 2493 3517 2548 qua!
3549 2477 3621 2532 sia!
3648 2476 3692 2529 iii)

2244 2578 2519 2641 mandata,
2545 2575 2698 2646 quasi
2734 2590 2842 2628 non
2869 2574 2984 2645 ipse
3010 2572 3225 2644 legerit,
3254 2583 3341 2627 aut
3377 2570 3582 2626 Dominus
3599 2568 3692 2639 possit

2244 2667 2356 2722 Deo
2377 2665 2571 2736 jubere
2603 2666 2903 2720 contraria.

2314 2762 2451 2816 Dicit
2498 2760 2576 2814 illi
2622 2759 2921 2813 adolescens
2944 2755 3182 2812 :Omnia
3222 2756 3330 2811 hac
3375 2760 3597 2815 custosm,
3625 2748 3691 2821 ad

2244 2855 2417 2909 adhuc
2440 2852 2569 2907 mihi
2603 2852 2786 2906 deest?
2812 2850 3075 2905 Mentitur
3101 2849 3432 2911 adolescens;
3461 2845 3497 2899 si
3523 2843 3619 2899 enim
3638 2842 3690 2894 hu

2243 2947 2386 3017 quod
2439 2946 2674 3016 positum
2731 2952 2814 2999 est
2862 2944 2916 2997 in
2970 2939 3482 3009 mandatis:Diliges
3503 2937 3688 3008 prosim

2244 3047 2391 3093 tuum
2434 3037 2566 3091 sicut
2615 3044 2666 3090 te
2705 3036 2904 3106 ipsum,
2953 3048 3119 3105 opere
3168 3031 3493 3103 complesset,
3529 3027 3689 3098 quotins

2242 3139 2428 3204 postea
2452 3129 2705 3186 audiens:
2727 3128 2889 3194 Vade,
2906 3138 2953 3182 et
2976 3128 3139 3183 vende
3158 3127 3330 3182 omnia
3347 3141 3451 3198 quae
3469 3123 3598 3186 habet,
3613 3130 3643 3173 et
3655 3117 3689 3171 lt

555 3208 740 3267 ticavit
765 3216 1066 3283 eunuchos,
1093 3233 1228 3288 quos
1265 3221 1512 3290 pueritia:
1552 3222 1847 3279 necessitas
1886 3222 2017 3280 facit
2051 3240 2140 3281 ca-
2171 3268 2219 3333 Ο
2245 3223 2578 3296 pauperibus,
2604 3224 2776 3279 tristis
2796 3222 3042 3287 recessit,
3066 3221 3197 3292 quia
3219 3219 3435 3275 habebat
3452 3212 3689 3288 possessionis

555 3311 665 3333 ulna
706 3307 800 3333 ..ιυι
830 3310 1169 3333 -....s:_-_.:..
1199 3313 1370 3333 μεμλ---
2286 3332 2291 3333 ,
2342 3315 2375 3333 ι.
2395 3331 2403 3333 ξ
2426 3332 2433 3333 ,

554 3311 687 3371 stos,
706 3307 800 3361 sed
827 3310 1173 3367 continentiae
1199 3313 1392 3369 virtus.

623 3398 883 3471 Discipuli
929 3413 1103 3458 autem
1146 3407 1483 3477 increpabant
1526 3426 1633 3464 eos.
1681 3406 1975 3483 (Hierom)
2025 3409 2144 3468 Non

554 3491 697 3560 quod
721 3491 922 3548 nollent
947 3495 1027 3551 eis
1057 3495 1354 3555 Salvatoris
1376 3507 1429 3556 et
1453 3516 1615 3555 manu
1641 3510 1695 3556 et
1721 3517 1853 3557 voce
1873 3502 2143 3571 benedici,

554 3583 647 3638 sed
682 3597 790 3654 quo
817 3587 1045 3642 necdum
1086 3588 1347 3646 habentes
1375 3590 1740 3662 plenissimam
1773 3590 1931 3648 ﬁdem
1952 3636 1965 3659 ,
1995 3602 2149 3664 puta-

556 3684 678 3730 rent
701 3692 821 3731 eum
852 3679 905 3732 in
940 3680 1344 3738 similitudinem
1368 3683 1647 3738 hominum
1678 3682 2016 3739 oﬂ‘ercntiam
2044 3684 2146 3739 im-

553 3770 886 3838 portunitate
917 3769 1125 3826 lassari.

623 3861 777 3916 Iesus
807 3878 928 3917 vero
954 3864 1029 3917 ait
1058 3865 1132 3920 eis
1156 3881 1174 3919 :
1197 3864 1368 3921 Sinite
1396 3865 1642 3938 parvulos
1667 3866 1840 3921 venire
1861 3865 1932 3920 ad
1966 3881 2069 3931 me,
2096 3875 2146 3920 et

553 3954 710 4010 nolite
743 3973 828 4011 eos
869 3957 1139 4027 prohibere
1183 3960 1251 4013 ad
1296 3976 1378 4014 me
1417 3961 1589 4014 venire
1617 3959 1845 4014 :talium
1892 3971 1967 4013 est
2006 3959 2145 4013 enim

552 4060 770 4117 regnum
792 4047 1057 4101 calorum.
1087 4048 1378 4117 Signanter
1401 4051 1537 4105 dixit
1556 4051 1741 4105 talium
1770 4068 1877 4107 nou
1899 4051 2141 4116 istorum,

556 4139 617 4186 ut
642 4132 951 4189 ostenderet
979 4151 1084 4189 non
1108 4144 1320 4191 aetatem
1347 4154 1595 4209 regnare,
1619 4140 1713 4194 sed
1736 4154 1936 4195 mores.
1971 4140 2037 4195 Et
2059 4140 2146 4195 his

556 4223 648 4291 qui
690 4223 921 4279 similem
952 4224 1215 4281 haberent
1256 4228 1621 4283 innocentiam
1651 4238 1705 4283 et
1741 4231 2145 4301 simplicitatem

554 4318 836 4387 praemium
887 4317 1187 4391 repromitti
1216 4321 1507 4393 :Apostolo
1543 4338 1755 4393 quoque
1800 4325 1853 4379 in
1896 4324 2144 4379 eamdem

554 4411 877 4466 sententiam
904 4422 1236 4483 congruente
1276 4413 1624 4485 frequenter:
1653 4414 1832 4469 Nolite
1859 4416 2007 4486 pueri
2030 4414 2149 4483 ﬁeri

2248 3315 2461 3372 multas.

2316 3408 2402 3462 Ait
2449 3407 2530 3462 illi
2575 3406 2733 3463 Iesus
2756 3424 2775 3463 :
2802 3405 2862 3463 Si
2904 3407 2982 3462 vis
3029 3414 3290 3477 per,ectus
3334 3417 3446 3464 esse,
3473 3391 3690 3460 eadem“!

2246 3516 2362 3570 quat
2408 3500 2585 3565 babes,
2625 3508 2674 3555 et
2717 3499 2788 3554 da
2826 3497 3161 3570 pauperibus,
3191 3505 3242 3552 et
3274 3493 3463 3549 habebis
3502 3489 3687 3543 them"!

2247 3592 2302 3647 in
2344 3591 2491 3647 calo.
2526 3592 2597 3646 Et
2616 3593 2765 3656 'veni,
2788 3608 3002 3664 sequere
3024 3606 3127 3645 me.
3159 3590 3216 3645 In
3241 3594 3484 3661 potestate
3506 3588 3628 3636 nostra
3645 3578 3688 3625 (5⁸
3748 3632 3749 3639 η

2245 3694 2429 3740 utrum
2467 3685 2696 3741 velimus
2722 3700 2843 3741 esse
2866 3682 3126 3754 perfecti;
3166 3691 3343 3737 tamen
3370 3676 3604 3748 quicunque
3620 3678 3686 3736 ικτο

2246 3772 2420 3835 fectus
2446 3793 2565 3834 esse
2585 3777 2815 3833 voluerit
2841 3777 2999 3831 debet
3018 3774 3258 3829 vendere
3288 3785 3399 3842 quas
3419 3766 3685 3856 habetest!!!

2247 3884 2314 3927 ex
2359 3874 2510 3940 parte
2555 3869 2787 3924 vendere
2831 3866 2971 3922 sicut
3015 3865 3260 3920 Ananiae
3304 3860 3449 3924 fecit,
3481 3863 3524 3911 et
3556 3847 3686 3940 Sapitiﬂ

2249 3937 2385 4037 (Act.
2416 3960 2494 4034 v),
2525 3961 2619 4016 sed
2648 3967 2819 4015 totum
2859 3958 3124 4024 vendere;
3150 3964 3348 4015 etcum
3375 3942 3605 4006 vendiderit
3618 3937 3685 3989 dare

2246 4056 2427 4114 omnia
2456 4055 2799 4126 pauperibus,
2833 4062 2889 4109 et
2924 4055 3003 4109 sic
3047 4053 3149 4109 sibi
3190 4060 3468 4124 praaparal‘e
3495 4041 3685 4129 dies"?

2248 4147 2302 4203 in
2331 4122 2496 4218 regno
2525 4122 2805 4201 caelorum.
2849 4143 2961 4199 Nec
2980 4144 3084 4199 hoc
3111 4143 3179 4199 ad
3190 4122 3542 4213 perfectionem
3561 4122 3683 4182 sum.

2247 4239 2349 4295 nisi
2392 4247 2509 4310 post
2556 4244 2893 4306 contemptas
2932 4234 3157 4299 divitias
3191 4232 3495 4288 Salvatorem
3517 4221 3684 4287 εθίῐ¹¹³ί¹πε

2247 4331 2301 4386 id
2329 4338 2411 4386 est
2434 4329 2638 4385 relictis
2663 4328 2817 4383 malis
2846 4326 3009 4382 faciat
3028 4326 3170 4382 bona
3193 4341 3208 4381 :
3232 4322 3427 4379 facilius
3449 4316 3559 4372 enim
3577 4318 3685 4363 sam;

2246 4423 2331 4478 lus
2360 4421 2722 4477 contemnitur
2746 4435 2906 4491 quam
2933 4419 3200 4474 voluntas.
3245 4413 3387 4470 Multi
3411 4394 3685 4491 divitias

554 4504 811 4569 sensibus,
851 4505 942 4559 sed
979 4482 1187 4559 malitia
1234 4482 1393 4561 estote
1431 4506 1655 4577 parvuli,
1683 4524 1837 4562 sensu
1859 4482 2058 4560 autem
2088 4512 2151 4558 ut
2247 4522 2475 4583 quentes
2494 4513 2661 4587 Deum
2692 4482 2798 4565 non
2830 4518 3160 4580 sequuntur;
3195 4506 3425 4578 sequitur
3447 4505 3579 4587 autetn
3598 4482 3685 4542 Chii“

553 4595 769 4665 perfecti
795 4598 909 4652 sitis
931 4597 984 4669 (1
1010 4597 1135 4652 Cor.
1158 4599 1292 4671 xw).

627 4685 694 4740 Et
720 4704 837 4741 cum
863 4689 1192 4759 imposuisset
1226 4691 1300 4745 eis
1331 4707 1541 4757 manus,
1574 4691 1701 4745 abiit
1734 4691 1876 4745 inde.
1915 4690 2143 4763 (Μωιι.)

553 4774 785 4846 lmponit
814 4792 943 4846 ergo
984 4779 1243 4835 Dominus
1287 4782 1528 4851 parvulis
1556 4798 1770 4846 manus,
1804 4782 2018 4852 quando
2044 4782 2145 4837 hu-

553 4866 771 4922 milibus
799 4868 985 4922 auxilii
1015 4870 1095 4924 sui
1124 4871 1353 4939 gratiam
1383 4872 1603 4937 tribuit,
1638 4881 1690 4926 et
1718 4873 2013 4927 secundum
2045 4888 2143 4926 vo-

552 4956 816 5012 luntatem
864 4974 1017 5013 suam
1065 4960 1248 5031 dirigit
1286 4970 1343 5015 ut
1380 4962 1435 5016 in
1473 4964 1724 5019 omnibus
1775 4964 1887 5017 suis
1933 4963 2143 5033 possint

551 5050 773 5120 obsequi
816 5054 1118 5122 praeceptis.
1153 5053 1306 5109 Unde
1340 5063 1396 5110 et
1430 5057 1497 5109 ad
1522 5070 1643 5110 eum
1676 5071 1775 5126 per
1796 5055 2140 5111 Psalmistam

552 5143 752 5197 dicitur
779 5162 793 5197 :
821 5142 1054 5199 Tenuisti
1097 5163 1311 5201 manum
1349 5147 1617 5203 dexteram
1654 5165 1842 5213 meam,
1876 5157 1924 5203 et
1954 5148 2007 5201 in
2051 5164 2142 5201 vo-

553 5234 751 5291 luntate
807 5245 899 5291 tua
941 5238 1205 5296 deduxisti
1265 5258 1347 5296 me
1401 5240 1585 5297 (Psal.
1640 5258 1857 5307 LXXII),
1907 5250 1961 5297 et
2013 5240 2140 5295 reli-

554 5338 681 5393 qua.

627 5414 697 5469 Et
722 5431 837 5472 ecce
860 5435 996 5476 unus
1027 5421 1278 5476 accedens
1307 5422 1381 5474 ait
1410 5420 1488 5474 illi
1512 5438 1530 5476 :
1555 5420 1810 5491 Magister
1840 5420 1986 5485 bone,
2014 5421 2143 5491 quid

554 5508 677 5563 boni
703 5510 896 5581 faciant
922 5528 974 5568 ut
998 5516 1215 5570 habeam
1243 5517 1397 5570 vitam
1426 5518 1713 5571 internum?
1737 5515 1917 5587 (ΚΑΒ.)
1951 5515 2145 5570 Αῐιάίθν

554 5612 662 5667 rat,
694 5604 875 5667 credo,
926 5607 1028 5663 iste
1073 5609 1329 5678 quzesitor
1376 5609 1500 5664 vitae
1548 5618 1784 5674 aeternae,
1834 5624 1863 5662 a
1916 5608 2142 5662 Domino

556 5702 764 5749 Izmtum
798 5709 892 5749 eos
919 5697 1009 5765 qui
1039 5699 1386 5767 parvulorum
1422 5700 1620 5756 vellent
1663 5715 1784 5756 esse
1825 5698 2029 5754 similes
2059 5698 2141 5752 di-

554 5804 687 5857 gnos
728 5805 849 5846 esse
879 5791 1098 5847 introitu
1138 5796 1287 5866 regni
1317 5796 1571 5851 caelestis.
1605 5794 1780 5865 Atque
1808 5794 1929 5848 ideo
1957 5808 2144 5848 curam

559 5894 755 5958 gerens
780 5890 1043 5945 tractatus
1070 5886 1339 5954 oertimis,
1370 5888 1547 5963 poscit
1582 5886 1687 5945 sibi
1717 5901 1823 5944 non
1852 5900 1950 5963 per
1984 5900 2144 5967 para-

2170 4635 2225 4696 D
2249 4612 2391 4659 stum
2419 4604 2509 4696 qui
2538 4583 2785 4657 imitator
2799 4601 2923 4696 eius
2946 4608 3052 4696 est,
3084 4607 3271 4696 et-pe-r
3293 4583 3685 4696 vestigia‘taitlslt:

2248 4695 2412 4750 ditur.
2437 4663 2553 4761 Qui
2592 4697 2728 4748 enim
2773 4663 2899 4747 dicit
2942 4710 2998 4747 se
3033 4663 3087 4746 in
3118 4663 3373 4746 Cliristum
3408 4663 3583 4737 credere,
3604 4663 3684 4761 ltiti

2247 4756 2506 4859 quomodo
2534 4787 2623 4841 ille
2647 4785 2927 4841 ambulavit
2959 4796 3007 4841 et
3040 4786 3149 4857 ipse
3173 4780 3427 4838 ambulare
3450 4772 3489 4847 (1
3514 4756 3681 4859 locum

2251 4852 2431 4950 illas.)
2466 4876 2605 4934 Ecce
2637 4879 2771 4933 duas
2800 4894 2829 4932 a
2858 4852 3087 4934 Domino
3114 4885 3297 4932 nostro
3325 4871 3436 4929 Iesu
3461 4852 3680 4920 Christo”

2250 4969 2485 5023 minibus
2505 4970 2810 5039 propositas
2832 4969 2973 5023 vitas
3009 4968 3328 5027 audivimus,
3354 4958 3500 5016 activa

2249 5059 2612 5128 templativam
2644 5078 2656 5113 :
2684 5061 2859 5114 activa
2884 5060 2992 5114 vita
3014 5060 3245 5130 pertinet
3271 5055 3333 5110 ad
3359 5053 3518 5122 legem.
3539 5040 3682 5130 αξηίθπῖξ

2243 5125 2444 5221 plativa
2494 5151 2560 5205 ad
2613 5149 2958 5225 Evangelium
2991 5125 3155 5220 z—quia
3205 5149 3337 5203 sicut
3384 5138 3521 5195 Vetus
3560 5125 3681 5225 Πθπξ

2243 5206 2521 5312 praecessit
2574 5206 2983 5296 Testamentum
3012 5206 3145 5307 ,‘ita
3198 5241 3330 5295 bona
3376 5228 3497 5317 ac“?

2245 5310 2773 5401 contemplationem.
2796 5331 2985 5386 Activa
2998 5333 3105 5386 vita
3130 5332 3215 5386 hic
3231 5327 3380 5384 habet
3396 5310 3679 5401 perfectionem

2245 5423 2660 5492 contemplativa
2704 5423 2829 5477 licet
2862 5416 2951 5477 hic
2995 5423 3189 5478 haheat
3232 5400 3679 5492 initium,tantm"?ﬂ

2244 5517 2298 5571 in
2328 5516 2429 5570 hac
2464 5488 2589 5577 vita,
2632 5514 2724 5569 sed
2755 5514 2807 5568 in
2836 5522 3097 5569 mteruum
3142 5510 3361 5568 inveniet
3396 5488 3676 5579 ρετΐωίίῗίιῗωξ

2249 5608 2436 5662 Activa
2479 5575 2588 5661 vita
2619 5607 2673 5660 in
2703 5606 2805 5661 hac
2837 5606 3053 5675 quidem
3099 5606 3205 5659 vita
3245 5602 3349 5657 sine
3387 5575 3677 5678 contemplati:

2248 5714 2370 5756 esse
2412 5707 2623 5771 potest;
2654 5698 3063 5769 contemplativa
3116 5710 3237 5751 vero
3275 5692 3379 5746 sine
3408 5678 3544 5778 ad“?
3567 5660 3677 5778 illi:

2249 5794 2359 5849 vita
2388 5792 2774 5865 perfectionem
2798 5792 3040 5847 invenire
3068 5807 3170 5846 non
3192 5787 3339 5842 valet.
3367 5779 3429 5834 ita
3455 5766 3563 5827 enim
3556 5759 3679 5899 Ξῖ

2327 5884 2338 5898 -
2523 5884 2551 5899 ι.
2576 5884 2591 5899 .
2626 5883 2660 5899 ..
2796 5898 2801 5899 ,
2848 5884 2911 5899 ..,
2985 5884 2998 5897 .
3064 5884 3087 5899 ,ν
3150 5898 3159 5899 ,
3188 5882 3285 5899 ψ,
3316 5870 3541 5899 εωμηιη,

2248 5855 2479 5965 quissine
2520 5883 2758 5945 ﬁdelium
2785 5898 2816 5941 a
2846 5884 2957 5943 Deo
2983 5884 3040 5943 in
3064 5884 3165 5942 hac
3187 5882 3289 5938 vita
3316 5870 3541 5932 institutus
3556 5855 3626 5910 αι·

3505 4949 3683 5006 metti!“
3774 4949 3775 5001 ἕ
