3898 6470
197 450 338 513 ,1021

1153 451 1504 513 COMMENT.
1541 449 1612 512 illi
1646 449 2084 514 MATTHEUM.
2123 489 2196 503 -
2229 459 2356 522 LIB.
2397 463 2479 525 γι.

3311 477 3452 538 i022

202 578 256 625 et
277 583 376 640 per
401 565 723 624 uteriorem
765 567 1034 625 hominem
1057 612 1070 636 ,
1098 571 1239 642 quod
1268 579 1352 626 est
1378 583 1599 643 corpus,
1631 587 1769 627 sem-
1793 569 1847 630 Α
1869 570 2004 668 alios
2026 575 2312 634 hortatur:
2336 580 2541 638 Divitite
2568 584 2617 638 si
2639 583 2875 659 aﬂuant,
2903 587 3061 648 nolite
3081 607 3172 648 cor
3195 609 3458 668 apponere

201 677 296 735 per
317 662 532 718 studeat
557 664 756 718 bonum
785 677 1038 719 exercere
1056 678 1209 734 opus,
1235 671 1291 718 et
1315 679 1413 734 per
1433 665 1769 733 interiorem,

197 756 343 827 quod
366 764 452 812 est
491 757 688 821 anima,
721 772 916 812 vacare
947 757 1156 812 studeat
1197 759 1659 828 contemplationi.
1691 758 1770 815 Ad

199 849 430 912 activam
455 850 621 905 vitam
650 850 919 920 pertinet:
942 849 1063 904 Non
1095 851 1434 906 homicidium
1463 851 1645 922 facies,
1667 867 1772 906 non

197 940 546 1008 adulterabis,
570 957 674 995 non
701 941 860 1010 facies
901 941 1122 1010 furtum,
1149 949 1204 995 et
1233 950 1428 996 ctutera
1455 941 1592 1011 legis
1620 957 1772 996 man-

197 1031 340 1088 data.
371 1033 454 1088 Ad
474 1033 943 1103 contemplativam
967 1051 982 1088 τ
1008 1031 1066 1088 8i
1090 1035 1166 1087 vis
1189 1033 1446 1104 perfectus
1469 1050 1596 1096 esse,
1618 1034 1768 1100 vade,

197 1136 244 1181 et
269 1127 428 1182 vende
448 1127 622 1180 omnia
641 1141 758 1196 quae
777 1125 956 1190 habes,
979 1134 1028 1180 et
1047 1125 1116 1179 da
1137 1127 1471 1196 pauperibus,
1489 1136 1538 1180 et
1560 1125 1770 1182 habebis

193 1216 493 1276 thesaurum
516 1216 571 1269 in
605 1212 764 1279 coelo;
787 1225 835 1268 et
867 1216 1000 1280 veni,
1035 1229 1246 1286 sequere
1271 1231 1371 1269 me.

265 1304 395 1364 Cum
416 1307 645 1362 audisset
666 1315 839 1360 autem
861 1305 1158 1362 adolescens
1180 1295 1412 1372 verbum,
1427 1308 1553 1362 abiit
1579 1309 1766 1362 tristis.

194 1397 323 1460 Erat
355 1402 493 1452 enim
520 1397 713 1452 habens
741 1396 932 1452 multas
959 1399 1325 1468 possessiones.
1353 1397 1618 1472 (Ηξετοη.)
1646 1399 1770 1456 Hmc

190 1497 272 1552 cst
301 1488 518 1548 tristitia
546 1503 665 1559 qua
701 1489 851 1543 ducit
887 1489 954 1543 ad
991 1498 1238 1544 mortem.
1270 1489 1554 1560 Causaque
1598 1491 1772 1546 tristi-

191 1581 277 1641 tiae
307 1579 568 1645 redditur,
597 1579 740 1651 quod
781 1580 1030 1635 habuerit
1074 1581 1442 1650 possessiones
1472 1581 1688 1646 multas,
1717 1582 1770 1636 id

187 1680 270 1726 est
310 1671 493 1742 spinas
542 1681 599 1729 et
647 1671 893 1737 tribulos,
924 1687 1045 1742 quas
1088 1681 1385 1728 sementem
1435 1671 1768 1729 Dominicam

187 1762 608 1822 Suffocaverunt.

252 1857 408 1913 Iesus
443 1867 619 1926 autem
653 1859 788 1914 dixit
825 1859 1096 1932 discipulis
1123 1859 1252 1926 suis,
1282 1860 1447 1916 Amen
1469 1859 1586 1915 dico
1622 1859 1764 1916 vobis

183 1949 306 2020 quia
344 1950 484 2006 dives
521 1951 730 2022 diﬁcile
769 1930 984 2016 intrabit
1033 1953 1088 2008 in
1140 1969 1354 2023 regnum
1384 1953 1650 2008 caelorum.
1698 1954 1765 2008 Et
1791 1930 1840 1993 Β

181 2042 452 2112 quomodo
474 2043 770 2109 Abraham,
798 2043 976 2109 lsaac,
1009 2042 1175 2100 Jacob
1200 2045 1392 2100 divites
1433 2045 1769 2100 intraverunt

183 2130 240 2195 in
269 2149 493 2204 regnum
523 2135 820 2190 cmlorum?
839 2144 898 2191 et
937 2137 993 2192 in
1021 2136 1310 2208 Evangelio
1337 2137 1636 2204 Matthmus,
1661 2139 1766 2194 Za-

181 2229 366 2284 chaus
409 2230 610 2296 divitiis
645 2230 918 2288 derelictis
963 2232 1174 2287 Domini
1217 2233 1528 2288 testimonio
1575 2233 1766 2304 praadi-

182 2329 396 2377 eautur.
421 2321 528 2378 Sed
551 2326 1002 2401 considerandum
1029 2325 1170 2396 quod
1192 2340 1259 2380 eo
1286 2333 1526 2397 tempore
1551 2342 1659 2397 quo
1685 2327 1766 2382 in-

184 2415 482 2480 traverunt,
535 2415 732 2470 divites
783 2431 902 2471 esse
932 2417 1228 2472 desierant.
1263 2417 1471 2472 Tandiu
1499 2433 1628 2490 ergo
1659 2433 1765 2472 non

182 2503 481 2570 intrabunt,
525 2508 760 2577 quandiu
805 2509 997 2565 divites
1033 2509 1253 2565 fuerint.
1298 2511 1366 2567 Et
1411 2519 1590 2568 tamen
1639 2513 1767 2582 quia

182 2595 466 2652 difﬁculter
505 2600 704 2654 divitiae
740 2609 1182 2667 contemnuntur,
1208 2618 1314 2658 non
1359 2603 1492 2658 dixit
1521 2604 1768 2674 impossi-

186 2687 292 2747 bile
316 2700 402 2744 est
443 2689 638 2746 divites
672 2691 724 2746 in
755 2707 920 2763 regna
951 2693 1212 2749 caelorum
1244 2695 1472 2760 intrare,
1497 2693 1591 2749 sed
1631 2695 1766 2766 dini-

183 2779 312 2845 eile;
341 2781 432 2848 ubi
467 2781 681 2838 diiiicile
713 2786 954 2854 ponitur,
977 2801 1082 2840 non
1113 2787 1522 2857 impossibilitas
1550 2789 1771 2843 demon-

185 2881 412 2942 stratur,
439 2876 534 2933 sed
562 2879 758 2934 raritas
793 2880 1162 2948 prietenditur.
1188 2880 1370 2954 (ΚΑΒ.)
1399 2880 1552 2947 Quod
1589 2891 1767 2936 autem

182 2962 339 3022 Iesus
375 2967 565 3024 videns
607 2970 830 3026 divitem
875 2971 1083 3026 tristem
1136 2969 1358 3034 factum,
1382 2969 1537 3039 juxta
1566 2970 1768 3026 Lucam

184 3053 320 3112 dixit
344 3074 359 3112 :
386 3055 557 3124 Quam
599 3059 804 3131 difﬁcile
837 3059 928 3133 qui
952 3061 1198 3132 pecunias
1237 3061 1448 3127 habent,
1475 3063 1531 3115 in
1554 3077 1769 3132 regnum

184 3145 286 3204 Dei
335 3149 602 3210 intrabunt
637 3151 798 3224 (Luc.
830 3153 1036 3223 xvm),
1067 3153 1238 3210 claret
1282 3155 1500 3226 quidem
1545 3155 1598 3210 in
1643 3156 1764 3220 hoc,

185 3243 309 3312 quia
336 3244 426 3313 qui
458 3245 546 3300 hic
569 3241 1004 3318 multiplicandis
1041 3248 1243 3303 divitiis
1272 3249 1610 3315 incumbunt,
1637 3249 1770 3304 alte-

185 3334 300 3392 rius
324 3335 448 3390 vitaz
471 3337 666 3406 gaudia
697 3351 940 3406 quaerere
976 3347 1346 3394 contemnunt.
1378 3339 1484 3394 Sed
1508 3341 1650 3395 inter
1679 3355 1772 3410 pe-

185 3428 376 3483 cunias
417 3428 620 3484 habere
643 3438 698 3484 et
728 3431 986 3500 pecunias
1014 3446 1200 3487 amare
1231 3431 1486 3488 nonnulla
1513 3434 1769 3489 distantia

184 3527 288 3575 est.
322 3520 469 3577 Multi
493 3522 638 3577 enim
661 3521 920 3578 habentes
941 3539 1050 3578 non
1077 3531 1291 3591 amant;
1322 3527 1446 3580 item
1476 3525 1565 3580 alii
1593 3534 1648 3580 et
1673 3527 1770 3581 ha-

183 3609 346 3680 bsltt,
377 3621 432 3668 et
460 3623 674 3679 amant;
703 3612 794 3669 alii
822 3631 923 3672 nec
949 3616 1178 3682 habere,
1209 3633 1313 3673 nec
1341 3631 1524 3671 amare
1552 3633 1612 3674 se
1637 3619 1773 3674 divi-

183 3703 294 3761 tias
326 3704 508 3760 surculi
533 3707 786 3776 gaudent.
829 3706 1068 3774 Quorum
1107 3709 1278 3764 tutior
1317 3717 1491 3765 status
1525 3717 1609 3765 est
1648 3725 1771 3765 cum

185 3793 445 3866 Apostolo
468 3797 798 3854 dicentium:
831 3799 996 3854 Nobis
1039 3802 1266 3856 mundus
1290 3802 1575 3872 cruciﬁxus
1613 3812 1688 3858 est
1723 3813 1774 3858 et

185 3902 282 3942 nos
307 3889 503 3943 mundo
531 3889 674 3961 (Gal.
704 3889 800 3962 vi).
847 3891 1002 3947 Unde
1023 3902 1078 3948 et
1105 3890 1361 3948 Salomon
1393 3909 1498 3949 non
1531 3895 1606 3949 ait
1631 3913 1644 3948 :
1669 3895 1771 3962 Qui

185 3979 372 4045 habet,
403 3982 496 4035 sed
538 3982 628 4052 qui
671 3991 814 4036 amat
850 3983 1080 4049 divitias,
1112 3983 1318 4053 fructus
1360 4001 1462 4038 non
1501 3987 1662 4055 capiet
1708 4001 1775 4041 ea:

183 4071 260 4126 eis
289 4068 458 4144 (Eccl.
500 4072 576 4144 v).
622 4071 690 4126 Et
731 4073 846 4144 ipse
892 4074 1150 4130 Dominus
1197 4075 1491 4130 secundum
1533 4074 1772 4131 Marcum

183 4163 688 4230 obstupescentibus
731 4164 784 4219 in
819 4164 999 4220 verbis
1039 4165 1263 4235 hujusce
1301 4167 1582 4222 sententia:
1607 4167 1772 4222 disci-

183 4255 324 4325 pulis
353 4247 672 4326 exponendo
701 4257 978 4328 subiunxit
1002 4273 1016 4313 :
1040 4257 1246 4325 Filioli,
1271 4275 1428 4330 quam
1453 4257 1658 4329 difficile
1695 4265 1772 4311 est

183 4345 502 4414 conﬁdentes
523 4347 578 4401 in
603 4348 836 4417 pecuniis
859 4363 1077 4418 regnum
1108 4347 1208 4402 Dei
1230 4347 1446 4401 introire
1471 4346 1664 4417 (Marc.
1689 4344 1768 4419 x);

183 4437 273 4490 ubi
298 4438 591 4492 notandum
615 4439 864 4495 similiter
886 4440 1050 4511 quod,
1068 4441 1209 4496 sicut
1237 4457 1400 4511 supra
1413 4439 1768 4506 ostendimus,

181 4541 292 4581 non
321 4527 395 4581 ait
419 4527 771 4597 impossibile,
801 4530 895 4585 sed
914 4526 1162 4595 'dillicile,
1187 4531 1241 4586 id
1269 4539 1352 4586 est
1379 4531 1597 4586 maximi
1624 4530 1772 4585 labo-

182 4617 260 4672 ris
289 4632 410 4672 csse
437 4619 694 4686 pecunias
723 4619 1004 4685 habentes,
1026 4620 1112 4675 vel
1137 4621 1190 4675 in
1217 4621 1461 4691 pecuniis
1495 4619 1770 4676 conﬁden-

181 4716 284 4775 tes,
315 4711 494 4766 exutis
513 4711 856 4784 phllargyria:
876 4713 1209 4780 retinaculis,
1227 4713 1402 4769 aulam
1429 4713 1577 4784 regni
1603 4713 1766 4769 etsie-

176 4802 282 4857 stis
309 4803 534 4860 intrare.
739 4791 747 4799 ’

258 4896 321 4950 Et
349 4897 538 4952 iterum
565 4899 684 4954 dico
712 4899 895 4953 vobis:
921 4895 1157 4953 Facilius
1188 4907 1263 4954 est
1287 4897 1544 4953 camelum
1571 4916 1664 4970 per
1689 4899 1768 4969 {o-

179 5004 363 5042 ramen
398 5006 526 5044 acus
550 4990 794 5054 transire,
825 5005 983 5062 quam
1013 4989 1224 5044 divitem
1245 4990 1444 5044 intrare
1464 4989 1519 5042 in
1551 5006 1766 5060 regnum

178 5077 450 5134 calorum.
483 5079 542 5135 Si
572 5080 786 5136 facilius
819 5089 904 5136 est
941 5079 1226 5144 camelum,
1256 5079 1566 5152 ingentibus
1597 5097 1768 5136 mem-

177 5172 297 5236 bris
328 5186 636 5238 enormem,
667 5181 954 5246 angustum
997 5189 1097 5246 per
1139 5173 1380 5230 foramen
1430 5191 1560 5230 acus
1607 5191 1769 5248 pene-

181 5271 331 5319 trare
371 5279 534 5334 quam
564 5267 785 5322 divitem
827 5267 1033 5322 intrare
1067 5266 1121 5321 in
1171 5281 1396 5342 regnum
1436 5267 1559 5332 Dei,
1591 5266 1770 5324 nullus

176 5369 312 5426 ergo
349 5356 500 5412 dives
535 5355 758 5412 intrabit
784 5357 840 5412 in
871 5374 1096 5429 regnum
1137 5357 1252 5412 Dei.
1295 5357 1363 5412 Et
1388 5359 1654 5428 quomodo
1683 5359 1768 5413 vel

178 5447 236 5501 in
266 5446 555 5518 Evangello
582 5447 668 5503 vel
691 5448 746 5502 in
775 5446 956 5505 Veteri
987 5449 1337 5505 Testamento
1362 5465 1523 5520 quam
1550 5449 1766 5522 plurimi

176 5535 377 5593 divites
423 5539 516 5594 Dei
563 5539 904 5593 intraverunt
947 5541 1000 5594 in
1044 5555 1294 5610 regnum,
1323 5541 1425 5595 nisi
1475 5539 1612 5596 forte
1642 5543 1768 5610 quia

177 5627 399 5686 divitias
423 5628 508 5685 vel
538 5645 636 5700 pro
679 5628 848 5684 nihilo
877 5629 1075 5685 habere
1102 5631 1185 5686 vel
1213 5648 1278 5686 ex
1317 5641 1429 5688 toto
1464 5631 1772 5702 relinquere

177 5717 414 5776 Domino
445 5719 748 5790 inspirante
771 5720 1108 5775 didicerunt?
1133 5720 1388 5793 Nunquid
1411 5723 1555 5778 enim
1599 5723 1771 5778 David

178 5809 242 5868 in
264 5812 416 5882 regni
437 5813 637 5868 divitiis
659 5813 968 5869 confidebat
985 5813 1076 5884 qui
1105 5823 1159 5868 et
1188 5815 1254 5870 de
1273 5815 1563 5887 semetipso
1588 5815 1768 5870 canit:

183 5897 456 5978 Quoniam
480 5904 671 5964 atticus
705 5913 760 5960 et
797 5911 994 5978 panper
1031 5919 1151 5961 sum
1173 5919 1268 5980 ego
1297 5903 1471 5982 (Psal.
1495 5906 1666 5984 xxxv).
1705 5907 1775 5964 Et

1798 3299 1845 3366 Ο

1875 661 2046 737 (Psal.
2077 668 2212 742 LXI).
2262 668 2436 728 Credo
2479 689 2586 730 non
2620 691 2784 734 ausus
2823 661 3240 741 dicerezNolite
3263 661 3455 756 susci-

1871 777 2020 832 pere.
2051 762 2301 836 Nunquid
2324 766 2596 824 Abraham
2623 771 2848 834 Domino
2875 775 3231 846 substantiam
3256 789 3457 852 prauu-

1871 852 1999 910 lisse
2037 855 2293 912 credibile
2317 867 2421 925 est,
2444 875 2542 930 pro
2570 877 2676 932 quo
2707 865 2926 922 unicum
2965 866 3130 925 ferire
3158 885 3264 926 non
3297 872 3456 930 dubi-

1871 946 2004 1000 tavit
2038 947 2326 1004 haaredem.
2357 946 2538 1023 (Aug.)
2581 951 2771 1018 Altiori
2815 964 2995 1018 autem
3035 974 3198 1034 sensu
3242 959 3456 1020 facilius

1871 1042 1954 1134 est
1983 1035 2257 1093 Christum
2285 1043 2398 1110 pati
2425 1057 2528 1113 pro
2553 1043 2899 1106 dilectoribus
2923 1051 3104 1106 saeculi
3129 1093 3145 1120 ,
3177 1069 3340 1134 quam
3374 1056 3459 1117 di-

1870 1128 2100 1186 lectores
2129 1133 2305 1188 saeculi
2336 1135 2401 1188 ad
2450 1135 2726 1192 Christum
2758 1156 2917 1222 posse
2944 1128 3208 1204 converti.
3249 1143 3458 1212 Cameli

1870 1224 2012 1278 enim
2039 1226 2253 1280 nomine
2278 1242 2336 1282 se
2365 1228 2584 1303 intelligi
2614 1231 2801 1300 voluit,
2825 1235 2949 1304 quia
2978 1245 3168 1308 sponte
3198 1237 3455 1302 humilia-

1871 1324 1956 1372 tus
1989 1318 2322 1375 inﬁrmitatis
2361 1332 2560 1377 nostra:
2596 1339 2765 1380 onera
2797 1327 3046 1402 sustulit;
3082 1327 3134 1383 in
3167 1345 3274 1400 quo
3307 1329 3451 1385 enim

1871 1410 2206 1466 manifestius
2229 1412 2565 1488 intelligitur,
2600 1431 2759 1485 quam
2795 1417 2846 1478 in
2875 1417 2992 1490 ipso
3017 1419 3160 1489 quod
3189 1420 3449 1489 scriptum

1869 1507 1990 1554 est:
2015 1499 2223 1566 Quanto
2262 1520 2482 1575 magnus
2511 1521 2564 1559 es
2605 1505 2826 1566 humilia
2851 1519 2898 1565 te
2925 1510 2980 1564 in
3011 1509 3247 1567 omnibus
3279 1508 3449 1579 (Eccl.

1869 1590 1974 1664 ιιι).
2009 1591 2116 1648 Per
2147 1610 2300 1650 acum
2330 1604 2508 1651 autem
2535 1599 2852 1668 punctiones
2877 1601 3162 1670 significat,
3192 1616 3289 1680 per
3316 1617 3456 1677 pun-

1869 1685 2077 1742 ctiones
2100 1686 2312 1744 dolores
2337 1689 2388 1743 in
2419 1691 2670 1763 passione
2712 1701 3009 1768 susseptos.
3047 1691 3322 1768 (Venant.)
3351 1691 3456 1747 Fo-

1869 1791 2055 1832 ramen
2077 1792 2204 1849 ergo
2227 1793 2354 1834 acus
2378 1779 2510 1836 dicit
2536 1783 2812 1853 angustias
2834 1783 3123 1853 passionis,
3146 1801 3252 1855 qua
3281 1785 3453 1842 scissa

1868 1877 2068 1924 nostra:
2090 1871 2244 1940 quasi
2271 1873 2589 1928 vestimenta
2622 1881 2830 1936 natura)
2852 1879 3245 1947 quodammodo
3269 1895 3451 1942 resar-

1869 1962 2002 2030 cire,
2031 1961 2084 2016 id
2125 1969 2208 2018 est
2250 1979 2572 2040 recuperare
2617 1967 2869 2040 dignatus
2897 1978 2999 2034 est,
3028 1980 3294 2044 quatenus
3332 1977 3456 2042 post

1870 2050 2080 2123 lapsum
2103 2053 2295 2110 melius
2323 2054 2607 2112 reformari
2631 2059 2960 2132 gaudeamus
2989 2062 3055 2116 ad
3083 2063 3452 2118 testimonium

1871 2145 2116 2220 apostoli,
2161 2147 2437 2203 dicentes:
2463 2148 2770 2227 Quicunque
2797 2152 2933 2208 enim
2963 2154 3016 2218 in
3049 2152 3254 2216 Christo
3285 2155 3454 2227 bapti-

1871 2236 1978 2291 zati
2003 2237 2146 2302 estis,
2176 2235 2441 2292 Christum
2465 2240 2710 2295 induistis
2735 2227 2888 2314 (Gal.~
2907 2245 3012 2316 nt).

1939 2329 2147 2405 Auditis
2181 2341 2356 2384 autem
2399 2331 2479 2386 his
2522 2331 2767 2406 discipuli
2797 2335 3128 2398 mirabantur
3159 2335 3334 2405 ualde,
3368 2337 3455 2398 di-

1869 2419 2230 2486 centes:Quis
2269 2438 2389 2492 ergo
2433 2423 2622 2492 poterit
2665 2422 2841 2480 salvus
2877 2427 3166 2496 esse?Quo
3212 2429 3452 2510 pertinet

1869 2511 1972 2566 ista
1999 2513 2315 2580 responsio?
2337 2527 2458 2567 cum
2481 2512 2976 2586 incomparabiliter
2999 2518 3172 2596 major
3195 2519 3266 2578 sit
3292 2523 3451 2580 turba

1868 2617 2184 2682 pauperum,
2223 2619 2344 2673 quae
2389 2603 2648 2661 divitibus
2685 2606 2912 2686 perditis
2951 2613 3189 2695 potuerit
3227 2612 3451 2684 salvari,

1867 2695 1972 2750 nisi
2017 2696 2142 2766 quia
2185 2695 2566 2750 intellexerunt
2599 2712 2787 2754 omnes
2828 2700 2919 2774 qui
2969 2701 3187 2764 divitias
3245 2712 3452 2775 amant,

1871 2787 2034 2841 etiam
2069 2787 2116 2841 si
2149 2786 2374 2858 adipisci
2406 2796 2696 2866 nequeant,
2727 2788 2783 2843 in
2813 2790 3038 2856 divitum
3087 2809 3314 2856 numero
3358 2795 3453 2852 de-

1873 2877 2076 2948 putari.

1942 2969 2210 3040 Aspiciens
2234 2979 2407 3024 autem
2435 2966 2590 3023 Iesus
2610 2969 2745 3024 dixit
2765 2971 2841 3032 eis
2863 2987 2881 3026 :
2903 2973 3057 3044 Apud
3094 2975 3328 3042 homines
3353 2977 3454 3032 hoc

1871 3061 2186 3133 impossibile
2228 3071 2326 3129 est,
2356 3062 2496 3134 apud
2526 3061 2692 3116 Deum
2739 3071 2912 3118 autem
2955 3068 3132 3122 omnia
3183 3068 3452 3138 possibilia

1871 3165 2012 3210 sunt.
2057 3155 2169 3210 l‘ioc
2193 3163 2372 3211 autem
2401 3171 2508 3210 non
2547 3154 2622 3216 ita
2657 3156 3029 3230 accipiendum
3061 3167 3168 3228 est,
3197 3159 3339 3249 quod
3365 3176 3456 3217 cu-

1871 3246 1984 3318 pidi
2009 3256 2063 3302 et
2110 3247 2326 3318 superbi
2359 3245 2474 3318 (qui
2518 3247 2734 3302 nomine
2777 3247 2919 3302 illius
2944 3247 3126 3304 divitis
3165 3245 3454 3318 significati

1875 3335 2022 3410 sunt)
2065 3337 2120 3392 in
2171 3353 2397 3408 regnum
2437 3337 2697 3394 caelorum
2743 3339 2850 3394 sint
2877 3338 3150 3406 intraturi,
3182 3353 3305 3392 cum
3341 3337 3458 3394 suis

1873 3430 2256 3501 cupiditatibus
2297 3438 2352 3485 et
2397 3431 2684 3502 superbia;
2732 3432 2824 3486 sed
2871 3431 3126 3500 possibile
3151 3438 3234 3485 est
3258 3430 3368 3485 Deo
3394 3437 3457 3484 ut

1871 3536 1970 3592 per
1991 3523 2236 3589 verbum,
2261 3524 2400 3580 sicut
2421 3524 2583 3579 etiam
2611 3523 2813 3578 factum
2835 3537 2957 3582 esse
2975 3531 3032 3588 et
3063 3521 3303 3599 quotidie
3336 3519 3457 3578 ﬁeri

1871 3614 2136 3680 videmus,
2183 3631 2212 3669 a
2257 3615 2554 3686 cupiditate
2598 3614 2971 3694 temporalium
3019 3615 3087 3670 ad
3131 3613 3456 3684 charitatem

1873 3713 2219 3778 aeternorum,
2247 3715 2301 3762 et
2329 3723 2361 3774 a
2384 3707 2687 3778 perniciosa
2724 3707 2974 3782 superbia
3003 3707 3070 3764 ad
3101 3707 3456 3768 humilitatem

1874 3798 2284 3854 saluberrimam
2315 3784 2718 3863 convertantur.
2751 3797 2978 3872 (Nisum)
3011 3796 3138 3872 Legi
3161 3805 3214 3854 et
3243 3798 3296 3852 in
3325 3811 3460 3873 quo-

1875 3889 2120 3946 rumdam
2150 3893 2573 3963 expositionibus
2600 3893 2763 3948 istum
2790 3891 3014 3948 divitem
3053 3891 3334 3950 Judaicum
3363 3905 3460 3961 po—

1873 3983 2055 4054 pulum
2085 3985 2456 4054 interpretari,
2487 3983 2578 4058 qui
2607 3982 2742 4039 falso
2767 3983 3104 4056 gloriabatur
3125 3982 3179 4046 in
3206 3981 3460 4049 observa—

1876 4075 2020 4131 tione
2049 4073 2200 4144 lcgis,
2228 4091 2351 4132 cum
2379 4075 2762 4146 perfectionem
2791 4075 3154 4155 evangelicam
3182 4079 3460 4144 respueret

1873 4174 1929 4221 et
1957 4167 2190 4222 terrenis
2235 4167 2397 4222 rebus
2427 4167 2664 4222 intentus
2690 4167 2953 4236 spiritalia
2983 4167 3120 4230 dona
3167 4165 3454 4236 refugeret,

1875 4257 1940 4312 de
1963 4257 2160 4328 quibus
2184 4257 2447 4327 scriptum
2477 4265 2560 4313 est
2585 4276 2598 4311 :
2635 4257 2942 4312 Dilexerunt
2975 4257 3112 4312 enim
3141 4256 3308 4326 magis
3349 4253 3460 4325 glo-

1875 4349 2010 4402 riam
2049 4349 2318 4403 hominum
2341 4367 2499 4420 quam
2539 4351 2762 4420 gloriam
2808 4349 2905 4404 Dei
2933 4347 3110 4420 (Joan.
3140 4350 3260 4418 xu).
3310 4346 3462 4402 Unde

1873 4439 2007 4493 etin
2036 4439 2286 4510 passione
2317 4440 2526 4494 Domini
2567 4439 2944 4510 conspirantes
2978 4439 3264 4492 dixerunt:
3292 4435 3349 4492 Si
3379 4437 3462 4490 di-

1874 4511 2141 4584 mittamus
2185 4546 2303 4584 eum
2340 4531 2436 4596 sic,
2467 4547 2643 4585 omnes
2684 4529 2892 4584 credent
2925 4529 2979 4582 in
3006 4545 3143 4591 eum,
3171 4538 3217 4583 et
3260 4529 3462 4582 venient

1877 4621 2119 4686 Romani,
2147 4631 2196 4676 et
2236 4619 2414 4677 tollent
2457 4631 2690 4676 nostrum
2741 4619 2913 4674 locum
2953 4629 3000 4674 et
3039 4629 3237 4690 gentem
3276 4617 3457 4690 (Joan.

1871 4715 1969 4786 XI).
2001 4713 2138 4772 Huic
2163 4731 2292 4788 ergo
2318 4717 2514 4772 merito
2540 4714 2828 4786 praalertur
2856 4715 3115 4778 camelus,
3144 4715 3196 4777 id
3225 4721 3310 4769 est
3331 4728 3462 4783 gen-

1873 4807 1980 4863 tilis
2009 4808 2257 4879 populus,
2287 4808 2606 4864 tortitudine
2627 4807 3052 4880 peccatorum'et
3077 4804 3331 4859 vitiorum
3364 4805 3460 4858 de-

1868 4898 2212 4970 formis;qui
2252 4897 2464 4961 facilius
2491 4899 2719 4971 arripuit
2747 4900 2970 4954 arduam
3005 4897 3148 4952 viam
3184 4895 3464 4950 mandato-

1869 5005 1992 5046 rum
2036 4993 2132 5048 Dei
2178 4993 2404 5064 ingredi,
2437 4993 2563 5064 quia
2595 4993 2758 5048 citius
2795 4991 2960 5061 coepit
2987 4986 3291 5060 evangelica
3321 5002 3463 5068 prm-

1871 5093 2026 5154 cepta
2053 5085 2328 5149 venerari,
2351 5091 2407 5139 et
2445 5085 2656 5140 Domini
2703 5083 2786 5146 sui
2820 5081 3043 5152 vestigia
3075 5077 3352 5150 subsequi.
3389 5074 3464 5132 De

1870 5178 1990 5234 istis
2031 5178 2227 5248 quippe
2269 5178 2488 5236 camelis
2531 5178 2584 5232 in
2632 5177 2768 5238 Isaia
2818 5175 3046 5246 legimus
3083 5175 3229 5246 quod
3267 5169 3460 5226 cameli

1873 5270 2086 5325 Madian
2132 5277 2187 5324 et
2234 5271 2382 5341 Epha
2439 5277 2624 5340 portas
2669 5265 3002 5322 Hierusalem
3042 5281 3162 5322 cum
3211 5262 3370 5322 dunis
3407 5269 3462 5318 et

1875 5363 2188 5418 muneribus
2216 5347 2589 5434 ingrediuntur
2615 5359 2750 5432 (lsa.
2774 5358 2884 5431 ως).

1946 5453 2080 5528 [ιιι]
2114 5454 2258 5508 Tunc
2300 5453 2613 5529 respondens
2657 5449 2850 5506 Petrus
2897 5449 3030 5509 dixit
3077 5449 3128 5503 ei
3148 5465 3164 5504 :
3191 5447 3327 5502 Ecce
3368 5461 3463 5502 nos

1875 5547 2180 5620 reliquimus
2227 5545 2423 5608 omnia,
2447 5553 2495 5597 et
2541 5542 2706 5597 secuti
2739 5559 2919 5596 sumus
2951 5550 3019 5605 te,
3045 5540 3170 5610 quid
3214 5555 3335 5608 ergo
3367 5539 3462 5590 erit

1875 5639 2060 5693 nobis?
2102 5634 2396 5710 (Hieron.)
2445 5633 2680 5690 Grandis
2722 5633 2916 5688 ﬁducia
2945 5647 2959 5686 :
2992 5634 3183 5686 Petrus
3225 5633 3466 5702 piscator

1875 5739 2010 5796 erat,
2043 5731 2191 5784 dives
2213 5744 2318 5782 non
2348 5726 2539 5790 fuerat,
2571 5725 2724 5781 cibos
2747 5741 2906 5778 manu
2931 5734 2986 5780 et
3015 5735 3128 5778 arte
3151 5721 3422 5795 qumrebnt
3446 5740 3457 5774 :

1875 5830 1930 5876 et
1976 5831 2153 5874 tamen
2203 5818 2442 5888 loquitur
2489 5814 2870 5871 confidenter:
2909 5813 3226 5887 Reliqutmus
3261 5814 3456 5870 omnia.

1874 5911 1944 5970 Et
1972 5911 2096 5986 quia
2122 5925 2228 5968 non
2256 5899 2473 5967 suilicit'
2495 5916 2706 5966 tantum
2753 5906 3076 5982 relinquere,
3096 5902 3276 5980 jungit
3317 5901 3461 5980 quod
