3898 6436
412 415 555 474 1023

1087 415 1146 469 Β.
1190 413 1446 471 RABANI
1484 413 1706 470 MAURI
1742 408 2058 470 ARCHIEP.
2102 406 2407 468 MOGUNT.
2447 405 2731 464 OPERUSI
2772 402 2953 460 PARS
2994 404 3035 459 Ι.

3572 400 3723 457 1026

396 534 699 606 perfectum
737 530 948 589 estzEt
995 531 1157 584 secuti
1200 546 1382 584 sumus
1423 538 1491 583 te.
1531 528 1611 583 Ac
1649 527 1694 582 si
1739 527 1976 582 diceret:
2006 521 2219 585 Atium
2259 524 2496 577 omnium
2539 520 2924 583 numerositas,
2957 524 3015 571 et
3035 529 3133 586 per
3165 516 3476 571 duodecim
3530 516 3719 571 tritms

397 626 652 680 Fecimus
680 623 822 693 quod
855 620 1103 691 iussisti:
1128 621 1257 678 ouid
1293 621 1457 691 igitur
1485 620 1643 675 nobis
1670 619 1825 673 dabis
1849 631 1985 688 prae-

402 716 497 771 mii
518 715 542 769 ?

468 808 626 863 Iesus
659 816 835 861 autem
877 806 1014 861 dixit
1054 807 1130 860 eis
1151 822 1170 861 :
1191 806 1357 860 Amen
1395 805 1512 859 dico
1542 804 1682 860 vobis
1718 803 1858 876 quod
1898 819 1983 858 vos

398 901 489 973 qui
514 901 676 956 secuti
697 901 819 955 estis
849 917 930 955 me
959 901 1015 955 in
1041 900 1450 971 regeneratione,
1481 914 1601 954 cum
1622 897 1815 952 sederit
1842 895 1985 965 ﬁlius

399 991 625 1046 hominis
654 992 711 1046 in
738 991 858 1046 sede
886 991 1178 1061 majestatis
1204 1008 1337 1055 sure,
1372 990 1615 1045 sedebitis
1645 999 1693 1043 et
1718 1005 1803 1043 vos
1830 1002 1988 1057 super

400 1083 545 1137 sedes
586 1083 891 1149 duodecim,
914 1082 1216 1153 judicantes
1265 1081 1540 1135 duodecim
1586 1081 1752 1134 tribus
1796 1077 1983 1133 Israel.

401 1175 517 1231 Non
538 1176 709 1231 dixit:
735 1175 835 1243 Qui
866 1175 1161 1244 reliquistis
1180 1174 1360 1229 omnia
1384 1193 1396 1228 :
1418 1175 1520 1231 boc
1545 1175 1689 1229 enim
1716 1183 1771 1228 et
1795 1172 1991 1228 Socra-

400 1271 484 1321 tes
504 1265 630 1321 fecit
645 1267 1017 1336 philosophus,
1040 1273 1097 1320 et
1118 1265 1273 1319 multi
1300 1264 1385 1319 alii
1410 1265 1627 1320 divitias
1650 1272 1992 1334 contempse-

400 1365 554 1423 runt;
594 1360 687 1412 sed
715 1359 803 1428 qui
824 1359 988 1411 secuti
1016 1359 1138 1411 estis
1162 1374 1262 1421 me,
1296 1358 1438 1425 quod
1464 1358 1683 1426 proprie
1711 1356 1990 1426 apostolo-

402 1464 523 1504 rum
571 1458 655 1503 est
705 1458 865 1518 atque
915 1449 1269 1504 credentium.
1304 1447 1371 1501 In
1421 1449 1831 1518 regeneratione,
1874 1464 1991 1501 cum

403 1539 593 1594 sederit
629 1539 771 1601 ﬁlius
802 1540 1026 1594 hominis
1066 1541 1123 1593 in
1146 1540 1264 1593 sede
1290 1539 1581 1609 majestatis
1616 1557 1750 1604 suae,
1778 1539 1995 1609 quando

403 1636 459 1683 et
493 1644 560 1683 ex
587 1630 815 1684 mortuis
843 1630 908 1685 de
944 1631 1291 1701 corruptione
1342 1638 1627 1701 resurgent
1672 1630 1994 1700 incorrupti,

2084 614 2250 670 Israel
2277 612 2601 668 universitas
2630 625 2821 665 eorum
2849 608 2941 678 qui
2969 607 3250 677 iudicandi
3277 616 3416 663 sunt
3446 606 3686 661 ostendi

2086 715 2195 761 tur.
2241 704 2393 760 Unde
2436 703 2734 758 notandum
2762 700 2904 771 quod
2931 700 3037 755 duo
3064 709 3191 755 sunt
3232 699 3473 755 ordines
3504 698 3723 755 electo-

2086 812 2207 852 rum
2229 796 2282 849 in
2298 793 2503 864 judicio
2532 795 2728 849 futuri:
2748 809 2887 849 unus
2899 792 3260 864 iudicantium
3281 806 3419 847 cum
3440 790 3718 857 Domino,

2089 891 2154 947 de
2178 889 2373 959 quibus
2402 889 2506 944 hoc
2536 888 2656 943 loco
2692 892 3047 951 memoratur,
3080 884 3173 957 qui
3201 884 3575 956 reliquerunt
3596 897 3719 937 om-

2089 982 2217 1047 nia,
2254 988 2310 1036 et
2351 979 2523 1035 secuti
2585 987 2710 1034 sunt
2764 978 2947 1034 illum:
2993 978 3131 1033 alius
3177 977 3634 1048 iudicandorum
3682 992 3715 1031 a

2088 1072 2340 1139 Domino,
2368 1073 2458 1144 qui
2492 1087 2597 1127 non
2624 1072 2840 1141 quidem
2866 1072 3047 1127 omnia
3073 1086 3171 1126 sua
3205 1070 3425 1143 pariter
3465 1069 3716 1140 relique-

2092 1175 2240 1233 runt,
2272 1165 2365 1221 sed
2408 1166 2476 1222 de
2500 1167 2586 1223 his
2614 1175 2820 1220 tantum
2851 1181 2971 1237 quae
3016 1167 3293 1222 habebant
3342 1166 3720 1236 quotidiana

2093 1261 2222 1314 dare
2246 1260 2612 1332 eleemosynas
2636 1259 2965 1330 pauperibus
2982 1259 3186 1316 Christi
3216 1260 3527 1314 curabant.
3559 1260 3716 1318 Unde

2095 1352 2330 1405 audituri
2359 1360 2484 1405 sunt
2507 1352 2557 1406 in
2581 1352 2784 1422 judicio
2812 1370 2825 1405 :
2859 1349 3056 1417 Venite,
3073 1352 3336 1406 benedicti
3367 1349 3572 1405 Patris
3594 1353 3713 1417 mei,

2095 1443 2350 1514 possidete
2370 1454 2613 1515 paratum
2635 1445 2775 1499 vobis
2796 1462 3011 1516 regnum
3031 1463 3063 1499 a
3085 1446 3472 1500 constitutione
3488 1448 3687 1499 mandi
3698 1464 3718 1501 :

2098 1537 2287 1591 esurivi
2316 1537 2451 1591 enim
2481 1546 2526 1590 et
2556 1537 2771 1591 dedistis
2796 1538 2925 1590 mihi
2960 1537 3304 1603 manducare,
3343 1538 3504 1591 sitiri
3545 1548 3597 1590 et
3637 1538 3719 1591 de-

2098 1631 2249 1684 distis
2299 1629 2424 1683 mihi
2474 1629 2643 1683 bibere
2688 1629 2905 1699 (Matth.
2936 1628 3091 1699 xxv),
3114 1638 3169 1683 et
3195 1638 3424 1685 cratera.
3462 1628 3716 1698 Quorum

403 1719 666 1775 sedebitis
694 1729 750 1773 et
777 1736 874 1775 vos
902 1721 956 1775 in
987 1721 1138 1777 soliis
1159 1720 1543 1790 iudicantium,
1573 1721 1998 1776 condemnantes
2100 1730 2153 1775 et
2186 1723 2238 1776 in
2268 1721 2637 1792 superioribus
2668 1720 2827 1787 hujus
2853 1720 3127 1791 Evangelii
3156 1720 3431 1776 Dominus
3460 1722 3721 1774 meminit

406 1808 689 1865 duodecim
717 1812 895 1867 tribus
929 1811 1115 1879 Israel,
1148 1813 1272 1882 quia
1313 1813 1467 1868 vobis
1503 1815 1851 1868 credentibus
1880 1828 1998 1868 cre-
2103 1832 2223 1872 cum
2270 1816 2513 1886 principe
2569 1814 2798 1885 quodam
2844 1815 3215 1885 interrogante
3259 1814 3401 1885 quid
3450 1815 3596 1867 boni
3651 1814 3721 1865 ta—

406 1899 535 1953 derc
559 1899 865 1955 noluerunt.
897 1900 1079 1975 (ΒΑΒ.)
1105 1903 1161 1957 ln
1184 1904 1289 1958 hac
1306 1904 1502 1974 quippe
1523 1904 1633 1959 vita
1656 1920 1756 1973 pro
1784 1905 1998 1959 nomine
2032 1886 2078 1949 Β
2104 1910 2295 1965 ciendo
2326 1909 2491 1963 vitam
2539 1919 2721 1979 posset
2771 1908 2970 1963 habere
3010 1915 3331 1977 perpetuam
3362 1925 3377 1959 ε
3406 1904 3471 1961 si
3507 1907 3607 1967 τίς,
3644 1907 3719 1959 in.

408 1990 525 2059 ejus
571 1991 880 2047 laborantes
910 1993 962 2048 in
1009 1994 1114 2048 alia
1154 1996 1437 2064 praemium
1476 2010 1698 2066 sperare
1742 1997 2003 2052 Dominus
2103 2003 2239 2074 quit,
2272 2002 2341 2056 ad
2367 2003 2527 2057 vitam
2558 2001 2779 2071 ingredi,
2807 2017 2954 2054 serva
2980 1999 3257 2055 mandata.
3308 1999 3442 2053 Non
3486 1999 3714 2050 homici-

407 2084 611 2150 docuit,
646 2087 698 2140 id
728 2096 812 2141 est
840 2088 892 2141 in
922 2089 1352 2157 regeneratione,
1394 2105 1518 2143 cum
1556 2089 1808 2144 videlicet
1840 2089 1893 2143 in
1922 2090 2003 2144 vi-

412 2185 523 2231 tam
574 2178 937 2233 immortalem
988 2178 1250 2235 fuerimus
1298 2182 1628 2250 resurgendo
1678 2182 2000 2253 regenerati,

410 2271 500 2339 qui
542 2270 595 2324 in
630 2271 797 2325 vitam
840 2272 1098 2327 caducam
1147 2273 1424 2328 fueramus
1471 2274 1773 2328 mortaliter
1813 2275 2000 2346 geniti.

414 2362 550 2428 Quia
577 2363 765 2432 procul
798 2363 961 2418 dubio
987 2364 1104 2418 duce
1127 2373 1252 2419 sunt
1276 2367 1731 2436 regenerationcs,
1756 2367 2007 2422 similiter

411 2462 541 2507 sunt
572 2454 689 2508 dum
731 2454 1071 2524 adoptiones,
1109 2459 1227 2512 dum
1277 2466 1330 2512 et
1384 2460 1833 2515 resurrectiones.
1886 2459 2005 2515 Una

415 2547 753 2613 regeneratio
782 2555 865 2600 est
900 2548 967 2601 de
996 2564 1102 2617 qua
1138 2549 1400 2603 Dominus
1429 2550 1558 2603 dicit
1585 2568 1597 2603 :
1624 2549 1748 2603 Nisi
1780 2552 1895 2621 quis
1926 2568 2009 2605 re-

417 2644 571 2690 natus
596 2636 753 2705 fuerit
782 2653 847 2690 ex
877 2655 1015 2709 aqua
1042 2648 1089 2692 et
1120 2637 1321 2709 Spiritu
1350 2651 1530 2694 sancto
1567 2658 1668 2694 non
1694 2642 1929 2696 introibit
1954 2661 2010 2698 tn

414 2742 631 2795 regnum
661 2727 907 2783 caelorum
936 2728 1117 2801 (Joan.
1144 2730 1241 2801 ιγ).
1276 2731 1459 2786 Altera
1486 2733 1621 2796 hmc,
1646 2733 1711 2787 de
1734 2748 1840 2801 qua
1868 2749 2012 2790 nunc

415 2815 580 2870 dicit:
610 2815 674 2870 In
716 2821 1104 2888 regeneratione
1133 2838 1248 2875 cum
1277 2821 1467 2876 sederit
1499 2822 1644 2892 ﬁlius
1687 2824 1914 2879 hominis
1956 2824 2011 2879 in

416 2911 535 2964 sede
564 2912 854 2983 majestatis
888 2931 1020 2970 suae.
1060 2916 1241 2972 Prima
1269 2917 1487 2988 adoptio
1529 2927 1614 2973 est
1641 2919 1706 2973 de
1732 2934 1837 2988 qua
1883 2920 2014 2975 dicit

415 3002 744 3074 Apostolus:
773 3004 897 3061 Non
948 3010 1219 3080 accepistis
1263 3009 1504 3077 spiritum
1546 3011 1806 3065 servitutis
1850 3012 1905 3066 in
1950 3010 2015 3065 ti-

418 3112 578 3161 more,
609 3097 701 3152 sed
740 3100 1011 3169 accepistis
1052 3102 1291 3172 spiritum
1337 3102 1634 3179 adoptionis
1674 3102 1928 3171 ﬁliorum,
1959 3105 2017 3159 in

417 3204 521 3255 quo
546 3187 867 3257 clamamus,
903 3191 1044 3246 Abba
1085 3203 1233 3263 pater
1260 3192 1434 3263 (Rom.
1462 3194 1605 3265 vm).
1640 3192 1890 3251 Secunda
1921 3198 2015 3249 ad-

419 3279 565 3348 optio
589 3281 696 3335 erit
719 3281 787 3337 de
820 3255 925 3353 qua
951 3255 1095 3339 idem
1120 3255 1395 3354 apostolus
1415 3285 1489 3339 ait
1514 3304 1525 3339 :
1556 3255 1662 3339 Sed
1684 3295 1731 3340 et
1754 3286 1853 3356 ipsi
1878 3287 2017 3342 inter
2042 3255 2087 3318 Ο

422 3386 514 3423 nos
543 3370 926 3441 ingemiscimus
952 3375 1282 3445 adoptionem
1321 3384 1676 3445 exspectantes
1707 3376 2015 3447 redemptio-

421 3478 538 3518 nem
568 3466 802 3536 corporis
832 3469 996 3521 nostri
1029 3467 1240 3540 (Ibid.).
1267 3467 1449 3523 Prima
1482 3470 1810 3525 resurrectio
1839 3477 1923 3523 est
1951 3470 2017 3525 de

420 3568 528 3626 qua
557 3555 817 3612 Dominus
849 3558 1017 3614 dicit:
1055 3557 1235 3614 Veniet
1273 3562 1403 3614 hora
1443 3569 1492 3614 et
1525 3578 1664 3616 nunc
1700 3568 1776 3616 est
1804 3560 2016 3633 quando

423 3646 618 3699 mortui
643 3647 859 3702 audient
899 3666 1073 3704 vocem
1117 3647 1247 3703 Filii
1280 3649 1401 3714 Dei,
1435 3660 1483 3704 et
1506 3651 1596 3722 qui
1627 3652 1913 3719 audierint,
1944 3652 2019 3706 vi-

426 3746 545 3791 vent
587 3736 767 3809 (Joan.
791 3741 889 3811 lV).
937 3740 1005 3795 Et
1049 3741 1102 3795 in
1142 3739 1463 3812 Apocalypsi
1489 3760 1502 3796 :
1527 3740 1724 3797 Beatus
1746 3743 1836 3813 qui
1863 3742 2019 3797 habet

426 3836 627 3895 partem
654 3829 710 3883 in
752 3832 1127 3886 resurrectione
1165 3832 1448 3903 prima:in
1492 3834 1565 3887 eis
1606 3835 1839 3889 secunda
1877 3851 2020 3889 mors

428 3936 532 3973 non
573 3922 776 3976 habebit
821 3933 1125 3993 potestatem
1171 3924 1353 3996 (Apoc.
1386 3924 1502 3997 xx).
1551 3925 1797 3982 Secunda
1843 3942 2023 3982 resur-

432 4012 600 4087 rectio
629 4014 734 4069 erit
753 4015 819 4069 de
845 4032 949 4085 qua
978 4016 1238 4072 Dominus
1273 4018 1405 4073 dicit
1430 4036 1443 4072 :
1473 4018 1656 4073 Nolite
1678 4021 1863 4074 mirari
1900 4022 2017 4086 hoc,

428 4107 552 4175 quia
581 4109 715 4161 venit
750 4109 878 4161 hora
903 4110 959 4163 in
984 4127 1091 4179 qua
1119 4127 1294 4165 omnes
1315 4114 1402 4183 qui
1428 4114 1482 4166 in
1513 4116 1861 4169 monumentis
1899 4124 2020 4169 sunt

430 4198 646 4252 audient
687 4217 859 4254 vocem
904 4202 1018 4265 Dei,
1054 4213 1104 4257 et
1140 4206 1419 4274 procedent
1446 4209 1534 4277 qui
1570 4207 1704 4261 bona
1728 4219 1942 4278 egerunt
1967 4212 2023 4264 in

434 4293 859 4346 resurrectionem
895 4295 1012 4350 vita:
1033 4309 1052 4348 :
1073 4297 1162 4368 qui
1196 4314 1310 4351 vero
1348 4298 1489 4351 mala
1517 4311 1729 4369 egerunt
1759 4301 1813 4354 in
1845 4318 2021 4356 resur-

348 4396 352 4401 '
433 4383 709 4438 rectionem
748 4386 941 4457 judicii
968 4388 1147 4460 (Joan.
1176 4390 1251 4461 v).
1294 4389 1448 4459 Quod
1477 4407 1607 4448 vero
1634 4393 1709 4447 ait
1736 4412 1747 4447 :
1777 4391 1910 4447 Cum
1937 4411 2023 4449 se-

432 4475 566 4530 derit
605 4477 747 4547 [ilius
787 4481 1011 4536 hominis
1042 4484 1096 4538 in
1126 4484 1245 4539 sede
1282 4485 1572 4556 majestatis
1614 4503 1756 4553 suas,
1782 4487 2025 4543 sedebitis

2104 2097 2246 2149 dium
2281 2094 2463 2165 facies,
2488 2111 2591 2149 non
2619 2094 2841 2162 furtum,
2869 2110 2972 2146 non
3000 2092 3195 2162 falsum
3233 2092 3616 2146 testimonium
3638 2093 3716 2145 di-

2106 2204 2208 2252 ces,
2250 2186 2451 2240 honora
2488 2195 2687 2254 patrem
2728 2194 2774 2237 et
2810 2192 3059 2246 matrem,
3092 2192 3139 2236 et
3168 2182 3364 2252 diliges
3411 2183 3713 2250 proximus

2107 2286 2254 2331 tuum
2280 2277 2413 2330 sicut
2444 2284 2492 2329 te
2523 2275 2693 2345 ipsum
2742 2272 2981 2344 (Supra).
3020 2272 3163 2345 Ergo
3187 2271 3281 2342 qui
3313 2272 3593 2326 mandata
3624 2271 3717 2325 Do-

2106 2371 2235 2426 mini
2284 2378 2483 2434 servat,
2510 2369 2576 2422 ad
2613 2368 2776 2422 vitam
2810 2366 3107 2437 ingreditur
3146 2374 3415 2421 :cternam
3442 2385 3456 2417 :
3484 2365 3588 2433 qui
3622 2381 3712 2417 au-

2109 2469 2217 2515 tem
2247 2476 2352 2514 non
2378 2459 2547 2514 solum
2583 2459 2835 2513 mandata
2867 2464 3068 2521 servat,
3109 2472 3299 2513 verum
3331 2458 3513 2511 etiam
3545 2459 3717 2512 ctunsio

2108 2554 2236 2609 lium
2267 2553 2503 2617 Domini,
2532 2554 2673 2623 quod
2705 2554 2769 2606 de
2796 2551 3201 2607 contemnendis
3228 2551 3444 2606 divitiis
3482 2567 3555 2605 ac
3583 2551 3713 2605 luxi-

2109 2648 2210 2702 bus
2249 2646 2460 2711 tribuit,
2508 2644 2776 2714 sequitur,
2805 2658 2913 2698 non
2967 2650 3175 2697 tantum
3225 2643 3401 2697 vitam
3452 2644 3713 2713 percipit

2114 2741 2244 2811 ipse,
2270 2741 2361 2793 sed
2397 2738 2563 2794 etiam
2594 2739 2659 2792 de
2690 2738 2801 2792 vita
2829 2736 3058 2793 aliorum
3086 2752 3210 2791 cum
3241 2736 3487 2791 Domino
3512 2738 3715 2806 indica-

2111 2830 2209 2884 bit.
2238 2830 2417 2899 Atque
2448 2828 2520 2882 ita
2559 2827 2618 2881 lit
2647 2835 2706 2882 ut
2732 2827 2785 2881 in
2817 2825 3053 2894 iudicio,
3084 2834 3145 2880 ut
3169 2826 3437 2891 diximus,
3467 2826 3583 2880 duo
3620 2829 3716 2881 sint

2113 2920 2332 2975 ordines
2356 2920 2642 2975 bonorum.
2677 2917 2783 2972 Sed
2814 2925 2869 2971 et
2898 2917 3252 2988 reproborum
3285 2918 3428 2974 duos
3455 2918 3535 2972 ibi
3582 2917 3714 2972 futu-

2115 3027 2204 3067 ros
2254 3011 2473 3066 ordines
2519 3010 2748 3066 Domino
2797 3016 3055 3063 narrante
3112 3009 3493 3080 comperimus
3516 3029 3532 3061 :
3558 3025 3713 3064 om

2115 3120 2301 3160 eorum
2353 3104 2443 3175 qui
2492 3103 2615 3158 ﬁdei
2647 3101 2972 3160 Christianae
3008 3101 3284 3174 mysteriis
3321 3101 3530 3166 initiati
3561 3117 3714 3173 opus

2119 3197 2241 3252 ﬁdei
2283 3211 2540 3252 exercere
2569 3204 2958 3251 contemnunt:
2984 3195 3179 3265 quibus
3216 3194 3270 3249 in
3311 3192 3531 3261 judicio
3558 3203 3713 3249 testa-

2119 3302 2208 3345 tur
2234 3310 2246 3345 :
2274 3290 2537 3344 Discedite
2565 3307 2597 3343 a
2622 3305 2703 3343 me
2731 3287 2998 3342 maledicti
3023 3288 3080 3341 in
3107 3288 3279 3357 ignem
3328 3296 3592 3340 veternum
3634 3286 3715 3355 qui

2116 3394 2335 3456 paratus
2382 3391 2459 3437 est
2509 3381 2718 3435 diabolo
2748 3391 2796 3433 et
2836 3379 3033 3451 angelis
3079 3379 3215 3449 ejus.
3250 3376 3475 3431 Esurivi
3500 3379 3640 3431 enim
3672 3387 3712 3429 et

2118 3494 2219 3531 non
2242 3475 2459 3529 dedistis
2488 3473 2616 3526 mihi
2638 3472 2978 3535 manducare,
3000 3478 3105 3525 etc.
3133 3468 3353 3540 (Matth.
3387 3468 3560 3535 xxv);
3593 3467 3715 3521 alte-

2119 3585 2239 3625 rum
2279 3581 2468 3623 eorum
2504 3566 2598 3636 qui
2626 3580 2721 3635 per
2748 3564 2908 3619 ﬁdem
2935 3562 3194 3634 mysteria
3228 3561 3441 3617 Christi
3474 3559 3560 3617 vel
3586 3577 3714 3617 ιιιω-

2118 3674 2282 3731 quam
2324 3671 2628 3727 suscepere,
2659 3654 2744 3709 vel
2782 3662 3031 3723 suscepta
3060 3668 3162 3724 per
3189 3653 3532 3722 apostasiam
3578 3651 3710 3721 rei;L

2120 3764 2243 3805 cere
2269 3746 2373 3802 :‘de
2401 3746 2598 3817 quibus
2626 3744 2788 3800 dicit:
2815 3743 2919 3809 Qui
2945 3754 3120 3798 autem
3143 3759 3249 3818 non
3269 3744 3460 3806 credit,
3489 3744 3605 3813 jam
3628 3745 3713 3813 ja-

2121 3845 2325 3899 dicatus
2360 3851 2459 3907 est,
2480 3842 2603 3912 quia
2635 3854 2738 3893 non
2763 3839 2926 3892 credit
2962 3838 3018 3891 in
3050 3838 3259 3892 nomine
3298 3837 3569 3906 unigeniti
3594 3835 3708 3889 Fis'ii

2121 3938 2219 3991 Dei
2249 3934 2431 4004 (Joan.
2464 3933 2568 4004 ιιι).
2602 3930 2703 3999 Qui
2733 3930 2989 4001 quoniam
3034 3944 3135 3984 nec
3168 3928 3338 3983 verbo
3369 3937 3535 3982 tenus
3562 3927 3707 3982 Chli-

2122 4036 2263 4083 stum
2289 4024 2466 4082 colere
2490 4022 2808 4086 voluerunt,
2839 4036 2939 4077 nec
2962 4019 3127 4076 verba
3156 4019 3349 4075 saltem
3381 4018 3504 4087 eius
3528 4019 3709 4090 quibus

2122 4125 2487 4188 coarguantur
2520 4115 2575 4170 in
2594 4114 2798 4185 judicio
2821 4120 3102 4168 merentur
3142 4112 3350 4167 audire.
3383 4110 3494 4167 Sed
3521 4111 3591 4165 ad
3622 4111 3709 4164 hoc

2124 4217 2333 4265 tantum
2362 4208 2587 4263 veniunt
2618 4207 2673 4261 in
2711 4205 2972 4274 judicium
2998 4213 3059 4259 ut
3082 4220 3205 4259 cum
3235 4203 3314 4258 eis
3342 4204 3436 4274 qui
3471 4202 3711 4272 judican-

2124 4308 2213 4355 tur
2252 4300 2628 4371 peccatoribus
2672 4298 2728 4352 in
2779 4297 3175 4353 damnationem
3221 4295 3518 4350 mittantur
3559 4304 3705 4349 aster-

2124 4407 2272 4446 nam.

2194 4481 2265 4535 Et
2310 4498 2478 4536 omnis
2526 4482 2615 4553 qui
2657 4479 2923 4552 reliquerit
2966 4479 3205 4544 domum,
3236 4478 3317 4534 vel
3362 4479 3577 4548 fratres,
3618 4491 3698 4532 est

432 4579 477 4625 et
510 4586 595 4623 vos
618 4587 774 4641 super
796 4573 939 4628 sedes
967 4574 1264 4641 duodecim,
1289 4585 1420 4640 etc.,
1448 4590 1609 4632 nemo
1642 4585 1793 4647 putet
1823 4578 2026 4634 duode-
2053 4616 2108 4678 Β
2133 4590 2354 4651 sorores,
2396 4582 2487 4627 aut
2537 4584 2759 4644 patrem,
2803 4580 2896 4625 aut
2932 4580 3174 4636 matrem,
3221 4580 3312 4625 aut
3362 4587 3601 4634 uxorem,
3627 4578 3704 4623 est

433 4662 539 4716 cim
586 4670 793 4716 tantum
834 4666 1126 4733 apostolos,
1158 4667 1285 4735 quia
1312 4682 1411 4738 pro
1453 4665 1593 4722 Iuda
1634 4669 2028 4737 praevaricante

437 4754 689 4810 Matthias
716 4756 921 4813 electus
949 4765 1052 4823 est,
1080 4767 1205 4813 tunc
1229 4775 1347 4814 esse
1368 4758 1725 4827 iudicaturos,
1750 4761 1895 4816 sicut
1924 4776 2025 4817 nec

435 4848 718 4904 duodecim
743 4849 870 4904 solm
901 4860 1027 4905 sunt
1066 4850 1238 4905 tribus
1273 4850 1434 4906 Israel
1458 4851 1784 4921 iudicauit-cc,
1816 4852 2019 4922 alioqui

437 4942 610 4995 tribus
650 4941 801 5007 Levi,
829 4958 949 5012 qua:
980 4943 1137 4996 tertia
1174 4943 1380 4998 decima
1410 4952 1526 5011 est,
1556 4943 1848 5013 iniudicata
1873 4959 2027 4999 rece-

436 5030 547 5095 det,
577 5039 632 5085 et
679 5030 876 5086 Paulus
919 5032 1010 5101 qui
1060 5031 1302 5087 decimus
1348 5035 1543 5090 tertius
1590 5044 1674 5090 est
1716 5034 2022 5104 apostolus,

435 5138 535 5192 pro
554 5120 689 5178 Juda
709 5123 1099 5193 praevaricante
1126 5122 1378 5179 Matthias
1403 5125 1607 5181 electus
1628 5134 1733 5191 est,
1750 5124 2032 5195 iudicandi

440 5222 586 5267 sorte
614 5213 912 5282 privabitur
942 5229 1066 5269 cum
1096 5214 1211 5283 ipse
1248 5213 1393 5269 dicat
1420 5232 1433 5269 :
1466 5214 1693 5271 Nescitis
1719 5216 1842 5286 quia
1870 5229 2031 5284 ange-

442 5304 520 5357 los
547 5303 926 5372 judicabimus,
949 5316 1146 5376 quanto
1172 5308 1338 5378 magis
1368 5307 1691 5363 sa'cularia?
1717 5308 1768 5378 (Ι
1792 5307 1913 5361 Cor.
1932 5305 2032 5379 vr.)

444 5393 735 5450 Sciendum
768 5412 1002 5467 namque
1028 5406 1112 5453 est
1136 5413 1326 5454 omnes
1351 5399 1443 5469 qui
1471 5399 1538 5453 ad
1564 5398 1869 5468 exemplum
1904 5412 2034 5466 apo-

442 5484 707 5543 stolorum
731 5502 825 5541 sua
852 5488 1185 5559 reliquerunt
1210 5494 1408 5554 omnia,
1440 5500 1495 5545 et
1526 5490 1695 5546 secuti
1725 5499 1849 5545 sunt
1876 5489 2035 5544 Chri-

443 5587 610 5642 stum,
648 5576 857 5648 iudiccs
901 5595 1023 5635 cum
1069 5596 1134 5637 eo
1174 5591 1451 5647 venturos,
1481 5582 1619 5637 sicut
1664 5581 1827 5635 etiam
1875 5595 2036 5635 omne

443 5668 754 5727 mortalium
782 5685 954 5741 genus
988 5688 1108 5728 esse
1146 5673 1517 5745 iudicandum.
1562 5673 1698 5741 Quia
1724 5672 1868 5727 enim
1899 5671 2035 5725 duo-

446 5763 667 5819 denario
697 5778 840 5834 saepe
884 5780 1108 5821 numero
1136 5767 1272 5823 solet
1298 5768 1351 5822 in
1382 5766 1681 5837 Scripturis
1709 5764 2035 5821 universitas

450 5853 742 5926 designari,
766 5873 867 5928 per
893 5857 1175 5914 duodecim
1204 5860 1361 5915 sedes
1399 5860 1766 5930 apostolorum
1788 5858 2036 5930 iudican-

2132 4646 2292 4735 ﬁlios,
2353 4675 2443 4718 aut
2489 4681 2666 4735 agros,
2704 4671 2915 4734 propter
2952 4678 3137 4716 nomen
3174 4678 3369 4727 meum,
3423 4662 3701 4731 centuplum

2134 4757 2369 4825 accipiet,
2396 4765 2443 4809 et
2470 4756 2628 4809 vitam
2652 4763 2899 4809 wternam
2919 4752 3221 4823 possidebit.
3246 4750 3526 4825 (Περι-οη.)
3552 4752 3702 4806 Locus

2135 4847 2239 4902 iste
2274 4862 2395 4901 cum
2443 4846 2534 4901 illa
2589 4845 2857 4901 sententia
2900 4844 3152 4916 congruit
3202 4845 3258 4900 in
3309 4861 3421 4915 qua
3473 4845 3703 4900 Salvator

2134 4937 2374 5005 loquitur
2405 4954 2418 4989 :
2449 4935 2572 4990 Non
2598 4936 2713 4990 veni
2739 4953 2918 5006 pacem
2944 4936 3147 4990 mittere
3170 4936 3261 4989 sed
3297 4937 3562 5006 gladium.
3592 4934 3700 4989 Veri

2134 5028 2273 5082 enim
2294 5042 2539 5097 separare
2566 5025 2827 5079 hominem
2855 5042 2887 5079 a
2908 5034 3055 5095 patre
3074 5042 3192 5088 suo,
3212 5034 3262 5079 et
3282 5037 3506 5080 matrem
3530 5044 3564 5080 α
3583 5026 3699 5097 ﬁlis,

2135 5128 2185 5171 et
2216 5133 2405 5171 nurum
2436 5134 2469 5170 a
2506 5133 2685 5183 socru,
2707 5125 2755 5170 et
2805 5116 3001 5171 inimici
3039 5117 3263 5171 hominis
3291 5117 3571 5172 domestici
3604 5118 3702 5189 ejus

2138 5207 2354 5281 (Matth.
2377 5207 2456 5279 χ).
2482 5207 2583 5275 Qui
2613 5222 2744 5278 ergo
2766 5216 2987 5277 propter
3010 5206 3172 5263 ﬁdem
3199 5206 3405 5264 Christi
3436 5214 3494 5264 et
3517 5210 3703 5280 pradi-

2137 5300 2407 5355 cationem
2444 5299 2709 5371 evangelii
2756 5314 2947 5355 omnes
2990 5297 3217 5356 allectus
3262 5303 3701 5372 contempserint,

2139 5403 2299 5462 atque
2333 5391 2548 5446 divitias
2597 5399 2652 5445 et
2693 5391 2875 5446 saeculi
2921 5391 3242 5463 voluptates,
3266 5393 3357 5448 isti
3405 5393 3702 5464 centuplum

2139 5485 2426 5555 recipient,
2453 5492 2508 5539 et
2533 5483 2701 5539 vitam
2750 5493 3008 5540 aeternam
3039 5485 3412 5556 possidebunt.
3447 5485 3526 5539 Ex
3554 5499 3704 5540 occa.

2138 5578 2289 5633 sione
2332 5575 2491 5644 huius
2546 5576 2824 5632 sentcntiae
2878 5575 3096 5646 quidam
3155 5574 3508 5630 introducunt
3570 5574 3705 5629 mille

2138 5687 2310 5727 annos
2353 5680 2475 5741 post
2532 5670 2985 5727 resurrectionem
3010 5710 3026 5736 ,
3075 5668 3320 5724 dicentes
3378 5668 3537 5723 nobis
3590 5678 3705 5722 tunc

2136 5763 2447 5833 centuplum
2471 5763 2711 5818 omnium
2734 5777 2913 5821 rerum
2939 5775 3075 5832 quas
3129 5759 3454 5825 dimisimus,
3474 5768 3533 5814 et
3551 5760 3702 5814 vitam

2136 5864 2394 5913 aeternam
2439 5856 2787 5922 reddendam,
2815 5870 2924 5913 non
2973 5855 3335 5925 intelligentes
3377 5854 3523 5924 quod
3568 5855 3615 5908 si
3652 5853 3701 5907 in
