3898 6478
156 412 313 471 1035

1159 401 1513 464 COMMENT.
1552 398 1620 458 IN
1659 397 2098 459 MATTHEUM.
2130 430 2204 445 —
2235 401 2367 460 LIB.
2406 402 2495 462 VI.

156 528 385 586 caeteris
409 525 571 597 digna
599 526 670 581 sit
700 524 1071 596 repromissio,
1110 537 1166 578 ιιι
1202 520 1464 577 uxoribus
1489 520 1747 590 appareat
1769 513 1825 577 Δ
1851 514 2090 572 tudinem
2140 519 2341 575 rectius
2386 526 2556 588 tenet,
2581 534 2747 592 quam
2801 521 3052 579 conditor
3084 533 3292 592 noster,
3337 518 3436 600 qui

158 618 463 690 turpitudo,
493 626 551 671 ut
578 616 672 687 qui
698 631 862 672 unam
888 630 989 687 pro
1006 613 1234 670 Domino
1259 612 1534 668 dimiserit
1562 621 1752 667 centu-

157 711 319 783 plum
354 709 580 778 recipiat
605 708 660 762 in
689 706 889 763 futuro.
920 706 1123 763 Sensus
1170 704 1337 778 igitur
1387 704 1492 760 iste
1528 711 1630 768 est,
1659 702 1751 772 qui

158 802 408 859 carnalia
435 816 533 872 pro
570 799 853 856 Salvatore
880 798 1149 855 dimiserit
1199 796 1468 869 spiritalia
1497 796 1748 866 recipiet,

158 909 289 965 qua:
334 891 741 962 comparatione
787 900 843 947 et
890 891 1086 946 merito
1128 890 1213 945 sui
1269 889 1347 945 ita
1389 897 1568 955 erunt,
1597 887 1752 958 quasi

158 1000 337 1057 parvo
389 996 616 1039 numero
675 982 1016 1038 centenarius
1071 996 1330 1039 numerus
1385 987 1750 1052 comparetur.

159 1073 326 1133 Unde
349 1075 482 1131 dicit
504 1084 560 1131 et
585 1074 874 1146 Apostolus
902 1076 993 1145 qui
1023 1091 1190 1130 unam
1218 1083 1430 1130 tantum
1451 1075 1673 1130 domum
1696 1080 1753 1128 et

161 1166 331 1222 unius
355 1166 648 1237 provinciae
672 1180 871 1237 parvos
915 1180 1075 1239 agros
1099 1166 1403 1233 dimiserat,
1428 1165 1579 1237 quasi
1625 1161 1755 1218 nihil

160 1257 409 1313 habentes
432 1267 480 1313 et
506 1258 681 1313 omnia
703 1258 1020 1330 possidentes
1046 1255 1133 1329 (ΙΙ
1168 1255 1404 1328 Cor.v1).
1439 1256 1623 1326 (ΚΑΒ.)
1645 1254 1755 1311 No-

163 1352 393 1407 tandum
430 1352 574 1423 quod
610 1352 666 1407 in
704 1352 994 1425 Evangelio
1036 1350 1201 1407 Marci
1241 1351 1315 1406 ita
1353 1351 1613 1421 scriptum
1638 1359 1750 1406 est:

165 1442 342 1497 Nemo
359 1453 434 1498 est
448 1443 537 1513 qui
554 1442 818 1513 reliquerit
833 1442 1067 1509 domum,
1086 1450 1177 1496 aut
1191 1441 1406 1511 fratres,
1420 1452 1511 1496 aut
1524 1458 1751 1504 sorores,

161 1546 258 1589 aut
290 1544 517 1605 patrem,
538 1546 629 1589 aut
662 1545 905 1602 matrem,
924 1545 1016 1589 aut
1058 1534 1220 1605 filios,
1243 1544 1336 1589 aut
1354 1551 1530 1607 agros,
1545 1543 1757 1605 propter

164 1643 266 1689 me,
292 1636 341 1680 et
367 1637 577 1699 propter
602 1626 972 1698 Evangelium,
1019 1627 1111 1698 qui
1145 1643 1250 1682 non
1296 1628 1521 1698 accipiat
1565 1626 1754 1680 centies

162 1727 373 1771 tantum
420 1735 592 1783 nunc,
626 1719 683 1772 in
740 1727 969 1788 tempore
1013 1718 1132 1784 hoc,
1162 1717 1345 1772 domos
1373 1726 1420 1771 et
1463 1718 1680 1787 fratres,
1704 1723 1756 1770 et

163 1827 395 1877 sorores,
420 1820 468 1866 et
527 1809 688 1880 ﬁlios,
721 1821 769 1866 et
824 1827 998 1882 agros,
1046 1827 1165 1865 cum
1214 1810 1678 1882 persecutionibus,
1706 1817 1755 1863 et

1855 606 1997 674 regit
2021 621 2158 676 quos
2184 608 2422 665 condidit
2446 617 2501 664 et
2547 610 2748 669 electos
2782 627 2910 670 suos
2935 613 3014 669 sic
3029 613 3086 670 in
3110 615 3215 672 hoc
3237 618 3442 676 mundo

1853 698 2113 767 possidet,
2172 700 2328 770 quasi
2380 702 2651 773 subjectos
2693 704 2944 760 dominus
2996 706 3053 761 in
3101 708 3290 775 domo;
3344 706 3444 781 qui

1856 787 2055 845 habeat
2097 790 2331 857 vineam,
2364 792 2674 850 universam
2703 796 2908 852 scilicet
2961 797 3281 866 Ecclesiam,
3311 800 3444 872 quia

1855 882 1924 937 ah
1950 882 2084 938 Abel
2121 882 2272 953 justo
2313 900 2483 957 usque
2523 887 2592 942 ad
2651 888 2900 945 ultimum
2952 892 3184 948 electum
3234 896 3328 966 qui
3385 897 3440 954 in

1855 972 1964 1029 ﬁne
2003 975 2189 1031 mundi
2236 984 2496 1033 venturus
2520 988 2625 1046 est,
2660 990 2794 1051 quot
2840 990 3058 1040 sanctos
3083 985 3309 1055 protuﬁt
3334 1003 3441 1057 qua

1856 1067 1903 1121 si
1931 1077 2011 1123 tot
2038 1069 2291 1138 palmites
2318 1072 2487 1127 misit.

1925 1159 2275 1217 Conventione
2295 1175 2471 1219 autem
2513 1164 2655 1232 facta
2674 1184 2795 1222 eum
2843 1172 3098 1240 operariis
3121 1189 3186 1227 ea:
3223 1174 3442 1230 denario

1856 1250 2046 1306 diurno
2090 1253 2232 1308 misit
2274 1270 2361 1308 eos
2405 1256 2461 1308 in
2507 1256 2712 1312 vineam
2755 1275 2926 1314 suam.
2953 1260 3138 1334 (Δις.)
3175 1262 3442 1321 Denarius

1857 1339 2148 1413 imaginem
2193 1344 2337 1414 regis
2387 1345 2571 1402 habet.
2624 1349 2830 1407 Idcirco
2880 1352 3023 1407 enim
3073 1357 3443 1427 unusquisque

1857 1438 2065 1491 accedit
2100 1438 2168 1493 ad
2215 1438 2418 1493 cultum
2444 1440 2612 1495 divini
2660 1443 2895 1499 nominis
2933 1453 2988 1499 et
3038 1449 3441 1519 apprOpinquat

1857 1526 2132 1592 Ecclesim,
2191 1544 2311 1598 quae
2368 1544 2467 1600 per
2518 1532 2733 1587 vineam
2786 1534 3089 1606 signiﬁcata
3133 1546 3239 1604 est,
3286 1549 3347 1593 ut
3386 1541 3443 1596 in

1858 1618 2077 1676 Christo
2114 1622 2340 1693 recipiat
2368 1623 2659 1695 imaginem
2699 1626 2940 1693 deitatis,
2969 1644 3134 1698 quam
3183 1631 3238 1685 in
3283 1648 3445 1702 para-

1859 1712 1977 1769 diso
2003 1713 2313 1784 perdiderat
2342 1714 2512 1770 livore
2562 1718 2852 1787 serpentis.
2881 1718 3036 1775 Unde
3084 1722 3340 1780 denarius
3361 1731 3447 1780 est

1859 1801 2037 1860 dictus
2062 1806 2154 1876 qui
2190 1821 2291 1875 pro
2320 1806 2507 1861 decem
2531 1807 2769 1863 nummis
2797 1809 2941 1878 apud
2976 1810 3230 1882 antiquos
3265 1813 3444 1884 impu-

161 1901 220 1954 in
249 1876 445 1956 swculo
487 1876 682 1972 futuro
712 1876 878 1957 vitam
917 1909 1170 1957 ceternam
1214 1876 1410 1972 '(Marc.
1439 1901 1517 1972 ι).
1567 1899 1753 1956 Potest
1781 1876 1831 1938 Β
1858 1898 2097 1964 tabatur,
2122 1899 2464 1970 signiﬁcante
2494 1901 2723 1964 ratione,
2749 1876 2894 1973 quod
2919 1876 3181 1974 quantum
3210 1876 3442 1978 quisque

163 2006 300 2047 sane
330 1993 433 2048 hoc
480 1993 623 2062 quod
659 1992 757 2057 ait,
790 1993 1007 2063 accipiet
1053 1992 1242 2047 centies
1266 2000 1474 2047 tantum
1514 2006 1652 2045 nunc
1695 1991 1753 2045 in

162 2095 395 2156 tempore
420 2086 516 2141 hoc
553 2088 756 2153 domos,
784 2098 831 2142 et
859 2089 1073 2158 fratres,
1102 2096 1152 2142 et
1195 2103 1424 2152 sorores,
1455 2096 1503 2141 et
1530 2096 1749 2151 matres,

159 2185 212 2231 et
235 2176 397 2245 filios,
428 2186 477 2231 et
503 2193 682 2249 agros,
712 2196 831 2233 cum
858 2178 1324 2250 persecutionibus,
1357 2194 1455 2250 per
1478 2176 1752 2250 signiﬁca-

160 2270 370 2327 tionem
397 2270 557 2328 altius
586 2272 831 2344 intelligi.
878 2272 1233 2329 Centenarius
1259 2272 1457 2342 quippe
1496 2286 1756 2327 numerus

161 2363 230 2418 de
252 2364 386 2418 laeva
409 2364 707 2419 translatus
732 2366 789 2419 in
809 2367 1111 2432 dexteram,
1134 2364 1262 2421 licet
1283 2364 1531 2420 eamdem
1556 2363 1754 2419 inﬂexu

160 2453 455 2523 digitorum
477 2455 725 2511 videatur
767 2465 952 2512 tenere
1002 2458 1255 2529 ﬁguram,
1285 2472 1447 2528 quam
1490 2457 1755 2511 habuerat

163 2547 420 2604 denarius
448 2548 505 2604 in
533 2548 690 2617 lzeva,
722 2550 950 2605 nimium
980 2559 1164 2607 tamen
1192 2551 1514 2623 quantitatis
1538 2550 1752 2622 magni-

162 2639 350 2713 tudine
374 2642 739 2712 supercrescit
755 2660 767 2696 :
783 2643 913 2713 quia
938 2643 1190 2705 videlicet
1210 2660 1400 2701 omnes
1417 2644 1511 2715 qui
1533 2652 1754 2715 propter

162 2745 392 2802 regnum
438 2732 534 2788 Dei
581 2733 898 2804 temporalia
948 2743 1230 2805 spernunt,
1279 2743 1335 2791 et
1386 2736 1444 2790 in
1490 2736 1592 2790 hac
1641 2735 1751 2789 vita

162 2826 633 2897 persecutionibus
666 2827 980 2898 plenissima
1005 2829 1248 2899 ejusdem
1299 2828 1553 2901 gaudium
1601 2827 1751 2898 regni

163 2915 270 2972 ﬁde
290 2926 438 2974 certa
463 2918 769 2990 degustant,
811 2929 974 2989 atque
1004 2920 1060 2974 in
1108 2920 1515 2990 exspectatione
1563 2918 1754 2989 patria:

163 3010 422 3077 caalestis,
455 3027 575 3083 quae
597 3013 719 3085 jure
748 3015 803 3069 in
852 3016 1075 3071 dextera
1123 3015 1479 3087 signiﬁcatur,
1507 3014 1752 3071 omnium

162 3105 369 3175 pariter
398 3107 697 3163 electorum
727 3108 1096 3165 sincerissima
1131 3108 1423 3165 dilectione
1470 3106 1747 3165 fruuntur.

1857 1988 1992 2060 legis
2039 1990 2355 2062 decalogum
2407 1991 2676 2048 studuerit
2737 1993 2981 2064 implere,
3015 2004 3168 2053 tanto
3209 1998 3444 2068 amplius

1858 2082 2188 2139 reformetur
2226 2085 2293 2140 ad
2322 2084 2614 2155 imaginem
2644 2084 2760 2154 ejus
2808 2088 2901 2156 qui
2951 2088 3160 2144 creavit
3205 2105 3352 2157 eum,
3388 2096 3448 2148 et

1858 2177 2281 2247 splendidiorem
2312 2179 2640 2243 mercedem,
2672 2195 2793 2250 quae
2834 2195 2934 2250 per
2962 2182 3250 2237 denarium
3277 2183 3447 2255 signi-

1860 2269 2022 2327 licata
2045 2280 2151 2337 est,
2182 2272 2412 2343 recipiat
2431 2272 2487 2327 in
2514 2271 2716 2328 futuro.
2753 2270 2957 2346 (Greg.)
2983 2274 3068 2330 Ad
3092 2276 3447 2332 erudiendum

1856 2378 1990 2436 ergo
2038 2350 2265 2436 plebem.
2295 2380 2450 2420 suam
2488 2365 2752 2421 Dominus
2799 2365 2956 2435 quasi
2986 2366 3053 2421 ad
3093 2366 3451 2423 excolendam

1858 2453 2072 2509 vineam
2102 2471 2258 2510 suam
2295 2455 2447 2510 nullo
2489 2465 2732 2525 tempore
2775 2456 2983 2511 destitit
3006 2458 3288 2526 operarios
3317 2456 3447 2511 mit-

1860 2554 1994 2600 tere.
2024 2546 2163 2614 Quia
2192 2555 2247 2601 et
2276 2562 2430 2615 prius
2469 2562 2566 2617 per
2604 2555 2809 2616 patres,
2850 2556 2907 2602 et
2930 2556 3052 2618 post
3101 2548 3323 2603 modum
3353 2564 3448 2618 per

1859 2633 1993 2706 legis
2021 2636 2273 2691 doctores
2296 2645 2349 2690 et
2381 2637 2695 2706 prophetas,
2727 2638 2794 2693 ad
2823 2648 3129 2693 extremum
3171 2653 3301 2693 vero
3351 2653 3449 2707 per

1858 2727 2150 2797 apostolos,
2181 2729 2306 2782 dum
2334 2728 2509 2798 plebis
2535 2743 2647 2783 suae
2668 2743 2850 2784 mores
2883 2729 3143 2794 excoluit,
3170 2728 3324 2798 quasi
3351 2744 3450 2797 per

1857 2819 2136 2889 operarios
2193 2820 2251 2873 in
2298 2820 2468 2874 vineae
2515 2819 2728 2874 cultura
2769 2819 3057 2874 laboravit.
3108 2819 3366 2887 Quamvis
3393 2820 3452 2874 in

1858 2911 2101 2982 quolibet
2132 2912 2349 2967 modulo
2372 2911 2455 2965 vel
2482 2926 2738 2966 mensura
2753 2912 3000 2981 quisquis
3023 2926 3147 2966 cum
3175 2910 3281 2965 ﬁde
3300 2915 3450 2964 recta

1856 3003 2015 3060 bona:
2041 3003 2269 3059 actionis
2294 3003 2524 3069 exstitit,
2548 3002 2709 3074 hujus
2738 3002 2911 3058 vineae
2940 3001 3224 3074 operarius
3253 3001 3376 3057 fuit.

1929 3117 2000 3171 Et
2028 3132 2264 3189 egressus
2292 3117 2435 3170 circa
2461 3116 2647 3170 horam
2669 3115 2876 3169 tertiam
2929 3114 3053 3170 uidit
3113 3114 3247 3169 alios
3303 3124 3450 3169 stan-

165 3195 368 3254 Verum
395 3199 523 3271 quia
549 3199 703 3255 multi
732 3201 993 3257 virtutum
1031 3200 1209 3258 studia
1253 3216 1363 3257 non
1409 3200 1600 3257 eadem
1641 3214 1750 3271 qua
1782 3246 1829 3311 Ο
1860 3217 1935 3264 tes
1985 3210 2041 3262 in
2089 3209 2205 3279 foro
2252 3209 2466 3273 otiosos,
2518 3216 2569 3262 et
2614 3205 2720 3261 illis
2786 3207 2918 3261 dixit
2970 3220 2987 3259 :
3039 3205 3122 3260 Ite
3167 3215 3215 3260 et
3261 3222 3348 3261 vos
3392 3207 3451 3262 in

165 3290 424 3311 εμελεμ,
1474 3291 1563 3311 μ,
1595 3289 1675 3311 ___.
1724 3306 1743 3311 -
1898 3306 1907 3311 _
2517 3301 2527 3311 .
2574 3298 2585 3309 .
2659 3308 2668 3311 _
2808 3298 2828 3311 .
2928 3298 2959 3311 .,
3024 3297 3036 3311 .
3081 3296 3091 3311 ,
3233 3297 3277 3311 ,.

164 3290 429 3359 incipiunt
463 3291 762 3347 intentione
796 3292 1014 3361 pietatis
1039 3299 1438 3358 consummant,
1470 3291 1565 3347 sed
1595 3289 1680 3347 vel
1720 3306 1751 3346 a

168 3392 345 3451 coepto
373 3382 637 3437 virtutum
664 3397 850 3438 amore
876 3392 1176 3455 tepescunt,
1206 3382 1292 3437 vel
1325 3398 1393 3437 ex
1447 3381 1661 3453 integro
1686 3382 1756 3437 ad

168 3473 438 3528 scelerum
471 3472 756 3529 volutabra
784 3474 1123 3542 relabuntur,
1160 3473 1421 3531 terribilis
1460 3489 1588 3530 mox
1635 3489 1758 3530 sen-

172 3567 341 3621 tentia
372 3566 725 3623 subinl'ertur.

241 3661 398 3717 Multi
444 3673 618 3718 autem
666 3673 819 3720 erunt
848 3667 1002 3736 primi
1058 3665 1348 3732 novissimi,
1394 3672 1442 3719 et
1490 3664 1757 3719 novissimi

168 3756 343 3825 primi.
373 3756 508 3813 Vide
534 3764 717 3811 autem
743 3755 938 3813 ludam
961 3757 1028 3813 de
1055 3757 1316 3828 Apostolo
1350 3756 1405 3811 in
1451 3764 1757 3826 apostatam

168 3858 383 3900 versum
410 3886 426 3913 ,
478 3846 606 3917 quia
653 3848 808 3903 multi
862 3858 1015 3903 erunt
1063 3849 1221 3920 primi
1280 3848 1570 3903 novissimi.
1621 3846 1758 3901 Vide

165 3932 434 3991 latronem
481 3936 536 3992 in
569 3953 733 3994 cruce
779 3937 982 3994 factum
1031 3937 1423 4004 confessorem,
1456 3937 1757 4006 eodemque

168 4027 254 4083 die
288 4044 396 4099 quo
422 4044 525 4101 pro
551 4031 668 4087 suis
692 4032 984 4088 cruciﬁxus
1006 4041 1092 4089 est
1115 4032 1359 4102 peccatis
1407 4032 1585 4102 gratia
1630 4030 1756 4084 ﬁdei

173 4137 294 4177 cum
328 4121 550 4181 Christo
597 4125 653 4181 in
700 4126 957 4195 paradiso
1006 4126 1353 4199 gaudentem,
1397 4132 1453 4180 et
1507 4123 1753 4179 dicitur:

171 4211 308 4280 Quia
333 4216 601 4270 novissimi
622 4225 776 4271 erunt
802 4217 979 4289 primi.
1026 4215 1136 4272 Sed
1160 4224 1216 4272 et
1249 4215 1490 4286 quotidie
1510 4214 1758 4269 videmus

172 4306 365 4363 multos
427 4309 482 4362 in
544 4307 685 4364 laico
732 4308 923 4365 habitu
970 4306 1316 4365 constitutos
1370 4308 1580 4379 magnis
1629 4307 1757 4362 vitae

170 4397 377 4454 meritis
404 4398 694 4467 excellere,
729 4407 786 4455 et
840 4399 1000 4467 alios,
1040 4415 1074 4453 a
1111 4399 1290 4470 prima
1323 4407 1487 4454 aetate
1524 4398 1757 4468 spiritali

170 4493 347 4549 studio
370 4493 666 4562 ferventes,
709 4494 779 4551 ad
806 4504 1113 4552 extremum
1143 4496 1256 4551 otio
1303 4505 1553 4566 torpente
1595 4496 1759 4551 lasse-

1859 3306 2062 3356 tn'neam
2087 3317 2278 3366 meam,
2303 3311 2350 3354 et
2387 3301 2527 3371 quod
2556 3298 2760 3368 justum
2799 3298 2960 3367 fuerit
3001 3296 3137 3352 dabo
3164 3297 3325 3352 vobis.
3357 3296 3451 3352 Illi

1858 3404 2034 3449 autem
2069 3394 2334 3448 abierunt.
2356 3392 2562 3449 Iterum
2597 3404 2771 3447 autem
2797 3393 2923 3448 exiit
2949 3393 3093 3446 circa
3123 3401 3322 3446 sextam
3351 3392 3453 3445 lto-

1859 3500 1997 3551 ram,
2022 3495 2070 3538 et
2103 3500 2323 3551 nonam,
2345 3497 2393 3538 et
2436 3484 2557 3553 fecit
2587 3482 2847 3538 similiter.
2905 3481 3061 3537 Circa
3120 3482 3450 3536 undecimam

1858 3592 1979 3630 vero
2003 3576 2151 3641 exiit,
2188 3585 2239 3630 et
2261 3576 2458 3630 invenit
2493 3574 2626 3630 alios
2669 3584 2887 3641 stantes,
2910 3583 2958 3629 et
2984 3574 3111 3628 dicit
3135 3572 3240 3627 illis
3265 3589 3284 3628 :
3310 3572 3450 3639 Quid

1858 3670 1943 3723 llic
1985 3670 2136 3724 statis
2177 3679 2286 3725 tota
2338 3670 2424 3724 die
2476 3669 2671 3724 otiosi?
2724 3668 2918 3723 Dicunt
2973 3669 3021 3724 ei
3057 3681 3076 3721 :
3109 3665 3249 3734 Quia
3301 3682 3451 3722 nemo

1862 3778 1955 3816 nos
2004 3762 2275 3817 conduxit.
2329 3761 2472 3816 Dicit
2520 3761 2627 3817 illis
2682 3780 2703 3817 .'
2763 3761 2845 3817 Ite
2916 3772 2964 3816 et
3017 3778 3104 3817 vos
3150 3763 3206 3816 in
3247 3763 3454 3817 vineam

1859 3870 2049 3909 meam.
2126 3853 2227 3910 Hic
2288 3856 2471 3924 itaque
2529 3853 2921 3925 paterfamilias
2982 3854 3050 3909 ad
3098 3853 3449 3908 excolendam

1860 3947 2076 4002 vineam
2126 3961 2277 4002 suam
2332 3960 2493 4001 mane
2548 3946 2684 4003 hora
2738 3946 2918 4011 tertia,
2977 3954 3151 4011 sexta,
3177 3960 3339 4011 nona,
3391 3953 3446 4000 ct

1860 4037 2146 4093 undecima
2192 4037 2475 4107 operarios
2515 4036 2788 4101 conducit,
2837 4035 2939 4106 qui
2978 4050 3011 4089 a
3058 4035 3246 4090 mundi
3294 4033 3454 4102 hujus

1862 4131 2017 4187 initio
2042 4146 2216 4202 usque
2236 4130 2292 4185 in
2324 4130 2485 4185 ﬁnem
2508 4131 2577 4186 ad
2598 4128 2952 4185 erudiendam
2972 4127 3185 4198 plebem
3210 4125 3450 4185 ﬁdelium

1862 4226 2250 4297 praedicatores
2271 4224 2661 4295 praedestinare
2691 4239 2797 4279 non
2821 4221 3047 4278 destitit.
3075 4221 3232 4277 Mane
3249 4221 3452 4277 etenim

1864 4321 2051 4376 mundi
2079 4318 2181 4375 fuit
2202 4321 2269 4375 ah
2295 4319 2467 4374 Adam
2497 4333 2667 4389 usque
2697 4318 2765 4372 ad
2796 4316 2941 4382 Noe;
2969 4315 3100 4371 hora
3136 4330 3269 4369 vero
3292 4308 3467 4368 tertia

1866 4430 1897 4469 a
1924 4414 2039 4469 Noe
2078 4429 2252 4484 usque
2276 4413 2345 4468 ad
2372 4412 2649 4467 Abraham
2674 4428 2687 4463 :
2720 4421 2876 4465 sexta
2904 4423 3035 4463 vero
3075 4408 3144 4463 ab
3177 4406 3452 4462 Abraham

1861 4521 2036 4575 usque
2079 4505 2146 4560 ad
2196 4504 2454 4575 Moysen;
2484 4517 2627 4557 nona
2669 4510 2852 4556 autem
2882 4515 2914 4554 a
2939 4498 3122 4571 Moyse
3159 4512 3333 4568 usque
3378 4497 3448 4553 ad

170 4600 342 4653 scere,
374 4596 541 4660 atque
588 4588 751 4644 inerti
800 4588 1031 4645 stultitia
1062 4589 1209 4660 quod
1234 4589 1433 4660 spiritu
1474 4595 1758 4660 cmperaut
1781 4606 1839 4669 ι)
1867 4598 2158 4653 adventum
2184 4595 2430 4661 Domini;
2467 4593 2750 4649 undecima
2782 4606 2913 4648 vero
2961 4591 3030 4647 ab
3073 4591 3305 4646 adventu
3346 4589 3455 4645 Do-

171 4696 336 4737 carne
360 4696 764 4740 consummare.

765 4771 993 4829 CAPUT
1030 4772 1153 4828 XX.

174 4888 436 4945 Parabola
460 4891 824 4962 operariorum
860 4894 917 4945 in
955 4891 1126 4955 vinea,
1152 4890 1217 4962 de

244 4962 493 5043 accubitis
563 4963 748 5018 primis

246 5048 402 5087 utam.

1310 4888 1396 4943 liis
1418 4887 1679 4954 Zebedwi,
1707 4898 1757 4943 et

816 4977 975 5017 ciente
998 4979 1010 4991 ·
1036 4961 1103 5017 de
1148 4960 1353 5016 duobus
1399 4962 1550 5016 ctecis
1605 4977 1754 5016 secus

251 5142 335 5220 IL]
378 5146 565 5203 Simile
587 5156 661 5203 est
688 5149 828 5204 enim
849 5163 1075 5219 regnum
1091 5146 1341 5203 caelorum
1367 5147 1569 5202 homini
1590 5146 1762 5217 patri-

177 5239 406 5310 familias
425 5242 516 5312 qui
540 5242 667 5295 exiit
701 5243 872 5312 primo
900 5258 1057 5297 mane
1077 5242 1369 5297 conciuere
1412 5241 1682 5311 operarios
1708 5240 1763 5295 in

178 5332 377 5386 vineam
404 5347 577 5386 suam.
607 5330 877 5404 (Hieme)
906 5331 1173 5389 Parabola
1197 5332 1302 5388 ista
1348 5332 1432 5387 vel
1459 5330 1762 5388 similitudo

179 5425 330 5497 regni
353 5424 615 5481 ctelorum
638 5440 703 5479 ex
723 5424 811 5479 his
824 5441 946 5495 qua:
966 5426 1249 5496 praemissa
1270 5434 1399 5482 sunt
1424 5425 1762 5496 intelligitur.

184 5514 453 5586 Scriptum
466 5525 553 5573 est
573 5516 718 5572 enim
736 5526 897 5573 antea
915 5536 931 5573 :
948 5516 1108 5573 Iulii
1122 5528 1276 5574 erunt
1293 5519 1451 5590 primi
1472 5517 1757 5586 novissimi,

183 5617 231 5663 et
266 5609 531 5664 novissimi
572 5608 752 5680 primi,
774 5623 882 5664 non
931 5610 1162 5681 tempori
1192 5608 1470 5665 deferente
1510 5608 1739 5665 Domino

187 5699 279 5755 sed
337 5700 482 5756 ﬁdei.
533 5698 736 5773 (ϐαρ.)
786 5699 1033 5772 Regnum
1082 5700 1342 5757 calorum
1380 5698 1762 5772 patrifamilia.

188 5792 364 5848 simile
406 5792 627 5861 dicitur,
677 5793 771 5865 qui
817 5794 887 5850 ad
934 5792 1284 5851 excolendam
1341 5794 1558 5851 vineam
1611 5810 1767 5852 suam

186 5884 464 5957 operarios
504 5887 789 5987 conducit.
811 5887 947 5959 Quis
972 5902 1110 5972 vero

1326 6036 1337 6047 ε
1376 6019 1463 6050 τω.

1868 4688 2000 4743 mini
2036 4702 2211 4758 usque
2263 4686 2332 4741 ad
2375 4685 2540 4740 ﬁnem
2587 4684 2795 4749 mundi,
2825 4683 2880 4737 in
2910 4697 3019 4752 qua
3070 4681 3456 4753 praedicatores

1866 4780 2041 4836 sancti
2069 4777 2300 4849 apOStoli
2345 4777 2497 4833 missi
2545 4784 2689 4843 sunt,
2713 4775 2806 4847 qui
2834 4775 3141 4831 mercedem
3162 4773 3374 4844 plenam
3400 4776 3459 4828 et

1867 4872 2023 4926 tarde
2062 4869 2348 4925 venientes
2386 4874 2732 4938 acceperunt.
2788 4865 3055 4938 Operator
3096 4881 3227 4937 ergo
3269 4880 3452 4931 mane,

1867 4964 2003 5019 hora
2032 4961 2214 5025 tertia,
2239 4967 2393 5016 sexta
2446 4968 2501 5015 et
2548 4974 2714 5025 nona,
2745 4959 3000 5030 antiquus
3030 4957 3119 5013 ille
3143 4966 3198 5011 et
3224 4955 3456 5012 Hebrai-

1867 5072 1964 5112 cus
1993 5053 2223 5126 populus
2269 5054 2602 5126 designatur,
2630 5052 2724 5124 qui
2754 5053 2808 5107 in
2831 5051 3021 5108 electis
3065 5052 3181 5108 suis
3216 5052 3285 5106 ab
3337 5051 3457 5122 ipso

1866 5146 2051 5202 mundi
2088 5146 2329 5210 exordio,
2357 5145 2486 5200 dum
2510 5152 2658 5200 recta
2682 5143 2788 5201 ﬁde
2812 5143 2984 5199 Deum
3010 5142 3218 5199 studuit
3248 5141 3452 5209 colere,

1868 5237 2026 5309 quasi
2074 5252 2182 5292 non
2234 5236 2445 5292 destitit
2500 5236 2557 5291 in
2586 5235 2758 5292 vineae
2806 5236 3019 5291 cultura
3069 5234 3341 5291 laborare.
3370 5234 3455 5291 Ad

1869 5332 2211 5389 undecimam
2270 5346 2401 5387 vero
2427 5329 2658 5403 gentiles
2684 5337 2966 5395 vocantur,
2995 5329 3194 5400 quibus
3220 5335 3278 5384 et
3317 5327 3457 5384 dici-

1870 5434 1959 5481 tur
1986 5442 2001 5477 :
2034 5421 2174 5490 Quid
2198 5422 2284 5478 hic
2305 5422 2459 5478 statis
2487 5431 2603 5476 tota
2627 5421 2714 5477 die
2748 5421 2945 5477 otiosi?
2967 5420 3071 5489 Qui
3097 5421 3242 5478 enim
3269 5428 3458 5476 trans-

1872 5525 1995 5573 acto
2039 5516 2201 5589 longo
2243 5516 2429 5572 mundi
2473 5524 2715 5586 tempore
2759 5530 2859 5586 pro
2902 5513 3011 5569 vita
3059 5530 3157 5570 sua
3205 5514 3457 5570 laborare

1873 5607 2239 5679 neglexerant,
2279 5607 2433 5679 quasi
2470 5614 2584 5661 tota
2627 5605 2717 5661 die
2755 5604 2916 5661 otiosi
2954 5602 3188 5660 stabant.
3226 5602 3456 5679 Pensate

1874 5677 2006 5773 quid
2027 5698 2270 5771 inquisiti
2298 5677 2692 5770 respondeant;
2719 5696 2908 5753 dicunt
2929 5696 3075 5753 enim
3098 5714 3112 5751 :
3144 5694 3284 5762 Quia
3302 5677 3457 5748 nbmo

1876 5811 1969 5848 nos
1991 5792 2242 5849 conduxit
2270 5806 2289 5846 :
2320 5789 2510 5846 Nullus
2534 5790 2732 5861 quippe
2759 5788 2827 5846 ad
2855 5804 2951 5846 eos
2971 5785 3302 5861 patriarcha,
3331 5781 3455 5840 nul«

1866 5887 1966 5970 ius
1976 5964 1981 5967 Α
2013 5886 2280 5961 propheta
2325 5894 2565 5969 venerat.
2607 5883 2687 5953 ,Et
2749 5885 2882 5959 quid
2936 5892 3033 5961 est
3064 5879 3316 5963 __dioere,
3355 5871 3457 5953 “ad
