3898 6474
160 413 304 488 tm

1123 406 1478 471 COMﬂENT.
1517 408 1586 470 IN
1626 409 2064 473 lATTHlRUM.
2101 433 2176 462 --'
2209 417 2338 476 LIB:
2379 417 2466 479 Vl.

3296 421 3436 490 itm

164 551 288 607 dem
319 545 482 611 quam
507 531 602 590 tibi
626 532 980 606 pftil'niseradi
1007 517 1317 604 imaginem
1348 536 1402 585 et
1450 529 1756 586 simillium;
1781 529 1836 595 Α
1860 529 1970 588 illic
1997 538 2267 591 numerari
2293 537 2348 592 in
2385 546 2532 593 sorte
2577 539 2814 595 fidelium
2842 543 2948 597 non
2985 546 3280 600 meremur.
3323 533 3436 605 lloc

163 658 290 703 nem
320 651 520 692 meam.
547 626 682 699 Quid
713 625 910 699 quaeris
947 627 1176 697 amplius
1201 643 1214 692 ;
1243 629 1298 680 et
1341 629 1447 709 non
1495 632 1605 679 tant
1635 625 1748 694 ipse

163 737 313 795 solus
363 725 531 802 [plus]
583 725 850 795 accipere,
903 739 1065 793 quam
1114 717 1275 774 alium
1324 718 1458 775 nihil
1504 720 1750 788 accipere

162 825 463 887 desideras,
492 833 652 890 quam
683 818 726 872 si
753 814 953 889 [quasi]
981 813 1201 868 aitet-ius
1236 813 1509 869 censortio
1534 811 1748 867 minuas

161 931 252 976 tur
281 913 491 988 praemii
526 911 806 966 meritum.
844 905 989 962 Tolle
1015 907 1152 978 quod
1201 911 1349 960 tuum
1381 917 1476 972 est,
1507 915 1555 960 et
1594 904 1745 960 unde.

156 1003 381 1070 Iudaeus
409 993 462 1060 in
492 1005 611 1074 lege
638 1019 743 1057 non
774 1001 969 1069 gratia,
997 999 1089 1054 sed
1116 1001 1216 1069 per
1246 1001 1406 1068 opera
1452 996 1692 1054 salvatu’r
1732 1013 1747 1049 :

159 1103 266 1173 Qui
294 1099 435 1155 enim
473 1091 649 1166 fecerit
677 1111 790 1148 eam
819 1093 944 1147 vivet
969 1093 1023 1146 iii
1047 1095 1107 1146 ed
1135 1085 1314 1162 (Rom.
1344 1089 1427 1161 n).

251 1193 380 1250 Volo
406 1201 577 1246 autem
603 1199 649 1244 et
671 1187 791 1242 huic
816 1188 1094 1242 novissimo
1117 1185 1244 1240 dare
1265 1184 1397 1239 sicut
1420 1181 1468 1238 et
1485 1183 1594 1236 tibi.
1627 1181 1749 1254 (Hi-

155 1288 286 1361 lar.)
325 1287 464 1341 Vere
502 1283 646 1338 enim
678 1281 848 1336 Judaei
872 1279 1087 1336 oculum
1115 1291 1364 1348 pravum,
1393 1273 1748 1331 intentionem

156 1389 326 1449 quam
385 1368 714 1438 habuerunt,
745 1372 886 1427 sicut
935 1379 1062 1436 co's‘;
1115 1367 1207 1425 sed
1254 1370 1430 1442 arguit
1476 1369 1748 1438 apostolus

154 1471 363 1527 Paulus
397 1463 538 1538 quod
568 1473 622 1521 et
658 1463 944 1520 Dominum
981 1459 1165 1517 Jesun't
1191 1461 1514 1525 occiderunt,
1543 1470 1591 1538 et
1629 1476 1750 1530 pro-

151 1564 338 1633 phetas
371 1558 417 1613 et
449 1575 541 1612 nos
556 1557 810 1627 persecuti
831 1559 972 1619 sunt,
991 1559 1094 1608 etc.
1127 1550 1178 1625 (I
1213 1550 1365 1605 Thes.
1404 1550 1492 1622 ιιι)
1521 1549 1745 1622 (Malm)

152 1649 388 1710 Collatia
419 1657 547 1720 ergo
576 1650 723 1720 regni
751 1663 856 1701 non
887 1647 1106 1701 hdniani
1129 1649 1211 1700 est
1237 1645 1442 1710 meriti,
1467 1649 1560 1698 aut
1583 1643 1750 1714 digni-

154 1745 306 1809 tatis,
336 1741 431 1797 sed
465 1741 660 1796 divinze
695 1749 779 1795 est
805 1739 1080 1809 prw‘statio
1128 1738 1400 1793 bonitatis.
1435 1737 1572 1792 Hinc
1601 1741 1748 1792 i‘ecte

153 1833 439 1904 subiungit
463 1837 478 1886 ξ

1852 625 1992 680 ovile
2021 635 2220 682 sancta!
2242 625 2496 684 Ecclesiae
2523 631 2704 687 haedos
2730 640 2850 687 cu'tn
2882 635 3034 705 tignis
3091 637 3304 708 recipit,
3337 641 3435 695 sed

1854 724 2147 774 attestante'
2199 720 2492 792 Evangelia
2539 739 2662 778 cum
2705 723 2871 793 judex
2922 730 3154 795 venerit,
3184 729 3354 786 bonos
3403 733 3433 788 Δ

1854 813 2009 869 inalis
2035 823 2271 887 separat,
2309 817 2450 872 sicut
2496 826 2682 888 pastor
2720 825 2957 893 segregat
3002 839 3118 880 oves
3166 826 3232 879 ab
3268 823 3435 882 Ilardis

1855 901 2071 978 (Matth.
2103 911 2253 982 ni).
2286 905 2472 981 Neque
2493 911 2694 966 etenim
2731 915 2974 983 possunt,
2997 917 3089 986 qui
3122 919 3213 974 hic
3256 919 3436 975 carui!

1853 1011 1966 1054 suae
1989 1001 2359 1071 voluptatibus
2383 1002 2648 1070 serviunt,
2675 1003 2794 1083 illic
2824 1004 2877 1061 in
2905 1008 3085 1062 'ovltiln
3136 1009 3298 1083 grege
3336 1011 3437 1066 mi:

1853 1093 2071 1147 nierari.
2128 1093 2242 1148 Illic
2281 1101 2373 1150 eos
2408 1103 2436 1150 a
2472 1099 2621 1151 sorte
2667 1081 2952 1153 bumiiih’m
2991 1098 3156 1169 judex
3196 1081 3435 1172 separat,

1853 1185 1943 1253 qui
1973 1198 2031 1240 se
2059 1185 2148 1240 hic
2173 1186 2436 1256 superbia:
2458 1188 2712 1244 carnibus
2741 1191 3004 1246 exaltant.
3037 1185 3284 1265 Regnum
3310 1195 3435 1248 coeli

1850 1279 2132 1350 percipere
2155 1283 2429 1350 nequeunt
2467 1283 2561 1352 qui
2596 1281 2683 1338 hic
2713 1291 2769 1338 et
2791 1283 2846 1338 in‘
2879 1282 3092 1340 caelostl
3122 1281 3228 1340 ﬁde
3275 1285 3438 1357 positi

1852 1377 1966 1426 toto
1995 1372 2262 1429 desiderio
2291 1382 2490 1430 terram
2515 1381 2765 1447 quaerunt
2794 1373 2849 1434 et
2884 1375 3084 1436 multos
3115 1379 3248 1436 tales
3295 1381 3438 1436 intra

1853 1463 2150 1518 Ecclesium
2181 1467 2472 1533 cernimus,
2507 1463 2600 1524 sed
2622 1475 2716 1526 eos
2747 1479 2847 1526 uec
2880 1471 3102 1539 imitari,
3134 1485 3234 1528 nec
3255 1465 3440 1544 despe-

1854 1571 1977 1612 rare
2003 1557 2280 1613 debemus.
2319 1559 2459 1626 Quid
2504 1563 2648 1616 enim
2689 1558 2762 1618 sit
2810 1555 2972 1621 hedie
3000 1565 3311 1635 aspicimus,
3343 1563 3440 1622 sed

1853 1649 1981 1718 quid
2013 1663 2134 1704 cras
2182 1649 2395 1707 futurus
2441 1653 2511 1708 sit
2557 1656 2929 1727 unusquisque
2978 1659 3275 1714 nescimtls.
3318 1657 3438 1714 Ple-

1852 1753 2084 1814 rumque
2134 1741 2191 1800 et
2241 1746 2331 1815 qui
2394 1747 2515 1817 post
2576 1755 2675 1802 nos
2727 1750 2956 1815 Venerit,
2987 1751 3085 1821 per
3141 1741 3438 1822 agilitatem

1851 1851 1952 1892 nos
2020 1835 2148 1892 boni
2221 1839 2402 1910 operis
2468 1831 2780 1908 antecedit,
2839 1850 2893 1898 et
2943 1843 3032 1898 vix
3102 1853 3226 1899 eum
3283 1859 3438 1899 asse-

226 1925 335 1979 Atlt
382 1929 486 1978 non
529 1923 645 1977 licet
674 1923 803 1976 milii
847 1921 987 1992 Quod
1040 1919 1153 1976 volo
1197 1922 1524 1991 facerehllt
1563 1919 1745 1974 oeulus
1775 1931 1822 1992 Β
1851 1931 2109 2002 (ιιιῑιῃιιιιί
2175 1947 2334 2002 quem
2388 1927 2547 1990 hodie
2608 1935 2806 2006 punire
2870 1923 3208 1993 videbamur,
3279 1931 3440 1993 Certe

151 2025 280 2073 tuus
309 2019 533 2088 nequam
579 2019 676 2080 est,
717 2015 842 2086 quia
873 2023 964 2084 ego
1012 2013 1177 2066 bonus
1199 2015 1355 2067 sum?
1381 2012 1558 2068 Stulta
1601 2013 1746 2066 enim

150 2111 390 2181 Qttznstio
425 2109 659 2164 ltotulnls
686 2114 872 2162 contra
899 2108 1286 2178 benignitatem
1317 2107 1432 2160 Dei.
1466 2106 1580 2160 Nan
1614 2115 1747 2176 que-

154 2204 390 2256 rendum
420 2203 617 2272 quippe
654 2210 797 2255 esset
825 2209 928 2254 non
981 2200 1025 2253 si
1072 2200 1126 2254 id
1155 2200 1308 2253 daret
1333 2199 1477 2268 quod
1504 2199 1746 2264 deberet,

151 2294 250 2349 sed
282 2295 328 2347 si
356 2298 462 2347 non
495 2293 650 2347 daret
681 2293 822 2361 Quod
852 2293 1093 2346 deberet.
1145 2291 1414 2363 (Iliorum)
1451 2290 1582 2345 Huic
1631 2284 1748 2344 loco

155 2386 333 2440 simile
363 2393 519 2440 sonat
542 2394 597 2438 et
624 2385 713 2438 illa
756 2385 914 2438 Luca:
939 2383 1196 2454 parabola
1243 2384 1334 2437 ubi
1381 2382 1558 2451 majOr
1606 2382 1748 2437 ﬁlius

154 2482 354 2536 minori
387 2481 613 2545 invidet,
642 2489 696 2535 et
733 2495 840 2535 non
865 2481 979 2534 vult
1002 2496 1124 2535 eum
1150 2481 1314 2549 recipi
1369 2479 1743 2549 poenitentem,

155 2572 250 2626 sed
315 2581 528 2640 patrem
584 2580 804 2627 accusat
854 2571 1132 2640 injustitim
1177 2569 1328 2642 (Luc.
1377 2569 1489 2642 χή).
1540 2567 1744 2641 (Greg.)

155 2661 330 2719 Nemo
351 2673 533 2719 autem
562 2680 619 2719 se
643 2664 710 2720 de
741 2673 926 2735 o‘p‘er‘e,
958 2675 1120 2718 nemo
1149 2663 1214 2717 de
1235 2669 1478 2731 tentpore
1501 2660 1743 2726 eXto‘ilat,

157 2772 282 2810 eum
342 2759 448 2813 hac
499 2757 707 2829 expleta
770 2759 1035 2814 sententia
1103 2753 1496 2826 subsequenter
1534 2754 1748 2811 Veritas

159 2851 362 2907 clamet
400 2872 413 2906 :

227 2942 317 2999 su,-
346 2955 501 3000 erunt
521 2947 785 3000 novissimi
804 2947 983 3018 primi,
1011 2951 1059 3001 et
1079 2931 1237 3017 primi
1264 2946 1551 3000 notissimi.
1578 2935 1744 3016 (11η.)

155 3035 344 3093 Omnis
395 3040 574 3110 itaque
619 3041 981 3096 retrovocatio
1031 3042 1281 3112 gentibus
1337 3039 1562 3103 invidet,
1593 3047 1645 3093 et
1692 3038 1745 3092 in

154 3128 432 3200 Evangelii
483 3131 802 3200 torquentur
838 3132 1032 3202 gratia.
1074 3129 1228 3187 Unde
1256 3137 1311 3186 ct
1341 3125 1589 3185 Salvator
1618 3141 1747 3182 con-

154 3218 382 3277 cludens
407 3222 718 3293 parabolam
751 3223 888 3277 dixit
915 3240 934 3276 :

1853 2039 1976 2080 cum
2050 2023 2361 2096 Stephanus
2439 2037 2538 2099 pro
2627 2029 2732 2084 iide
2814 2037 3166 2100 moreretur,
3239 2031 3438 2089 Saulus

1852 2109 2206 2187 lapidahtium
2260 2119 2582 2175 Vestimenta
2639 2123 2891 2178 servabat
2951 2119 3090 2195 (Aet.
3136 2125 3257 2195 vn).
3304 2111 3436 2180 Om;

1853 2209 2000 2264 nium
2062 2221 2190 2280 ergo
2250 2211 2500 2267 manibus
2530 2213 2644 2283 ipse
2695 2201 3066 2287 iapidavitq'ui
3098 2205 3166 2272 ad
3193 2205 3441 2289 lapidati-

1856 2301 1987 2354 tium
2022 2313 2210 2357 omnes
2261 2309 2476 2358 exertos
2530 2297 2783 2360 reddidit.
2834 2306 2902 2361 Et
2964 2313 3142 2362 tat’nen‘
3191 2311 3440 2364 eumdem

1853 2391 2028 2463 ipsum
2059 2395 2113 2448 in
2141 2403 2326 2450 Sancta
2357 2395 2598 2452 Ecclesia
2629 2387 2906 2454 laboribus
2935 2403 3249 2467 antecessit,
3279 2418 3440 2472 quem

1851 2485 2222 2559 persequendo
2272 2493 2568 2561 martyrem
2617 2491 2765 2547 fecit.
2816 2483 2931 2547 Duo
2977 2503 3107 2565 ergo
3154 2497 3280 2549 sunt
3323 2510 3443 2563 qua:

1852 2578 2080 2632 sollicite
2106 2593 2336 2648 pensare
2369 2581 2651 2646 debemus,
2685 2582 2810 2652 Quia
2843 2585 2988 2638 enim
3036 2577 3190 2638 inuiti
3237 2585 3437 2649 i'ocati,

1850 2669 2010 2740 pauci
2040 2681 2170 2727 vero
2197 2673 2355 2727 electi
2386 2671 2531 2728 sunt.
2566 2662 2809 2730 Primum
2839 2683 2945 2745 est,
2993 2674 3052 2733 ut
3100 2665 3166 2734 de
3190 2696 3247 2735 se
3297 2681 3444 2750 quis-

1854 2773 1959 2831 que
2026 2764 2250 2819 minime
2299 2767 2607 2835 praesumat,
2641 2768 2768 2837 quia
2818 2777 2870 2823 et
2924 2769 2970 2825 si
3015 2769 3131 2840 jam
3164 2766 3232 2825 ad
3279 2773 3443 2827 fidem

1850 2863 2074 2910 vocatus
2100 2861 2204 2922 est,
2232 2865 2414 2910 utrum
2446 2858 2676 2927 perenni
2710 2868 2874 2930 regno
2910 2861 3104 2930 dignus
3132 2857 3202 2916 sit
3244 2863 3439 2917 nescit.

1853 2945 2160 3004 Secundum
2188 2963 2318 3005 vero
2338 2961 2422 3005 est
2453 2960 2511 3004 ut
2549 2953 2919 3024 unusquisque
2947 2955 3256 3024 prexiinum
3279 2959 3442 3025 quem

1850 3035 2083 3097 fortasse
2101 3041 2284 3114 jacere
2314 3045 2366 3097 in
2391 3039 2540 3099 Vitiis
2566 3047 2834 3116 conspicit
2873 3035 3164 3118 desperare
3202 3067 3308 3105 non
3338 3067 3436 3104 au-

1851 3136 1992 3198 deat,
2021 3137 2146 3204 quia
2177 3137 2375 3191 divinae
2404 3139 2792 3194 misericordiae
2823 3142 3042 3197 divitias
3069 3143 3301 3212 ignorat.

1924 3225 2032 3299 [11.]
2073 3227 2143 3280 Et
2174 3229 2459 3283 ascendens
2486 3229 2642 3285 Jesus
2675 3223 3097 3303 Hierosolymam
3116 3276 3130 3299 ,
3159 3236 3442 3300 assumpsit

225 3313 401 3368 Erant
453 3315 718 3369 novissimi
741 3315 915 3384 primi,
954 3324 1002 3368 et
1032 3303 1193 3383 prithi
1234 3313 1520 3368 twt‘isﬂmi.
1572 3311 1744 3367 Ῐυάἱθί
1849 3321 2126 3375 duodecim
2157 3317 2442 3392 discipulos
2471 3331 2688 3392 secreto,
2715 3323 2762 3380 el
2799 3327 2872 3380 ait
2904 3326 3009 3380 illis
3036 3342 3053 3378 :
3087 3313 3225 3382 Ecce
3255 3346 3438 3382 ascen-

154 3403 221 3460 de
251 3410 432 3477 capite
478 3415 754 3463 vertentur
792 3407 847 3461 in
899 3406 1094 3472 cauda,
1135 3415 1183 3461 et
1217 3413 1402 3476 gentes
1451 3406 1516 3459 de
1571 3405 1743 3459 cauda

153 3497 508 3553 mutabuntur
532 3501 586 3553 in
616 3499 809 3570 capite.
846 3498 938 3554 Sic
967 3498 1115 3553 enim
1168 3497 1376 3569 Moyses
1405 3499 1458 3551 in
1482 3495 1744 3552 Dentero-

153 3591 337 3644 nomio
367 3590 484 3659 ejus
512 3592 856 3661 prophetarit
880 3610 891 3644 :
923 3592 1135 3645 Advertit
1156 3592 1246 3662 qui
1289 3595 1460 3645 tecum
1482 3601 1738 3655 moratur,

151 3681 396 3736 ascendet
411 3691 566 3752 Smper
578 3691 625 3737 te
655 3685 679 3734 ὲ
707 3683 794 3736 ille
813 3685 908 3736 erit
925 3685 982 3737 irt
1000 3685 1169 3754 capite
1193 3693 1242 3738 et
1269 3695 1326 3737 tu
1347 3684 1450 3737 eris
1475 3686 1529 3738 in
1547 3684 1737 3749 cauda,

151 3768 241 3824 ille
271 3771 596 3841 [onerabith
623 3775 715 3828 tibi
743 3785 792 3828 et
858 3785 918 3828 tu
960 3779 1068 3829 non
1111 3775 1430 3846 fenefaberis
1477 3776 1524 3829 ei
1557 3775 1736 3847 (Deut.

149 3867 367 3938 xxvnt).
408 3866 606 3938 (ὅπῃ.)
643 3869 779 3922 Ecce
804 3869 946 3922 enim
973 3879 1024 3922 et
1055 3885 1099 3922 ει
1121 3868 1238 3936 jam
1269 3869 1472 3923 scimus
1507 3883 1625 3937 qum
1654 3867 1741 3923 vel

150 3971 358 4027 quanta
415 3962 554 4014 bona
608 3961 838 4029 egimus,
874 3962 1050 4015 adhuc
1095 3967 1364 4030 supernus
1415 3961 1600 4032 judcx,
1633 3977 1741 4030 qua

151 4051 452 4105 subtilitate
502 4053 615 4106 hare
663 4054 968 4118 examinet,
1018 4052 1351 4122 ignoramus.
1402 4055 1469 4108 Et
1521 4053 1740 4123 quidem

150 4145 490 4212 gaudendum
551 4146 744 4215 cuique
798 4149 1146 4215 summopere
1187 4155 1266 4200 est
1314 4149 1368 4201 in
1417 4151 1584 4218 rcgho
1644 4146 1737 4200 Dei

147 4249 268 4291 esse
301 4239 380 4293 vel
419 4239 684 4292 ultimum.
723 4237 812 4293 Sic
841 4249 960 4308 post
1015 4241 1127 4292 huic.
1165 4240 1407 4294 terribile
1450 4239 1608 4294 mide
1655 4248 1741 4294 est

148 4331 292 4396 quod
321 4333 609 4400 sequitur:
645 4329 800 4382 Multi
846 4333 982 4383 enim
1033 4333 1198 4383 vocati
1241 4339 1381 4393 sunt,
1416 4333 1570 4401 pauci
1618 4347 1737 4383 tero

147 4420 310 4476 electi.
345 4424 483 4490 Quia
527 4425 592 4477 ad
631 4423 787 4476 ﬁdem
819 4423 998 4492 plures
1025 4424 1269 4490 veniunt,
1301 4433 1353 4479 et
1405 4426 1471 4479 ad
1520 4424 1740 4479 cwleste

144 4527 375 4584 regnum
416 4517 570 4585 pauci
602 4517 990 4585 perducuntur.
1031 4515 1172 4570 Ecce
1203 4518 1346 4571 enim
1403 4517 1470 4572 ad
1514 4528 1734 4572 sancto-

145 4620 263 4659 rum
297 4607 621 4662 festivitates
644 4623 804 4677 quam
864 4608 1014 4661 multi
1045 4610 1424 4674 conveninms,
1456 4619 1510 4664 et
1545 4611 1732 4666 Eccle-

1849 3404 2020 3467 di'mits
2050 3405 2457 3484 Jerosolymam,
2489 3427 2536 3470 et
2563 3415 2706 3486 ﬁlius
2737 3418 2962 3472 hominis
2988 3419 3226 3473 tradetur
3248 3413 3443 3490 princi-

1844 3507 1994 3578 pibus
2025 3507 2378 3574 sacerdotum,
2428 3517 2475 3563 et
2515 3510 2720 3578 scribis,
2768 3520 2815 3564 et
2865 3510 3282 3564 condemnabunt
3323 3528 3440 3565 eum

1844 3603 2020 3656 morti.
2087 3601 2420 3674 Redemptor
2479 3615 2662 3661 noster
2712 3607 3012 3676 praevidens
3059 3623 3122 3661 ex
3187 3608 3440 3677 passione

1845 3710 1942 3749 sua
1994 3695 2376 3765 discipulorum
2428 3698 2636 3753 animos
2692 3687 3109 3768 perturbandos,
3161 3699 3241 3754 eis
3279 3699 3439 3769 longe

1846 3797 1971 3844 ante
1991 3799 2046 3844 et
2075 3793 2317 3861 ejusdem
2357 3793 2624 3862 passionis
2670 3808 2910 3863 poenam,
2937 3801 2990 3846 et
3025 3791 3439 3846 resurrectionis

1845 3886 2070 3956 gloriam
2117 3887 2390 3956 praalicit,
2439 3897 2496 3940 ut
2542 3903 2663 3942 cum
2713 3903 2836 3941 eum
2888 3879 3242 3950 morientem,
3295 3885 3438 3939 sicut

1842 3979 2161 4049 praedictum
2211 3988 2374 4044 esset,
2423 3988 2732 4044 cernerent,
2781 3978 2945 4032 etiam
3002 3985 3436 4031 resurrecturum

1844 4089 1948 4126 non
1977 4073 2306 4126 dubitarent.
2334 4057 2603 4142 (Hier-on.)
2631 4067 2696 4125 Et
2727 4069 2917 4125 creln'o
2943 4069 3045 4124 hoc
3073 4070 3248 4139 ipsum
3278 4068 3437 4124 disci—

1843 4162 1980 4232 pulis
2005 4163 2248 4226 dixerat;
2282 4162 2374 4216 sed
2411 4162 2568 4232 quia,
2603 4163 2787 4216 multis
2819 4162 2868 4215 in
2914 4151 3089 4215 medio
3115 4161 3431 4236 disputatis,

1840 4265 2051 4325 poterat
2075 4241 2179 4308 labi
2210 4251 2274 4310 de
2302 4256 2563 4310 memoria
2591 4256 2733 4325 quod
2764 4255 3066 4321 audierant,
3102 4255 3275 4308 iturus
3304 4255 3432 4308 llic-

1842 4345 2166 4417 rosolymam
2198 4358 2251 4402 et
2287 4367 2468 4402 secum
2497 4349 2759 4402 ducturus
2785 4347 3057 4415 apostolos
3086 4351 3152 4400 ad
3176 4349 3433 4401 tentatio-

1841 4452 1965 4488 nent
2007 4453 2100 4489 eos
2130 4444 2307 4506 parat,
2343 4452 2410 4489 ne
2451 4452 2574 4488 cum
2607 4436 2813 4490 VCHCl‘il
2842 4437 3149 4504 persecutio
3175 4437 3355 4492 crucis
3383 4444 3435 4492 et

1841 4528 2133 4597 ignominia
2167 4527 2627 4581 scandalizentur.
2998 4599 3004 4606 ‘

1913 4613 1979 4670 Et
2013 4619 2216 4669 tradent
2244 4634 2358 4669 eum
2390 4611 2625 4685 gentibus
2651 4613 2720 4667 ad
2744 4609 3095 4668 deludcndum
3124 4654 3139 4681 ,
3167 4624 3214 4667 et
3244 4614 3430 4684 ﬂagel-

143 4697 275 4752 siam
310 4703 518 4771 pariter
579 4700 995 4770 replemus;scd
1043 4707 1218 4756 tmnen
1271 4705 1390 4772 quis
1438 4705 1538 4758 scit
1569 4679 2093 4775 (ptalenndum,
2143 4715 2190 4759 et
2246 4704 2680 4774 crnci/igcntlum,
2731 4716 2777 4758 et
2824 4707 2978 4758 tertia
3032 4703 3117 4758 die
3174 4716 3426 4775 resurget.

143 4791 302 4855 pauci
352 4799 499 4855 sunt,
526 4793 620 4861 qui
667 4792 719 4846 in
748 4793 839 4846 illo
871 4796 1166 4848 electorum
1207 4793 1298 4849 Dei
1342 4811 1502 4865 grege
1553 4813 1734 4853 ntune—

144 4895 352 4940 rentur.
410 4885 548 4940 Ecce
603 4895 706 4942 Vox
762 4887 1000 4941 onmium
1067 4887 1339 4942 Christum
1385 4889 1601 4953 clamat,
1636 4891 1730 4944 sed

143 4977 251 5032 vita
274 4982 519 5034 on‘inium
550 4998 654 5034 non
679 4981 893 5035 clamat.
920 4981 1170 5051 Plerique
1198 4983 1480 5038 Dominum
1508 4985 1731 5039 vocide

143 5082 467 5138 sequuntur,
495 5075 734 5128 moribus
753 5072 983 5145 fugiunt.
1013 5074 1148 5129 llinc
1175 5076 1318 5130 enim
1341 5075 1542 5132 Paulus
1566 5077 1726 5132 dicit:

148 5157 248 5222 Qui
273 5163 589 5233 conﬁtentur
622 5183 674 5219 se
703 5177 850 5220 nosse
899 5165 1084 5230 Deum,
1111 5166 1264 5235 factis
1319 5179 1492 5222 autem
1541 5180 1728 5240 negant

147 5247 273 5319 (Tit.
309 5257 371 5326 ι).
404 5254 539 5308 Hinc
569 5253 800 5309 Jacobus
825 5257 935 5310 ait:
971 5254 1130 5310 Fides
1155 5259 1266 5311 sine
1287 5260 1529 5327 aperibus
1560 5261 1727 5314 otiosa

147 5353 221 5397 est
245 5346 386 5417 (Jac.
413 5346 496 5418 ιι).
544 5347 678 5401 llinc
705 5364 799 5416 per
843 5348 1182 5403 Psalmistam
1242 5349 1502 5407 Dominus
1552 5352 1727 5407 dicit:

147 5434 489 5503 Annuntiavi,
521 5447 566 5492 et
608 5436 810 5492 loculus
858 5449 993 5504 sunt,
1028 5440 1362 5512 multiplicati
1407 5451 1530 5496 sunt
1573 5461 1732 5514 super

150 5543 419 5588 numerum
447 5529 615 5605 (Psal.
650 5533 857 5603 xxxrx).
901 5534 1133 5591 Vacante
1179 5538 1320 5591 enim
1370 5537 1616 5603 Domino,
1642 5553 1733 5592 su-

149 5632 247 5692 per
277 5641 560 5680 numerum
613 5625 1038 5695 multiplicantur
1074 5627 1275 5694 ﬁdeles,
1305 5630 1431 5699 quia
1479 5645 1730 5684 nonnun-

149 5724 314 5785 quam
342 5719 505 5774 etiam
535 5717 588 5772 bi
615 5717 681 5773 ad
713 5715 870 5773 {illam
904 5719 1146 5784 veniunt,
1176 5722 1264 5790 qui
1314 5723 1382 5775 ad
1425 5713 1723 5776 electorum

149 5817 434 5865 uulnerum
456 5825 562 5864 non
585 5811 915 5881 pertingant.
967 5809 1031 5865 Hi
1063 5813 1205 5866 enim
1238 5812 1482 5869 ﬁdelibus
1523 5812 1730 5868 confes—

152 5903 358 5969 iionetn
383 5909 599 5972 admisti
636 5919 782 5983 sunt,
826 5909 920 5969 sed
955 5909 1177 5984 propter
1226 5914 1391 5971 vitam
1439 5909 1754 5997 ιυιποῖπωὶ⁵

1841 4799 2067 4873 (Alsum)
2121 4798 2367 4852 Tradidit
2409 4798 2549 4851 enim
2592 4797 2758 4852 Judas
2788 4797 3070 4852 Dominum
3117 4793 3334 4862 Jndtcis,
3368 4811 3421 4853 et

1839 4893 1939 4962 ipsi
1982 4890 2318 4946 tradiderunt
2357 4907 2480 4944 eum
2545 4891 2824 4960 gentibus,
2869 4889 3042 4944 Pilato
3081 4899 3136 4944 et
3173 4890 3426 4960 potestati

1839 4983 2229 5040 Romanorum.
2277 4985 2430 5041 Unde
2457 4986 2716 5056 scriptum
2746 4995 2827 5039 est
2859 5001 2873 5039 :
2925 4983 3167 5038 Vinctum
3194 4986 3432 5038 adduxe-

1840 5088 1958 5131 runt
1991 5094 2109 5131 eum
2152 5087 2200 5130 et
2232 5077 2560 5130 tradiderunt
2601 5093 2716 5128 eum
2757 5073 2950 5128 Pontio
2987 5072 3163 5128 Pilato
3191 5074 3424 5144 prasidi.

1841 5159 2049 5225 Pilatus
2080 5180 2252 5224 autem
2279 5165 2615 5240 apprehendit
2646 5154 2825 5221 Iesum
2851 5176 2896 5219 et
2922 5159 3229 5236 ﬂagellauit,
3252 5177 3297 5218 et
3326 5166 3425 5218 mi-

1840 5266 1954 5319 lites
1979 5265 2250 5334 plectcntes
2286 5279 2543 5322 coronam,
2570 5261 2633 5314 de
2666 5261 2829 5330 spinis
2867 5260 3224 5328 imposuerunt
3267 5259 3426 5328 capiti

1839 5358 1972 5427 ejus,
2007 5366 2054 5410 et
2081 5367 2216 5410 veste
2243 5371 2503 5425 purpurea
2525 5351 2979 5406 circumdederunt
3010 5367 3148 5415 eum,
3173 5359 3219 5403 et
3254 5351 3426 5404 uenie-

1840 5447 1964 5504 bant
1991 5449 2058 5502 ad
2083 5467 2200 5502 eum
2232 5449 2456 5501 dicentes
2480 5463 2496 5500 :
2527 5445 2650 5508 Ave,
2685 5462 2774 5498 rex
2797 5435 3131 5510 Judazoru'm,
3160 5453 3204 5496 et
3229 5441 3424 5496 dabant

1836 5544 1887 5597 ei
1930 5541 2134 5614 palmas
2179 5535 2394 5611 (Matth.
2441 5537 2612 5606 nm).
2665 5525 2773 5591 Sed
2817 5531 3109 5606 ignominia
3160 5529 3275 5590 haec
3318 5543 3427 5588 tota

1837 5643 2096 5690 evacuata
2127 5642 2210 5687 est
2240 5628 2448 5686 caelesti
2479 5630 2646 5702 gloria
2676 5628 3112 5694 resurrectionis,
3143 5628 3269 5698 quia
3296 5640 3426 5680 caro

1836 5729 1952 5798 ejus
1979 5744 2084 5782 non
2105 5727 2238 5780 vidit
2264 5724 2661 5795 corruptionem
2684 5763 2698 5788 ,
2741 5723 2834 5777 sed
2869 5721 3044 5792 palam
3084 5720 3426 5786 triumphans

1838 5820 2135 5876 resurrexit
2172 5820 2225 5873 in"
2262 5817 2415 5889 glori:
2448 5858 2460 5884 ,
2498 5831 2769 5873 evacuans
2790 5830 2978 5872 omnes
3005 5812 3339 5885 principatus
3370 5817 3426 5868 et

1833 5911 2151 5988 potestates.
