3898 6450
428 402 571 463 im

1098 396 1162 456 B.
1203 398 1459 458 manu
1476 393 2039 471 ωυιιιηΑιιωιιΕε

2152 388 2422 451 ιοθυιητ.
2461 385 2752 448 OPERUH
2784 382 2971 444 PARS
3004 381 3050 442 ι.

3578 374 3720 437 ια

499 513 650 571 Tunc
698 519 919 568 accessu
972 509 1044 564 ad
1097 526 1216 565 eum
1268 520 1437 565 mater
1492 508 1739 579 ﬁliorum.
1774 504 2017 563 Zebedtei
2042 506 2097 568 Α
2119 510 2297 557 morte
2321 500 2490 556 vitam
2512 498 2770 555 ﬁniverit.
2819 495 2930 553 Sed
2958 494 3008 552 si
3034 492 3277 567 legamus
3301 489 3723 549 ecclesiasticus

428 625 549 664 cum
595 605 720 677 ﬁliis
762 605 903 670 suis,
958 602 1186 657 adorans
1239 611 1288 656 et
1337 610 1513 672 petens
1568 599 1767 671 aliquid
1813 598 1879 654 ab
1931 613 2012 653 eo.

431 697 539 768 Qui
589 697 721 752 dixit
775 695 826 748 ei
878 707 898 747 :
954 692 1095 761 Quid
1148 693 1275 750 vis?
1325 694 1416 748 Ait
1462 691 1545 748 illi
1595 706 1614 746 :
1669 691 1769 747 Dic
1823 698 1881 746 ut
1930 706 2016 746 se-

428 791 589 847 deant
625 790 681 844 hi
715 789 820 843 duo
861 786 961 858 ﬁlii
999 786 1102 842 mei
1154 803 1290 841 unus
1330 785 1400 842 ad
1442 784 1711 841 dexteram
1767 792 1933 851 tuam,
1968 792 2020 838 et

431 895 569 936 unus
620 879 690 933 ad
739 878 1009 934 sinistram
1058 876 1116 932 in
1171 892 1329 947 regno
1376 885 1491 931 tuo.
1542 873 1813 947 (Hieron)
1864 872 2021 930 Unde

432 960 741 1044 opinionem
769 969 996 1026 haberet
1025 969 1176 1040 regni
1204 976 1379 1024 mater
1408 965 1935 1032 ﬁliorum‘Zebedazi,
1962 972 2023 1019 ut

433 1080 559 1121 cum
586 1065 844 1119 Dominus
863 1062 1082 1126 dixerit,
1111 1058 1285 1115 Filius
1306 1060 1531 1115 hominis
1560 1063 1798 1114 tradetur
1822 1058 2020 1129 princi-

433 1158 584 1230 pibus
623 1154 974 1220 sacerdotum,
1020 1162 1069 1207 et
1114 1151 1323 1218 scribis,
1354 1161 1404 1205 et
1448 1150 1868 1206 condemnabam
1904 1163 2022 1202 eum

435 1258 622 1313 morte,
650 1257 699 1302 et
727 1246 933 1301 tradent
954 1244 1106 1299 illum
1128 1245 1363 1315 gentibus
1389 1244 1458 1298 ad
1477 1242 1827 1308 illudendum,
1848 1251 1898 1296 et
1921 1243 2024 1312 ﬂa—

437 1338 764 1411 gellandum,
794 1347 843 1392 et
867 1336 1317 1407 cruci/ﬁgendum;
1347 1344 1402 1390 et
1436 1334 1784 1406 ignominiam
1815 1332 2025 1405 passio—

439 1432 524 1485 uis
560 1429 880 1485 timentibus
921 1426 1201 1497 discipulis
1236 1426 1529 1492 nuntiaret,
1558 1425 1649 1479 illa
1677 1424 1901 1496 gloriam
1927 1439 2029 1494 po-

439 1519 605 1577 stulet
648 1519 1065 1590 triumphantis?
1107 1518 1239 1584 Hac,
1273 1525 1333 1572 ut
1375 1532 1517 1584 reor,
1559 1533 1627 1573 ex
1654 1533 1818 1573 causa
1849 1526 2031 1572 ortum

438 1618 544 1676 est,
570 1610 698 1681 quia
732 1620 857 1681 post
880 1609 1066 1665 omnia
1090 1608 1306 1664 dixerat
1328 1608 1623 1672 Dominus,
1671 1618 1719 1662 et
1754 1609 1911 1663 tertia
1947 1608 2033 1663 die

440 1713 691 1774 resurget.
742 1702 958 1758 Putavit
995 1703 1142 1758 enim
1182 1702 1377 1759 mulier
1413 1711 1538 1775 post
1576 1703 2032 1760 resurrectionem

438 1808 566 1850 eum
586 1794 731 1849 illico
759 1803 1132 1866 regnaturum,
1165 1803 1221 1850 et
1247 1796 1351 1851 hoc
1378 1796 1525 1866 quo'd
1566 1796 1622 1852 in
1653 1796 1892 1853 secundo
1935 1795 2033 1850 ad-

2115 593 2394 659 historias,
2422 592 2478 647 in
2505 591 2704 664 quibus
2724 589 2901 646 fertur
2917 588 3062 658 quod
3086 597 3143 642 et
3171 586 3291 657 ipse
3317 594 3561 656 propter
3582 599 3725 638 mar-

2117 685 2315 757 tyrium
2343 684 2414 740 sit
2443 683 2643 740 missus
2678 682 2737 736 in
2761 679 3025 736 ferventis
3056 677 3160 734 olei
3189 677 3398 733 dolium
3423 683 3484 731 et
3510 676 3646 729 inde
3664 676 3725 732 ad

2118 776 2517 847 suscipiendam
2563 787 2825 830 coronam
2860 769 3068 827 Christi
3112 768 3316 825 athleta
3358 767 3722 838 prowsserit,

2119 869 2413 939 statimque
2442 866 2714 937 relegatus
2754 865 2810 919 in
2839 863 3130 919 Pathmum
3160 860 3400 917 insulam
3439 860 3515 916 sit
3533 902 3552 926 ,
3579 859 3723 915 vide-

2120 960 2300 1016 bimus
2346 957 2610 1029 martyrio
2652 957 2894 1011 animum
2942 969 3051 1011 non
3094 952 3369 1019 defuisse,
3424 962 3485 1007 et
3528 951 3727 1007 bibisse

2121 1051 2387 1108 Joannem
2415 1051 2641 1107 calicem
2660 1047 3041 1114 confessionis,
3070 1063 3229 1120 quem
3258 1057 3319 1103 et
3341 1056 3465 1102 tres
3490 1046 3656 1117 pueri
3678 1046 3727 1100 in

2123 1144 2338 1202 camino
2372 1143 2513 1215 ignis
2542 1142 2826 1207 biberunt,
2856 1141 2983 1198 licet
3020 1149 3341 1212 persecutor
3383 1156 3505 1196 non
3536 1139 3727 1197 fuderit

2126 1238 2475 1310 sanguinem;
2507 1236 2652 1307 quod
2680 1243 2864 1291 autem
2891 1234 3174 1307 subiungit
3200 1249 3217 1288 :

2201 1332 2395 1389 Sedere
2420 1341 2596 1386 autem
2620 1331 2689 1385 ad
2714 1329 2985 1385 dexteram
3007 1345 3199 1395 meam,
3228 1338 3282 1383 et
3310 1328 3606 1384 sinistram
3638 1346 3727 1383 nos

2129 1434 2203 1480 est
2231 1440 2405 1479 meum
2432 1423 2562 1478 dare
2589 1422 2755 1488 vobis,
2783 1422 2875 1477 sed
2910 1421 3097 1493 quibus
3123 1432 3375 1494 paratum
3405 1433 3487 1476 est
3518 1439 3558 1474 α
3583 1420 3729 1475 Patre

2130 1532 2267 1582 meo,
2291 1514 2476 1587 (ΚΑΒ.)
2504 1514 2583 1570 sic
2604 1513 3010 1585 intelligendum
3033 1522 3120 1570 est
3147 1532 3161 1567 :
3195 1513 3452 1584 Regnum
3473 1512 3729 1568 calorum

2148 1626 2258 1667 non
2285 1620 2371 1668 est
2394 1610 2596 1677 dantis,
2620 1610 2715 1667 sed
2744 1608 3079 1680 accipientis.
3106 1607 3223 1663 Non
3251 1616 3339 1663 est
3363 1606 3523 1662 enim
3554 1622 3732 1676 perso-

2133 1720 2202 1760 na
2213 1720 2333 1759 rum
2358 1703 2604 1775 acceptio
2631 1703 2771 1774 apud
2796 1702 2985 1765 Deum,
3028 1702 3123 1757 sed
3148 1700 3472 1771 quicunque
3494 1700 3662 1753 talem
3682 1715 3733 1753 se

2133 1796 2446 1868 praebuerit,
2465 1806 2525 1851 ut
2544 1809 2711 1866 regno
2735 1794 2997 1850 caelorum
3016 1793 3213 1865 dignus
3239 1793 3336 1857 sit,
3358 1791 3463 1848 hic
3486 1793 3732 1861 accipiet,

440 1895 605 1941 ventu
630 1886 965 1957 promittitur
995 1887 1173 1958 primo
1204 1903 1326 1944 esse
1366 1888 1779 1960 complendum;
1812 1888 1890 1944 ita
1918 1889 2033 1943 avi-
2058 1876 2107 1937 Β
2134 1892 2277 1964 quod
2300 1906 2409 1949 non
2434 1903 2699 1963 personae,
2732 1889 2829 1945 sed
2852 1888 2977 1944 vita:
3001 1895 3376 1957 comparatum
3407 1895 3520 1942 est.
3554 1885 3616 1940 Si
3641 1887 3734 1940 ita-

442 1976 611 2034 ditate
636 1976 870 2033 feminea
889 1978 1178 2048 prmsentia
1207 1978 1376 2049 cupit,
1393 1979 1682 2037 immemor
1706 1978 2032 2034 futurorum.

442 2068 597 2137 Quod
653 2079 832 2124 autem
878 2070 1178 2141 interrogat
1220 2071 1515 2136 Dominus,
1563 2080 1623 2125 et
1678 2069 1769 2124 illa
1820 2077 2039 2141 petente

442 2161 723 2232 respondit
769 2161 895 2233 quid
947 2161 1067 2216 vis?
1110 2177 1220 2217 non
1257 2163 1406 2217 venit
1450 2165 1518 2218 de
1566 2161 1897 2234 ignorantia,
1943 2161 2040 2219 sed

444 2269 512 2309 ex
559 2254 997 2326 dispensatione,
1038 2263 1097 2310 ut
1134 2255 1278 2311 illius
1309 2256 1573 2326 petitione
1597 2264 1654 2312 et
1683 2256 1870 2312 auditu
1900 2255 2038 2312 alio-

447 2362 566 2401 rum
593 2346 821 2417 prolata,
867 2347 981 2419 ipse
1026 2347 1370 2404 occasionem
1419 2348 1647 2403 haberet
1680 2345 2039 2417 respondendi

446 2447 608 2509 atque
641 2439 898 2505 docendi;
949 2440 1219 2510 quomodo
1255 2440 1309 2494 in
1351 2455 1639 2496 numerosa
1676 2438 2036 2505 multitudine,

450 2530 579 2596 Quis
614 2549 695 2586 me
731 2532 898 2603 tetigit
928 2531 1145 2604 (Matth.
1173 2534 1290 2605 ix)?
1332 2534 1401 2588 Et
1441 2535 1507 2589 de
1548 2534 1792 2600 Lazaro,
1834 2534 1921 2588 ubi
1950 2550 2042 2603 po-

448 2621 625 2675 suistis
660 2637 778 2675 eum
807 2619 991 2693 (Joan.
1033 2625 1146 2695 x1)?
1197 2622 1445 2679 Postulat
1475 2633 1658 2681 autem
1703 2635 1878 2681 mater
1905 2625 2044 2680 ﬁlio-

450 2728 572 2768 rum
618 2713 859 2770 Zebedaai
908 2732 1094 2773 errore
1145 2718 1435 2786 muliebri,
1477 2726 1544 2789 et;
1575 2721 1795 2791 pietatis
1844 2718 2039 2776 aﬂ‘ectu

448 2806 698 2862 nesciens
722 2808 851 2877 quid
892 2817 1122 2879 peteret.
1163 2809 1272 2866 Nec
1308 2812 1508 2866 mirum
1546 2812 1591 2867 si
1640 2813 1746 2867 ista
1785 2819 2045 2883 arguatur

449 2894 766 2966 imperitiae,
808 2914 932 2954 cum
973 2902 1039 2956 de
1083 2900 1246 2957 Petro
1283 2902 1498 2958 dicatur
1537 2904 1754 2974 quando
1787 2903 1889 2957 tria
1932 2901 2045 2959 vult

449 2989 631 3049 facere
674 2994 1017 3051 tabernacula
1044 3036 1060 3062 ,
1117 2996 1368 3052 nesciens
1408 2996 1538 3067 quid
1584 2997 1785 3053 diceret
1825 2994 2041 3069 (Matth.

450 3081 609 3155 ινιι).

519 3175 852 3247 Respondens
890 3188 1064 3233 autem
1093 3179 1270 3246 Jesus,
1300 3180 1435 3235 dixit
1462 3194 1482 3234 :
1520 3180 1754 3238 Nescitis
1788 3183 1915 3255 quid
1948 3198 2042 3255 pe-

450 3268 593 3324 tatis.
621 3243 803 3325 rMater
822 3270 1082 3340 postulat,
1110 3282 1166 3328 et
1188 3243 1451 3329 Dominus
1469 3273 1751 3346 discipulis
1780 3243 2041 3348 loquitur,
2069 3243 2115 3309 Ο

450 3356 751 3430 intelligens
780 3374 971 3428 preces
998 3360 1113 3429 ejus
1136 3378 1203 3417 ex
1230 3362 1465 3418 filiorum
1500 3364 1832 3422 descendere
1859 3367 2050 3422 volun-

452 3456 581 3504 tate.
616 3448 799 3522 (ΚΑΒ.)
828 3449 1090 3506 Nesciunt
1132 3453 1259 3522 quid
1290 3461 1479 3522 petant
1519 3454 1612 3524 qui
1643 3455 1825 3511 sedem
1868 3472 1899 3510 a
1941 3457 2049 3512 Do-

452 3539 600 3595 mino
631 3540 833 3611 gloriae,
871 3558 1033 3612 quam
1060 3544 1299 3599 nondum
1333 3547 1692 3601 merebantur
1718 3546 2045 3619 inquirunt;

446 3628 561 3700 jam
585 3632 732 3688 enim
760 3634 1063 3690 delectabat
1092 3650 1187 3690 eos
1210 3635 1425 3692 culmen
1464 3636 1720 3704 honoris,
1766 3639 1859 3693 sed
1899 3639 2052 3709 prius

451 3721 539 3776 via
571 3722 803 3780 habebat
831 3740 1088 3782 exercere
1114 3727 1351 3786 laboris._
1370 3728 1554 3801 (Joan.
1589 3728 1801 3802 Chrys.)
1833 3730 2051 3787 Deside-

454 3814 649 3869 rabant
692 3831 922 3890 regnare
970 3819 1275 3877 sublimiter
1302 3823 1435 3881 Teum
1485 3822 1726 3891 Christo,
1758 3824 1853 3880 sed
1899 3825 2052 3895 prius

452 3915 573 3962 erat
617 3910 728 3978 pati
776 3910 1053 3969 humiliter
1097 3930 1196 3984 pro
1236 3914 1455 3971 Christo
1499 3935 1511 3970 :
1567 3916 1770 3972 bonum
1830 3919 2051 3987 quidem

453 3999 821 4069 desiderium,
872 4004 966 4060 sed
1024 4005 1421 4063 inconsiderata
1462 4010 1672 4079 petitio.
1724 4008 1851 4065 Ideo
1898 4018 1952 4065 et
2003 4010 2050 4065 si

455 4088 751 4161 impetrare
783 4107 890 4147 non
921 4093 1231 4164 debebant,
1270 4099 1590 4168 simplicitas
1626 4109 1804 4155 tamen
1836 4101 2052 4169 petitio-

458 4178 545 4233 nis
582 4195 769 4235 eorum
806 4181 1061 4240 confundi
1106 4203 1211 4241 non
1251 4190 1581 4244 merebatur.
1615 4189 1914 4260 Propterea
1943 4206 2050 4246 non

362 4292 365 4293 ν
453 4268 786 4325 voluntatem
820 4288 995 4344 neque
1040 4280 1378 4348 propositum
1409 4295 1597 4335 eorum
1638 4280 1908 4351 culpavit,
1957 4283 2051 4338 sed

461 4360 630 4415 solam
679 4363 1039 4434 ignorantiam
1098 4372 1485 4443 reprehendit,
1535 4374 1719 4431 dicens
1761 4390 1776 4430 :
1819 4375 2050 4432 Nescitis

454 4453 582 4524 quid
610 4456 816 4523 petatis.

2135 1998 2242 2056 que
2276 1983 2413 2039 tales
2450 1983 2585 2039 estis
2615 1982 2708 2053 qui
2746 1980 3156 2051 consequamini
3185 1995 3423 2052 regnum
3452 1978 3730 2044 crcior-un,

2139 2075 2279 2146 quod
2324 2072 2488 2130 Pater
2531 2088 2684 2129 meus
2729 2072 3186 2143 triumphantibus
3227 2073 3597 2143 praeparavit,
3646 2087 3732 2128 vos

2140 2184 2355 2244 quoque
2382 2169 2663 2239 accipietis
2688 2168 2839 2223 illud.
2871 2167 3005 2222 Item
3037 2185 3051 2221 :

2214 2262 2340 2318 Non
2364 2272 2441 2317 est
2467 2277 2641 2317 meum
2669 2260 2799 2315 dare
2821 2260 2982 2326 vobis,
3014 2260 3106 2315 sed
3139 2276 3332 2331 quibus
3360 2270 3624 2331 paratum
3647 2268 3727 2316 ea.

2141 2352 2324 2430 (Aug.)
2348 2353 2466 2411 Non
2488 2362 2573 2410 est
2604 2368 2785 2409 meum
2810 2353 2940 2408 dare
2960 2353 3238 2424 superbis;
3269 2355 3375 2410 hoc
3396 2355 3555 2410 enim
3574 2355 3731 2410 adhuc

2141 2455 2326 2514 erant,
2362 2446 2457 2502 sed
2500 2446 2546 2500 si
2573 2443 2736 2501 vultis
2777 2443 2906 2499 illud
2935 2444 3215 2515 accipere,
3241 2445 3417 2500 nolite
3446 2462 3577 2502 esse
3607 2448 3731 2517 quod

2141 2540 2293 2595 estis.
2323 2535 2459 2592 Aliis
2496 2544 2747 2608 paratum
2772 2542 2876 2602 est,
2925 2542 2983 2591 et
3012 2550 3111 2591 vos
3140 2535 3231 2591 alii
3254 2545 3462 2602 estote.
3492 2546 3549 2593 et
3597 2538 3732 2593 vobis

2141 2638 2390 2702 paratum
2419 2628 2666 2697 est.Quid
2686 2636 2800 2693 est,
2827 2625 2933 2683 Alii
2956 2628 3169 2683 estote?
3204 2629 3359 2699 prius
3378 2628 3644 2684 humili-an
3668 2631 3676 2637 -
3716 2628 3728 2640 .

2142 2724 2235 2794 qui
2263 2724 2376 2795 jam
2399 2722 2560 2778 vultis
2581 2720 2835 2777 exaltari.

2215 2815 2286 2870 Et
2316 2815 2587 2870 audientes
2626 2815 2804 2870 decem
2840 2813 3101 2886 indignati
3125 2822 3248 2869 sunt
3279 2813 3348 2868 de
3384 2813 3605 2870 duobus
3633 2816 3733 2882 frn-

2146 2908 2331 2963 tribus.
2387 2899 2658 2979 (Hierom)
2714 2907 2913 2963 Decem
2956 2906 3184 2977 apostoli
3226 2922 3339 2962 non
3394 2907 3735 2979 indignantur

2145 3003 2306 3059 matri
2337 3000 2568 3056 ﬁliorum
2594 3000 2909 3068 Zebedteos,
2925 3014 3027 3055 nec
3053 3000 3119 3055 ad
3145 2998 3437 3055 mulierem
3468 3001 3734 3056 audacia

2147 3094 2390 3151 referunt
2424 3093 2804 3164 postulationis
2825 3133 2841 3158 ,
2875 3091 2968 3149 sed
2993 3092 3062 3146 ad
3090 3090 3232 3147 ﬁlios
3255 3090 3406 3162 quod
3438 3092 3735 3164 ignoratum

2150 3202 2463 3244 mensuram
2511 3200 2669 3243 suam
2709 3184 3000 3241 immodica
3051 3184 3348 3254 cupiditate
3394 3186 3736 3249 exarserint,

2152 3279 2348 3350 quibus
2374 3276 2633 3332 Dominus
2657 3274 2871 3331 dixerat
2904 3290 2917 3327 :
2956 3272 3181 3328 Nescitis
3206 3272 3337 3342 quid
3359 3275 3579 3343 petatis.
3612 3272 3736 3328 Sub-

2153 3373 2473 3445 intelligitur
2493 3379 2675 3427 autem
2707 3370 2793 3426 vel
2826 3386 2891 3425 ex
2919 3369 3269 3439 responsione
3304 3368 3553 3435 Domini,
3577 3370 3665 3423 vel
3683 3384 3739 3424 ea

2151 3464 2522 3536 indignatione
2559 3460 2948 3531 apostolorum,
2992 3459 3138 3530 quod
3168 3458 3264 3514 ﬁlii
3294 3467 3541 3515 matrem
3572 3459 3741 3514 imau-

2151 3564 2338 3612 serunt
2371 3554 2440 3610 ad
2462 3553 2690 3627 grandia
2717 3551 3061 3624 postulanda.

2219 3650 2376 3704 Jesus
2405 3658 2580 3703 autem
2612 3648 2811 3703 vocavit
2844 3663 2932 3702 eos
2969 3645 3039 3701 ad
3077 3662 3167 3713 se,
3195 3652 3246 3701 et
3275 3646 3356 3700 ait
3385 3662 3405 3701 :
3436 3644 3605 3701 Scitis
3628 3648 3739 3717 quis

2148 3741 2410 3812 principes
2432 3739 2665 3811 gentium
2699 3737 3043 3792 dominantur
3067 3752 3283 3803 eorum,
3315 3745 3369 3791 et
3395 3738 3495 3807 qui
3527 3737 3739 3808 majora

2149 3843 2274 3887 sunt
2293 3842 2598 3903 potestatem
2618 3840 2854 3886 exercent
2880 3831 2936 3885 in
2959 3845 3047 3885 eos
3068 3843 3087 3881 :
3118 3846 3224 3884 non
3251 3830 3327 3882 ita
3356 3829 3460 3884 erit
3490 3831 3629 3884 inter
3646 3846 3739 3892 res,

2150 3926 2240 3981 sed
2265 3926 2559 3997 quicunque
2578 3924 2798 3979 voluerit
2822 3925 2956 3979 inter
2977 3942 3063 3978 vos
3094 3924 3268 3994 major
3293 3923 3442 3993 ﬁeri,
3479 3927 3551 3979 sit
3592 3934 3745 3979 recte?

2151 4018 2408 4072 minister.
2458 4015 2525 4069 Et
2561 4015 2653 4088 qui
2678 4014 2895 4070 voluerit
2938 4012 3073 4069 in'ter
3101 4031 3190 4070 vos
3227 4017 3435 4086 primus
3481 4033 3619 4080 esse,
3657 4014 3745 4068 erit

2150 4119 2319 4165 vester
2341 4124 2539 4163 servus.
2579 4106 2810 4162 Humilis
2845 4108 3105 4179 magister
3131 4116 3187 4162 et
3221 4107 3374 4162 mitis
3401 4123 3513 4164 nec
3534 4108 3750 4179 cupidi-

2152 4200 2281 4255 tatis
2322 4197 2625 4253 immodicae
2653 4199 2790 4253 duos
2820 4198 2997 4267 arguit
3031 4197 3389 4268 postulantes,
3433 4214 3543 4254 nec
3565 4199 3745 4255 decem

2152 4293 2389 4363 reliquos
2437 4290 2823 4363 indignationis
2856 4290 3101 4361 increpat
3141 4300 3197 4345 et
3239 4290 3462 4357 livoris,
3514 4291 3613 4347 sed
3653 4292 3749 4345 tale

2150 4386 2303 4456 ponit
2330 4385 2637 4456 exemplum
2657 4424 2671 4450 ,
2705 4400 2812 4453 quo
2846 4383 3035 4437 doceat
3062 4397 3184 4436 eum
3214 4382 3485 4451 majorem
3514 4399 3641 4438 esse
3666 4386 3748 4454 qui

2153 4479 2329 4532 minor
2367 4474 2553 4541 fuerit,
2597 4483 2653 4529 et
2698 4474 2848 4529 illum
2892 4474 3178 4530 Dominum
3214 4476 3330 4529 ﬁeri
3369 4476 3463 4546 qui
3507 4478 3748 4532 omnium

505 4540 753 4663 ,Ρθτξδηξ
782 4547 953 4663 δίθξνε
994 4567 1544 4663 ⁶α⁶¹⁶⁸πξησ¹⁴εξηιξ9⁰
1589 4555 1846 4614 θὶθίεαηιε
1883 4576 2001 4614 sum
2024 4561 2051 4615 7
2073 4602 2127 4663 Β
2153 4584 2342 4626 servus
2369 4568 2460 4624 sit.
2513 4540 2739 4623 Frustra
2771 4566 2934 4638 igitur
2961 4575 3056 4621 aut
3088 4566 3165 4621 illi
3206 4540 3571 4625 immoderata
3610 4585 3752 4639 qna—

455 4632 651 4691 Dicunt
702 4639 799 4695 ei:
850 4638 1161 4699 Possumus.
1192 4644 1376 4718 (ΚΑΒ.)
1414 4647 1641 4705 Nomine
1684 4652 1827 4707 enim
1864 4632 2127 4709 calicis”
2157 4659 2385 4725 sierant,
2416 4666 2509 4713 aut
2554 4658 2642 4713 isti
2691 4632 2873 4713 dolent
2919 4673 3081 4727 super
3134 4657 3403 4727 majorum

454 4727 568 4783 sive
614 4731 869 4802 baptismi
917 4735 1224 4805 passionem
1273 4738 1517 4810 designat
1561 4744 1807 4815 martyrii
1851 4761 1957 4815 qua
1991 4754 2048 4801 et

455 4818 654 4889 ipsum,
676 4829 730 4876 et
756 4821 877 4878 illos
903 4825 1130 4881 decebat
1150 4831 1537 4886 consummari.
1566 4831 1720 4889 Unde
1746 4843 1798 4890 et
1827 4834 1954 4890 alibi
1982 4836 2049 4891 de

455 4927 552 4967 sua
579 4915 832 4984 passione
859 4917 1098 4990 loquitur
1128 4940 1142 4975 :
1174 4921 1447 4994 Baptisma
1473 4937 1648 4982 autem
1677 4929 1842 4984 habeo
1873 4929 2044 5000 bapti-

457 5006 571 5059 zari
594 5047 610 5072 ,
664 5017 715 5062 et
763 5012 1022 5081 quomodo
1068 5027 1304 5072 σοαπ-σιω·
1355 5036 1514 5090 usque
1560 5021 1685 5075 dum
1739 5023 2046 5093 perﬁciatur

456 5096 618 5169 (Luc.
646 5100 762 5174 xx),
802 5112 859 5158 et
889 5104 1065 5161 eidem
1092 5110 1335 5177 passioui
1374 5112 1814 5183 appropinquans
1853 5115 2047 5170 orabat

459 5189 684 5248 dicens:
721 5192 906 5265 Pater,
937 5198 986 5253 si
1012 5201 1108 5268 vis,
1143 5203 1374 5274 transfer
1411 5205 1625 5261 calicem
1667 5207 1826 5261 istum
1871 5226 1905 5262 a
1945 5224 2044 5263 me.

458 5280 551 5337 Ait
574 5282 681 5341 illis
710 5301 725 5340 :

532 5374 759 5433 Calicem
805 5381 1014 5454 quidem
1062 5401 1243 5441 meum
1282 5387 1463 5444 bibetis
1513 5389 1667 5464 (Luc.
1694 5393 1856 5464 XXII).
1897 5392 2049 5466 (Hie-

461 5468 603 5541 ron.)
628 5468 898 5539 Quaaritur
940 5480 1211 5546 quomodo
1239 5479 1462 5537 calicem
1512 5486 1758 5558 martyrii
1802 5485 2049 5543 Zebedaei

461 5560 576 5631 lilii,
610 5562 841 5623 Jacobus
866 5569 1119 5647 videlicet
1146 5580 1202 5627 et
1226 5571 1482 5645 Joannes,
1512 5577 1773 5645 biberint,
1790 5587 1884 5634 aut
1914 5596 2049 5649 quo.

463 5657 625 5713 modo
653 5658 921 5729 baptismo
948 5662 1157 5719 Domini
1194 5664 1397 5723 fuerint
1424 5669 1682 5741 haptizati
1699 5712 1715 5738 ,
1746 5686 1873 5727 cum
1903 5670 2050 5728 Scri-

463 5760 622 5823 ptura
652 5761 837 5808 narret
863 5751 1123 5813 Jacobum
1154 5766 1363 5817 tantum
1392 5763 1696 5833 apostolum
1733 5765 1802 5820 ab
1836 5762 2050 5822 Herode

458 5850 648 5928 capite
696 5850 1001 5904 truncatum
1018 5886 1034 5916 ,
1082 5844 1327 5925 Joannes
1392 5860 1576 5913 autem
1624 5850 1773 5926 quod
1827 5853 2051 5929 propria

2156 4766 2281 4806 cum
2304 4751 2368 4806 ad
2387 4750 2754 4807 summitatem
2785 4753 3037 4807 virtutum
3053 4766 3162 4806 non
3175 4752 3439 4822 potentia,
3457 4754 3556 4808 sed
3573 4754 3749 4808 humi-

2154 4841 2306 4897 litate
2333 4842 2603 4896 veniatur.
2660 4841 2905 4913 Denique
2951 4842 3205 4912 proponit
3255 4843 3569 4915 exemplum
3606 4856 3669 4898 ut
3706 4844 3748 4898 si

2152 4935 2297 4992 dicta
2342 4935 2492 5005 parvi
2516 4934 2867 5006 .penderent,
2915 4934 3299 4990 erubescerent
3345 4935 3416 4990 ad
3456 4951 3657 5008 opera,
3700 4946 3751 4990 et

2152 5026 2284 5083 dicit
2321 5046 2332 5079 :

2223 5115 2374 5172 Sicut
2402 5116 2546 5187 [ilius
2568 5116 2794 5172 hominis
2815 5134 2919 5172 non
2950 5126 3086 5173 venit
3117 5117 3434 5185 ministrari,
3461 5119 3558 5174 sed
3586 5120 3748 5173 mini-

2151 5218 2341 5262 strare.
2374 5206 2510 5262 Nota
2538 5209 2683 5278 quod
2711 5208 2905 5264 crebro
2930 5207 3166 5266 diximus
3189 5224 3315 5265 eum
3336 5210 3436 5281 qui
3463 5211 3743 5268 ministret

2150 5298 2323 5355 {ilium
2351 5298 2591 5370 appelari
2618 5299 2873 5355 hominis.

2223 5389 2292 5445 Et
2321 5390 2449 5444 dare
2491 5391 2725 5445 animam
2764 5407 2915 5445 suam
2957 5398 3362 5465 redemptionem
3400 5412 3498 5466 pro
3536 5394 3741 5450 multis.

2154 5484 2379 5553 Quando
2405 5483 2635 5540 formam
2661 5485 2805 5540 servi
2834 5487 3060 5555 accepit,
3089 5494 3149 5541 ut
3173 5502 3276 5557 pro
3296 5490 3501 5545 mundo
3523 5489 3745 5561 sangui-

2153 5591 2276 5630 nem
2304 5573 2569 5631 funderet.
2614 5575 2681 5629 Et
2705 5590 2811 5630 non
2839 5575 2994 5644 dixit,
3030 5578 3157 5631 dare
3184 5579 3421 5633 animam
3457 5596 3613 5634 suam
3652 5592 3743 5631 re-

2151 5665 2500 5738 demptionem
2537 5680 2635 5735 pro
2669 5666 2942 5733 omnibus,
2982 5666 3075 5723 sed
3106 5682 3209 5729 ‘pra
3253 5669 3434 5723 multis
3464 5682 3484 5722 :
3509 5684 3610 5740 pro
3651 5666 3746 5723 his

2152 5757 2245 5827 qui
2270 5756 2493 5812 credere
2516 5755 2805 5813 voluerint.

2225 5847 2361 5925 [HL]
2398 5848 2469 5906 Et
2497 5848 2882 5922 egredientibus
2920 5852 2993 5911 eis
3032 5851 3095 5908 ab
3122 5850 3339 5908 Jencuo
3380 5864 3573 5910 secuta
3606 5852 3741 5906 sunt
