3898 6468
185 273 324 370 4033

1126 307 1480 365 COMMENT.
1521 307 1586 362 IN
1628 294 2064 360 ΜΛὙΤΙΙίΕυΜ.
2103 335 2174 344 —
2211 304 2339 359 LIB.
2377 305 2464 360 VI.

3305 308 3444 366 I034

182 443 301 481 eum
336 425 501 479 turba:
535 422 738 489 multis,
766 433 814 477 et
857 439 973 478 ecce
1009 423 1115 476 duo
1158 423 1283 477 caeci
1331 422 1564 476 sedentes
1611 435 1758 473 secus
1789 437 1834 492 Α
1862 424 2141 484 poterant,
2192 415 2478 470 audierunt
2519 416 2786 484 praeconia
2837 415 3162 485 Salvatoris,
3209 428 3264 476 et
3311 436 3447 477 con-

183 518 319 571 ciam
344 515 646 581 audierunt,
675 515 797 585 quia
822 515 977 569 Iesus
1002 515 1281 577 transiret;
1307 523 1354 568 et
1379 513 1758 577 clamauerunt,

183 609 448 662 dicentes:
479 606 721 672 Domine,
750 609 990 660 miserere
1016 606 1202 671 nostri,
1235 605 1314 675 ﬁli
1353 604 1543 658 David.
1575 603 1759 675 (Aug.)

181 699 295 756 Hoc
323 708 379 755 et
427 698 640 754 Marcus
682 709 1090 764 commemorat,
1137 698 1232 753 sed
1264 697 1330 752 de
1369 712 1478 750 uno
1509 711 1652 750 οωοο
1677 694 1760 748 fa-

182 790 350 846 ctum.
378 788 509 858 Quae
537 791 609 845 ita
633 791 861 846 solvitur
886 791 1134 860 quaestio,
1168 797 1227 843 ut
1255 788 1343 842 illa
1377 787 1550 844 soluta
1582 794 1665 842 est
1695 787 1762 841 de

181 883 418 946 duobus,
447 882 539 952 qui
568 882 832 952 legionem
873 883 1176 936 daemonum
1215 881 1562 950 patiebantur
1592 878 1645 932 in
1679 891 1763 931 re-

181 973 339 1044 gione
384 973 779 1031 Gerasenorum
810 971 1004 1043 (Marc.
1044 971 1143 1044 ix).
1177 971 1312 1024 Nam
1345 972 1572 1024 duorum
1598 968 1760 1022 etiam

181 1077 468 1128 caecorum,
487 1078 622 1132 quos
641 1063 800 1117 modo
825 1061 1165 1130 interposuit,
1185 1075 1351 1113 unum
1365 1057 1532 1112 fuisse
1546 1056 1762 1111 notissi-

181 1169 350 1219 mum,
375 1161 430 1207 et
461 1153 516 1207 in
539 1153 629 1208 illa
655 1152 875 1206 civitate
905 1151 1346 1214 famosissimum,
1369 1163 1436 1203 ex
1467 1149 1568 1203 hoc
1594 1147 1760 1201 etiam

181 1245 314 1299 satis
339 1252 592 1314 apparet,
624 1241 768 1314 quod
801 1251 857 1297 et
884 1257 1078 1296 nomen
1108 1241 1223 1311 ejus
1241 1281 1255 1306 ,
1293 1247 1347 1294 et
1371 1253 1565 1293 nomen
1592 1236 1762 1306 patris

179 1332 298 1402 ejus
319 1333 533 1388 Marcus
554 1333 1014 1388 commemoravit.
1040 1332 1191 1399 Quod
1219 1333 1273 1386 in
1300 1339 1378 1386 tot
1403 1331 1652 1401 superius
1681 1345 1762 1384 sa-

178 1425 322 1478 natis
349 1439 380 1477 a
401 1424 628 1479 Domino
653 1439 757 1478 non
791 1423 946 1478 facile
973 1423 1229 1488 occurrit,
1269 1423 1372 1477 nisi
1401 1437 1522 1476 cum
1552 1419 1758 1474 Jairum

181 1515 663 1586 archisynagogum
741 1515 904 1570 etiam
964 1516 1182 1569 nomine
1247 1513 1554 1583 expressit,
1608 1512 1761 1582 cujus

179 1607 346 1662 ﬁliam
393 1610 736 1665 resuscitavit
778 1609 952 1665 Jesus.
999 1611 1055 1664 lu
1094 1627 1200 1680 quo
1245 1610 1408 1664 etiam
1450 1609 1622 1680 magis
1658 1608 1760 1662 iste

177 1715 368 1756 sensus
393 1709 637 1772 apparet,
660 1703 786 1771 quia
817 1711 873 1756 et
902 1702 991 1756 ille
1013 1703 1471 1773 archisynagogus
1497 1702 1682 1771 utique
1705 1701 1758 1754 in

177 1791 297 1847 loco
326 1793 417 1848 illo
443 1793 640 1848 nobilis
663 1791 781 1847 fuit.
827 1794 1022 1848 Procul
1043 1794 1205 1849 dubio
1226 1794 1409 1864 itaque
1436 1793 1754 1847 Bartimaaus
1785 1795 1830 1853 Β

178 1883 269 1940 ille
301 1900 461 1956 quem
505 1884 720 1941 Marcus
759 1895 1161 1950 commemorat,
1199 1886 1369 1941 Timei
1397 1886 1538 1942 filius
1565 1901 1631 1940 ex
1659 1885 1758 1939 ali-

178 1992 284 2048 qua
309 1993 506 2049 magna
529 1978 784 2034 felicitate
808 1975 1069 2047 dejectus,
1099 1979 1399 2033 notissimae
1429 1987 1484 2032 et
1512 1977 1759 2033 famosis-

177 2069 328 2126 simas
375 2072 606 2127 miseriae
644 2072 765 2138 fuit,
812 2072 938 2141 quia
983 2079 1091 2128 non
1130 2071 1303 2127 solum
1342 2087 1537 2137 οωουε,
1573 2085 1760 2127 verum

176 2163 342 2218 etiam
368 2163 645 2218 mendicus
683 2163 921 2219 sedebat.
960 2163 1098 2219 Hinc
1122 2171 1378 2234 estergo,
1408 2163 1552 2232 quod
1585 2162 1758 2232 ipsum

105 2303 111 2312 .
178 2253 353 2308 solum
375 2253 543 2310 voluit
570 2269 999 2310 commemorare
1023 2253 1236 2309 Marcus
1255 2293 1271 2318 ,
1301 2254 1455 2323 cujus
1485 2252 1759 2308 illumina-

177 2344 257 2399 tio
289 2353 396 2398 tam
442 2345 646 2400 claram
690 2344 891 2400 famam
937 2345 1063 2401 huic
1107 2344 1371 2400 miracqu
1404 2345 1758 2416 comparavit,

179 2451 341 2506 quam
370 2445 488 2490 erat
530 2437 672 2492 illius
717 2447 844 2493 nota
884 2437 1184 2492 calamitas.
1231 2435 1502 2509 (Hieron.)
1545 2437 1762 2494 Jericho

178 2523 308 2580 urbs
321 2533 422 2589 est,
446 2541 630 2596 quam,
653 2525 888 2581 Jordane
912 2535 1270 2596 transgresso,
1291 2527 1556 2582 subvertit
1572 2525 1759 2595 Josue,

179 2631 306 2687 rege
354 2616 493 2671 illius
550 2617 834 2672 interfecto
883 2617 1018 2690 (los.
1077 2616 1179 2689 vi),
1212 2632 1311 2688 pro
1358 2632 1463 2686 qua
1494 2619 1764 2674 exstruxit

182 2707 338 2762 aliam
368 2708 524 2768 Ahiel
552 2709 619 2763 de
649 2708 837 2764 Betbel
880 2725 948 2764 ex
996 2710 1141 2764 tribu
1181 2709 1439 2778 Ephraim
1479 2709 1598 2782 (111
1629 2711 1758 2782 Reg.

180 2797 312 2870 xvr),
346 2813 508 2868 quam
555 2801 815 2856 Dominus
850 2809 1012 2871 atque
1053 2800 1301 2857 Salvator
1331 2815 1431 2856 sua
1475 2803 1763 2872 praesentia

181 2893 450 2949 illustrare
479 2894 727 2964 dignatus
756 2905 858 2950 est.
895 2894 1000 2950 Sed
1039 2906 1094 2952 et
1123 2898 1238 2952 haec
1265 2913 1330 2954 eo
1363 2906 1626 2966 tempore,
1655 2911 1762 2965 quo

179 2981 476 3038 Jerusalem
517 2983 926 3055 oppugnabatur
951 3000 983 3040 a
1017 2984 1294 3052 Romanis,
1335 2995 1554 3058 propter
1596 2983 1762 3054 perﬁ-

183 3071 323 3126 diam
353 3073 552 3127 civium
591 3082 748 3143 capta
774 3083 934 3143 atque
964 3074 1268 3140 destructa,
1307 3091 1412 3144 qua
1440 3075 1597 3130 tertia
1629 3074 1760 3129 aedi-

181 3163 340 3217 ﬁcata
386 3175 469 3218 est
516 3164 726 3229 civitas,
772 3180 893 3234 qua:
936 3165 1096 3219 hodie
1145 3180 1318 3236 usque
1352 3173 1654 3235 permanet,
1709 3172 1764 3219 et
1792 3149 1837 3212 C

182 3256 538 3310 ostenduntur
559 3256 843 3325 utriusque
879 3257 1029 3312 urbis
1054 3257 1278 3328 vestigia
1315 3273 1487 3326 usque
1533 3256 1587 3310 in
1626 3270 1765 3326 prm-

183 3355 388 3402 sentem
416 3347 577 3402 diem.
603 3345 820 3402 Jericho
855 3356 1034 3402 autem
1057 3387 1072 3413 ,
1101 3363 1222 3417 quae
1252 3347 1601 3418 interpretari
1628 3346 1763 3401 dici-

183 3445 269 3490 tur
295 3436 420 3490 luna
445 3477 459 3503 ,
493 3435 759 3491 defectum
789 3445 989 3492 nostra:
1013 3437 1392 3494 mutabilitatis
1427 3454 1492 3493 ac
1522 3436 1766 3492 mortali-

183 3530 308 3585 tatis
334 3530 621 3601 significat.
647 3530 800 3598 Quod
822 3545 889 3584 ex
920 3531 1009 3585 illa
1041 3531 1280 3586 maxime
1301 3528 1576 3599 Evangelii
1606 3544 1767 3598 para-

181 3621 304 3677 bola
335 3620 548 3686 claruit,
578 3620 668 3675 ubi
709 3621 864 3675 homo
902 3621 1216 3676 descendens
1266 3620 1330 3674 ab
1362 3618 1664 3674 Jerusalem
1711 3619 1766 3673 in

182 3709 390 3764 Jericho
420 3711 600 3764 incidit
627 3711 682 3765 in
724 3710 959 3766 latrones
976 3712 1128 3786 (Luc.
1169 3711 1244 3784 ι),
1276 3721 1331 3766 et
1359 3711 1671 3766 vulneratus
1697 3710 1767 3766 ab

184 3801 262 3855 eis
290 3815 354 3854 ac
377 3800 726 3870 dispoliatus,
767 3817 864 3871 per
899 3803 1041 3872 piam
1075 3801 1403 3858 Samaritani
1443 3801 1766 3856 industriam

186 3893 250 3948 ad
278 3891 504 3948 salutem
553 3903 837 3950 revocatus
867 3904 969 3960 est,
1003 3898 1129 3966 quia
1162 3895 1419 3949 nimirum
1462 3909 1632 3965 genus
1667 3893 1770 3948 hu-

184 4001 402 4040 manum
429 4001 458 4040 a
489 3987 693 4042 visione
734 4003 958 4042 summae
985 3988 1136 4059 pacis
1176 3987 1230 4041 in
1271 3987 1535 4041 desideria
1583 3986 1768 4041 saeculi

185 4071 342 4141 hujus
378 4072 498 4128 labe
528 4075 806 4130 mortifera
836 4076 1090 4131 decidens
1117 4091 1215 4146 per
1240 4075 1528 4131 Dominum
1576 4074 1766 4130 Salva-

188 4174 354 4221 torem
386 4168 452 4222 ad
482 4168 643 4222 vitam
675 4185 837 4239 quam
860 4170 1092 4225 errando
1119 4170 1448 4241 perdiderat,
1472 4170 1764 4226 reducitur.

186 4255 333 4311 Multi
377 4257 616 4314 latrones
650 4268 806 4314 erant
844 4260 899 4314 in
927 4259 1176 4327 Jericho,
1220 4262 1313 4332 qui
1350 4262 1690 4332 egredientes
1716 4269 1772 4317 et

187 4348 572 4404 descendentes
611 4350 677 4404 de
713 4349 1098 4421 Hierosolymis
1147 4351 1454 4407 interﬁcere
1494 4361 1550 4408 et
1585 4353 1772 4408 vulne-

187 4454 310 4495 rare
361 4448 706 4494 consuerant.
772 4439 977 4494 Idcirco
1025 4440 1286 4496 Dominus
1343 4442 1492 4496 venit
1548 4439 1769 4496 Jericho

1863 506 1988 563 fessi
2039 519 2165 564 sunt
2222 508 2390 562 ﬁlium
2445 509 2632 564 David.
2679 509 3060 568 Proficiscente
3116 511 3281 583 igitur
3337 515 3444 570 Do-

1861 599 2010 654 mino
2048 608 2102 655 et
2149 599 2422 669 discipulis
2453 599 2589 667 ejus,
2631 609 2686 654 et
2730 601 2956 669 plurima
2999 601 3342 658 multitudine
3381 606 3448 661 de

1861 687 2098 754 Jericho,
2133 689 2237 742 duo
2263 689 2391 744 caeci
2411 687 2568 756 juxta
2592 690 2733 754 viam
2777 693 3068 758 sedebant;
3097 693 3223 761 quia
3250 709 3448 750 ascen-

1863 781 2021 836 dente
2051 780 2118 835 ad
2144 780 2312 836 caelos
2343 780 2587 843 Domino,
2617 789 2676 834 et
2703 780 2886 836 multis
2912 781 3148 838 fidelium
3175 787 3448 854 sequenti-

1860 874 1982 940 bus,
2021 875 2128 928 imo
2173 874 2386 929 cunctis
2415 875 2483 928 ab
2526 875 2679 929 initio
2725 877 2910 930 mundi
2941 876 3133 932 electis
3172 894 3279 934 una
3325 895 3448 935 cum

1862 963 1952 1018 illo
1971 964 2193 1035 januam
2226 965 2375 1037 regni
2406 966 2644 1022 caelestis
2673 967 3118 1038 ingredientibus,
3149 987 3274 1028 mox
3305 982 3452 1028 uter-

1862 1068 1966 1122 que
1995 1055 2222 1124 populus
2250 1057 2339 1109 diu
2369 1056 2594 1126 perfidia
2617 1073 2792 1114 caecus
2818 1061 3002 1115 audito
3027 1060 3323 1119 Salvatoris
3351 1066 3450 1119 ad—

1860 1155 2024 1200 ventu
2062 1155 2342 1216 coeperunt
2377 1156 2434 1203 et
2464 1149 2567 1220 ipsi
2601 1165 2712 1205 suae
2751 1150 2940 1206 salutis
2973 1161 3136 1223 atque
3177 1155 3453 1212 illumina-

1863 1235 2026 1292 tionis
2058 1253 2206 1308 spem
2248 1238 2478 1305 habere,
2505 1249 2666 1310 atque
2697 1242 3044 1312 inquisitione
3077 1245 3329 1301 desiderii
3357 1263 3447 1302 sa-

1861 1326 2052 1383 lutaris
2091 1329 2160 1383 ad
2196 1330 2300 1386 hoc
2339 1334 2623 1400 pervenire
2674 1334 3024 1401 studuerunt,
3053 1347 3114 1392 ut
3152 1341 3272 1408 quis
3308 1349 3451 1395 esset

1863 1433 2023 1474 verus
2052 1420 2330 1492 religionis
2352 1422 2527 1478 cultus
2562 1425 2936 1497 investigando
2963 1430 3361 1498 perquirerent.

1936 1551 2110 1608 Turba
2124 1566 2298 1610 autem
2315 1558 2733 1628 increpabateos,
2759 1570 2814 1613 ut
2833 1571 3079 1616 tacerent.
3104 1563 3170 1616 At
3189 1564 3270 1617 illi
3282 1566 3449 1634 magis
3521 1606 3527 1613 .

1863 1641 2181 1711 clamabant,
2209 1645 2434 1701 dicentes
2456 1661 2474 1698 :
2503 1647 2740 1714 Domine,
2764 1651 3006 1704 miserere
3028 1653 3213 1717 nostri,
3237 1652 3316 1721 ﬁli
3339 1652 3449 1706 Da-

1863 1737 1968 1791 vid.
1983 1736 2471 1807 Oportebatautem
2493 1750 2550 1795 ut
2567 1749 2672 1795 tam
2686 1743 2774 1796 diu
2797 1743 3114 1810 clamarent,
3130 1746 3300 1800 donec
3321 1747 3456 1801 resi-

1859 1829 2052 1884 stentis
2093 1829 2197 1885 sibi
2245 1819 2415 1886 turba:
2458 1833 2741 1902 strepitum
2781 1834 3084 1900 vincerent,
3113 1835 3166 1890 id
3206 1846 3307 1901 est,
3341 1845 3452 1890 tam

1857 1931 2270 1990 perseveranter
2294 1925 2634 1980 intenderent
2659 1927 2899 1980 animum
2919 1930 3124 1983 orando
3147 1937 3309 1999 atque
3332 1929 3453 2000 pul-

1859 2013 2047 2079 saudo,
2080 2030 2362 2086 quousque
2405 2018 2793 2073 consuetudine
2829 2019 3217 2075 desideriorum
3256 2037 3453 2076 carna-

1859 2101 2013 2169 lium,
2038 2121 2158 2175 qua:
2187 2114 2444 2176 tanquam
2472 2108 2625 2162 turba
2652 2108 2915 2180 obstrepit
2942 2112 3252 2182 cogitationi
3279 2111 3454 2168 lucem

1860 2198 2108 2253 veritatis
2135 2207 2353 2255 aeternae
2377 2200 2563 2255 videre
2588 2203 2825 2269 conanti,
2863 2203 2946 2258 vel
2972 2207 3143 2274 ipsam
3175 2205 3451 2260 hominum

1863 2289 2160 2344 carnalium
2228 2292 2445 2347 turbam
2506 2294 2683 2349 studia
2755 2295 3018 2366 spiritalia
3076 2297 3453 2367 impedientem

1864 2377 2158 2435 fortissima
2207 2381 2506 2438 intentione
2553 2393 2893 2454 superarent.
2943 2385 3237 2442 Audientes
3269 2385 3454 2443 Jesum

1863 2471 1990 2524 caici
2024 2472 2268 2526 misereri
2297 2474 2379 2528 sui
2409 2483 2720 2545 precantur,
2755 2491 2856 2532 nec
2887 2477 3070 2532 multis
3109 2478 3236 2534 licet
3266 2481 3456 2549 prohi-

1861 2561 2114 2618 bentibus
2138 2578 2168 2617 a
2207 2563 2489 2621 clamando
2512 2567 2811 2634 desistunt,
2840 2569 2964 2638 quia
2995 2570 3177 2639 populi
3215 2573 3455 2641 gentium

1863 2657 2047 2727 agnita
2095 2657 2241 2712 fama
2283 2659 2518 2714 nominis
2566 2658 2769 2715 Christi
2827 2660 3118 2731 participes
3172 2659 3290 2729 ejus
3340 2661 3458 2718 fieri

1864 2747 2201 2816 quaerebant.
2261 2747 2720 2804 Contradicebant
2754 2750 2950 2804 multi:
2983 2752 3161 2821 primo
3190 2750 3362 2807 Judaei
3400 2762 3462 2807 ut

1865 2837 1921 2891 in
1959 2836 2183 2892 Actibus
2214 2837 2579 2907 apostolorum
2606 2839 2862 2911 legimus;
2903 2840 3094 2895 deinde
3127 2842 3290 2896 etiam
3320 2857 3454 2913 gen-

1865 2925 1991 2982 tiles
2019 2927 2216 2982 acriori
2260 2944 2326 2984 ac
2369 2927 2584 2984 fortiori
2615 2931 2994 3000 persecutione
3032 2931 3345 3001 frequenter
3374 2934 3455 2988 in-

1867 3017 2106 3082 stabant,
2122 3032 2190 3072 ne
2207 3017 2592 3074 illuminandus
2612 3020 2991 3088 sanandusque
3009 3019 3284 3076 Christum
3307 3037 3460 3076 mun-

1869 3109 1970 3164 dus
2014 3109 2306 3163 invocaret.
2352 3109 2462 3164 Nec
2511 3119 2689 3165 tamen
2725 3126 2837 3177 eos,
2878 3111 2969 3182 qui
2997 3113 3064 3167 ad
3103 3112 3268 3166 vitam
3305 3126 3464 3168 erant

1868 3202 2214 3275 praeordinati
2263 3214 2545 3270 aeternam,
2588 3218 2820 3259 vesanus
2855 3205 3280 3275 impugnantium
3310 3205 3463 3262 furor

1869 3294 2128 3364 disposita
2159 3292 2368 3348 valebat
2397 3294 2570 3350 salute
2593 3295 2826 3367 privare.

1939 3445 2011 3500 Et
2040 3447 2177 3500 stetit
2205 3445 2362 3501 Jesus
2404 3457 2452 3501 et
2481 3450 2682 3503 vocavit
2719 3465 2806 3504 eos
2829 3490 2842 3515 ,
2881 3459 2931 3503 et
2965 3449 3041 3503 ait
3069 3463 3087 3502 :
3126 3449 3267 3516 Quid
3303 3448 3462 3504 vultis

1868 3548 1928 3595 ut
1960 3540 2156 3610 faciant
2201 3541 2381 3596 vobis?
2411 3541 2607 3597 Dicunt
2646 3540 2760 3595 illi:
2787 3541 3040 3606 Domine,
3065 3551 3122 3595 ut
3155 3541 3465 3610 aperiantur

1869 3630 2009 3686 oculi
2058 3633 2240 3686 nostri.
2296 3631 2564 3703 (Hieron.)
2605 3630 2744 3688 Caeci
2785 3639 2962 3697 erant,
3015 3646 3122 3702 quo
3167 3638 3463 3702 pergerent

1868 3723 2226 3793 ignorabant,
2272 3723 2424 3793 sequi
2452 3739 2560 3778 non
2586 3731 2835 3794 poterant
2876 3723 3234 3779 Salvatorem.
3285 3721 3462 3777 Multae

1869 3813 2037 3870 foveae
2066 3815 2120 3868 in
2155 3813 2404 3879 Jericho,
2452 3814 2634 3870 multae
2664 3830 2826 3884 rupes
2853 3823 2908 3869 et
2935 3824 3227 3885 prazrupta.
3258 3812 3463 3868 Idcirco

1869 3904 2129 3959 Dominus
2158 3912 2300 3969 stat,
2333 3914 2392 3959 ut
2422 3905 2609 3960 venire
2635 3904 2874 3974 possint,
2904 3912 2960 3960 et
2983 3905 3164 3960 vocari
3189 3902 3363 3974 jubet,
3395 3915 3464 3956 ne

1870 3994 2042 4049 turba:
2085 3993 2414 4064 prohibeant
2457 4013 2469 4048 :
2527 4003 2582 4048 et
2622 3995 2944 4066 interrogat,
2999 3994 3155 4064 quasi
3207 3993 3464 4065 ignorans

1869 4086 2000 4156 quid
2034 4085 2232 4152 velint,
2272 4095 2333 4141 ut
2367 4101 2436 4142 ex
2481 4085 2823 4142 confessione
2866 4101 3132 4141 caecorum
3175 4083 3462 4146 manifesta

1871 4177 2120 4233 debilitas
2147 4185 2350 4247 pateat,
2399 4186 2456 4231 et
2500 4177 2675 4232 virtus
2704 4177 2772 4232 ex
2809 4177 3050 4231 remedio
3079 4183 3453 4246 cognoscatur.

1872 4267 2078 4340 (Greg.)
2130 4269 2270 4324 Ecce
2305 4277 2411 4325 stat
2438 4269 2530 4339 qui
2560 4276 2684 4324 ante
2724 4269 3010 4324 transibat.
3039 4267 3156 4334 Qua
3190 4268 3245 4322 in
3273 4281 3332 4322 re
3365 4265 3464 4319 ali-

1871 4361 2002 4434 quid
2026 4363 2184 4416 nobis
2215 4361 2474 4415 Dominus
2500 4361 2708 4424 innuit,
2749 4361 2890 4429 quod
2923 4359 3147 4429 intelligi
3175 4359 3242 4413 de
3272 4359 3463 4413 huma-

1874 4453 2045 4507 nitate
2079 4461 2242 4521 atque
2269 4453 2552 4506 divinitate
2585 4452 2732 4506 illius
2760 4451 2965 4506 utiliter
2993 4451 3179 4520 possit.
3211 4448 3463 4504 Claman-

187 4545 308 4584 cum
336 4529 612 4599 discipulis
638 4529 774 4596 suis,
801 4537 862 4583 ut
889 4529 1082 4584 liberet
1104 4529 1434 4597 vulneratos,
1460 4538 1516 4585 et
1544 4529 1765 4585 multam

1874 4552 1984 4599 tem
2025 4544 2226 4598 etenim
2257 4557 2459 4597 caecum
2509 4543 2776 4597 transiens
2805 4541 3028 4606 audivit,
3065 4540 3158 4596 sed
3192 4548 3344 4596 stans
3372 4540 3468 4594 mi-

188 4622 402 4676 turbam
429 4636 613 4676 secum
647 4621 842 4675 trahat.
885 4621 1126 4692 Denique
1152 4630 1438 4692 postquam
1464 4621 1646 4692 egredi
1671 4635 1770 4676 vo-

187 4713 287 4767 luit
315 4711 552 4779 Jericho,
579 4720 764 4768 secuta
784 4719 868 4767 est
891 4727 1017 4767 eum
1047 4713 1204 4766 turba
1240 4711 1440 4779 multa;
1470 4711 1517 4766 si
1543 4711 1775 4766 mansis-

189 4812 271 4859 set
297 4801 666 4874 Jerosolymis,
695 4811 751 4857 et
793 4817 1070 4874 nunquam
1100 4803 1169 4856 ad
1210 4801 1434 4858 humilia
1464 4800 1775 4857 descendis-

189 4905 292 4964 set,
349 4898 506 4953 turba
549 4911 721 4967 usque
776 4896 935 4952 hodie
972 4895 1186 4951 sederet
1227 4895 1284 4949 in
1331 4895 1570 4950 tenebris
1617 4902 1672 4949 et
1717 4894 1774 4948 in

189 4990 381 5044 umbra
415 4987 624 5044 mortis.
683 4987 791 5044 Sed
833 4995 889 5042 et
926 4987 1030 5042 duo
1067 4987 1190 5042 ειεσὶ
1230 4996 1378 5041 erant
1420 4986 1577 5057 juxta
1616 4987 1776 5041 viam.

1876 4631 2120 4688 raculum
2178 4631 2586 4686 illuminationis
2638 4631 2900 4685 exhibuit.
2965 4630 3105 4697 Quid
3161 4639 3244 4685 est
3287 4638 3464 4684 autem

1874 4723 2208 4778 transeundo
2265 4721 2471 4786 audire,
2527 4721 2719 4776 stando
2771 4720 2952 4775 lumen
3003 4719 3315 4786 restituere,
3362 4719 3468 4774 nisi

1878 4814 2022 4884 quod
2043 4828 2140 4883 per
2163 4814 2554 4868 humanitatem
2579 4829 2734 4868 suam
2760 4813 3016 4869 misertus
3036 4820 3138 4881 est,
3161 4812 3253 4883 qui
3272 4827 3371 4884 per
3389 4813 3470 4868 di-

1877 4907 2120 4962 vinitatis
2147 4907 2444 4977 potentiam
2475 4923 2505 4962 a
2535 4907 2692 4962 nobis
2734 4907 2932 4962 mentis
2969 4914 3169 4961 nostra:
3210 4905 3467 4961 tenebras

1881 4998 2144 5054 exclusit?
2172 4998 2325 5065 Quod
2347 4999 2492 5053 enim
2514 5007 2734 5068 pr0pter
2751 5013 2853 5053 nos
2876 5005 3036 5052 natus
3065 5005 3120 5050 et
3146 5010 3340 5066 passus
3363 5003 3466 5060 est,

189 5079 376 5136 Caecos
402 5080 657 5152 appellat,
685 5081 776 5150 qui
800 5081 1030 5136 necdum
1059 5088 1311 5150 poterant
1334 5080 1512 5136 dicere
1542 5099 1556 5135 :
1594 5080 1663 5136 In
1698 5079 1765 5133 lu-

1881 5091 2023 5159 quod
2076 5090 2393 5157 resurrexit,
2446 5089 2691 5145 ascendit
2742 5089 2797 5142 in
2849 5086 3069 5152 cmlum,
3118 5085 3210 5156 qui
3257 5084 3471 5140 transiit

190 5173 329 5227 mine
363 5182 452 5226 tuo
486 5173 774 5228 videbimus
813 5173 987 5228 lumen
1025 5171 1198 5244 (Psal.
1231 5173 1417 5244 xxxv).
1447 5171 1612 5228 Secus
1643 5175 1779 5227 viam

191 5265 344 5330 dicit,
370 5266 495 5336 quia
527 5265 848 5320 videbantur
876 5266 1093 5336 quidem
1122 5266 1254 5338 legis
1281 5265 1484 5322 habere
1509 5266 1777 5331 notitiam,

191 5357 290 5412 sed
311 5357 480 5424 viam,
506 5372 628 5427 qua:
657 5355 906 5411 Christus
930 5366 1035 5424 est,
1066 5357 1417 5428 ignorabant;
1443 5374 1578 5428 quos
1613 5357 1778 5428 pleri-

193 5460 302 5517 que
333 5445 640 5501 Pharisaeos
682 5446 988 5517 intelligunt
1025 5456 1081 5502 et
1117 5448 1460 5504 Sadduczeos.
1512 5449 1617 5504 Alii
1655 5465 1780 5506 vero

193 5547 487 5609 utrumque
521 5537 808 5609 populum,
845 5546 899 5592 et
930 5538 1139 5596 Veteris
1176 5540 1507 5596 Testamenti
1537 5552 1592 5596 et
1622 5541 1776 5610 Novi,

197 5633 344 5704 quod
373 5632 509 5687 alter
534 5631 792 5702 scriptam
829 5629 1020 5701 legem,
1052 5633 1189 5687 alter
1216 5634 1518 5690 naturalem
1547 5650 1781 5706 sequens

198 5726 321 5783 sine
347 5724 561 5780 Christo
599 5737 774 5778 caecus
818 5729 955 5777 erat.
1007 5721 1074 5778 Ili
1103 5725 1194 5795 qui
1230 5740 1329 5797 per
1368 5740 1426 5781 se
1455 5725 1639 5782 videre
1674 5742 1781 5783 non

523 5821 799 5881 PATROL.
856 5815 1045 5880 CVII.

1880 5178 2059 5246 Jesus,
2089 5181 2216 5249 quia
2254 5182 2370 5237 haec
2404 5182 2658 5237 nimirum
2695 5181 2839 5236 actio
2866 5178 3182 5251 temporalis
3219 5186 3342 5243 est;
3374 5178 3467 5232 sed

1881 5278 2034 5325 stans
2059 5287 2261 5326 caecum
2299 5271 2646 5336 illuminavit,
2685 5271 2811 5342 quia
2831 5285 2938 5326 non
2965 5271 3105 5326 sicut
3133 5268 3225 5324 illa
3249 5269 3468 5339 dispen-

1885 5363 2022 5418 satio
2063 5363 2401 5433 temporalis,
2446 5364 2521 5418 ita
2559 5363 2710 5418 verbi
2755 5361 3031 5418 aeternitas
3069 5360 3314 5426 transiit,
3347 5375 3470 5430 qua:

1885 5452 1939 5507 in
1979 5469 2036 5509 se
2064 5471 2288 5510 manens
2315 5456 2534 5510 innovat
2559 5455 2760 5510 omnia.
2793 5453 2952 5509 Stare
2981 5453 3125 5508 enim
3148 5451 3246 5507 Dei
3273 5459 3358 5506 est
3379 5451 3465 5506 in-

1885 5548 2254 5604 commutabili
2283 5549 2607 5619 cogitatione
2636 5546 2912 5601 mutabilia
2932 5553 3130 5601 cuncta
3159 5544 3464 5613 disponere.

1887 5637 1989 5705 Qui
2022 5656 2150 5711 ergo
2176 5656 2339 5696 voces
2364 5649 2610 5710 petentes
2639 5639 2908 5695 transiens
2937 5638 3170 5702 audivit,
3201 5645 3348 5692 stans
3382 5635 3466 5687 lu-

1887 5745 2011 5787 men
2035 5732 2299 5800 reddidit,
2339 5733 2464 5804 quia
2489 5732 2588 5788 etsi
2624 5738 2842 5802 propter
2866 5745 2965 5787 nos
2990 5726 3304 5800 temporalia
3342 5739 3468 5797 per-
