  <div class='ocr_page' id='page_1' title='image "/cluster/home/n/w/nwhite01/storage/ocr_20150623/107/hvd.32044015466832/524.png"; bbox 0 0 3898 6440; ppageno 0'>
   <div class='ocr_carea' id='block_1_1' title="bbox 155 375 286 433">
    <p class='ocr_par' dir='ltr' id='par_1_1' title="bbox 155 375 286 433">
     <span class='ocr_line' id='line_1_1' title="bbox 155 375 286 433; baseline 0.015 -2"><span class='ocrx_word' id='word_1_1' title='bbox 155 375 286 433; x_wconf 73' lang='grc' dir='ltr'><strong>10ὅῖ</strong></span> 
     </span>
    </p>
   </div>
   <div class='ocr_carea' id='block_1_2' title="bbox 1110 369 2460 436">
    <p class='ocr_par' dir='ltr' id='par_1_2' title="bbox 1110 369 2460 436">
     <span class='ocr_line' id='line_1_2' title="bbox 1110 369 2460 436; baseline 0.005 -8"><span class='ocrx_word' id='word_1_2' title='bbox 1110 369 1463 428; x_wconf 76' lang='lat' dir='ltr'><strong>COMMENT.</strong></span> <span class='ocrx_word' id='word_1_3' title='bbox 1506 372 1573 429; x_wconf 82' lang='lat' dir='ltr'><strong>IN</strong></span> <span class='ocrx_word' id='word_1_4' title='bbox 1614 372 2054 432; x_wconf 66' lang='lat' dir='ltr'><strong>MATTHIEUM.</strong></span> <span class='ocrx_word' id='word_1_5' title='bbox 2092 406 2166 422; x_wconf 91' lang='lat'><strong>—-</strong></span> <span class='ocrx_word' id='word_1_6' title='bbox 2198 375 2331 435; x_wconf 83' lang='lat' dir='ltr'><strong>LIB.</strong></span> <span class='ocrx_word' id='word_1_7' title='bbox 2370 376 2460 436; x_wconf 79' lang='lat' dir='ltr'><strong>Vl.</strong></span> 
     </span>
    </p>
   </div>
   <div class='ocr_carea' id='block_1_3' title="bbox 3277 382 3419 445">
    <p class='ocr_par' dir='ltr' id='par_1_3' title="bbox 3277 382 3419 445">
     <span class='ocr_line' id='line_1_3' title="bbox 3277 382 3419 445; baseline 0.028 -4"><span class='ocrx_word' id='word_1_8' title='bbox 3277 382 3419 445; x_wconf 72' lang='lat'><strong>1058</strong></span> 
     </span>
    </p>
   </div>
   <div class='ocr_carea' id='block_1_4' title="bbox 150 480 3418 570">
    <p class='ocr_par' dir='ltr' id='par_1_4' title="bbox 150 480 3418 570">
     <span class='ocr_line' id='line_1_4' title="bbox 150 480 3418 570; baseline 0.004 -25"><span class='ocrx_word' id='word_1_9' title='bbox 150 500 195 545; x_wconf 83' lang='lat' dir='ltr'><strong>et</strong></span> <span class='ocrx_word' id='word_1_10' title='bbox 223 485 467 545; x_wconf 73' lang='lat' dir='ltr'><strong>adducite</strong></span> <span class='ocrx_word' id='word_1_11' title='bbox 511 482 660 543; x_wconf 73' lang='lat' dir='ltr'><strong>milii.</strong></span> <span class='ocrx_word' id='word_1_12' title='bbox 711 480 1045 553; x_wconf 76' lang='lat' dir='ltr'><strong>Qawcunque</strong></span> <span class='ocrx_word' id='word_1_13' title='bbox 1090 483 1229 538; x_wconf 87' lang='lat' dir='ltr'><strong>enim</strong></span> <span class='ocrx_word' id='word_1_14' title='bbox 1270 482 1529 540; x_wconf 85' lang='lat' dir='ltr'><strong>solveritis</strong></span> <span class='ocrx_word' id='word_1_15' title='bbox 1574 501 1734 556; x_wconf 89' lang='lat' dir='ltr'><strong>super</strong></span> <span class='ocrx_word' id='word_1_16' title='bbox 1757 487 1814 557; x_wconf 76' lang='grc' dir='ltr'>Α</span> <span class='ocrx_word' id='word_1_17' title='bbox 1837 489 1931 556; x_wconf 86' lang='lat' dir='ltr'><strong>qui</strong></span> <span class='ocrx_word' id='word_1_18' title='bbox 1957 487 2129 559; x_wconf 80' lang='lat' dir='ltr'><strong>gloria</strong></span> <span class='ocrx_word' id='word_1_19' title='bbox 2151 488 2429 561; x_wconf 69' lang='lat' dir='ltr'><strong>iactantia:</strong></span> <span class='ocrx_word' id='word_1_20' title='bbox 2450 498 2641 562; x_wconf 85' lang='lat' dir='ltr'><strong>pectus</strong></span> <span class='ocrx_word' id='word_1_21' title='bbox 2674 489 2841 548; x_wconf 80' lang='lat' dir='ltr'><strong>habet</strong></span> <span class='ocrx_word' id='word_1_22' title='bbox 2878 492 3175 564; x_wconf 87' lang='lat' dir='ltr'><strong>repletum,</strong></span> <span class='ocrx_word' id='word_1_23' title='bbox 3215 497 3310 570; x_wconf 90' lang='lat' dir='ltr'><strong>qui</strong></span> <span class='ocrx_word' id='word_1_24' title='bbox 3347 501 3418 559; x_wconf 85' lang='lat' dir='ltr'><strong>de</strong></span> 
     </span>
    </p>
   </div>
   <div class='ocr_carea' id='block_1_5' title="bbox 151 572 1477 648">
    <p class='ocr_par' dir='ltr' id='par_1_5' title="bbox 151 572 1477 648">
     <span class='ocr_line' id='line_1_5' title="bbox 151 572 1477 648; baseline -0.002 -14"><span class='ocrx_word' id='word_1_25' title='bbox 151 591 340 634; x_wconf 87' lang='lat' dir='ltr'><strong>terram</strong></span> <span class='ocrx_word' id='word_1_26' title='bbox 359 616 375 642; x_wconf 97' lang='lat'><strong>,</strong></span> <span class='ocrx_word' id='word_1_27' title='bbox 405 584 555 630; x_wconf 84' lang='lat' dir='ltr'><strong>erant</strong></span> <span class='ocrx_word' id='word_1_28' title='bbox 584 572 756 629; x_wconf 87' lang='lat' dir='ltr'><strong>soluta</strong></span> <span class='ocrx_word' id='word_1_29' title='bbox 784 584 831 628; x_wconf 89' lang='lat' dir='ltr'><strong>et</strong></span> <span class='ocrx_word' id='word_1_30' title='bbox 864 573 917 627; x_wconf 89' lang='lat' dir='ltr'><strong>in</strong></span> <span class='ocrx_word' id='word_1_31' title='bbox 945 574 1087 629; x_wconf 79' lang='lat' dir='ltr'><strong>cwlis</strong></span> <span class='ocrx_word' id='word_1_32' title='bbox 1118 576 1135 646; x_wconf 94' lang='lat'>(</span> <span class='ocrx_word' id='word_1_33' title='bbox 1158 574 1319 630; x_wconf 88' lang='lat' dir='ltr'><strong>Joan.</strong></span> <span class='ocrx_word' id='word_1_34' title='bbox 1344 592 1417 631; x_wconf 79' lang='lat' dir='ltr'><strong>xx</strong></span> <span class='ocrx_word' id='word_1_35' title='bbox 1436 575 1477 648; x_wconf 95' lang='lat'><strong>).</strong></span> 
     </span>
    </p>
   </div>
   <div class='ocr_carea' id='block_1_6' title="bbox 220 664 1726 738">
    <p class='ocr_par' dir='ltr' id='par_1_6' title="bbox 220 664 1726 738">
     <span class='ocr_line' id='line_1_6' title="bbox 220 664 1726 738; baseline 0 -16"><span class='ocrx_word' id='word_1_36' title='bbox 220 668 287 723; x_wconf 84' lang='lat' dir='ltr'><strong>Et</strong></span> <span class='ocrx_word' id='word_1_37' title='bbox 321 668 365 722; x_wconf 89' lang='lat' dir='ltr'><strong>si</strong></span> <span class='ocrx_word' id='word_1_38' title='bbox 399 667 516 738; x_wconf 82' lang='lat' dir='ltr'><strong>quis</strong></span> <span class='ocrx_word' id='word_1_39' title='bbox 552 666 692 721; x_wconf 83' lang='lat' dir='ltr'><strong>vobis</strong></span> <span class='ocrx_word' id='word_1_40' title='bbox 726 664 925 735; x_wconf 85' lang='lat' dir='ltr'><strong>aliquid</strong></span> <span class='ocrx_word' id='word_1_41' title='bbox 952 666 1174 733; x_wconf 69' lang='lat' dir='ltr'><strong>dixerit,</strong></span> <span class='ocrx_word' id='word_1_42' title='bbox 1204 667 1404 722; x_wconf 80' lang='lat' dir='ltr'><strong>dicite:</strong></span> <span class='ocrx_word' id='word_1_43' title='bbox 1445 667 1583 735; x_wconf 83' lang='lat' dir='ltr'><strong>Quia</strong></span> <span class='ocrx_word' id='word_1_44' title='bbox 1614 666 1726 723; x_wconf 86' lang='lat' dir='ltr'><strong>Do-</strong></span> 
     </span>
    </p>
   </div>
   <div class='ocr_carea' id='block_1_7' title="bbox 150 756 1722 828">
    <p class='ocr_par' dir='ltr' id='par_1_7' title="bbox 150 756 1722 828">
     <span class='ocr_line' id='line_1_7' title="bbox 150 756 1722 828; baseline 0.002 -15"><span class='ocrx_word' id='word_1_45' title='bbox 150 760 319 814; x_wconf 82' lang='lat' dir='ltr'><strong><em>minus</em></strong></span> <span class='ocrx_word' id='word_1_46' title='bbox 370 758 451 813; x_wconf 79' lang='lat' dir='ltr'><strong>Itis</strong></span> <span class='ocrx_word' id='word_1_47' title='bbox 508 774 637 828; x_wconf 83' lang='lat' dir='ltr'><strong>Opus</strong></span> <span class='ocrx_word' id='word_1_48' title='bbox 692 757 875 824; x_wconf 85' lang='lat' dir='ltr'><strong>habet,</strong></span> <span class='ocrx_word' id='word_1_49' title='bbox 932 767 978 812; x_wconf 86' lang='lat' dir='ltr'><strong>et</strong></span> <span class='ocrx_word' id='word_1_50' title='bbox 1031 756 1305 828; x_wconf 75' lang='lat' dir='ltr'><strong>confestim</strong></span> <span class='ocrx_word' id='word_1_51' title='bbox 1352 760 1571 815; x_wconf 88' lang='lat' dir='ltr'><strong>dimittet</strong></span> <span class='ocrx_word' id='word_1_52' title='bbox 1615 778 1722 816; x_wconf 88' lang='lat' dir='ltr'><strong>eos.</strong></span> 
     </span>
    </p>
   </div>
   <div class='ocr_carea' id='block_1_8' title="bbox 150 847 1725 923">
    <p class='ocr_par' dir='ltr' id='par_1_8' title="bbox 150 847 1725 923">
     <span class='ocr_line' id='line_1_8' title="bbox 150 847 1725 923; baseline 0.003 -19"><span class='ocrx_word' id='word_1_53' title='bbox 150 850 452 922; x_wconf 78' lang='lat' dir='ltr'><strong>(Clirysost.</strong></span> <span class='ocrx_word' id='word_1_54' title='bbox 477 847 495 919; x_wconf 92' lang='lat'>)</span> <span class='ocrx_word' id='word_1_55' title='bbox 529 848 595 902; x_wconf 83' lang='lat' dir='ltr'><strong>Et</strong></span> <span class='ocrx_word' id='word_1_56' title='bbox 621 848 665 902; x_wconf 91' lang='lat' dir='ltr'><strong>si</strong></span> <span class='ocrx_word' id='word_1_57' title='bbox 694 848 835 917; x_wconf 87' lang='lat' dir='ltr'><strong>quis,</strong></span> <span class='ocrx_word' id='word_1_58' title='bbox 865 848 1062 918; x_wconf 90' lang='lat' dir='ltr'><strong>inquit,</strong></span> <span class='ocrx_word' id='word_1_59' title='bbox 1090 848 1241 907; x_wconf 83' lang='lat' dir='ltr'><strong>vobis</strong></span> <span class='ocrx_word' id='word_1_60' title='bbox 1272 850 1469 907; x_wconf 75' lang='lat' dir='ltr'><strong>dixerit</strong></span> <span class='ocrx_word' id='word_1_61' title='bbox 1499 852 1725 923; x_wconf 81' lang='lat' dir='ltr'><strong>aliquid,</strong></span> 
     </span>
    </p>
   </div>
   <div class='ocr_carea' id='block_1_9' title="bbox 149 939 1727 1011">
    <p class='ocr_par' dir='ltr' id='par_1_9' title="bbox 149 939 1727 1011">
     <span class='ocr_line' id='line_1_9' title="bbox 149 939 1727 1011; baseline 0.004 -15"><span class='ocrx_word' id='word_1_62' title='bbox 149 942 309 996; x_wconf 89' lang='lat' dir='ltr'><strong>dicite</strong></span> <span class='ocrx_word' id='word_1_63' title='bbox 337 959 349 994; x_wconf 87' lang='lat'><strong>:</strong></span> <span class='ocrx_word' id='word_1_64' title='bbox 376 939 636 995; x_wconf 83' lang='lat' dir='ltr'><strong>Dominus</strong></span> <span class='ocrx_word' id='word_1_65' title='bbox 658 956 875 1011; x_wconf 80' lang='lat' dir='ltr'><strong>Operam</strong></span> <span class='ocrx_word' id='word_1_66' title='bbox 899 956 1085 997; x_wconf 78' lang='lat' dir='ltr'><strong>eorum</strong></span> <span class='ocrx_word' id='word_1_67' title='bbox 1114 942 1405 998; x_wconf 73' lang='lat' dir='ltr'><strong>desiderat.</strong></span> <span class='ocrx_word' id='word_1_68' title='bbox 1434 943 1511 998; x_wconf 83' lang='lat' dir='ltr'><strong>Ne</strong></span> <span class='ocrx_word' id='word_1_69' title='bbox 1536 946 1727 1004; x_wconf 80' lang='lat' dir='ltr'><strong>dicatis</strong></span> 
     </span>
    </p>
   </div>
   <div class='ocr_carea' id='block_1_10' title="bbox 148 1030 1725 1109">
    <p class='ocr_par' dir='ltr' id='par_1_10' title="bbox 148 1030 1725 1109">
     <span class='ocr_line' id='line_1_10' title="bbox 148 1030 1725 1109; baseline 0.005 -23"><span class='ocrx_word' id='word_1_70' title='bbox 148 1031 401 1086; x_wconf 87' lang='lat' dir='ltr'><strong>dominus</strong></span> <span class='ocrx_word' id='word_1_71' title='bbox 434 1040 587 1096; x_wconf 91' lang='lat' dir='ltr'><strong>tuus,</strong></span> <span class='ocrx_word' id='word_1_72' title='bbox 621 1046 797 1102; x_wconf 90' lang='lat' dir='ltr'><strong>neque</strong></span> <span class='ocrx_word' id='word_1_73' title='bbox 828 1030 1079 1089; x_wconf 86' lang='lat' dir='ltr'><strong>dominus</strong></span> <span class='ocrx_word' id='word_1_74' title='bbox 1108 1044 1313 1101; x_wconf 85' lang='lat' dir='ltr'><strong>noster,</strong></span> <span class='ocrx_word' id='word_1_75' title='bbox 1347 1052 1520 1109; x_wconf 87' lang='lat' dir='ltr'><strong>neque</strong></span> <span class='ocrx_word' id='word_1_76' title='bbox 1551 1039 1725 1094; x_wconf 87' lang='lat' dir='ltr'><strong>domi-</strong></span> 
     </span>
    </p>
   </div>
   <div class='ocr_carea' id='block_1_11' title="bbox 146 1121 1726 1204">
    <p class='ocr_par' dir='ltr' id='par_1_11' title="bbox 146 1121 1726 1204">
     <span class='ocr_line' id='line_1_11' title="bbox 146 1121 1726 1204; baseline 0.005 -25"><span class='ocrx_word' id='word_1_77' title='bbox 146 1140 247 1180; x_wconf 91' lang='lat' dir='ltr'><strong>nus</strong></span> <span class='ocrx_word' id='word_1_78' title='bbox 281 1121 685 1193; x_wconf 66' lang='lat' dir='ltr'><strong>jun&#39;icutorum,</strong></span> <span class='ocrx_word' id='word_1_79' title='bbox 735 1131 792 1178; x_wconf 92' lang='lat' dir='ltr'><strong>ut</strong></span> <span class='ocrx_word' id='word_1_80' title='bbox 838 1124 1140 1195; x_wconf 74' lang='lat' dir='ltr'><strong>intelligant</strong></span> <span class='ocrx_word' id='word_1_81' title='bbox 1178 1142 1363 1185; x_wconf 86' lang='lat' dir='ltr'><strong>omnes</strong></span> <span class='ocrx_word' id='word_1_82' title='bbox 1394 1170 1408 1194; x_wconf 94' lang='lat'><strong>,</strong></span> <span class='ocrx_word' id='word_1_83' title='bbox 1454 1130 1580 1202; x_wconf 90' lang='lat' dir='ltr'><strong>quia</strong></span> <span class='ocrx_word' id='word_1_84' title='bbox 1627 1148 1726 1204; x_wconf 88' lang='lat' dir='ltr'><strong>ego</strong></span> 
     </span>
    </p>
   </div>
   <div class='ocr_carea' id='block_1_12' title="bbox 144 1218 1727 1294">
    <p class='ocr_par' dir='ltr' id='par_1_12' title="bbox 144 1218 1727 1294">
     <span class='ocr_line' id='line_1_12' title="bbox 144 1218 1727 1294; baseline 0.001 -17"><span class='ocrx_word' id='word_1_85' title='bbox 144 1218 288 1277; x_wconf 84' lang='lat' dir='ltr'><strong>solus</strong></span> <span class='ocrx_word' id='word_1_86' title='bbox 325 1234 445 1276; x_wconf 91' lang='lat' dir='ltr'><strong>sum</strong></span> <span class='ocrx_word' id='word_1_87' title='bbox 486 1220 776 1287; x_wconf 80' lang='lat' dir='ltr'><strong>Dominus,</strong></span> <span class='ocrx_word' id='word_1_88' title='bbox 813 1236 920 1276; x_wconf 91' lang='lat' dir='ltr'><strong>non</strong></span> <span class='ocrx_word' id='word_1_89' title='bbox 955 1221 1124 1277; x_wconf 90' lang='lat' dir='ltr'><strong>solum</strong></span> <span class='ocrx_word' id='word_1_90' title='bbox 1165 1223 1511 1289; x_wconf 81' lang='lat' dir='ltr'><strong>animalium,</strong></span> <span class='ocrx_word' id='word_1_91' title='bbox 1550 1238 1727 1294; x_wconf 89' lang='lat' dir='ltr'><strong>neque</strong></span> 
     </span>
    </p>
   </div>
   <div class='ocr_carea' id='block_1_13' title="bbox 143 1300 1726 1382">
    <p class='ocr_par' dir='ltr' id='par_1_13' title="bbox 143 1300 1726 1382">
     <span class='ocr_line' id='line_1_13' title="bbox 143 1300 1726 1382; baseline 0.002 -15"><span class='ocrx_word' id='word_1_92' title='bbox 143 1311 317 1367; x_wconf 90' lang='lat' dir='ltr'><strong>solum</strong></span> <span class='ocrx_word' id='word_1_93' title='bbox 356 1326 574 1377; x_wconf 87' lang='lat' dir='ltr'><strong>eorum,</strong></span> <span class='ocrx_word' id='word_1_94' title='bbox 615 1312 706 1382; x_wconf 89' lang='lat' dir='ltr'><strong>qui</strong></span> <span class='ocrx_word' id='word_1_95' title='bbox 742 1300 875 1369; x_wconf 86' lang='lat' dir='ltr'><strong>mihi</strong></span> <span class='ocrx_word' id='word_1_96' title='bbox 921 1312 1121 1368; x_wconf 80' lang='lat' dir='ltr'><strong>subditi</strong></span> <span class='ocrx_word' id='word_1_97' title='bbox 1157 1322 1313 1382; x_wconf 88' lang='lat' dir='ltr'><strong>sunt,</strong></span> <span class='ocrx_word' id='word_1_98' title='bbox 1351 1315 1446 1370; x_wconf 87' lang='lat' dir='ltr'><strong>sed</strong></span> <span class='ocrx_word' id='word_1_99' title='bbox 1482 1316 1726 1370; x_wconf 88' lang='lat' dir='ltr'><strong>omnium</strong></span> 
     </span>
    </p>
   </div>
   <div class='ocr_carea' id='block_1_14' title="bbox 143 1402 1726 1474">
    <p class='ocr_par' dir='ltr' id='par_1_14' title="bbox 143 1402 1726 1474">
     <span class='ocr_line' id='line_1_14' title="bbox 143 1402 1726 1474; baseline 0.004 -17"><span class='ocrx_word' id='word_1_100' title='bbox 143 1402 459 1469; x_wconf 75' lang='lat' dir='ltr'><strong>hominum,</strong></span> <span class='ocrx_word' id='word_1_101' title='bbox 496 1405 659 1459; x_wconf 88' lang='lat' dir='ltr'><strong>etiam</strong></span> <span class='ocrx_word' id='word_1_102' title='bbox 693 1404 784 1474; x_wconf 89' lang='lat' dir='ltr'><strong>qui</strong></span> <span class='ocrx_word' id='word_1_103' title='bbox 821 1404 950 1463; x_wconf 90' lang='lat' dir='ltr'><strong>mihi</strong></span> <span class='ocrx_word' id='word_1_104' title='bbox 998 1406 1257 1461; x_wconf 78' lang='lat' dir='ltr'><strong>contrarii</strong></span> <span class='ocrx_word' id='word_1_105' title='bbox 1303 1416 1446 1462; x_wconf 90' lang='lat' dir='ltr'><strong>sunt.</strong></span> <span class='ocrx_word' id='word_1_106' title='bbox 1490 1406 1625 1461; x_wconf 83' lang='lat' dir='ltr'><strong>Nam</strong></span> <span class='ocrx_word' id='word_1_107' title='bbox 1671 1416 1726 1464; x_wconf 92' lang='lat' dir='ltr'><strong>et</strong></span> 
     </span>
    </p>
   </div>
   <div class='ocr_carea' id='block_1_15' title="bbox 139 1493 1725 1565">
    <p class='ocr_par' dir='ltr' id='par_1_15' title="bbox 139 1493 1725 1565">
     <span class='ocr_line' id='line_1_15' title="bbox 139 1493 1725 1565; baseline 0.003 -16"><span class='ocrx_word' id='word_1_108' title='bbox 139 1502 457 1564; x_wconf 89' lang='lat' dir='ltr'><strong>peccatores</strong></span> <span class='ocrx_word' id='word_1_109' title='bbox 497 1493 805 1549; x_wconf 88' lang='lat' dir='ltr'><strong>conditione</strong></span> <span class='ocrx_word' id='word_1_110' title='bbox 851 1495 1069 1565; x_wconf 92' lang='lat' dir='ltr'><strong>quidem</strong></span> <span class='ocrx_word' id='word_1_111' title='bbox 1106 1497 1209 1551; x_wconf 89' lang='lat' dir='ltr'><strong>mei</strong></span> <span class='ocrx_word' id='word_1_112' title='bbox 1247 1505 1406 1563; x_wconf 86' lang='lat' dir='ltr'><strong>sunt,</strong></span> <span class='ocrx_word' id='word_1_113' title='bbox 1445 1497 1725 1555; x_wconf 91' lang='lat' dir='ltr'><strong>voluntate</strong></span> 
     </span>
    </p>
   </div>
   <div class='ocr_carea' id='block_1_16' title="bbox 139 1586 1723 1662">
    <p class='ocr_par' dir='ltr' id='par_1_16' title="bbox 139 1586 1723 1662">
     <span class='ocr_line' id='line_1_16' title="bbox 139 1586 1723 1662; baseline 0.004 -22"><span class='ocrx_word' id='word_1_114' title='bbox 139 1595 319 1641; x_wconf 78' lang='lat' dir='ltr'><strong>autent</strong></span> <span class='ocrx_word' id='word_1_115' title='bbox 346 1602 444 1641; x_wconf 89' lang='lat' dir='ltr'><strong>sua</strong></span> <span class='ocrx_word' id='word_1_116' title='bbox 470 1586 690 1641; x_wconf 85' lang='lat' dir='ltr'><strong>diaboli.</strong></span> <span class='ocrx_word' id='word_1_117' title='bbox 723 1586 875 1642; x_wconf 79' lang='lat' dir='ltr'><strong>Meus</strong></span> <span class='ocrx_word' id='word_1_118' title='bbox 900 1598 971 1641; x_wconf 84' lang='lat' dir='ltr'><strong>est</strong></span> <span class='ocrx_word' id='word_1_119' title='bbox 998 1590 1133 1643; x_wconf 83' lang='lat' dir='ltr'><strong>enim</strong></span> <span class='ocrx_word' id='word_1_120' title='bbox 1160 1586 1296 1644; x_wconf 85' lang='lat' dir='ltr'><strong><em>orbis</em></strong></span> <span class='ocrx_word' id='word_1_121' title='bbox 1324 1600 1504 1659; x_wconf 78' lang='lat' dir='ltr'><strong>terrte,</strong></span> <span class='ocrx_word' id='word_1_122' title='bbox 1536 1600 1583 1646; x_wconf 84' lang='lat' dir='ltr'><strong>et</strong></span> <span class='ocrx_word' id='word_1_123' title='bbox 1612 1591 1723 1662; x_wconf 87' lang='lat' dir='ltr'><strong>ple-</strong></span> 
     </span>
    </p>
   </div>
   <div class='ocr_carea' id='block_1_17' title="bbox 141 1675 1725 1754">
    <p class='ocr_par' dir='ltr' id='par_1_17' title="bbox 141 1675 1725 1754">
     <span class='ocr_line' id='line_1_17' title="bbox 141 1675 1725 1754; baseline 0.003 -22"><span class='ocrx_word' id='word_1_124' title='bbox 141 1679 323 1733; x_wconf 87' lang='lat' dir='ltr'><strong>nitudo</strong></span> <span class='ocrx_word' id='word_1_125' title='bbox 365 1679 480 1750; x_wconf 83' lang='lat' dir='ltr'><strong><em>ejus</em></strong></span> <span class='ocrx_word' id='word_1_126' title='bbox 519 1681 540 1750; x_wconf 93' lang='lat'>(</span> <span class='ocrx_word' id='word_1_127' title='bbox 562 1675 713 1733; x_wconf 87' lang='lat' dir='ltr'><strong>Psal.</strong></span> <span class='ocrx_word' id='word_1_128' title='bbox 741 1678 931 1753; x_wconf 77' lang='lat' dir='ltr'><strong>XLIX).</strong></span> <span class='ocrx_word' id='word_1_129' title='bbox 974 1681 1235 1738; x_wconf 83' lang='lat' dir='ltr'><strong>Dominus</strong></span> <span class='ocrx_word' id='word_1_130' title='bbox 1278 1697 1497 1754; x_wconf 85' lang='lat' dir='ltr'><strong>Operam</strong></span> <span class='ocrx_word' id='word_1_131' title='bbox 1537 1699 1725 1739; x_wconf 91' lang='lat' dir='ltr'><strong>eorum</strong></span> 
     </span>
    </p>
   </div>
   <div class='ocr_carea' id='block_1_18' title="bbox 137 1760 1726 1847">
    <p class='ocr_par' dir='ltr' id='par_1_18' title="bbox 137 1760 1726 1847">
     <span class='ocr_line' id='line_1_18' title="bbox 137 1760 1726 1847; baseline 0.003 -17"><span class='ocrx_word' id='word_1_132' title='bbox 137 1775 428 1831; x_wconf 76' lang='lat' dir='ltr'><strong>desiderat.</strong></span> <span class='ocrx_word' id='word_1_133' title='bbox 457 1760 675 1830; x_wconf 77' lang='lat' dir='ltr'><strong>lustum</strong></span> <span class='ocrx_word' id='word_1_134' title='bbox 699 1781 782 1831; x_wconf 90' lang='lat' dir='ltr'><strong>est</strong></span> <span class='ocrx_word' id='word_1_135' title='bbox 801 1815 815 1842; x_wconf 90' lang='lat'><strong>,</strong></span> <span class='ocrx_word' id='word_1_136' title='bbox 842 1784 901 1829; x_wconf 90' lang='lat' dir='ltr'><strong>ut</strong></span> <span class='ocrx_word' id='word_1_137' title='bbox 927 1776 1216 1847; x_wconf 84' lang='lat' dir='ltr'><strong>aliquando</strong></span> <span class='ocrx_word' id='word_1_138' title='bbox 1245 1787 1490 1834; x_wconf 80' lang='lat' dir='ltr'><strong>creatura</strong></span> <span class='ocrx_word' id='word_1_139' title='bbox 1522 1781 1726 1835; x_wconf 78' lang='lat' dir='ltr'><strong>serviat</strong></span> 
     </span>
    </p>
   </div>
   <div class='ocr_carea' id='block_1_19' title="bbox 137 1869 1721 1942">
    <p class='ocr_par' dir='ltr' id='par_1_19' title="bbox 137 1869 1721 1942">
     <span class='ocr_line' id='line_1_19' title="bbox 137 1869 1721 1942; baseline 0.002 -15"><span class='ocrx_word' id='word_1_140' title='bbox 137 1886 237 1929; x_wconf 89' lang='lat' dir='ltr'><strong>suo</strong></span> <span class='ocrx_word' id='word_1_141' title='bbox 272 1869 489 1927; x_wconf 80' lang='lat' dir='ltr'><strong>factori.</strong></span> <span class='ocrx_word' id='word_1_142' title='bbox 536 1869 738 1927; x_wconf 85' lang='lat' dir='ltr'><strong>Gentes</strong></span> <span class='ocrx_word' id='word_1_143' title='bbox 773 1869 916 1925; x_wconf 88' lang='lat' dir='ltr'><strong>enim</strong></span> <span class='ocrx_word' id='word_1_144' title='bbox 950 1870 1092 1926; x_wconf 89' lang='lat' dir='ltr'><strong>Deus</strong></span> <span class='ocrx_word' id='word_1_145' title='bbox 1123 1871 1177 1927; x_wconf 92' lang='lat' dir='ltr'><strong>in</strong></span> <span class='ocrx_word' id='word_1_146' title='bbox 1216 1881 1484 1942; x_wconf 87' lang='lat' dir='ltr'><strong>potestate</strong></span> <span class='ocrx_word' id='word_1_147' title='bbox 1522 1874 1721 1929; x_wconf 87' lang='lat' dir='ltr'><strong>diaboli</strong></span> 
     </span>
    </p>
   </div>
   <div class='ocr_carea' id='block_1_20' title="bbox 134 1963 1720 2037">
    <p class='ocr_par' dir='ltr' id='par_1_20' title="bbox 134 1963 1720 2037">
     <span class='ocr_line' id='line_1_20' title="bbox 134 1963 1720 2037; baseline 0.004 -16"><span class='ocrx_word' id='word_1_148' title='bbox 134 1980 233 2035; x_wconf 85' lang='lat' dir='ltr'><strong>pro</strong></span> <span class='ocrx_word' id='word_1_149' title='bbox 262 1972 504 2037; x_wconf 87' lang='lat' dir='ltr'><strong>tempore</strong></span> <span class='ocrx_word' id='word_1_150' title='bbox 528 1963 746 2035; x_wconf 85' lang='lat' dir='ltr'><strong>reliquit</strong></span> <span class='ocrx_word' id='word_1_151' title='bbox 770 1972 831 2018; x_wconf 91' lang='lat' dir='ltr'><strong>ut</strong></span> <span class='ocrx_word' id='word_1_152' title='bbox 857 1971 1061 2030; x_wconf 89' lang='lat' dir='ltr'><strong>tentet,</strong></span> <span class='ocrx_word' id='word_1_153' title='bbox 1086 1966 1274 2020; x_wconf 89' lang='lat' dir='ltr'><strong>nonin</strong></span> <span class='ocrx_word' id='word_1_154' title='bbox 1299 1976 1561 2033; x_wconf 84' lang='lat' dir='ltr'><strong>aeternum</strong></span> <span class='ocrx_word' id='word_1_155' title='bbox 1588 1984 1720 2027; x_wconf 88' lang='lat' dir='ltr'><strong>con-</strong></span> 
     </span>
    </p>
   </div>
   <div class='ocr_carea' id='block_1_21' title="bbox 136 2057 1722 2135">
    <p class='ocr_par' dir='ltr' id='par_1_21' title="bbox 136 2057 1722 2135">
     <span class='ocr_line' id='line_1_21' title="bbox 136 2057 1722 2135; baseline 0.004 -22"><span class='ocrx_word' id='word_1_156' title='bbox 136 2059 394 2131; x_wconf 88' lang='lat' dir='ltr'><strong>tempsit,</strong></span> <span class='ocrx_word' id='word_1_157' title='bbox 425 2068 486 2115; x_wconf 92' lang='lat' dir='ltr'><strong>ut</strong></span> <span class='ocrx_word' id='word_1_158' title='bbox 514 2060 726 2130; x_wconf 77' lang='lat' dir='ltr'><strong>perdat.</strong></span> <span class='ocrx_word' id='word_1_159' title='bbox 770 2057 1003 2115; x_wconf 78' lang='lat' dir='ltr'><strong>Necesse</strong></span> <span class='ocrx_word' id='word_1_160' title='bbox 1033 2069 1119 2115; x_wconf 90' lang='lat' dir='ltr'><strong>est</strong></span> <span class='ocrx_word' id='word_1_161' title='bbox 1147 2069 1326 2115; x_wconf 88' lang='lat' dir='ltr'><strong>autem</strong></span> <span class='ocrx_word' id='word_1_162' title='bbox 1370 2070 1429 2117; x_wconf 90' lang='lat' dir='ltr'><strong>ut</strong></span> <span class='ocrx_word' id='word_1_163' title='bbox 1457 2061 1550 2117; x_wconf 88' lang='lat' dir='ltr'><strong>ﬁat</strong></span> <span class='ocrx_word' id='word_1_164' title='bbox 1578 2064 1722 2135; x_wconf 88' lang='lat' dir='ltr'><strong>quod</strong></span> 
     </span>
    </p>
   </div>
   <div class='ocr_carea' id='block_1_22' title="bbox 131 2150 1718 2223">
    <p class='ocr_par' dir='ltr' id='par_1_22' title="bbox 131 2150 1718 2223">
     <span class='ocr_line' id='line_1_22' title="bbox 131 2150 1718 2223; baseline 0.003 -16"><span class='ocrx_word' id='word_1_165' title='bbox 131 2154 397 2222; x_wconf 83' lang='lat' dir='ltr'><strong>scripturn</strong></span> <span class='ocrx_word' id='word_1_166' title='bbox 426 2160 512 2211; x_wconf 82' lang='lat' dir='ltr'><strong>est</strong></span> <span class='ocrx_word' id='word_1_167' title='bbox 536 2170 550 2206; x_wconf 92' lang='lat'><strong>:</strong></span> <span class='ocrx_word' id='word_1_168' title='bbox 582 2150 838 2209; x_wconf 81' lang='lat' dir='ltr'><strong>Homines</strong></span> <span class='ocrx_word' id='word_1_169' title='bbox 863 2163 912 2207; x_wconf 90' lang='lat' dir='ltr'><strong>et</strong></span> <span class='ocrx_word' id='word_1_170' title='bbox 931 2152 1177 2223; x_wconf 71' lang='lat' dir='ltr'><strong>iumenta</strong></span> <span class='ocrx_word' id='word_1_171' title='bbox 1201 2153 1448 2222; x_wconf 85' lang='lat' dir='ltr'><strong>salvabis,</strong></span> <span class='ocrx_word' id='word_1_172' title='bbox 1476 2154 1718 2212; x_wconf 85' lang='lat' dir='ltr'><strong>Domine.</strong></span> 
     </span>
    </p>
   </div>
   <div class='ocr_carea' id='block_1_23' title="bbox 131 2243 1723 2318">
    <p class='ocr_par' dir='ltr' id='par_1_23' title="bbox 131 2243 1723 2318">
     <span class='ocr_line' id='line_1_23' title="bbox 131 2243 1723 2318; baseline 0.004 -21"><span class='ocrx_word' id='word_1_173' title='bbox 131 2243 334 2317; x_wconf 86' lang='lat' dir='ltr'><strong>(Hier.)</strong></span> <span class='ocrx_word' id='word_1_174' title='bbox 378 2244 609 2315; x_wconf 88' lang='lat' dir='ltr'><strong>Alligata</strong></span> <span class='ocrx_word' id='word_1_175' title='bbox 653 2253 771 2298; x_wconf 89' lang='lat' dir='ltr'><strong>erat</strong></span> <span class='ocrx_word' id='word_1_176' title='bbox 809 2244 958 2299; x_wconf 89' lang='lat' dir='ltr'><strong>asina</strong></span> <span class='ocrx_word' id='word_1_177' title='bbox 1006 2245 1191 2311; x_wconf 83' lang='lat' dir='ltr'><strong>multis</strong></span> <span class='ocrx_word' id='word_1_178' title='bbox 1218 2246 1450 2307; x_wconf 79' lang='lat' dir='ltr'><strong>vinculis</strong></span> <span class='ocrx_word' id='word_1_179' title='bbox 1474 2256 1723 2318; x_wconf 89' lang='lat' dir='ltr'><strong>peccato-</strong></span> 
     </span>
    </p>
   </div>
   <div class='ocr_carea' id='block_1_24' title="bbox 129 2334 1722 2408">
    <p class='ocr_par' dir='ltr' id='par_1_24' title="bbox 129 2334 1722 2408">
     <span class='ocr_line' id='line_1_24' title="bbox 129 2334 1722 2408; baseline 0.003 -19"><span class='ocrx_word' id='word_1_180' title='bbox 129 2350 252 2390; x_wconf 86' lang='lat' dir='ltr'><strong>rum</strong></span> <span class='ocrx_word' id='word_1_181' title='bbox 270 2375 285 2399; x_wconf 89' lang='lat'><strong>,</strong></span> <span class='ocrx_word' id='word_1_182' title='bbox 314 2334 493 2405; x_wconf 90' lang='lat' dir='ltr'><strong>pullus</strong></span> <span class='ocrx_word' id='word_1_183' title='bbox 517 2350 732 2403; x_wconf 89' lang='lat' dir='ltr'><strong>quoque</strong></span> <span class='ocrx_word' id='word_1_184' title='bbox 760 2334 1017 2402; x_wconf 85' lang='lat' dir='ltr'><strong>lascivus,</strong></span> <span class='ocrx_word' id='word_1_185' title='bbox 1044 2343 1099 2390; x_wconf 92' lang='lat' dir='ltr'><strong>et</strong></span> <span class='ocrx_word' id='word_1_186' title='bbox 1126 2335 1403 2393; x_wconf 84' lang='lat' dir='ltr'><strong>frenorum</strong></span> <span class='ocrx_word' id='word_1_187' title='bbox 1431 2337 1722 2408; x_wconf 86' lang='lat' dir='ltr'><strong>impatiens</strong></span> 
     </span>
    </p>
   </div>
   <div class='ocr_carea' id='block_1_25' title="bbox 129 2426 1722 2498">
    <p class='ocr_par' dir='ltr' id='par_1_25' title="bbox 129 2426 1722 2498">
     <span class='ocr_line' id='line_1_25' title="bbox 129 2426 1722 2498; baseline 0.002 -15"><span class='ocrx_word' id='word_1_188' title='bbox 129 2442 254 2485; x_wconf 83' lang='lat' dir='ltr'><strong>cum</strong></span> <span class='ocrx_word' id='word_1_189' title='bbox 288 2434 466 2482; x_wconf 81' lang='lat' dir='ltr'><strong>matre</strong></span> <span class='ocrx_word' id='word_1_190' title='bbox 494 2427 791 2483; x_wconf 87' lang='lat' dir='ltr'><strong>secundum</strong></span> <span class='ocrx_word' id='word_1_191' title='bbox 820 2426 1173 2498; x_wconf 86' lang='lat' dir='ltr'><strong>Evangelinm</strong></span> <span class='ocrx_word' id='word_1_192' title='bbox 1202 2427 1364 2483; x_wconf 65' lang='lat' dir='ltr'><strong>Lucae</strong></span> <span class='ocrx_word' id='word_1_193' title='bbox 1392 2429 1591 2486; x_wconf 90' lang='lat' dir='ltr'><strong>multos</strong></span> <span class='ocrx_word' id='word_1_194' title='bbox 1625 2430 1722 2485; x_wconf 86' lang='lat' dir='ltr'><strong>ha-</strong></span> 
     </span>
    </p>
   </div>
   <div class='ocr_carea' id='block_1_26' title="bbox 127 2518 1716 2590">
    <p class='ocr_par' dir='ltr' id='par_1_26' title="bbox 127 2518 1716 2590">
     <span class='ocr_line' id='line_1_26' title="bbox 127 2518 1716 2590; baseline 0.001 -15"><span class='ocrx_word' id='word_1_195' title='bbox 127 2520 294 2575; x_wconf 85' lang='lat' dir='ltr'><strong>bebat</strong></span> <span class='ocrx_word' id='word_1_196' title='bbox 316 2518 598 2584; x_wconf 83' lang='lat' dir='ltr'><strong>dominos,</strong></span> <span class='ocrx_word' id='word_1_197' title='bbox 630 2534 741 2573; x_wconf 89' lang='lat' dir='ltr'><strong>non</strong></span> <span class='ocrx_word' id='word_1_198' title='bbox 767 2518 862 2573; x_wconf 90' lang='lat' dir='ltr'><strong>uni</strong></span> <span class='ocrx_word' id='word_1_199' title='bbox 886 2519 1061 2575; x_wconf 89' lang='lat' dir='ltr'><strong>errori</strong></span> <span class='ocrx_word' id='word_1_200' title='bbox 1087 2528 1145 2574; x_wconf 91' lang='lat' dir='ltr'><strong>et</strong></span> <span class='ocrx_word' id='word_1_201' title='bbox 1170 2520 1408 2590; x_wconf 83' lang='lat' dir='ltr'><strong>dogmati</strong></span> <span class='ocrx_word' id='word_1_202' title='bbox 1431 2522 1716 2589; x_wconf 86' lang='lat' dir='ltr'><strong>subditus;</strong></span> 
     </span>
    </p>
   </div>
   <div class='ocr_carea' id='block_1_27' title="bbox 134 2608 1721 2681">
    <p class='ocr_par' dir='ltr' id='par_1_27' title="bbox 134 2608 1721 2681">
     <span class='ocr_line' id='line_1_27' title="bbox 134 2608 1721 2681; baseline 0.001 -16"><span class='ocrx_word' id='word_1_203' title='bbox 134 2618 189 2665; x_wconf 88' lang='lat' dir='ltr'><strong>et</strong></span> <span class='ocrx_word' id='word_1_204' title='bbox 215 2618 401 2665; x_wconf 88' lang='lat' dir='ltr'><strong>tamen</strong></span> <span class='ocrx_word' id='word_1_205' title='bbox 426 2608 583 2665; x_wconf 91' lang='lat' dir='ltr'><strong>multi</strong></span> <span class='ocrx_word' id='word_1_206' title='bbox 607 2608 850 2675; x_wconf 89' lang='lat' dir='ltr'><strong>domini,</strong></span> <span class='ocrx_word' id='word_1_207' title='bbox 878 2609 971 2679; x_wconf 85' lang='lat' dir='ltr'><strong>qui</strong></span> <span class='ocrx_word' id='word_1_208' title='bbox 996 2608 1099 2667; x_wconf 88' lang='lat' dir='ltr'><strong>sibi</strong></span> <span class='ocrx_word' id='word_1_209' title='bbox 1128 2616 1446 2681; x_wconf 83' lang='lat' dir='ltr'><strong>potestatem</strong></span> <span class='ocrx_word' id='word_1_210' title='bbox 1474 2611 1721 2675; x_wconf 88' lang='lat' dir='ltr'><strong>illicitam</strong></span> 
     </span>
    </p>
   </div>
   <div class='ocr_carea' id='block_1_28' title="bbox 127 2700 1723 2768">
    <p class='ocr_par' dir='ltr' id='par_1_28' title="bbox 127 2700 1723 2768">
     <span class='ocr_line' id='line_1_28' title="bbox 127 2700 1723 2768; baseline 0.004 -13"><span class='ocrx_word' id='word_1_211' title='bbox 127 2700 514 2768; x_wconf 84' lang='lat' dir='ltr'><strong>vindicabant,</strong></span> <span class='ocrx_word' id='word_1_212' title='bbox 560 2701 808 2757; x_wconf 80' lang='lat' dir='ltr'><strong>videntes</strong></span> <span class='ocrx_word' id='word_1_213' title='bbox 846 2717 1033 2759; x_wconf 89' lang='lat' dir='ltr'><strong>verum</strong></span> <span class='ocrx_word' id='word_1_214' title='bbox 1073 2700 1392 2767; x_wconf 89' lang='lat' dir='ltr'><strong>Dominum,</strong></span> <span class='ocrx_word' id='word_1_215' title='bbox 1438 2712 1496 2759; x_wconf 92' lang='lat' dir='ltr'><strong>et</strong></span> <span class='ocrx_word' id='word_1_216' title='bbox 1536 2718 1723 2762; x_wconf 86' lang='lat' dir='ltr'><strong>servos</strong></span> 
     </span>
    </p>
   </div>
   <div class='ocr_carea' id='block_1_29' title="bbox 128 2790 1721 2864">
    <p class='ocr_par' dir='ltr' id='par_1_29' title="bbox 128 2790 1721 2864">
     <span class='ocr_line' id='line_1_29' title="bbox 128 2790 1721 2864; baseline 0.005 -19"><span class='ocrx_word' id='word_1_217' title='bbox 128 2790 245 2860; x_wconf 88' lang='lat' dir='ltr'><strong>eius</strong></span> <span class='ocrx_word' id='word_1_218' title='bbox 291 2792 545 2859; x_wconf 83' lang='lat' dir='ltr'><strong>venisse,</strong></span> <span class='ocrx_word' id='word_1_219' title='bbox 595 2793 688 2864; x_wconf 88' lang='lat' dir='ltr'><strong>qui</strong></span> <span class='ocrx_word' id='word_1_220' title='bbox 735 2793 805 2849; x_wconf 91' lang='lat' dir='ltr'><strong>ad</strong></span> <span class='ocrx_word' id='word_1_221' title='bbox 846 2792 1163 2849; x_wconf 84' lang='lat' dir='ltr'><strong>solvendum</strong></span> <span class='ocrx_word' id='word_1_222' title='bbox 1197 2792 1351 2849; x_wconf 89' lang='lat' dir='ltr'><strong>missi</strong></span> <span class='ocrx_word' id='word_1_223' title='bbox 1384 2808 1572 2862; x_wconf 88' lang='lat' dir='ltr'><strong>erant,</strong></span> <span class='ocrx_word' id='word_1_224' title='bbox 1610 2812 1721 2853; x_wconf 90' lang='lat' dir='ltr'><strong>non</strong></span> 
     </span>
    </p>
   </div>
   <div class='ocr_carea' id='block_1_30' title="bbox 131 2884 715 2941">
    <p class='ocr_par' dir='ltr' id='par_1_30' title="bbox 131 2884 715 2941">
     <span class='ocr_line' id='line_1_30' title="bbox 131 2884 715 2941; baseline -0.002 -2"><span class='ocrx_word' id='word_1_225' title='bbox 131 2884 405 2941; x_wconf 82' lang='lat' dir='ltr'><strong>audebant</strong></span> <span class='ocrx_word' id='word_1_226' title='bbox 435 2884 715 2941; x_wconf 87' lang='lat' dir='ltr'><strong>resistere.</strong></span> 
     </span>
    </p>
   </div>
   <div class='ocr_carea' id='block_1_31' title="bbox 198 2975 1720 3049">
    <p class='ocr_par' dir='ltr' id='par_1_31' title="bbox 198 2975 1720 3049">
     <span class='ocr_line' id='line_1_31' title="bbox 198 2975 1720 3049; baseline 0 -17"><span class='ocrx_word' id='word_1_227' title='bbox 198 2976 316 3033; x_wconf 82' lang='lat' dir='ltr'><strong>Hoc</strong></span> <span class='ocrx_word' id='word_1_228' title='bbox 352 2987 530 3033; x_wconf 83' lang='lat' dir='ltr'><strong>autem</strong></span> <span class='ocrx_word' id='word_1_229' title='bbox 565 2986 730 3033; x_wconf 86' lang='lat' dir='ltr'><strong>totum</strong></span> <span class='ocrx_word' id='word_1_230' title='bbox 763 2975 963 3047; x_wconf 83' lang='lat' dir='ltr'><strong>factum</strong></span> <span class='ocrx_word' id='word_1_231' title='bbox 1004 2983 1109 3040; x_wconf 87' lang='lat' dir='ltr'><strong>est,</strong></span> <span class='ocrx_word' id='word_1_232' title='bbox 1148 2984 1205 3031; x_wconf 89' lang='lat' dir='ltr'><strong>ut</strong></span> <span class='ocrx_word' id='word_1_233' title='bbox 1241 2976 1547 3048; x_wconf 77' lang='lat' dir='ltr'><strong>impleretur</strong></span> <span class='ocrx_word' id='word_1_234' title='bbox 1580 2978 1720 3049; x_wconf 88' lang='lat' dir='ltr'><strong>quod</strong></span> 
     </span>
    </p>
   </div>
   <div class='ocr_carea' id='block_1_32' title="bbox 126 3069 1719 3141">
    <p class='ocr_par' dir='ltr' id='par_1_32' title="bbox 126 3069 1719 3141">
     <span class='ocr_line' id='line_1_32' title="bbox 126 3069 1719 3141; baseline 0.001 -16"><span class='ocrx_word' id='word_1_235' title='bbox 126 3072 324 3128; x_wconf 84' lang='lat' dir='ltr'><strong>dictum</strong></span> <span class='ocrx_word' id='word_1_236' title='bbox 379 3080 453 3126; x_wconf 85' lang='lat' dir='ltr'><strong>est</strong></span> <span class='ocrx_word' id='word_1_237' title='bbox 507 3088 599 3141; x_wconf 89' lang='lat' dir='ltr'><strong>per</strong></span> <span class='ocrx_word' id='word_1_238' title='bbox 638 3071 941 3141; x_wconf 85' lang='lat' dir='ltr'><strong>prophetam</strong></span> <span class='ocrx_word' id='word_1_239' title='bbox 1006 3070 1263 3127; x_wconf 81' lang='lat' dir='ltr'><strong>dicentem</strong></span> <span class='ocrx_word' id='word_1_240' title='bbox 1309 3084 1328 3121; x_wconf 90' lang='lat'><strong><em>:</em></strong></span> <span class='ocrx_word' id='word_1_241' title='bbox 1371 3069 1544 3127; x_wconf 84' lang='lat' dir='ltr'><strong>Dicite</strong></span> <span class='ocrx_word' id='word_1_242' title='bbox 1591 3070 1719 3141; x_wconf 70' lang='lat' dir='ltr'><strong>ﬁlia:</strong></span> 
     </span>
    </p>
   </div>
   <div class='ocr_carea' id='block_1_33' title="bbox 1749 1855 1798 1917">
    <p class='ocr_par' dir='ltr' id='par_1_33' title="bbox 1749 1855 1798 1917">
     <span class='ocr_line' id='line_1_33' title="bbox 1749 1855 1798 1917; baseline 0 0"><span class='ocrx_word' id='word_1_243' title='bbox 1749 1855 1798 1917; x_wconf 94' lang='lat' dir='ltr'><strong>B</strong></span> 
     </span>
    </p>
   </div>
   <div class='ocr_carea' id='block_1_34' title="bbox 1833 577 3413 661">
    <p class='ocr_par' dir='ltr' id='par_1_34' title="bbox 1833 577 3413 661">
     <span class='ocr_line' id='line_1_34' title="bbox 1833 577 3413 661; baseline 0.009 -28"><span class='ocrx_word' id='word_1_244' title='bbox 1833 577 1993 652; x_wconf 88' lang='lat' dir='ltr'><strong>longe</strong></span> <span class='ocrx_word' id='word_1_245' title='bbox 2028 580 2287 637; x_wconf 90' lang='lat' dir='ltr'><strong>odoratur</strong></span> <span class='ocrx_word' id='word_1_246' title='bbox 2323 580 2553 649; x_wconf 91' lang='lat' dir='ltr'><strong>bellum,</strong></span> <span class='ocrx_word' id='word_1_247' title='bbox 2592 592 2648 641; x_wconf 89' lang='lat' dir='ltr'><strong>et</strong></span> <span class='ocrx_word' id='word_1_248' title='bbox 2680 584 2879 654; x_wconf 80' lang='lat' dir='ltr'><strong>gaudet</strong></span> <span class='ocrx_word' id='word_1_249' title='bbox 2919 585 2988 642; x_wconf 89' lang='lat' dir='ltr'><strong>ad</strong></span> <span class='ocrx_word' id='word_1_250' title='bbox 3025 602 3214 645; x_wconf 84' lang='lat' dir='ltr'><strong>vocem</strong></span> <span class='ocrx_word' id='word_1_251' title='bbox 3239 590 3413 661; x_wconf 67' lang='lat' dir='ltr'><strong>tubae,</strong></span> 
     </span>
    </p>
   </div>
   <div class='ocr_carea' id='block_1_35' title="bbox 1831 672 3414 750">
    <p class='ocr_par' dir='ltr' id='par_1_35' title="bbox 1831 672 3414 750">
     <span class='ocr_line' id='line_1_35' title="bbox 1831 672 3414 750; baseline 0.008 -23"><span class='ocrx_word' id='word_1_252' title='bbox 1831 678 1885 727; x_wconf 95' lang='lat' dir='ltr'><strong>et</strong></span> <span class='ocrx_word' id='word_1_253' title='bbox 1919 687 2053 739; x_wconf 29' lang='lat' dir='ltr'><strong>cum.</strong></span> <span class='ocrx_word' id='word_1_254' title='bbox 2073 672 2270 729; x_wconf 90' lang='lat' dir='ltr'><strong>viderit</strong></span> <span class='ocrx_word' id='word_1_255' title='bbox 2306 674 2658 746; x_wconf 78' lang='lat' dir='ltr'><strong>sanguineam</strong></span> <span class='ocrx_word' id='word_1_256' title='bbox 2688 691 2955 750; x_wconf 90' lang='lat' dir='ltr'><strong>pugnam,</strong></span> <span class='ocrx_word' id='word_1_257' title='bbox 2996 678 3129 735; x_wconf 88' lang='lat' dir='ltr'><strong>dicit</strong></span> <span class='ocrx_word' id='word_1_258' title='bbox 3163 680 3220 736; x_wconf 91' lang='lat' dir='ltr'><strong>in</strong></span> <span class='ocrx_word' id='word_1_259' title='bbox 3247 684 3414 740; x_wconf 85' lang='lat' dir='ltr'><strong>corde</strong></span> 
     </span>
    </p>
   </div>
   <div class='ocr_carea' id='block_1_36' title="bbox 1830 767 3415 848">
    <p class='ocr_par' dir='ltr' id='par_1_36' title="bbox 1830 767 3415 848">
     <span class='ocr_line' id='line_1_36' title="bbox 1830 767 3415 848; baseline 0.007 -26"><span class='ocrx_word' id='word_1_260' title='bbox 1830 780 1928 823; x_wconf 91' lang='lat' dir='ltr'><strong>suo</strong></span> <span class='ocrx_word' id='word_1_261' title='bbox 1955 786 1968 822; x_wconf 88' lang='lat'>:</span> <span class='ocrx_word' id='word_1_262' title='bbox 1994 767 2137 822; x_wconf 82' lang='lat' dir='ltr'><strong>Bene</strong></span> <span class='ocrx_word' id='word_1_263' title='bbox 2160 767 2365 825; x_wconf 81' lang='lat' dir='ltr'><strong>factum</strong></span> <span class='ocrx_word' id='word_1_264' title='bbox 2390 785 2411 836; x_wconf 84' lang='lat'><strong><em>;</em></strong></span> <span class='ocrx_word' id='word_1_265' title='bbox 2432 769 2525 826; x_wconf 88' lang='lat' dir='ltr'><strong>sed</strong></span> <span class='ocrx_word' id='word_1_266' title='bbox 2552 770 2701 826; x_wconf 89' lang='lat' dir='ltr'><strong>sedet</strong></span> <span class='ocrx_word' id='word_1_267' title='bbox 2724 786 2888 843; x_wconf 89' lang='lat' dir='ltr'><strong>super</strong></span> <span class='ocrx_word' id='word_1_268' title='bbox 2912 773 3123 829; x_wconf 87' lang='lat' dir='ltr'><strong>asinam</strong></span> <span class='ocrx_word' id='word_1_269' title='bbox 3149 776 3415 848; x_wconf 84' lang='lat' dir='ltr'><strong>tranquil—</strong></span> 
     </span>
    </p>
   </div>
   <div class='ocr_carea' id='block_1_37' title="bbox 1831 859 3412 932">
    <p class='ocr_par' dir='ltr' id='par_1_37' title="bbox 1831 859 3412 932">
     <span class='ocr_line' id='line_1_37' title="bbox 1831 859 3412 932; baseline 0.006 -18"><span class='ocrx_word' id='word_1_270' title='bbox 1831 859 2002 915; x_wconf 87' lang='lat' dir='ltr'><strong>litatis</strong></span> <span class='ocrx_word' id='word_1_271' title='bbox 2027 871 2082 916; x_wconf 92' lang='lat' dir='ltr'><strong>et</strong></span> <span class='ocrx_word' id='word_1_272' title='bbox 2107 860 2256 932; x_wconf 90' lang='lat' dir='ltr'><strong>pacis</strong></span> <span class='ocrx_word' id='word_1_273' title='bbox 2280 860 2533 923; x_wconf 86' lang='lat' dir='ltr'><strong>amicam.</strong></span> <span class='ocrx_word' id='word_1_274' title='bbox 2561 860 2679 918; x_wconf 87' lang='lat' dir='ltr'><strong>Non</strong></span> <span class='ocrx_word' id='word_1_275' title='bbox 2709 871 2895 921; x_wconf 88' lang='lat' dir='ltr'><strong>autem</strong></span> <span class='ocrx_word' id='word_1_276' title='bbox 2918 865 3072 921; x_wconf 89' lang='lat' dir='ltr'><strong>vides</strong></span> <span class='ocrx_word' id='word_1_277' title='bbox 3098 866 3153 922; x_wconf 88' lang='lat' dir='ltr'><strong>in</strong></span> <span class='ocrx_word' id='word_1_278' title='bbox 3180 866 3412 924; x_wconf 90' lang='lat' dir='ltr'><strong>circuitu</strong></span> 
     </span>
    </p>
   </div>
   <div class='ocr_carea' id='block_1_38' title="bbox 1829 940 3410 1023">
    <p class='ocr_par' dir='ltr' id='par_1_38' title="bbox 1829 940 3410 1023">
     <span class='ocr_line' id='line_1_38' title="bbox 1829 940 3410 1023; baseline 0.004 -17"><span class='ocrx_word' id='word_1_279' title='bbox 1829 949 1945 1021; x_wconf 90' lang='lat' dir='ltr'><strong>eius</strong></span> <span class='ocrx_word' id='word_1_280' title='bbox 1973 951 2317 1023; x_wconf 88' lang='lat' dir='ltr'><strong>splendentes</strong></span> <span class='ocrx_word' id='word_1_281' title='bbox 2344 940 2549 1021; x_wconf 79' lang='lat' dir='ltr'><strong>gladios</strong></span> <span class='ocrx_word' id='word_1_282' title='bbox 2567 994 2581 1018; x_wconf 92' lang='lat'><strong>,</strong></span> <span class='ocrx_word' id='word_1_283' title='bbox 2615 962 2710 1009; x_wconf 87' lang='lat' dir='ltr'><strong>aut</strong></span> <span class='ocrx_word' id='word_1_284' title='bbox 2736 962 2934 1011; x_wconf 77' lang='lat' dir='ltr'><strong>czetera</strong></span> <span class='ocrx_word' id='word_1_285' title='bbox 2961 964 3287 1013; x_wconf 87' lang='lat' dir='ltr'><strong>ornamenta</strong></span> <span class='ocrx_word' id='word_1_286' title='bbox 3317 972 3410 1015; x_wconf 87' lang='lat' dir='ltr'><strong>ar-</strong></span> 
     </span>
    </p>
   </div>
   <div class='ocr_carea' id='block_1_39' title="bbox 1829 1043 3409 1118">
    <p class='ocr_par' dir='ltr' id='par_1_39' title="bbox 1829 1043 3409 1118">
     <span class='ocr_line' id='line_1_39' title="bbox 1829 1043 3409 1118; baseline 0.005 -19"><span class='ocrx_word' id='word_1_287' title='bbox 1829 1059 2040 1101; x_wconf 90' lang='lat' dir='ltr'><strong>morum</strong></span> <span class='ocrx_word' id='word_1_288' title='bbox 2078 1045 2421 1105; x_wconf 85' lang='lat' dir='ltr'><strong>terribilium.</strong></span> <span class='ocrx_word' id='word_1_289' title='bbox 2471 1043 2578 1101; x_wconf 89' lang='lat' dir='ltr'><strong>Sed</strong></span> <span class='ocrx_word' id='word_1_290' title='bbox 2620 1046 2792 1118; x_wconf 90' lang='lat' dir='ltr'><strong>quid?</strong></span> <span class='ocrx_word' id='word_1_291' title='bbox 2835 1062 3016 1105; x_wconf 89' lang='lat' dir='ltr'><strong>ramos</strong></span> <span class='ocrx_word' id='word_1_292' title='bbox 3058 1046 3409 1117; x_wconf 84' lang='lat' dir='ltr'><strong>frondentes,</strong></span> 
     </span>
    </p>
   </div>
   <div class='ocr_carea' id='block_1_40' title="bbox 1829 1136 3403 1209">
    <p class='ocr_par' dir='ltr' id='par_1_40' title="bbox 1829 1136 3403 1209">
     <span class='ocr_line' id='line_1_40' title="bbox 1829 1136 3403 1209; baseline 0.004 -17"><span class='ocrx_word' id='word_1_293' title='bbox 1829 1136 2138 1193; x_wconf 89' lang='lat' dir='ltr'><strong>testimonia</strong></span> <span class='ocrx_word' id='word_1_294' title='bbox 2172 1137 2411 1207; x_wconf 87' lang='lat' dir='ltr'><strong>pietatis.</strong></span> <span class='ocrx_word' id='word_1_295' title='bbox 2451 1137 2611 1195; x_wconf 94' lang='lat' dir='ltr'><strong>Venit</strong></span> <span class='ocrx_word' id='word_1_296' title='bbox 2651 1154 2779 1209; x_wconf 87' lang='lat' dir='ltr'><strong>ergo</strong></span> <span class='ocrx_word' id='word_1_297' title='bbox 2816 1147 3162 1209; x_wconf 81' lang='lat' dir='ltr'><strong>mansuetus,</strong></span> <span class='ocrx_word' id='word_1_298' title='bbox 3204 1151 3265 1199; x_wconf 90' lang='lat' dir='ltr'><strong>ut</strong></span> <span class='ocrx_word' id='word_1_299' title='bbox 3293 1158 3403 1200; x_wconf 91' lang='lat' dir='ltr'><strong>non</strong></span> 
     </span>
    </p>
   </div>
   <div class='ocr_carea' id='block_1_41' title="bbox 1826 1230 3403 1306">
    <p class='ocr_par' dir='ltr' id='par_1_41' title="bbox 1826 1230 3403 1306">
     <span class='ocr_line' id='line_1_41' title="bbox 1826 1230 3403 1306; baseline 0.008 -24"><span class='ocrx_word' id='word_1_300' title='bbox 1826 1238 2049 1299; x_wconf 88' lang='lat' dir='ltr'><strong>propter</strong></span> <span class='ocrx_word' id='word_1_301' title='bbox 2068 1230 2361 1300; x_wconf 87' lang='lat' dir='ltr'><strong>potentiam</strong></span> <span class='ocrx_word' id='word_1_302' title='bbox 2386 1231 2688 1299; x_wconf 83' lang='lat' dir='ltr'><strong>timeretur,</strong></span> <span class='ocrx_word' id='word_1_303' title='bbox 2713 1234 2806 1289; x_wconf 90' lang='lat' dir='ltr'><strong>sed</strong></span> <span class='ocrx_word' id='word_1_304' title='bbox 2832 1241 2888 1291; x_wconf 91' lang='lat' dir='ltr'><strong>ut</strong></span> <span class='ocrx_word' id='word_1_305' title='bbox 2909 1242 3132 1306; x_wconf 82' lang='lat' dir='ltr'><strong>propter</strong></span> <span class='ocrx_word' id='word_1_306' title='bbox 3154 1251 3403 1294; x_wconf 86' lang='lat' dir='ltr'><strong>mansue—</strong></span> 
     </span>
    </p>
   </div>
   <div class='ocr_carea' id='block_1_42' title="bbox 1828 1321 3409 1401">
    <p class='ocr_par' dir='ltr' id='par_1_42' title="bbox 1828 1321 3409 1401">
     <span class='ocr_line' id='line_1_42' title="bbox 1828 1321 3409 1401; baseline 0.005 -26"><span class='ocrx_word' id='word_1_307' title='bbox 1828 1321 2067 1377; x_wconf 88' lang='lat' dir='ltr'><strong>tudinem</strong></span> <span class='ocrx_word' id='word_1_308' title='bbox 2102 1330 2375 1377; x_wconf 89' lang='lat' dir='ltr'><strong>amaretur</strong></span> <span class='ocrx_word' id='word_1_309' title='bbox 2409 1322 2602 1381; x_wconf 90' lang='lat' dir='ltr'><strong>sedens</strong></span> <span class='ocrx_word' id='word_1_310' title='bbox 2635 1341 2798 1397; x_wconf 89' lang='lat' dir='ltr'><strong>super</strong></span> <span class='ocrx_word' id='word_1_311' title='bbox 2834 1326 3043 1383; x_wconf 88' lang='lat' dir='ltr'><strong>asinam</strong></span> <span class='ocrx_word' id='word_1_312' title='bbox 3078 1334 3133 1383; x_wconf 89' lang='lat' dir='ltr'><strong>et</strong></span> <span class='ocrx_word' id='word_1_313' title='bbox 3170 1328 3409 1401; x_wconf 90' lang='lat' dir='ltr'><strong>pullum,</strong></span> 
     </span>
    </p>
   </div>
   <div class='ocr_carea' id='block_1_43' title="bbox 1828 1414 3407 1489">
    <p class='ocr_par' dir='ltr' id='par_1_43' title="bbox 1828 1414 3407 1489">
     <span class='ocr_line' id='line_1_43' title="bbox 1828 1414 3407 1489; baseline 0.005 -20"><span class='ocrx_word' id='word_1_314' title='bbox 1828 1414 1884 1471; x_wconf 90' lang='lat' dir='ltr'><strong>id</strong></span> <span class='ocrx_word' id='word_1_315' title='bbox 1911 1423 2026 1480; x_wconf 87' lang='lat' dir='ltr'><strong>est,</strong></span> <span class='ocrx_word' id='word_1_316' title='bbox 2061 1423 2291 1470; x_wconf 90' lang='lat' dir='ltr'><strong>matrem</strong></span> <span class='ocrx_word' id='word_1_317' title='bbox 2321 1422 2377 1470; x_wconf 91' lang='lat' dir='ltr'><strong>et</strong></span> <span class='ocrx_word' id='word_1_318' title='bbox 2406 1415 2595 1471; x_wconf 89' lang='lat' dir='ltr'><strong>ﬁlium.</strong></span> <span class='ocrx_word' id='word_1_319' title='bbox 2628 1415 2890 1488; x_wconf 87' lang='lat' dir='ltr'><strong>(Hieron.</strong></span> <span class='ocrx_word' id='word_1_320' title='bbox 2917 1417 2935 1489; x_wconf 97' lang='lat'>)</span> <span class='ocrx_word' id='word_1_321' title='bbox 2980 1418 3281 1475; x_wconf 84' lang='lat' dir='ltr'><strong>Notandum</strong></span> <span class='ocrx_word' id='word_1_322' title='bbox 3312 1437 3407 1477; x_wconf 87' lang='lat' dir='ltr'><strong>au-</strong></span> 
     </span>
    </p>
   </div>
   <div class='ocr_carea' id='block_1_44' title="bbox 1827 1505 3406 1581">
    <p class='ocr_par' dir='ltr' id='par_1_44' title="bbox 1827 1505 3406 1581">
     <span class='ocr_line' id='line_1_44' title="bbox 1827 1505 3406 1581; baseline 0.008 -23"><span class='ocrx_word' id='word_1_323' title='bbox 1827 1511 1937 1560; x_wconf 90' lang='lat' dir='ltr'><strong>tem</strong></span> <span class='ocrx_word' id='word_1_324' title='bbox 1979 1506 2122 1575; x_wconf 89' lang='lat' dir='ltr'><strong>quod</strong></span> <span class='ocrx_word' id='word_1_325' title='bbox 2170 1505 2273 1560; x_wconf 88' lang='lat' dir='ltr'><strong>hoc</strong></span> <span class='ocrx_word' id='word_1_326' title='bbox 2318 1506 2686 1562; x_wconf 88' lang='lat' dir='ltr'><strong>testimonium</strong></span> <span class='ocrx_word' id='word_1_327' title='bbox 2732 1509 2784 1564; x_wconf 93' lang='lat' dir='ltr'><strong>in</strong></span> <span class='ocrx_word' id='word_1_328' title='bbox 2834 1512 3095 1581; x_wconf 89' lang='lat' dir='ltr'><strong>propheta</strong></span> <span class='ocrx_word' id='word_1_329' title='bbox 3139 1511 3406 1570; x_wconf 88' lang='lat' dir='ltr'><strong>Zacharia</strong></span> 
     </span>
    </p>
   </div>
   <div class='ocr_carea' id='block_1_45' title="bbox 1828 1595 3408 1676">
    <p class='ocr_par' dir='ltr' id='par_1_45' title="bbox 1828 1595 3408 1676">
     <span class='ocr_line' id='line_1_45' title="bbox 1828 1595 3408 1676; baseline 0.008 -26"><span class='ocrx_word' id='word_1_330' title='bbox 1828 1595 2093 1666; x_wconf 90' lang='lat' dir='ltr'><strong>scriptum</strong></span> <span class='ocrx_word' id='word_1_331' title='bbox 2135 1604 2221 1652; x_wconf 91' lang='lat' dir='ltr'><strong>est</strong></span> <span class='ocrx_word' id='word_1_332' title='bbox 2260 1595 2464 1669; x_wconf 84' lang='lat' dir='ltr'><strong>(Zach.</strong></span> <span class='ocrx_word' id='word_1_333' title='bbox 2495 1598 2623 1673; x_wconf 66' lang='grc' dir='ltr'><strong>ιχ),</strong></span> <span class='ocrx_word' id='word_1_334' title='bbox 2663 1601 2758 1656; x_wconf 91' lang='lat' dir='ltr'><strong>sed</strong></span> <span class='ocrx_word' id='word_1_335' title='bbox 2795 1602 3074 1659; x_wconf 89' lang='lat' dir='ltr'><strong>sciendum</strong></span> <span class='ocrx_word' id='word_1_336' title='bbox 3108 1612 3223 1672; x_wconf 88' lang='lat' dir='ltr'><strong>est,</strong></span> <span class='ocrx_word' id='word_1_337' title='bbox 3261 1606 3408 1676; x_wconf 89' lang='lat' dir='ltr'><strong>quod</strong></span> 
     </span>
    </p>
   </div>
   <div class='ocr_carea' id='block_1_46' title="bbox 1828 1689 3407 1770">
    <p class='ocr_par' dir='ltr' id='par_1_46' title="bbox 1828 1689 3407 1770">
     <span class='ocr_line' id='line_1_46' title="bbox 1828 1689 3407 1770; baseline 0.007 -27"><span class='ocrx_word' id='word_1_338' title='bbox 1828 1689 2122 1745; x_wconf 88' lang='lat' dir='ltr'><strong>secundum</strong></span> <span class='ocrx_word' id='word_1_339' title='bbox 2166 1689 2405 1747; x_wconf 88' lang='lat' dir='ltr'><strong>litteram</strong></span> <span class='ocrx_word' id='word_1_340' title='bbox 2445 1692 2500 1747; x_wconf 91' lang='lat' dir='ltr'><strong>in</strong></span> <span class='ocrx_word' id='word_1_341' title='bbox 2536 1709 2705 1764; x_wconf 89' lang='lat' dir='ltr'><strong>parvo</strong></span> <span class='ocrx_word' id='word_1_342' title='bbox 2739 1696 3000 1765; x_wconf 88' lang='lat' dir='ltr'><strong>temporis</strong></span> <span class='ocrx_word' id='word_1_343' title='bbox 3040 1697 3217 1768; x_wconf 88' lang='lat' dir='ltr'><strong>spatio</strong></span> <span class='ocrx_word' id='word_1_344' title='bbox 3244 1713 3407 1770; x_wconf 85' lang='lat' dir='ltr'><strong>super</strong></span> 
     </span>
    </p>
   </div>
   <div class='ocr_carea' id='block_1_47' title="bbox 1827 1783 3409 1860">
    <p class='ocr_par' dir='ltr' id='par_1_47' title="bbox 1827 1783 3409 1860">
     <span class='ocr_line' id='line_1_47' title="bbox 1827 1783 3409 1860; baseline 0.008 -26"><span class='ocrx_word' id='word_1_345' title='bbox 1827 1788 2120 1852; x_wconf 90' lang='lat' dir='ltr'><strong>utrumque</strong></span> <span class='ocrx_word' id='word_1_346' title='bbox 2150 1783 2348 1839; x_wconf 85' lang='lat' dir='ltr'><strong>animal</strong></span> <span class='ocrx_word' id='word_1_347' title='bbox 2378 1786 2565 1845; x_wconf 83' lang='lat' dir='ltr'><strong>sedere</strong></span> <span class='ocrx_word' id='word_1_348' title='bbox 2592 1786 2852 1845; x_wconf 90' lang='lat' dir='ltr'><strong>Dominus</strong></span> <span class='ocrx_word' id='word_1_349' title='bbox 2879 1803 2987 1845; x_wconf 89' lang='lat' dir='ltr'><strong>non</strong></span> <span class='ocrx_word' id='word_1_350' title='bbox 3017 1789 3269 1860; x_wconf 90' lang='lat' dir='ltr'><strong>quiverit.</strong></span> <span class='ocrx_word' id='word_1_351' title='bbox 3298 1790 3409 1847; x_wconf 80' lang='lat' dir='ltr'><strong>Aut</strong></span> 
     </span>
    </p>
   </div>
   <div class='ocr_carea' id='block_1_48' title="bbox 1824 1875 3409 1952">
    <p class='ocr_par' dir='ltr' id='par_1_48' title="bbox 1824 1875 3409 1952">
     <span class='ocr_line' id='line_1_48' title="bbox 1824 1875 3409 1952; baseline 0.004 -21"><span class='ocrx_word' id='word_1_352' title='bbox 1824 1875 1970 1932; x_wconf 88' lang='lat' dir='ltr'><strong>enim</strong></span> <span class='ocrx_word' id='word_1_353' title='bbox 1999 1877 2166 1933; x_wconf 66' lang='lat' dir='ltr'><strong>asiam</strong></span> <span class='ocrx_word' id='word_1_354' title='bbox 2192 1878 2351 1943; x_wconf 88' lang='lat' dir='ltr'><strong>sedit,</strong></span> <span class='ocrx_word' id='word_1_355' title='bbox 2382 1888 2436 1933; x_wconf 86' lang='lat' dir='ltr'><strong>et</strong></span> <span class='ocrx_word' id='word_1_356' title='bbox 2466 1878 2643 1950; x_wconf 91' lang='lat' dir='ltr'><strong>pullus</strong></span> <span class='ocrx_word' id='word_1_357' title='bbox 2672 1880 2877 1952; x_wconf 89' lang='lat' dir='ltr'><strong>absque</strong></span> <span class='ocrx_word' id='word_1_358' title='bbox 2904 1897 3118 1939; x_wconf 87' lang='lat' dir='ltr'><strong>sessore</strong></span> <span class='ocrx_word' id='word_1_359' title='bbox 3145 1882 3284 1951; x_wconf 83' lang='lat' dir='ltr'><strong>fuit;</strong></span> <span class='ocrx_word' id='word_1_360' title='bbox 3315 1890 3409 1940; x_wconf 87' lang='lat' dir='ltr'><strong>aut</strong></span> 
     </span>
    </p>
   </div>
   <div class='ocr_carea' id='block_1_49' title="bbox 1824 1966 3406 2043">
    <p class='ocr_par' dir='ltr' id='par_1_49' title="bbox 1824 1966 3406 2043">
     <span class='ocr_line' id='line_1_49' title="bbox 1824 1966 3406 2043; baseline 0.005 -21"><span class='ocrx_word' id='word_1_361' title='bbox 1824 1967 1869 2022; x_wconf 90' lang='lat' dir='ltr'><strong>si</strong></span> <span class='ocrx_word' id='word_1_362' title='bbox 1896 1966 2041 2038; x_wconf 92' lang='lat' dir='ltr'><strong>pullo</strong></span> <span class='ocrx_word' id='word_1_363' title='bbox 2066 1966 2240 2039; x_wconf 90' lang='lat' dir='ltr'><strong>(quod</strong></span> <span class='ocrx_word' id='word_1_364' title='bbox 2265 1970 2438 2041; x_wconf 87' lang='lat' dir='ltr'><strong>magis</strong></span> <span class='ocrx_word' id='word_1_365' title='bbox 2460 1972 2759 2043; x_wconf 88' lang='lat' dir='ltr'><strong>competit)</strong></span> <span class='ocrx_word' id='word_1_366' title='bbox 2787 1971 2987 2029; x_wconf 85' lang='lat' dir='ltr'><strong>abusus</strong></span> <span class='ocrx_word' id='word_1_367' title='bbox 3011 1980 3098 2029; x_wconf 89' lang='lat' dir='ltr'><strong>est</strong></span> <span class='ocrx_word' id='word_1_368' title='bbox 3118 1974 3185 2030; x_wconf 89' lang='lat' dir='ltr'><strong>ad</strong></span> <span class='ocrx_word' id='word_1_369' title='bbox 3211 1975 3406 2031; x_wconf 87' lang='lat' dir='ltr'><strong>seden-</strong></span> 
     </span>
    </p>
   </div>
   <div class='ocr_carea' id='block_1_50' title="bbox 1823 2060 3409 2138">
    <p class='ocr_par' dir='ltr' id='par_1_50' title="bbox 1823 2060 3409 2138">
     <span class='ocr_line' id='line_1_50' title="bbox 1823 2060 3409 2138; baseline 0.006 -23"><span class='ocrx_word' id='word_1_370' title='bbox 1823 2060 1983 2127; x_wconf 89' lang='lat' dir='ltr'><strong>dum,</strong></span> <span class='ocrx_word' id='word_1_371' title='bbox 2021 2061 2175 2118; x_wconf 86' lang='lat' dir='ltr'><strong>asina</strong></span> <span class='ocrx_word' id='word_1_372' title='bbox 2214 2062 2374 2123; x_wconf 82' lang='lat' dir='ltr'><strong>ducta</strong></span> <span class='ocrx_word' id='word_1_373' title='bbox 2400 2074 2482 2120; x_wconf 89' lang='lat' dir='ltr'><strong>est</strong></span> <span class='ocrx_word' id='word_1_374' title='bbox 2508 2065 2697 2123; x_wconf 86' lang='lat' dir='ltr'><strong>libera.</strong></span> <span class='ocrx_word' id='word_1_375' title='bbox 2734 2065 2878 2138; x_wconf 87' lang='lat' dir='ltr'><strong>Ergo</strong></span> <span class='ocrx_word' id='word_1_376' title='bbox 2919 2081 3042 2133; x_wconf 86' lang='lat' dir='ltr'><strong>cum</strong></span> <span class='ocrx_word' id='word_1_377' title='bbox 3075 2067 3299 2124; x_wconf 88' lang='lat' dir='ltr'><strong>historia</strong></span> <span class='ocrx_word' id='word_1_378' title='bbox 3323 2067 3409 2124; x_wconf 87' lang='lat' dir='ltr'><strong>vel</strong></span> 
     </span>
    </p>
   </div>
   <div class='ocr_carea' id='block_1_51' title="bbox 1822 2151 3408 2228">
    <p class='ocr_par' dir='ltr' id='par_1_51' title="bbox 1822 2151 3408 2228">
     <span class='ocr_line' id='line_1_51' title="bbox 1822 2151 3408 2228; baseline 0.003 -20"><span class='ocrx_word' id='word_1_379' title='bbox 1822 2151 2308 2224; x_wconf 86' lang='lat' dir='ltr'><strong>impossibilitatcm</strong></span> <span class='ocrx_word' id='word_1_380' title='bbox 2333 2154 2551 2222; x_wconf 88' lang='lat' dir='ltr'><strong>habeat,</strong></span> <span class='ocrx_word' id='word_1_381' title='bbox 2577 2156 2663 2211; x_wconf 87' lang='lat' dir='ltr'><strong>vel</strong></span> <span class='ocrx_word' id='word_1_382' title='bbox 2685 2157 3095 2228; x_wconf 81' lang='lat' dir='ltr'><strong>turpitudinem,</strong></span> <span class='ocrx_word' id='word_1_383' title='bbox 3121 2160 3188 2214; x_wconf 87' lang='lat' dir='ltr'><strong>ad</strong></span> <span class='ocrx_word' id='word_1_384' title='bbox 3212 2158 3408 2215; x_wconf 86' lang='lat' dir='ltr'><strong>altiora</strong></span> 
     </span>
    </p>
   </div>
   <div class='ocr_carea' id='block_1_52' title="bbox 1823 2246 3410 2321">
    <p class='ocr_par' dir='ltr' id='par_1_52' title="bbox 1823 2246 3410 2321">
     <span class='ocr_line' id='line_1_52' title="bbox 1823 2246 3410 2321; baseline 0.003 -20"><span class='ocrx_word' id='word_1_385' title='bbox 1823 2247 2286 2313; x_wconf 82' lang='lat' dir='ltr'><strong>transmittuntur,</strong></span> <span class='ocrx_word' id='word_1_386' title='bbox 2316 2255 2375 2304; x_wconf 90' lang='lat' dir='ltr'><strong>ut</strong></span> <span class='ocrx_word' id='word_1_387' title='bbox 2399 2248 2550 2304; x_wconf 89' lang='lat' dir='ltr'><strong>asina</strong></span> <span class='ocrx_word' id='word_1_388' title='bbox 2576 2248 2679 2305; x_wconf 88' lang='lat' dir='ltr'><strong>ista</strong></span> <span class='ocrx_word' id='word_1_389' title='bbox 2696 2289 2712 2315; x_wconf 96' lang='lat'><strong>,</strong></span> <span class='ocrx_word' id='word_1_390' title='bbox 2738 2264 2859 2319; x_wconf 84' lang='lat' dir='ltr'><strong>quae</strong></span> <span class='ocrx_word' id='word_1_391' title='bbox 2881 2247 3180 2321; x_wconf 82' lang='lat' dir='ltr'><strong>subiugatis</strong></span> <span class='ocrx_word' id='word_1_392' title='bbox 3201 2246 3322 2313; x_wconf 82' lang='lat' dir='ltr'><strong>fuit,</strong></span> <span class='ocrx_word' id='word_1_393' title='bbox 3351 2254 3410 2305; x_wconf 89' lang='lat' dir='ltr'><strong>et</strong></span> 
     </span>
    </p>
   </div>
   <div class='ocr_carea' id='block_1_53' title="bbox 1823 2339 3401 2414">
    <p class='ocr_par' dir='ltr' id='par_1_53' title="bbox 1823 2339 3401 2414">
     <span class='ocr_line' id='line_1_53' title="bbox 1823 2339 3401 2414; baseline 0.003 -21"><span class='ocrx_word' id='word_1_394' title='bbox 1823 2339 2056 2399; x_wconf 86' lang='lat' dir='ltr'><strong>edomita</strong></span> <span class='ocrx_word' id='word_1_395' title='bbox 2089 2348 2146 2395; x_wconf 91' lang='lat' dir='ltr'><strong>et</strong></span> <span class='ocrx_word' id='word_1_396' title='bbox 2173 2340 2363 2413; x_wconf 84' lang='lat' dir='ltr'><strong>iugum</strong></span> <span class='ocrx_word' id='word_1_397' title='bbox 2413 2340 2546 2413; x_wconf 86' lang='lat' dir='ltr'><strong>legis</strong></span> <span class='ocrx_word' id='word_1_398' title='bbox 2588 2350 2862 2409; x_wconf 80' lang='lat' dir='ltr'><strong>traxerat,</strong></span> <span class='ocrx_word' id='word_1_399' title='bbox 2899 2356 3171 2414; x_wconf 79' lang='lat' dir='ltr'><strong>synagoga</strong></span> <span class='ocrx_word' id='word_1_400' title='bbox 3199 2341 3401 2398; x_wconf 90' lang='lat' dir='ltr'><strong>intelli-</strong></span> 
     </span>
    </p>
   </div>
   <div class='ocr_carea' id='block_1_54' title="bbox 1823 2432 3405 2508">
    <p class='ocr_par' dir='ltr' id='par_1_54' title="bbox 1823 2432 3405 2508">
     <span class='ocr_line' id='line_1_54' title="bbox 1823 2432 3405 2508; baseline 0.003 -21"><span class='ocrx_word' id='word_1_401' title='bbox 1823 2440 1998 2507; x_wconf 84' lang='lat' dir='ltr'><strong>gatur.</strong></span> <span class='ocrx_word' id='word_1_402' title='bbox 2049 2432 2234 2489; x_wconf 87' lang='lat' dir='ltr'><strong>Pullus</strong></span> <span class='ocrx_word' id='word_1_403' title='bbox 2275 2432 2443 2489; x_wconf 83' lang='lat' dir='ltr'><strong>asinae</strong></span> <span class='ocrx_word' id='word_1_404' title='bbox 2483 2434 2720 2490; x_wconf 89' lang='lat' dir='ltr'><strong>lascivus</strong></span> <span class='ocrx_word' id='word_1_405' title='bbox 2760 2444 2814 2491; x_wconf 90' lang='lat' dir='ltr'><strong>et</strong></span> <span class='ocrx_word' id='word_1_406' title='bbox 2838 2434 2998 2503; x_wconf 85' lang='lat' dir='ltr'><strong>liber,</strong></span> <span class='ocrx_word' id='word_1_407' title='bbox 3037 2436 3277 2508; x_wconf 88' lang='lat' dir='ltr'><strong>gentium</strong></span> <span class='ocrx_word' id='word_1_408' title='bbox 3303 2451 3405 2508; x_wconf 88' lang='lat' dir='ltr'><strong>po-</strong></span> 
     </span>
    </p>
   </div>
   <div class='ocr_carea' id='block_1_55' title="bbox 1821 2525 3403 2601">
    <p class='ocr_par' dir='ltr' id='par_1_55' title="bbox 1821 2525 3403 2601">
     <span class='ocr_line' id='line_1_55' title="bbox 1821 2525 3403 2601; baseline 0.006 -23"><span class='ocrx_word' id='word_1_409' title='bbox 1821 2525 2011 2597; x_wconf 87' lang='lat' dir='ltr'><strong>pulus,</strong></span> <span class='ocrx_word' id='word_1_410' title='bbox 2052 2526 2248 2597; x_wconf 87' lang='lat' dir='ltr'><strong>quibus</strong></span> <span class='ocrx_word' id='word_1_411' title='bbox 2284 2526 2507 2583; x_wconf 88' lang='lat' dir='ltr'><strong>sedebat</strong></span> <span class='ocrx_word' id='word_1_412' title='bbox 2541 2526 2729 2594; x_wconf 70' lang='lat' dir='ltr'><strong>Iesus,</strong></span> <span class='ocrx_word' id='word_1_413' title='bbox 2757 2528 2814 2585; x_wconf 85' lang='lat' dir='ltr'><strong>id</strong></span> <span class='ocrx_word' id='word_1_414' title='bbox 2848 2537 2962 2597; x_wconf 91' lang='lat' dir='ltr'><strong>est,</strong></span> <span class='ocrx_word' id='word_1_415' title='bbox 2991 2529 3049 2585; x_wconf 90' lang='lat' dir='ltr'><strong>in</strong></span> <span class='ocrx_word' id='word_1_416' title='bbox 3084 2530 3403 2601; x_wconf 62' lang='lat' dir='ltr'><strong>praecordiis</strong></span> 
     </span>
    </p>
   </div>
   <div class='ocr_carea' id='block_1_56' title="bbox 1824 2616 3407 2695">
    <p class='ocr_par' dir='ltr' id='par_1_56' title="bbox 1824 2616 3407 2695">
     <span class='ocr_line' id='line_1_56' title="bbox 1824 2616 3407 2695; baseline 0.004 -23"><span class='ocrx_word' id='word_1_417' title='bbox 1824 2630 2012 2675; x_wconf 89' lang='lat' dir='ltr'><strong>eorum</strong></span> <span class='ocrx_word' id='word_1_418' title='bbox 2052 2616 2365 2687; x_wconf 85' lang='lat' dir='ltr'><strong>habitabat,</strong></span> <span class='ocrx_word' id='word_1_419' title='bbox 2405 2618 2634 2677; x_wconf 89' lang='lat' dir='ltr'><strong>dicens:</strong></span> <span class='ocrx_word' id='word_1_420' title='bbox 2664 2620 2862 2677; x_wconf 86' lang='lat' dir='ltr'><strong>Discite</strong></span> <span class='ocrx_word' id='word_1_421' title='bbox 2901 2640 2935 2677; x_wconf 91' lang='lat' dir='ltr'><strong>a</strong></span> <span class='ocrx_word' id='word_1_422' title='bbox 2978 2639 3060 2678; x_wconf 88' lang='lat' dir='ltr'><strong>me</strong></span> <span class='ocrx_word' id='word_1_423' title='bbox 3099 2623 3226 2695; x_wconf 81' lang='lat' dir='ltr'><strong>quia</strong></span> <span class='ocrx_word' id='word_1_424' title='bbox 3263 2624 3407 2678; x_wconf 90' lang='lat' dir='ltr'><strong>mitis</strong></span> 
     </span>
    </p>
   </div>
   <div class='ocr_carea' id='block_1_57' title="bbox 1822 2710 3408 2786">
    <p class='ocr_par' dir='ltr' id='par_1_57' title="bbox 1822 2710 3408 2786">
     <span class='ocr_line' id='line_1_57' title="bbox 1822 2710 3408 2786; baseline 0.004 -21"><span class='ocrx_word' id='word_1_425' title='bbox 1822 2726 1940 2766; x_wconf 87' lang='lat' dir='ltr'><strong>sum</strong></span> <span class='ocrx_word' id='word_1_426' title='bbox 1969 2719 2017 2765; x_wconf 92' lang='lat' dir='ltr'><strong>et</strong></span> <span class='ocrx_word' id='word_1_427' title='bbox 2041 2710 2254 2766; x_wconf 81' lang='lat' dir='ltr'><strong>humilis</strong></span> <span class='ocrx_word' id='word_1_428' title='bbox 2285 2712 2441 2767; x_wconf 89' lang='lat' dir='ltr'><strong>corde</strong></span> <span class='ocrx_word' id='word_1_429' title='bbox 2470 2711 2686 2783; x_wconf 80' lang='lat' dir='ltr'><strong>(Matth.</strong></span> <span class='ocrx_word' id='word_1_430' title='bbox 2716 2713 2794 2786; x_wconf 74' lang='lat' dir='ltr'><strong>Il)</strong></span> <span class='ocrx_word' id='word_1_431' title='bbox 2812 2755 2827 2780; x_wconf 97' lang='lat'><strong>,</strong></span> <span class='ocrx_word' id='word_1_432' title='bbox 2858 2714 3041 2771; x_wconf 86' lang='lat' dir='ltr'><strong>missis</strong></span> <span class='ocrx_word' id='word_1_433' title='bbox 3063 2715 3131 2771; x_wconf 93' lang='lat' dir='ltr'><strong>ad</strong></span> <span class='ocrx_word' id='word_1_434' title='bbox 3154 2730 3247 2772; x_wconf 89' lang='lat' dir='ltr'><strong>eos</strong></span> <span class='ocrx_word' id='word_1_435' title='bbox 3274 2716 3408 2771; x_wconf 81' lang='lat' dir='ltr'><strong>duo-</strong></span> 
     </span>
    </p>
   </div>
   <div class='ocr_carea' id='block_1_58' title="bbox 1822 2802 3405 2874">
    <p class='ocr_par' dir='ltr' id='par_1_58' title="bbox 1822 2802 3405 2874">
     <span class='ocr_line' id='line_1_58' title="bbox 1822 2802 3405 2874; baseline 0.003 -17"><span class='ocrx_word' id='word_1_436' title='bbox 1822 2802 1927 2858; x_wconf 85' lang='lat' dir='ltr'><strong>bus</strong></span> <span class='ocrx_word' id='word_1_437' title='bbox 1968 2802 2246 2873; x_wconf 89' lang='lat' dir='ltr'><strong>discipulis</strong></span> <span class='ocrx_word' id='word_1_438' title='bbox 2284 2804 2427 2871; x_wconf 85' lang='lat' dir='ltr'><strong>suis,</strong></span> <span class='ocrx_word' id='word_1_439' title='bbox 2468 2820 2575 2860; x_wconf 87' lang='lat' dir='ltr'><strong>uno</strong></span> <span class='ocrx_word' id='word_1_440' title='bbox 2611 2805 2666 2860; x_wconf 90' lang='lat' dir='ltr'><strong>in</strong></span> <span class='ocrx_word' id='word_1_441' title='bbox 2702 2805 3209 2874; x_wconf 88' lang='lat' dir='ltr'><strong>circumcisionem,</strong></span> <span class='ocrx_word' id='word_1_442' title='bbox 3233 2815 3291 2864; x_wconf 87' lang='lat' dir='ltr'><strong>et</strong></span> <span class='ocrx_word' id='word_1_443' title='bbox 3324 2808 3405 2863; x_wconf 89' lang='lat' dir='ltr'><strong>al-</strong></span> 
     </span>
    </p>
   </div>
   <div class='ocr_carea' id='block_1_59' title="bbox 1825 2894 2254 2965">
    <p class='ocr_par' dir='ltr' id='par_1_59' title="bbox 1825 2894 2254 2965">
     <span class='ocr_line' id='line_1_59' title="bbox 1825 2894 2254 2965; baseline 0.002 -16"><span class='ocrx_word' id='word_1_444' title='bbox 1825 2901 1940 2949; x_wconf 88' lang='lat' dir='ltr'><strong>tero</strong></span> <span class='ocrx_word' id='word_1_445' title='bbox 1965 2894 2022 2948; x_wconf 92' lang='lat' dir='ltr'><strong>in</strong></span> <span class='ocrx_word' id='word_1_446' title='bbox 2045 2904 2254 2965; x_wconf 85' lang='lat' dir='ltr'><strong>gentes.</strong></span> 
     </span>
    </p>
   </div>
   <div class='ocr_carea' id='block_1_60' title="bbox 1893 2983 3405 3060">
    <p class='ocr_par' dir='ltr' id='par_1_60' title="bbox 1893 2983 3405 3060">
     <span class='ocr_line' id='line_1_60' title="bbox 1893 2983 3405 3060; baseline 0.003 -21"><span class='ocrx_word' id='word_1_447' title='bbox 1893 2983 2094 3041; x_wconf 83' lang='lat' dir='ltr'><strong>Euntes</strong></span> <span class='ocrx_word' id='word_1_448' title='bbox 2118 2995 2293 3043; x_wconf 87' lang='lat' dir='ltr'><strong>autem</strong></span> <span class='ocrx_word' id='word_1_449' title='bbox 2316 2986 2561 3057; x_wconf 80' lang='lat' dir='ltr'><strong>discipuli</strong></span> <span class='ocrx_word' id='word_1_450' title='bbox 2585 2987 2819 3057; x_wconf 82' lang='lat' dir='ltr'><strong>fecerunt</strong></span> <span class='ocrx_word' id='word_1_451' title='bbox 2843 2989 2978 3044; x_wconf 82' lang='lat' dir='ltr'><strong>sicut</strong></span> <span class='ocrx_word' id='word_1_452' title='bbox 3003 2989 3249 3060; x_wconf 73' lang='lat' dir='ltr'><strong>prrecepit</strong></span> <span class='ocrx_word' id='word_1_453' title='bbox 3275 2988 3405 3053; x_wconf 87' lang='lat' dir='ltr'><strong>illis,</strong></span> 
     </span>
    </p>
   </div>
   <div class='ocr_carea' id='block_1_61' title="bbox 1822 3074 3408 3153">
    <p class='ocr_par' dir='ltr' id='par_1_61' title="bbox 1822 3074 3408 3153">
     <span class='ocr_line' id='line_1_61' title="bbox 1822 3074 3408 3153; baseline 0.006 -26"><span class='ocrx_word' id='word_1_454' title='bbox 1822 3083 1873 3127; x_wconf 89' lang='lat' dir='ltr'><strong>et</strong></span> <span class='ocrx_word' id='word_1_455' title='bbox 1910 3074 2245 3133; x_wconf 77' lang='lat' dir='ltr'><strong>adduxerunt</strong></span> <span class='ocrx_word' id='word_1_456' title='bbox 2286 3076 2491 3132; x_wconf 80' lang='lat' dir='ltr'><strong>asinam</strong></span> <span class='ocrx_word' id='word_1_457' title='bbox 2531 3086 2580 3133; x_wconf 87' lang='lat' dir='ltr'><strong>et</strong></span> <span class='ocrx_word' id='word_1_458' title='bbox 2616 3077 2839 3148; x_wconf 89' lang='lat' dir='ltr'><strong>pullum.</strong></span> <span class='ocrx_word' id='word_1_459' title='bbox 2870 3078 3025 3148; x_wconf 84' lang='lat' dir='ltr'><strong>Quod</strong></span> <span class='ocrx_word' id='word_1_460' title='bbox 3059 3087 3252 3136; x_wconf 87' lang='lat' dir='ltr'><strong>euntes</strong></span> <span class='ocrx_word' id='word_1_461' title='bbox 3278 3098 3408 3153; x_wconf 87' lang='lat' dir='ltr'><strong>apo-</strong></span> 
     </span>
    </p>
   </div>
   <div class='ocr_carea' id='block_1_62' title="bbox 127 3146 3407 3237">
    <p class='ocr_par' dir='ltr' id='par_1_62' title="bbox 127 3146 3407 3237">
     <span class='ocr_line' id='line_1_62' title="bbox 127 3146 3407 3237; baseline 0.001 -19"><span class='ocrx_word' id='word_1_462' title='bbox 127 3162 276 3218; x_wconf 86' lang='lat' dir='ltr'><strong>Sion.</strong></span> <span class='ocrx_word' id='word_1_463' title='bbox 326 3160 575 3234; x_wconf 74' lang='grc' dir='ltr'><strong>(Βεάα.)</strong></span> <span class='ocrx_word' id='word_1_464' title='bbox 620 3160 756 3216; x_wconf 89' lang='lat' dir='ltr'><strong>Filia</strong></span> <span class='ocrx_word' id='word_1_465' title='bbox 802 3159 933 3217; x_wconf 85' lang='lat' dir='ltr'><strong>Sion</strong></span> <span class='ocrx_word' id='word_1_466' title='bbox 982 3159 1338 3217; x_wconf 84' lang='lat' dir='ltr'><strong>historialiter</strong></span> <span class='ocrx_word' id='word_1_467' title='bbox 1381 3146 1719 3216; x_wconf 75' lang='lat' dir='ltr'><strong>Hierusalem</strong></span> <span class='ocrx_word' id='word_1_468' title='bbox 1751 3220 1791 3237; x_wconf 58' lang='lat' dir='ltr'><strong>ﬂ</strong></span> <span class='ocrx_word' id='word_1_469' title='bbox 1826 3167 1951 3223; x_wconf 70' lang='lat' dir='ltr'><strong>stoli</strong></span> <span class='ocrx_word' id='word_1_470' title='bbox 2000 3167 2278 3223; x_wconf 81' lang='lat' dir='ltr'><strong>solverunt</strong></span> <span class='ocrx_word' id='word_1_471' title='bbox 2328 3169 2538 3225; x_wconf 85' lang='lat' dir='ltr'><strong>asinam</strong></span> <span class='ocrx_word' id='word_1_472' title='bbox 2579 3146 2843 3237; x_wconf 77' lang='lat' dir='ltr'><strong>alienam,</strong></span> <span class='ocrx_word' id='word_1_473' title='bbox 2897 3146 3258 3228; x_wconf 61' lang='lat' dir='ltr'><strong>ministerium</strong></span> <span class='ocrx_word' id='word_1_474' title='bbox 3303 3146 3407 3229; x_wconf 54' lang='lat' dir='ltr'><strong>fuit</strong></span> 
     </span>
    </p>
   </div>
   <div class='ocr_carea' id='block_1_63' title="bbox 127 3254 1717 3327">
    <p class='ocr_par' dir='ltr' id='par_1_63' title="bbox 127 3254 1717 3327">
     <span class='ocr_line' id='line_1_63' title="bbox 127 3254 1717 3327; baseline 0 -15"><span class='ocrx_word' id='word_1_475' title='bbox 127 3264 238 3322; x_wconf 90' lang='lat' dir='ltr'><strong>est,</strong></span> <span class='ocrx_word' id='word_1_476' title='bbox 271 3256 465 3317; x_wconf 79' lang='lat' dir='ltr'><strong>civitas</strong></span> <span class='ocrx_word' id='word_1_477' title='bbox 493 3255 596 3313; x_wconf 89' lang='lat' dir='ltr'><strong>sita</strong></span> <span class='ocrx_word' id='word_1_478' title='bbox 625 3256 680 3310; x_wconf 91' lang='lat' dir='ltr'><strong>in</strong></span> <span class='ocrx_word' id='word_1_479' title='bbox 713 3264 897 3310; x_wconf 89' lang='lat' dir='ltr'><strong>monte</strong></span> <span class='ocrx_word' id='word_1_480' title='bbox 939 3254 1092 3310; x_wconf 89' lang='lat' dir='ltr'><strong>Sion.</strong></span> <span class='ocrx_word' id='word_1_481' title='bbox 1133 3255 1358 3327; x_wconf 83' lang='lat' dir='ltr'><strong>Mystice</strong></span> <span class='ocrx_word' id='word_1_482' title='bbox 1392 3265 1572 3311; x_wconf 88' lang='lat' dir='ltr'><strong>autem</strong></span> <span class='ocrx_word' id='word_1_483' title='bbox 1608 3256 1717 3313; x_wconf 89' lang='lat' dir='ltr'><strong>ﬁlia</strong></span> 
     </span>
    </p>
   </div>
   <div class='ocr_carea' id='block_1_64' title="bbox 1746 3220 1792 3283">
    <p class='ocr_par' dir='ltr' id='par_1_64' title="bbox 1746 3220 1792 3283">
     <span class='ocr_line' id='line_1_64' title="bbox 1746 3220 1792 3283; baseline 0 0"><span class='ocrx_word' id='word_1_484' title='bbox 1746 3220 1792 3283; x_wconf 93' lang='lat' dir='ltr'><strong>C</strong></span> 
     </span>
    </p>
   </div>
   <div class='ocr_carea' id='block_1_65' title="bbox 1824 3259 3403 3328">
    <p class='ocr_par' dir='ltr' id='par_1_65' title="bbox 1824 3259 3403 3328">
     <span class='ocr_line' id='line_1_65' title="bbox 1824 3259 3403 3328; baseline 0.004 -15"><span class='ocrx_word' id='word_1_485' title='bbox 1824 3259 2042 3328; x_wconf 87' lang='lat' dir='ltr'><strong>quidem</strong></span> <span class='ocrx_word' id='word_1_486' title='bbox 2073 3260 2287 3316; x_wconf 89' lang='lat' dir='ltr'><strong>illorum</strong></span> <span class='ocrx_word' id='word_1_487' title='bbox 2307 3302 2323 3327; x_wconf 89' lang='lat'><strong>,</strong></span> <span class='ocrx_word' id='word_1_488' title='bbox 2353 3262 2529 3318; x_wconf 89' lang='lat' dir='ltr'><strong>virtus</strong></span> <span class='ocrx_word' id='word_1_489' title='bbox 2558 3269 2740 3319; x_wconf 84' lang='lat' dir='ltr'><strong>autem</strong></span> <span class='ocrx_word' id='word_1_490' title='bbox 2768 3272 2826 3319; x_wconf 90' lang='lat' dir='ltr'><strong>et</strong></span> <span class='ocrx_word' id='word_1_491' title='bbox 2854 3265 3151 3320; x_wconf 86' lang='lat' dir='ltr'><strong>auctoritas</strong></span> <span class='ocrx_word' id='word_1_492' title='bbox 3178 3264 3403 3321; x_wconf 90' lang='lat' dir='ltr'><strong>Christi.</strong></span> 
     </span>
    </p>
   </div>
   <div class='ocr_carea' id='block_1_66' title="bbox 127 3348 3407 3425">
    <p class='ocr_par' dir='ltr' id='par_1_66' title="bbox 127 3348 3407 3425">
     <span class='ocr_line' id='line_1_66' title="bbox 127 3348 3407 3425; baseline 0.001 -17"><span class='ocrx_word' id='word_1_493' title='bbox 127 3350 257 3409; x_wconf 87' lang='lat' dir='ltr'><strong>Sion</strong></span> <span class='ocrx_word' id='word_1_494' title='bbox 279 3350 525 3407; x_wconf 88' lang='lat' dir='ltr'><strong>Ecclesia</strong></span> <span class='ocrx_word' id='word_1_495' title='bbox 539 3348 1193 3419; x_wconf 85' lang='lat' dir='ltr'><strong>estﬁdelium,pertineus</strong></span> <span class='ocrx_word' id='word_1_496' title='bbox 1207 3349 1274 3404; x_wconf 89' lang='lat' dir='ltr'><strong>ad</strong></span> <span class='ocrx_word' id='word_1_497' title='bbox 1289 3364 1577 3418; x_wconf 89' lang='lat' dir='ltr'><strong>supernam</strong></span> <span class='ocrx_word' id='word_1_498' title='bbox 1594 3348 1721 3405; x_wconf 83' lang='lat' dir='ltr'><strong>Hie-</strong></span> <span class='ocrx_word' id='word_1_499' title='bbox 1822 3349 1933 3406; x_wconf 90' lang='lat' dir='ltr'><strong>Nec</strong></span> <span class='ocrx_word' id='word_1_500' title='bbox 1968 3351 2113 3413; x_wconf 85' lang='lat' dir='ltr'><strong>enim</strong></span> <span class='ocrx_word' id='word_1_501' title='bbox 2148 3353 2451 3422; x_wconf 87' lang='lat' dir='ltr'><strong>potuissent</strong></span> <span class='ocrx_word' id='word_1_502' title='bbox 2490 3353 2681 3410; x_wconf 91' lang='lat' dir='ltr'><strong>tollere</strong></span> <span class='ocrx_word' id='word_1_503' title='bbox 2713 3354 3023 3425; x_wconf 89' lang='lat' dir='ltr'><strong>iumentum</strong></span> <span class='ocrx_word' id='word_1_504' title='bbox 3061 3354 3296 3413; x_wconf 86' lang='lat' dir='ltr'><strong>alienum</strong></span> <span class='ocrx_word' id='word_1_505' title='bbox 3336 3356 3407 3411; x_wconf 91' lang='lat' dir='ltr'><strong>ab</strong></span> 
     </span>
    </p>
   </div>
   <div class='ocr_carea' id='block_1_67' title="bbox 126 3440 1715 3516">
    <p class='ocr_par' dir='ltr' id='par_1_67' title="bbox 126 3440 1715 3516">
     <span class='ocr_line' id='line_1_67' title="bbox 126 3440 1715 3516; baseline -0.005 -11"><span class='ocrx_word' id='word_1_506' title='bbox 126 3447 385 3513; x_wconf 79' lang='lat' dir='ltr'><strong>rusalem,</strong></span> <span class='ocrx_word' id='word_1_507' title='bbox 423 3458 545 3516; x_wconf 70' lang='lat' dir='ltr'><strong>quas</strong></span> <span class='ocrx_word' id='word_1_508' title='bbox 568 3452 653 3501; x_wconf 84' lang='lat' dir='ltr'><strong>est</strong></span> <span class='ocrx_word' id='word_1_509' title='bbox 674 3453 853 3500; x_wconf 81' lang='lat' dir='ltr'><strong>mater</strong></span> <span class='ocrx_word' id='word_1_510' title='bbox 879 3443 1122 3499; x_wconf 90' lang='lat' dir='ltr'><strong>omnium</strong></span> <span class='ocrx_word' id='word_1_511' title='bbox 1149 3450 1395 3497; x_wconf 88' lang='lat' dir='ltr'><strong>nostrum</strong></span> <span class='ocrx_word' id='word_1_512' title='bbox 1423 3440 1565 3512; x_wconf 83' lang='lat' dir='ltr'><strong>(Gal.</strong></span> <span class='ocrx_word' id='word_1_513' title='bbox 1598 3441 1715 3513; x_wconf 77' lang='grc' dir='ltr'><strong>ιν),</strong></span> 
     </span>
    </p>
   </div>
   <div class='ocr_carea' id='block_1_68' title="bbox 124 3534 1715 3619">
    <p class='ocr_par' dir='ltr' id='par_1_68' title="bbox 124 3534 1715 3619">
     <span class='ocr_line' id='line_1_68' title="bbox 124 3534 1715 3619; baseline -0.005 -23"><span class='ocrx_word' id='word_1_514' title='bbox 124 3538 278 3609; x_wconf 78' lang='lat' dir='ltr'><strong>utrius</strong></span> <span class='ocrx_word' id='word_1_515' title='bbox 305 3537 484 3610; x_wconf 88' lang='lat' dir='ltr'><strong>portio</strong></span> <span class='ocrx_word' id='word_1_516' title='bbox 512 3546 639 3593; x_wconf 89' lang='lat' dir='ltr'><strong>tunc</strong></span> <span class='ocrx_word' id='word_1_517' title='bbox 665 3552 778 3619; x_wconf 71' lang='lat' dir='ltr'><strong>non</strong></span> <span class='ocrx_word' id='word_1_518' title='bbox 825 3535 1049 3593; x_wconf 88' lang='lat' dir='ltr'><strong>minima</strong></span> <span class='ocrx_word' id='word_1_519' title='bbox 1076 3542 1196 3590; x_wconf 88' lang='lat' dir='ltr'><strong>erat</strong></span> <span class='ocrx_word' id='word_1_520' title='bbox 1227 3534 1281 3588; x_wconf 91' lang='lat' dir='ltr'><strong>in</strong></span> <span class='ocrx_word' id='word_1_521' title='bbox 1308 3534 1505 3604; x_wconf 89' lang='lat' dir='ltr'><strong>populo</strong></span> <span class='ocrx_word' id='word_1_522' title='bbox 1533 3534 1715 3590; x_wconf 86' lang='lat' dir='ltr'><strong>Israel.</strong></span> 
     </span>
    </p>
   </div>
   <div class='ocr_carea' id='block_1_69' title="bbox 196 3627 1719 3698">
    <p class='ocr_par' dir='ltr' id='par_1_69' title="bbox 196 3627 1719 3698">
     <span class='ocr_line' id='line_1_69' title="bbox 196 3627 1719 3698; baseline -0.006 -8"><span class='ocrx_word' id='word_1_523' title='bbox 196 3635 336 3690; x_wconf 83' lang='lat' dir='ltr'><strong>Ecce</strong></span> <span class='ocrx_word' id='word_1_524' title='bbox 369 3650 463 3689; x_wconf 70' lang='lat' dir='ltr'><strong>rex</strong></span> <span class='ocrx_word' id='word_1_525' title='bbox 498 3643 622 3688; x_wconf 87' lang='lat' dir='ltr'><strong>tuus</strong></span> <span class='ocrx_word' id='word_1_526' title='bbox 654 3632 789 3688; x_wconf 78' lang='lat' dir='ltr'><strong>uenit</strong></span> <span class='ocrx_word' id='word_1_527' title='bbox 836 3631 931 3686; x_wconf 86' lang='lat' dir='ltr'><strong>tibi</strong></span> <span class='ocrx_word' id='word_1_528' title='bbox 964 3638 1301 3696; x_wconf 74' lang='lat' dir='ltr'><strong>mansuetus,</strong></span> <span class='ocrx_word' id='word_1_529' title='bbox 1343 3627 1526 3683; x_wconf 82' lang='lat' dir='ltr'><strong>sedens</strong></span> <span class='ocrx_word' id='word_1_530' title='bbox 1561 3644 1719 3698; x_wconf 83' lang='lat' dir='ltr'><strong>super</strong></span> 
     </span>
    </p>
   </div>
   <div class='ocr_carea' id='block_1_70' title="bbox 122 3720 1715 3795">
    <p class='ocr_par' dir='ltr' id='par_1_70' title="bbox 122 3720 1715 3795">
     <span class='ocr_line' id='line_1_70' title="bbox 122 3720 1715 3795; baseline -0.004 -14"><span class='ocrx_word' id='word_1_531' title='bbox 122 3727 334 3782; x_wconf 83' lang='lat' dir='ltr'><strong>asinam</strong></span> <span class='ocrx_word' id='word_1_532' title='bbox 364 3735 413 3780; x_wconf 87' lang='lat' dir='ltr'><strong>et</strong></span> <span class='ocrx_word' id='word_1_533' title='bbox 439 3723 649 3795; x_wconf 76' lang='lat' dir='ltr'><strong>pullum</strong></span> <span class='ocrx_word' id='word_1_534' title='bbox 675 3720 992 3794; x_wconf 69' lang='lat' dir='ltr'><strong>subiugatis.</strong></span> <span class='ocrx_word' id='word_1_535' title='bbox 1028 3720 1165 3776; x_wconf 85' lang='lat' dir='ltr'><strong>Ecce</strong></span> <span class='ocrx_word' id='word_1_536' title='bbox 1198 3737 1319 3786; x_wconf 73' lang='lat' dir='ltr'><strong>rex,</strong></span> <span class='ocrx_word' id='word_1_537' title='bbox 1354 3720 1563 3791; x_wconf 83' lang='lat' dir='ltr'><strong>inquit,</strong></span> <span class='ocrx_word' id='word_1_538' title='bbox 1594 3730 1715 3777; x_wconf 80' lang='lat' dir='ltr'><strong>tuus</strong></span> 
     </span>
    </p>
   </div>
   <div class='ocr_carea' id='block_1_71' title="bbox 124 3812 1713 3881">
    <p class='ocr_par' dir='ltr' id='par_1_71' title="bbox 124 3812 1713 3881">
     <span class='ocr_line' id='line_1_71' title="bbox 124 3812 1713 3881; baseline -0.001 -11"><span class='ocrx_word' id='word_1_539' title='bbox 124 3816 263 3870; x_wconf 83' lang='lat' dir='ltr'><strong>venit</strong></span> <span class='ocrx_word' id='word_1_540' title='bbox 321 3814 416 3870; x_wconf 86' lang='lat' dir='ltr'><strong>tibi</strong></span> <span class='ocrx_word' id='word_1_541' title='bbox 480 3824 805 3881; x_wconf 79' lang='lat' dir='ltr'><strong>mansuetus,</strong></span> <span class='ocrx_word' id='word_1_542' title='bbox 860 3821 967 3869; x_wconf 88' lang='lat' dir='ltr'><strong>etc.</strong></span> <span class='ocrx_word' id='word_1_543' title='bbox 1012 3812 1153 3868; x_wconf 87' lang='lat' dir='ltr'><strong>Ecce</strong></span> <span class='ocrx_word' id='word_1_544' title='bbox 1207 3813 1542 3873; x_wconf 88' lang='lat' dir='ltr'><strong>ostendentis</strong></span> <span class='ocrx_word' id='word_1_545' title='bbox 1588 3828 1713 3868; x_wconf 81' lang='lat' dir='ltr'><strong>ver-</strong></span> 
     </span>
    </p>
   </div>
   <div class='ocr_carea' id='block_1_72' title="bbox 119 3908 1715 3979">
    <p class='ocr_par' dir='ltr' id='par_1_72' title="bbox 119 3908 1715 3979">
     <span class='ocr_line' id='line_1_72' title="bbox 119 3908 1715 3979; baseline 0 -14"><span class='ocrx_word' id='word_1_546' title='bbox 119 3910 255 3965; x_wconf 89' lang='lat' dir='ltr'><strong>hum</strong></span> <span class='ocrx_word' id='word_1_547' title='bbox 312 3917 431 3977; x_wconf 85' lang='lat' dir='ltr'><strong>est,</strong></span> <span class='ocrx_word' id='word_1_548' title='bbox 468 3909 523 3966; x_wconf 91' lang='lat' dir='ltr'><strong>id</strong></span> <span class='ocrx_word' id='word_1_549' title='bbox 556 3917 661 3975; x_wconf 89' lang='lat' dir='ltr'><strong>est,</strong></span> <span class='ocrx_word' id='word_1_550' title='bbox 715 3909 894 3964; x_wconf 86' lang='lat' dir='ltr'><strong>videte</strong></span> <span class='ocrx_word' id='word_1_551' title='bbox 927 3924 1037 3965; x_wconf 90' lang='lat' dir='ltr'><strong>non</strong></span> <span class='ocrx_word' id='word_1_552' title='bbox 1079 3908 1287 3965; x_wconf 87' lang='lat' dir='ltr'><strong>carnali</strong></span> <span class='ocrx_word' id='word_1_553' title='bbox 1330 3915 1588 3979; x_wconf 83' lang='lat' dir='ltr'><strong>aspectu,</strong></span> <span class='ocrx_word' id='word_1_554' title='bbox 1619 3910 1715 3965; x_wconf 86' lang='lat' dir='ltr'><strong>sed</strong></span> 
     </span>
    </p>
   </div>
   <div class='ocr_carea' id='block_1_73' title="bbox 121 4002 1711 4073">
    <p class='ocr_par' dir='ltr' id='par_1_73' title="bbox 121 4002 1711 4073">
     <span class='ocr_line' id='line_1_73' title="bbox 121 4002 1711 4073; baseline 0 -16"><span class='ocrx_word' id='word_1_555' title='bbox 121 4002 364 4073; x_wconf 86' lang='lat' dir='ltr'><strong>spiritali</strong></span> <span class='ocrx_word' id='word_1_556' title='bbox 390 4002 674 4059; x_wconf 89' lang='lat' dir='ltr'><strong>intellectu</strong></span> <span class='ocrx_word' id='word_1_557' title='bbox 699 4017 861 4073; x_wconf 83' lang='lat' dir='ltr'><strong>opera</strong></span> <span class='ocrx_word' id='word_1_558' title='bbox 887 4002 1149 4057; x_wconf 86' lang='lat' dir='ltr'><strong>virtutum</strong></span> <span class='ocrx_word' id='word_1_559' title='bbox 1176 4002 1294 4073; x_wconf 87' lang='lat' dir='ltr'><strong>eius</strong></span> <span class='ocrx_word' id='word_1_560' title='bbox 1317 4002 1543 4071; x_wconf 84' lang='lat' dir='ltr'><strong>aspicite</strong></span> <span class='ocrx_word' id='word_1_561' title='bbox 1563 4043 1577 4068; x_wconf 92' lang='lat'><strong>,</strong></span> <span class='ocrx_word' id='word_1_562' title='bbox 1605 4017 1711 4058; x_wconf 91' lang='lat' dir='ltr'><strong>non</strong></span> 
     </span>
    </p>
   </div>
   <div class='ocr_carea' id='block_1_74' title="bbox 121 4091 1713 4163">
    <p class='ocr_par' dir='ltr' id='par_1_74' title="bbox 121 4091 1713 4163">
     <span class='ocr_line' id='line_1_74' title="bbox 121 4091 1713 4163; baseline -0.001 -15"><span class='ocrx_word' id='word_1_563' title='bbox 121 4093 348 4151; x_wconf 84' lang='lat' dir='ltr'><strong>schema</strong></span> <span class='ocrx_word' id='word_1_564' title='bbox 397 4093 623 4149; x_wconf 83' lang='lat' dir='ltr'><strong>visionis</strong></span> <span class='ocrx_word' id='word_1_565' title='bbox 659 4093 796 4163; x_wconf 82' lang='lat' dir='ltr'><strong>eius.</strong></span> <span class='ocrx_word' id='word_1_566' title='bbox 832 4091 892 4147; x_wconf 89' lang='lat' dir='ltr'><strong>Si</strong></span> <span class='ocrx_word' id='word_1_567' title='bbox 917 4092 1062 4147; x_wconf 81' lang='lat' dir='ltr'><strong>enim</strong></span> <span class='ocrx_word' id='word_1_568' title='bbox 1096 4093 1316 4148; x_wconf 86' lang='lat' dir='ltr'><strong>schema</strong></span> <span class='ocrx_word' id='word_1_569' title='bbox 1343 4091 1461 4162; x_wconf 87' lang='lat' dir='ltr'><strong>eius</strong></span> <span class='ocrx_word' id='word_1_570' title='bbox 1487 4104 1713 4162; x_wconf 76' lang='lat' dir='ltr'><strong>aspexe-</strong></span> 
     </span>
    </p>
   </div>
   <div class='ocr_carea' id='block_1_75' title="bbox 119 4180 1710 4253">
    <p class='ocr_par' dir='ltr' id='par_1_75' title="bbox 119 4180 1710 4253">
     <span class='ocr_line' id='line_1_75' title="bbox 119 4180 1710 4253; baseline 0 -14"><span class='ocrx_word' id='word_1_571' title='bbox 119 4184 278 4250; x_wconf 89' lang='lat' dir='ltr'><strong>ritis,</strong></span> <span class='ocrx_word' id='word_1_572' title='bbox 316 4183 616 4253; x_wconf 88' lang='lat' dir='ltr'><strong>decipiendi</strong></span> <span class='ocrx_word' id='word_1_573' title='bbox 654 4184 788 4239; x_wconf 82' lang='lat' dir='ltr'><strong>estis</strong></span> <span class='ocrx_word' id='word_1_574' title='bbox 820 4182 875 4238; x_wconf 92' lang='lat' dir='ltr'><strong>in</strong></span> <span class='ocrx_word' id='word_1_575' title='bbox 907 4189 1103 4238; x_wconf 86' lang='lat' dir='ltr'><strong>natura</strong></span> <span class='ocrx_word' id='word_1_576' title='bbox 1140 4184 1397 4238; x_wconf 86' lang='lat' dir='ltr'><strong>hmuana.</strong></span> <span class='ocrx_word' id='word_1_577' title='bbox 1433 4180 1491 4238; x_wconf 89' lang='lat' dir='ltr'><strong>Si</strong></span> <span class='ocrx_word' id='word_1_578' title='bbox 1527 4192 1710 4239; x_wconf 88' lang='lat' dir='ltr'><strong>autem</strong></span> 
     </span>
    </p>
   </div>
   <div class='ocr_carea' id='block_1_76' title="bbox 120 4275 1710 4350">
    <p class='ocr_par' dir='ltr' id='par_1_76' title="bbox 120 4275 1710 4350">
     <span class='ocr_line' id='line_1_76' title="bbox 120 4275 1710 4350; baseline 0 -17"><span class='ocrx_word' id='word_1_579' title='bbox 120 4292 257 4349; x_wconf 86' lang='lat' dir='ltr'><strong>opus</strong></span> <span class='ocrx_word' id='word_1_580' title='bbox 294 4279 416 4350; x_wconf 88' lang='lat' dir='ltr'><strong>eius</strong></span> <span class='ocrx_word' id='word_1_581' title='bbox 443 4276 957 4343; x_wconf 87' lang='lat' dir='ltr'><strong>consideraveritis,</strong></span> <span class='ocrx_word' id='word_1_582' title='bbox 992 4275 1236 4332; x_wconf 84' lang='lat' dir='ltr'><strong>salvandi</strong></span> <span class='ocrx_word' id='word_1_583' title='bbox 1264 4276 1397 4332; x_wconf 88' lang='lat' dir='ltr'><strong>estis</strong></span> <span class='ocrx_word' id='word_1_584' title='bbox 1426 4276 1480 4330; x_wconf 92' lang='lat' dir='ltr'><strong>in</strong></span> <span class='ocrx_word' id='word_1_585' title='bbox 1507 4276 1710 4333; x_wconf 87' lang='lat' dir='ltr'><strong>virtute</strong></span> 
     </span>
    </p>
   </div>
   <div class='ocr_carea' id='block_1_77' title="bbox 120 4365 1709 4436">
    <p class='ocr_par' dir='ltr' id='par_1_77' title="bbox 120 4365 1709 4436">
     <span class='ocr_line' id='line_1_77' title="bbox 120 4365 1709 4436; baseline 0.001 -13"><span class='ocrx_word' id='word_1_586' title='bbox 120 4368 326 4425; x_wconf 82' lang='lat' dir='ltr'><strong>divina.</strong></span> <span class='ocrx_word' id='word_1_587' title='bbox 356 4367 534 4423; x_wconf 80' lang='lat' dir='ltr'><strong>Nolite</strong></span> <span class='ocrx_word' id='word_1_588' title='bbox 560 4367 742 4423; x_wconf 85' lang='lat' dir='ltr'><strong>dicere</strong></span> <span class='ocrx_word' id='word_1_589' title='bbox 767 4384 780 4420; x_wconf 89' lang='lat'><strong>:</strong></span> <span class='ocrx_word' id='word_1_590' title='bbox 814 4365 927 4421; x_wconf 88' lang='lat' dir='ltr'><strong>Nos</strong></span> <span class='ocrx_word' id='word_1_591' title='bbox 958 4383 1064 4420; x_wconf 89' lang='lat' dir='ltr'><strong>non</strong></span> <span class='ocrx_word' id='word_1_592' title='bbox 1094 4366 1343 4421; x_wconf 78' lang='lat' dir='ltr'><strong>habemus</strong></span> <span class='ocrx_word' id='word_1_593' title='bbox 1374 4383 1578 4436; x_wconf 84' lang='lat' dir='ltr'><strong>regem,</strong></span> <span class='ocrx_word' id='word_1_594' title='bbox 1607 4368 1709 4427; x_wconf 81' lang='lat' dir='ltr'><strong>nisi</strong></span> 
     </span>
    </p>
   </div>
   <div class='ocr_carea' id='block_1_78' title="bbox 118 4456 1709 4530">
    <p class='ocr_par' dir='ltr' id='par_1_78' title="bbox 118 4456 1709 4530">
     <span class='ocr_line' id='line_1_78' title="bbox 118 4456 1709 4530; baseline -0.001 -15"><span class='ocrx_word' id='word_1_595' title='bbox 118 4460 487 4518; x_wconf 82' lang='lat' dir='ltr'><strong>tantummodo</strong></span> <span class='ocrx_word' id='word_1_596' title='bbox 532 4457 794 4514; x_wconf 76' lang='lat' dir='ltr'><strong>Cresarem</strong></span> <span class='ocrx_word' id='word_1_597' title='bbox 847 4456 1049 4530; x_wconf 82' lang='lat' dir='ltr'><strong>(Joan.</strong></span> <span class='ocrx_word' id='word_1_598' title='bbox 1078 4457 1233 4529; x_wconf 76' lang='lat' dir='ltr'><strong>xu).</strong></span> <span class='ocrx_word' id='word_1_599' title='bbox 1275 4458 1415 4513; x_wconf 86' lang='lat' dir='ltr'><strong>Ecce</strong></span> <span class='ocrx_word' id='word_1_600' title='bbox 1454 4473 1548 4511; x_wconf 81' lang='lat' dir='ltr'><strong>rex</strong></span> <span class='ocrx_word' id='word_1_601' title='bbox 1587 4467 1709 4514; x_wconf 88' lang='lat' dir='ltr'><strong>tuus</strong></span> 
     </span>
    </p>
   </div>
   <div class='ocr_carea' id='block_1_79' title="bbox 114 4548 1709 4618">
    <p class='ocr_par' dir='ltr' id='par_1_79' title="bbox 114 4548 1709 4618">
     <span class='ocr_line' id='line_1_79' title="bbox 114 4548 1709 4618; baseline -0.004 -8"><span class='ocrx_word' id='word_1_602' title='bbox 114 4554 267 4610; x_wconf 86' lang='lat' dir='ltr'><strong>venit</strong></span> <span class='ocrx_word' id='word_1_603' title='bbox 293 4553 395 4610; x_wconf 88' lang='lat' dir='ltr'><strong>tibi</strong></span> <span class='ocrx_word' id='word_1_604' title='bbox 420 4558 763 4616; x_wconf 86' lang='lat' dir='ltr'><strong>mansuetus,</strong></span> <span class='ocrx_word' id='word_1_605' title='bbox 790 4549 987 4605; x_wconf 84' lang='lat' dir='ltr'><strong>cedens</strong></span> <span class='ocrx_word' id='word_1_606' title='bbox 1014 4563 1177 4618; x_wconf 89' lang='lat' dir='ltr'><strong>super</strong></span> <span class='ocrx_word' id='word_1_607' title='bbox 1201 4549 1431 4606; x_wconf 86' lang='lat' dir='ltr'><strong>asinam.</strong></span> <span class='ocrx_word' id='word_1_608' title='bbox 1462 4548 1521 4605; x_wconf 92' lang='lat' dir='ltr'><strong>Si</strong></span> <span class='ocrx_word' id='word_1_609' title='bbox 1551 4549 1709 4605; x_wconf 89' lang='lat' dir='ltr'><strong>intel-</strong></span> 
     </span>
    </p>
   </div>
   <div class='ocr_carea' id='block_1_80' title="bbox 117 4642 1705 4712">
    <p class='ocr_par' dir='ltr' id='par_1_80' title="bbox 117 4642 1705 4712">
     <span class='ocr_line' id='line_1_80' title="bbox 117 4642 1705 4712; baseline 0 -12"><span class='ocrx_word' id='word_1_610' title='bbox 117 4645 352 4712; x_wconf 79' lang='lat' dir='ltr'><strong>lexeris,</strong></span> <span class='ocrx_word' id='word_1_611' title='bbox 384 4646 520 4701; x_wconf 85' lang='lat' dir='ltr'><strong>venit</strong></span> <span class='ocrx_word' id='word_1_612' title='bbox 551 4644 681 4706; x_wconf 86' lang='lat' dir='ltr'><strong>tibi;</strong></span> <span class='ocrx_word' id='word_1_613' title='bbox 715 4643 760 4698; x_wconf 92' lang='lat' dir='ltr'><strong>si</strong></span> <span class='ocrx_word' id='word_1_614' title='bbox 788 4658 895 4697; x_wconf 92' lang='lat' dir='ltr'><strong>non</strong></span> <span class='ocrx_word' id='word_1_615' title='bbox 924 4642 1282 4708; x_wconf 81' lang='lat' dir='ltr'><strong>intellexeris,</strong></span> <span class='ocrx_word' id='word_1_616' title='bbox 1308 4642 1489 4699; x_wconf 85' lang='lat' dir='ltr'><strong>veniet</strong></span> <span class='ocrx_word' id='word_1_617' title='bbox 1516 4652 1705 4700; x_wconf 86' lang='lat' dir='ltr'><strong>contra</strong></span> 
     </span>
    </p>
   </div>
   <div class='ocr_carea' id='block_1_81' title="bbox 116 4734 1708 4807">
    <p class='ocr_par' dir='ltr' id='par_1_81' title="bbox 116 4734 1708 4807">
     <span class='ocr_line' id='line_1_81' title="bbox 116 4734 1708 4807; baseline -0.004 -11"><span class='ocrx_word' id='word_1_618' title='bbox 116 4748 171 4795; x_wconf 90' lang='lat' dir='ltr'><strong>te</strong></span> <span class='ocrx_word' id='word_1_619' title='bbox 188 4781 203 4807; x_wconf 95' lang='lat'><strong>,</strong></span> <span class='ocrx_word' id='word_1_620' title='bbox 234 4741 292 4796; x_wconf 92' lang='lat' dir='ltr'><strong>id</strong></span> <span class='ocrx_word' id='word_1_621' title='bbox 317 4746 403 4795; x_wconf 84' lang='lat' dir='ltr'><strong>est</strong></span> <span class='ocrx_word' id='word_1_622' title='bbox 423 4779 439 4805; x_wconf 95' lang='lat'><strong>,</strong></span> <span class='ocrx_word' id='word_1_623' title='bbox 464 4737 509 4792; x_wconf 89' lang='lat' dir='ltr'><strong>si</strong></span> <span class='ocrx_word' id='word_1_624' title='bbox 538 4734 904 4800; x_wconf 79' lang='lat' dir='ltr'><strong>intellexeris,</strong></span> <span class='ocrx_word' id='word_1_625' title='bbox 930 4734 1110 4790; x_wconf 86' lang='lat' dir='ltr'><strong>veniet</strong></span> <span class='ocrx_word' id='word_1_626' title='bbox 1134 4745 1192 4789; x_wconf 91' lang='lat' dir='ltr'><strong>ut</strong></span> <span class='ocrx_word' id='word_1_627' title='bbox 1215 4734 1386 4793; x_wconf 84' lang='lat' dir='ltr'><strong>salvet</strong></span> <span class='ocrx_word' id='word_1_628' title='bbox 1415 4743 1498 4800; x_wconf 84' lang='lat' dir='ltr'><strong>te,</strong></span> <span class='ocrx_word' id='word_1_629' title='bbox 1530 4743 1585 4790; x_wconf 91' lang='lat' dir='ltr'><strong>et</strong></span> <span class='ocrx_word' id='word_1_630' title='bbox 1607 4734 1708 4791; x_wconf 87' lang='lat' dir='ltr'><strong>sub</strong></span> 
     </span>
    </p>
   </div>
   <div class='ocr_carea' id='block_1_82' title="bbox 114 4827 1707 4902">
    <p class='ocr_par' dir='ltr' id='par_1_82' title="bbox 114 4827 1707 4902">
     <span class='ocr_line' id='line_1_82' title="bbox 114 4827 1707 4902; baseline -0.002 -15"><span class='ocrx_word' id='word_1_631' title='bbox 114 4832 347 4902; x_wconf 86' lang='lat' dir='ltr'><strong>pedibus</strong></span> <span class='ocrx_word' id='word_1_632' title='bbox 372 4829 483 4885; x_wconf 86' lang='lat' dir='ltr'><strong>tuis</strong></span> <span class='ocrx_word' id='word_1_633' title='bbox 512 4829 724 4899; x_wconf 84' lang='lat' dir='ltr'><strong>subiget</strong></span> <span class='ocrx_word' id='word_1_634' title='bbox 744 4834 965 4900; x_wconf 86' lang='lat' dir='ltr'><strong>gentes,</strong></span> <span class='ocrx_word' id='word_1_635' title='bbox 991 4836 1052 4881; x_wconf 90' lang='lat' dir='ltr'><strong>ut</strong></span> <span class='ocrx_word' id='word_1_636' title='bbox 1073 4828 1312 4897; x_wconf 84' lang='lat' dir='ltr'><strong>gaudens</strong></span> <span class='ocrx_word' id='word_1_637' title='bbox 1337 4842 1437 4898; x_wconf 89' lang='lat' dir='ltr'><strong>per</strong></span> <span class='ocrx_word' id='word_1_638' title='bbox 1462 4827 1707 4897; x_wconf 88' lang='lat' dir='ltr'><strong>Prophe-</strong></span> 
     </span>
    </p>
   </div>
   <div class='ocr_carea' id='block_1_83' title="bbox 116 4917 1709 4986">
    <p class='ocr_par' dir='ltr' id='par_1_83' title="bbox 116 4917 1709 4986">
     <span class='ocr_line' id='line_1_83' title="bbox 116 4917 1709 4986; baseline -0.002 -9"><span class='ocrx_word' id='word_1_639' title='bbox 116 4932 227 4977; x_wconf 85' lang='lat' dir='ltr'><strong>tam</strong></span> <span class='ocrx_word' id='word_1_640' title='bbox 270 4923 425 4979; x_wconf 81' lang='lat' dir='ltr'><strong>dicas</strong></span> <span class='ocrx_word' id='word_1_641' title='bbox 454 4939 468 4975; x_wconf 89' lang='lat'><strong>:</strong></span> <span class='ocrx_word' id='word_1_642' title='bbox 501 4918 764 4986; x_wconf 78' lang='lat' dir='ltr'><strong>Quoniam</strong></span> <span class='ocrx_word' id='word_1_643' title='bbox 792 4917 936 4974; x_wconf 82' lang='lat' dir='ltr'><strong>Deus</strong></span> <span class='ocrx_word' id='word_1_644' title='bbox 963 4918 1196 4974; x_wconf 75' lang='lat' dir='ltr'><strong>excelsus</strong></span> <span class='ocrx_word' id='word_1_645' title='bbox 1224 4918 1470 4975; x_wconf 86' lang='lat' dir='ltr'><strong>terribilis</strong></span> <span class='ocrx_word' id='word_1_646' title='bbox 1489 4961 1504 4985; x_wconf 94' lang='lat'><strong>,</strong></span> <span class='ocrx_word' id='word_1_647' title='bbox 1533 4930 1581 4974; x_wconf 90' lang='lat' dir='ltr'><strong>et</strong></span> <span class='ocrx_word' id='word_1_648' title='bbox 1614 4937 1709 4976; x_wconf 81' lang='lat' dir='ltr'><strong>rea:</strong></span> 
     </span>
    </p>
   </div>
   <div class='ocr_carea' id='block_1_84' title="bbox 116 5015 1704 5088">
    <p class='ocr_par' dir='ltr' id='par_1_84' title="bbox 116 5015 1704 5088">
     <span class='ocr_line' id='line_1_84' title="bbox 116 5015 1704 5088; baseline -0.001 -15"><span class='ocrx_word' id='word_1_649' title='bbox 116 5032 345 5088; x_wconf 85' lang='lat' dir='ltr'><strong>magnus</strong></span> <span class='ocrx_word' id='word_1_650' title='bbox 367 5030 525 5087; x_wconf 81' lang='lat' dir='ltr'><strong>super</strong></span> <span class='ocrx_word' id='word_1_651' title='bbox 553 5032 755 5071; x_wconf 78' lang='lat' dir='ltr'><strong>omnem</strong></span> <span class='ocrx_word' id='word_1_652' title='bbox 784 5024 980 5070; x_wconf 89' lang='lat' dir='ltr'><strong>terram</strong></span> <span class='ocrx_word' id='word_1_653' title='bbox 1014 5015 1229 5085; x_wconf 85' lang='lat' dir='ltr'><strong>subjecit</strong></span> <span class='ocrx_word' id='word_1_654' title='bbox 1266 5015 1485 5086; x_wconf 88' lang='lat' dir='ltr'><strong>populos</strong></span> <span class='ocrx_word' id='word_1_655' title='bbox 1522 5015 1669 5071; x_wconf 83' lang='lat' dir='ltr'><strong>nobis</strong></span> <span class='ocrx_word' id='word_1_656' title='bbox 1688 5057 1704 5082; x_wconf 96' lang='lat'><strong>,</strong></span> 
     </span>
    </p>
   </div>
   <div class='ocr_carea' id='block_1_85' title="bbox 117 5106 1707 5180">
    <p class='ocr_par' dir='ltr' id='par_1_85' title="bbox 117 5106 1707 5180">
     <span class='ocr_line' id='line_1_85' title="bbox 117 5106 1707 5180; baseline 0 -17"><span class='ocrx_word' id='word_1_657' title='bbox 117 5118 163 5163; x_wconf 88' lang='lat' dir='ltr'><strong>et</strong></span> <span class='ocrx_word' id='word_1_658' title='bbox 203 5118 385 5180; x_wconf 78' lang='lat' dir='ltr'><strong>gentes</strong></span> <span class='ocrx_word' id='word_1_659' title='bbox 410 5108 505 5163; x_wconf 85' lang='lat' dir='ltr'><strong>sub</strong></span> <span class='ocrx_word' id='word_1_660' title='bbox 530 5107 747 5180; x_wconf 80' lang='lat' dir='ltr'><strong>pedibus</strong></span> <span class='ocrx_word' id='word_1_661' title='bbox 779 5107 1011 5172; x_wconf 87' lang='lat' dir='ltr'><strong>nostris;</strong></span> <span class='ocrx_word' id='word_1_662' title='bbox 1041 5106 1192 5177; x_wconf 88' lang='lat' dir='ltr'><strong>elegit</strong></span> <span class='ocrx_word' id='word_1_663' title='bbox 1225 5124 1318 5163; x_wconf 89' lang='lat' dir='ltr'><strong>nos</strong></span> <span class='ocrx_word' id='word_1_664' title='bbox 1347 5107 1707 5164; x_wconf 57' lang='lat' dir='ltr'><strong>hereditatem</strong></span> 
     </span>
    </p>
   </div>
   <div class='ocr_carea' id='block_1_86' title="bbox 115 5195 1710 5272">
    <p class='ocr_par' dir='ltr' id='par_1_86' title="bbox 115 5195 1710 5272">
     <span class='ocr_line' id='line_1_86' title="bbox 115 5195 1710 5272; baseline -0.001 -16"><span class='ocrx_word' id='word_1_665' title='bbox 115 5201 216 5257; x_wconf 86' lang='lat' dir='ltr'><strong>sibi</strong></span> <span class='ocrx_word' id='word_1_666' title='bbox 245 5201 468 5272; x_wconf 83' lang='lat' dir='ltr'><strong>speciem</strong></span> <span class='ocrx_word' id='word_1_667' title='bbox 495 5198 660 5254; x_wconf 81' lang='lat' dir='ltr'><strong>Jaeob</strong></span> <span class='ocrx_word' id='word_1_668' title='bbox 686 5212 838 5271; x_wconf 75' lang='lat' dir='ltr'><strong>quem</strong></span> <span class='ocrx_word' id='word_1_669' title='bbox 869 5198 1051 5254; x_wconf 73' lang='lat' dir='ltr'><strong>dilexit</strong></span> <span class='ocrx_word' id='word_1_670' title='bbox 1082 5195 1275 5270; x_wconf 85' lang='lat' dir='ltr'><strong>(Psal.</strong></span> <span class='ocrx_word' id='word_1_671' title='bbox 1306 5214 1430 5254; x_wconf 70' lang='lat' dir='ltr'><strong>xevr</strong></span> <span class='ocrx_word' id='word_1_672' title='bbox 1452 5200 1491 5272; x_wconf 93' lang='lat'><strong>).</strong></span> <span class='ocrx_word' id='word_1_673' title='bbox 1529 5198 1585 5255; x_wconf 87' lang='lat' dir='ltr'><strong>Si</strong></span> <span class='ocrx_word' id='word_1_674' title='bbox 1614 5215 1710 5255; x_wconf 85' lang='lat' dir='ltr'><strong>au-</strong></span> 
     </span>
    </p>
   </div>
   <div class='ocr_carea' id='block_1_87' title="bbox 118 5294 1707 5366">
    <p class='ocr_par' dir='ltr' id='par_1_87' title="bbox 118 5294 1707 5366">
     <span class='ocr_line' id='line_1_87' title="bbox 118 5294 1707 5366; baseline -0.001 -13"><span class='ocrx_word' id='word_1_675' title='bbox 118 5304 231 5353; x_wconf 86' lang='lat' dir='ltr'><strong>tem</strong></span> <span class='ocrx_word' id='word_1_676' title='bbox 256 5311 369 5353; x_wconf 88' lang='lat' dir='ltr'><strong>non</strong></span> <span class='ocrx_word' id='word_1_677' title='bbox 398 5294 760 5360; x_wconf 82' lang='lat' dir='ltr'><strong>intellexeris,</strong></span> <span class='ocrx_word' id='word_1_678' title='bbox 789 5295 968 5351; x_wconf 81' lang='lat' dir='ltr'><strong>veniet</strong></span> <span class='ocrx_word' id='word_1_679' title='bbox 992 5303 1051 5350; x_wconf 91' lang='lat' dir='ltr'><strong>ut</strong></span> <span class='ocrx_word' id='word_1_680' title='bbox 1075 5295 1268 5366; x_wconf 87' lang='lat' dir='ltr'><strong>perdat</strong></span> <span class='ocrx_word' id='word_1_681' title='bbox 1296 5304 1369 5362; x_wconf 89' lang='lat' dir='ltr'><strong>te,</strong></span> <span class='ocrx_word' id='word_1_682' title='bbox 1398 5304 1455 5352; x_wconf 88' lang='lat' dir='ltr'><strong>et</strong></span> <span class='ocrx_word' id='word_1_683' title='bbox 1476 5296 1546 5352; x_wconf 91' lang='lat' dir='ltr'><strong>de</strong></span> <span class='ocrx_word' id='word_1_684' title='bbox 1572 5305 1707 5351; x_wconf 89' lang='lat' dir='ltr'><strong>tem-</strong></span> 
     </span>
    </p>
   </div>
   <div class='ocr_carea' id='block_1_88' title="bbox 118 5388 1707 5462">
    <p class='ocr_par' dir='ltr' id='par_1_88' title="bbox 118 5388 1707 5462">
     <span class='ocr_line' id='line_1_88' title="bbox 118 5388 1707 5462; baseline -0.001 -16"><span class='ocrx_word' id='word_1_685' title='bbox 118 5392 210 5462; x_wconf 87' lang='lat' dir='ltr'><strong>plo</strong></span> <span class='ocrx_word' id='word_1_686' title='bbox 240 5389 552 5448; x_wconf 87' lang='lat' dir='ltr'><strong>sanctitatis</strong></span> <span class='ocrx_word' id='word_1_687' title='bbox 581 5388 844 5460; x_wconf 79' lang='lat' dir='ltr'><strong>expellat,</strong></span> <span class='ocrx_word' id='word_1_688' title='bbox 876 5398 933 5445; x_wconf 85' lang='lat' dir='ltr'><strong>et</strong></span> <span class='ocrx_word' id='word_1_689' title='bbox 960 5390 1122 5445; x_wconf 88' lang='lat' dir='ltr'><strong>aliam</strong></span> <span class='ocrx_word' id='word_1_690' title='bbox 1151 5404 1407 5460; x_wconf 88' lang='lat' dir='ltr'><strong>sponsam</strong></span> <span class='ocrx_word' id='word_1_691' title='bbox 1437 5390 1502 5445; x_wconf 89' lang='lat' dir='ltr'><strong>de</strong></span> <span class='ocrx_word' id='word_1_692' title='bbox 1530 5391 1707 5460; x_wconf 89' lang='lat' dir='ltr'><strong>genti-</strong></span> 
     </span>
    </p>
   </div>
   <div class='ocr_carea' id='block_1_89' title="bbox 120 5479 1702 5539">
    <p class='ocr_par' dir='ltr' id='par_1_89' title="bbox 120 5479 1702 5539">
     <span class='ocr_line' id='line_1_89' title="bbox 120 5479 1702 5539; baseline -0.001 -2"><span class='ocrx_word' id='word_1_693' title='bbox 120 5482 224 5539; x_wconf 86' lang='lat' dir='ltr'><strong>bus</strong></span> <span class='ocrx_word' id='word_1_694' title='bbox 253 5480 545 5536; x_wconf 88' lang='lat' dir='ltr'><strong>castiorem</strong></span> <span class='ocrx_word' id='word_1_695' title='bbox 575 5479 798 5537; x_wconf 84' lang='lat' dir='ltr'><strong>inducat</strong></span> <span class='ocrx_word' id='word_1_696' title='bbox 822 5479 877 5534; x_wconf 92' lang='lat' dir='ltr'><strong>in</strong></span> <span class='ocrx_word' id='word_1_697' title='bbox 905 5479 1211 5535; x_wconf 88' lang='lat' dir='ltr'><strong>cubiculum</strong></span> <span class='ocrx_word' id='word_1_698' title='bbox 1238 5480 1545 5537; x_wconf 84' lang='lat' dir='ltr'><strong>sanctitatis</strong></span> <span class='ocrx_word' id='word_1_699' title='bbox 1571 5496 1702 5536; x_wconf 66' lang='lat' dir='ltr'><strong>snas.</strong></span> 
     </span>
    </p>
   </div>
   <div class='ocr_carea' id='block_1_90' title="bbox 123 5571 1705 5646">
    <p class='ocr_par' dir='ltr' id='par_1_90' title="bbox 123 5571 1705 5646">
     <span class='ocr_line' id='line_1_90' title="bbox 123 5571 1705 5646; baseline 0.002 -20"><span class='ocrx_word' id='word_1_700' title='bbox 123 5572 221 5629; x_wconf 88' lang='lat' dir='ltr'><strong>Vis</strong></span> <span class='ocrx_word' id='word_1_701' title='bbox 240 5587 571 5646; x_wconf 85' lang='lat' dir='ltr'><strong>cognoscere</strong></span> <span class='ocrx_word' id='word_1_702' title='bbox 599 5571 1068 5627; x_wconf 83' lang='lat' dir='ltr'><strong>mansuetudinem</strong></span> <span class='ocrx_word' id='word_1_703' title='bbox 1091 5573 1394 5641; x_wconf 84' lang='lat' dir='ltr'><strong>venientis,</strong></span> <span class='ocrx_word' id='word_1_704' title='bbox 1419 5573 1705 5629; x_wconf 78' lang='lat' dir='ltr'><strong>considera</strong></span> 
     </span>
    </p>
   </div>
   <div class='ocr_carea' id='block_1_91' title="bbox 121 5662 1705 5736">
    <p class='ocr_par' dir='ltr' id='par_1_91' title="bbox 121 5662 1705 5736">
     <span class='ocr_line' id='line_1_91' title="bbox 121 5662 1705 5736; baseline 0.001 -16"><span class='ocrx_word' id='word_1_705' title='bbox 121 5668 361 5736; x_wconf 87' lang='lat' dir='ltr'><strong>speciem</strong></span> <span class='ocrx_word' id='word_1_706' title='bbox 409 5667 674 5721; x_wconf 86' lang='lat' dir='ltr'><strong>adventus</strong></span> <span class='ocrx_word' id='word_1_707' title='bbox 722 5662 840 5733; x_wconf 84' lang='lat' dir='ltr'><strong>eius</strong></span> <span class='ocrx_word' id='word_1_708' title='bbox 886 5664 1023 5735; x_wconf 84' lang='lat' dir='ltr'><strong>(Job</strong></span> <span class='ocrx_word' id='word_1_709' title='bbox 1066 5682 1177 5720; x_wconf 76' lang='lat' dir='ltr'><strong>xxx</strong></span> <span class='ocrx_word' id='word_1_710' title='bbox 1204 5666 1243 5736; x_wconf 91' lang='lat'><strong>).</strong></span> <span class='ocrx_word' id='word_1_711' title='bbox 1288 5666 1405 5721; x_wconf 75' lang='lat' dir='ltr'><strong>Non</strong></span> <span class='ocrx_word' id='word_1_712' title='bbox 1453 5666 1603 5721; x_wconf 90' lang='lat' dir='ltr'><strong>sedet</strong></span> <span class='ocrx_word' id='word_1_713' title='bbox 1650 5667 1705 5721; x_wconf 90' lang='lat' dir='ltr'><strong>in</strong></span> 
     </span>
    </p>
   </div>
   <div class='ocr_carea' id='block_1_92' title="bbox 122 5757 1707 5831">
    <p class='ocr_par' dir='ltr' id='par_1_92' title="bbox 122 5757 1707 5831">
     <span class='ocr_line' id='line_1_92' title="bbox 122 5757 1707 5831; baseline 0.003 -21"><span class='ocrx_word' id='word_1_714' title='bbox 122 5768 291 5812; x_wconf 83' lang='lat' dir='ltr'><strong>curru</strong></span> <span class='ocrx_word' id='word_1_715' title='bbox 320 5772 486 5815; x_wconf 80' lang='lat' dir='ltr'><strong>aureo</strong></span> <span class='ocrx_word' id='word_1_716' title='bbox 513 5758 753 5831; x_wconf 86' lang='lat' dir='ltr'><strong>pretiosa</strong></span> <span class='ocrx_word' id='word_1_717' title='bbox 785 5772 1027 5829; x_wconf 86' lang='lat' dir='ltr'><strong>purpura</strong></span> <span class='ocrx_word' id='word_1_718' title='bbox 1060 5757 1271 5830; x_wconf 77' lang='lat' dir='ltr'><strong>fulgens</strong></span> <span class='ocrx_word' id='word_1_719' title='bbox 1289 5800 1302 5825; x_wconf 96' lang='lat'><strong>,</strong></span> <span class='ocrx_word' id='word_1_720' title='bbox 1332 5775 1432 5815; x_wconf 83' lang='lat' dir='ltr'><strong>nec</strong></span> <span class='ocrx_word' id='word_1_721' title='bbox 1462 5761 1707 5816; x_wconf 85' lang='lat' dir='ltr'><strong>ascendit</strong></span> 
     </span>
    </p>
   </div>
   <div class='ocr_carea' id='block_1_93' title="bbox 1732 4595 1789 4655">
    <p class='ocr_par' dir='ltr' id='par_1_93' title="bbox 1732 4595 1789 4655">
     <span class='ocr_line' id='line_1_93' title="bbox 1732 4595 1789 4655; baseline 0 0"><span class='ocrx_word' id='word_1_722' title='bbox 1732 4595 1789 4655; x_wconf 86' lang='lat' dir='ltr'><strong>D</strong></span> 
     </span>
    </p>
   </div>
   <div class='ocr_carea' id='block_1_94' title="bbox 121 5847 1762 5922">
    <p class='ocr_par' dir='ltr' id='par_1_94' title="bbox 121 5847 1762 5922">
     <span class='ocr_line' id='line_1_94' title="bbox 121 5847 1762 5922; baseline 0 -17"><span class='ocrx_word' id='word_1_723' title='bbox 121 5863 284 5921; x_wconf 81' lang='lat' dir='ltr'><strong>super</strong></span> <span class='ocrx_word' id='word_1_724' title='bbox 311 5847 579 5908; x_wconf 81' lang='lat' dir='ltr'><strong>fervidum</strong></span> <span class='ocrx_word' id='word_1_725' title='bbox 605 5866 806 5922; x_wconf 87' lang='lat' dir='ltr'><strong>equum</strong></span> <span class='ocrx_word' id='word_1_726' title='bbox 835 5850 1119 5908; x_wconf 81' lang='lat' dir='ltr'><strong>discordiae</strong></span> <span class='ocrx_word' id='word_1_727' title='bbox 1148 5858 1447 5909; x_wconf 86' lang='lat' dir='ltr'><strong>amatorem</strong></span> <span class='ocrx_word' id='word_1_728' title='bbox 1471 5861 1529 5911; x_wconf 88' lang='lat' dir='ltr'><strong>et</strong></span> <span class='ocrx_word' id='word_1_729' title='bbox 1554 5851 1667 5910; x_wconf 66' lang='lat' dir='ltr'><strong>lit&#39;w</strong></span> <span class='ocrx_word' id='word_1_730' title='bbox 1685 5890 1702 5921; x_wconf 96' lang='lat'><strong>,</strong></span> <span class='ocrx_word' id='word_1_731' title='bbox 1751 5894 1762 5905; x_wconf 92' lang='lat'><strong>.</strong></span> 
     </span>
    </p>
   </div>
   <div class='ocr_carea' id='block_1_95' title="bbox 1821 3442 3404 3517">
    <p class='ocr_par' dir='ltr' id='par_1_95' title="bbox 1821 3442 3404 3517">
     <span class='ocr_line' id='line_1_95' title="bbox 1821 3442 3404 3517; baseline 0.004 -21"><span class='ocrx_word' id='word_1_732' title='bbox 1821 3442 1914 3497; x_wconf 92' lang='lat' dir='ltr'><strong>illo</strong></span> <span class='ocrx_word' id='word_1_733' title='bbox 1940 3443 2162 3499; x_wconf 89' lang='lat' dir='ltr'><strong>domino</strong></span> <span class='ocrx_word' id='word_1_734' title='bbox 2190 3446 2282 3516; x_wconf 90' lang='lat' dir='ltr'><strong>qui</strong></span> <span class='ocrx_word' id='word_1_735' title='bbox 2313 3461 2420 3500; x_wconf 91' lang='lat' dir='ltr'><strong>non</strong></span> <span class='ocrx_word' id='word_1_736' title='bbox 2449 3461 2544 3501; x_wconf 89' lang='lat' dir='ltr'><strong>eos</strong></span> <span class='ocrx_word' id='word_1_737' title='bbox 2565 3448 2929 3515; x_wconf 84' lang='lat' dir='ltr'><strong>cognoscebat</strong></span> <span class='ocrx_word' id='word_1_738' title='bbox 2948 3447 3041 3517; x_wconf 91' lang='lat' dir='ltr'><strong>qui</strong></span> <span class='ocrx_word' id='word_1_739' title='bbox 3060 3455 3264 3513; x_wconf 84' lang='lat' dir='ltr'><strong>essent,</strong></span> <span class='ocrx_word' id='word_1_740' title='bbox 3295 3445 3404 3502; x_wconf 85' lang='lat' dir='ltr'><strong>nisi</strong></span> 
     </span>
    </p>
   </div>
   <div class='ocr_carea' id='block_1_96' title="bbox 1819 3535 3404 3611">
    <p class='ocr_par' dir='ltr' id='par_1_96' title="bbox 1819 3535 3404 3611">
     <span class='ocr_line' id='line_1_96' title="bbox 1819 3535 3404 3611; baseline 0.003 -22"><span class='ocrx_word' id='word_1_741' title='bbox 1819 3535 2177 3605; x_wconf 71' lang='lat' dir='ltr'><strong>prmeminens</strong></span> <span class='ocrx_word' id='word_1_742' title='bbox 2219 3536 2444 3611; x_wconf 87' lang='lat' dir='ltr'><strong>spiritus</strong></span> <span class='ocrx_word' id='word_1_743' title='bbox 2491 3535 2696 3593; x_wconf 83' lang='lat' dir='ltr'><strong>Christi</strong></span> <span class='ocrx_word' id='word_1_744' title='bbox 2732 3553 2827 3594; x_wconf 85' lang='lat' dir='ltr'><strong>eor</strong></span> <span class='ocrx_word' id='word_1_745' title='bbox 2862 3538 3068 3594; x_wconf 81' lang='lat' dir='ltr'><strong>domini</strong></span> <span class='ocrx_word' id='word_1_746' title='bbox 3104 3537 3221 3608; x_wconf 88' lang='lat' dir='ltr'><strong>eius</strong></span> <span class='ocrx_word' id='word_1_747' title='bbox 3263 3553 3404 3610; x_wconf 84' lang='lat' dir='ltr'><strong>prae-</strong></span> 
     </span>
    </p>
   </div>
   <div class='ocr_carea' id='block_1_97' title="bbox 1818 3627 3408 3700">
    <p class='ocr_par' dir='ltr' id='par_1_97' title="bbox 1818 3627 3408 3700">
     <span class='ocr_line' id='line_1_97' title="bbox 1818 3627 3408 3700; baseline 0.004 -19"><span class='ocrx_word' id='word_1_748' title='bbox 1818 3630 2071 3696; x_wconf 80' lang='lat' dir='ltr'><strong>paras‘set</strong></span> <span class='ocrx_word' id='word_1_749' title='bbox 2116 3627 2186 3683; x_wconf 89' lang='lat' dir='ltr'><strong>ad</strong></span> <span class='ocrx_word' id='word_1_750' title='bbox 2229 3627 2489 3685; x_wconf 85' lang='lat' dir='ltr'><strong>dandum.</strong></span> <span class='ocrx_word' id='word_1_751' title='bbox 2535 3627 2627 3684; x_wconf 89' lang='lat' dir='ltr'><strong>Sic</strong></span> <span class='ocrx_word' id='word_1_752' title='bbox 2669 3630 2815 3699; x_wconf 87' lang='lat' dir='ltr'><strong>quod</strong></span> <span class='ocrx_word' id='word_1_753' title='bbox 2855 3631 3084 3700; x_wconf 88' lang='lat' dir='ltr'><strong>apostoli</strong></span> <span class='ocrx_word' id='word_1_754' title='bbox 3127 3630 3408 3688; x_wconf 83' lang='lat' dir='ltr'><strong>solverunt</strong></span> 
     </span>
    </p>
   </div>
   <div class='ocr_carea' id='block_1_98' title="bbox 1816 3717 3404 3793">
    <p class='ocr_par' dir='ltr' id='par_1_98' title="bbox 1816 3717 3404 3793">
     <span class='ocr_line' id='line_1_98' title="bbox 1816 3717 3404 3793; baseline 0.004 -20"><span class='ocrx_word' id='word_1_755' title='bbox 1816 3717 2033 3774; x_wconf 63' lang='lat' dir='ltr'><strong>Iudaeos</strong></span> <span class='ocrx_word' id='word_1_756' title='bbox 2072 3726 2128 3777; x_wconf 88' lang='lat' dir='ltr'><strong>et</strong></span> <span class='ocrx_word' id='word_1_757' title='bbox 2170 3726 2362 3791; x_wconf 84' lang='lat' dir='ltr'><strong>gentes</strong></span> <span class='ocrx_word' id='word_1_758' title='bbox 2387 3719 2455 3776; x_wconf 91' lang='lat' dir='ltr'><strong>de</strong></span> <span class='ocrx_word' id='word_1_759' title='bbox 2479 3720 2699 3777; x_wconf 87' lang='lat' dir='ltr'><strong>vinculo</strong></span> <span class='ocrx_word' id='word_1_760' title='bbox 2722 3721 2961 3788; x_wconf 88' lang='lat' dir='ltr'><strong>inimici,</strong></span> <span class='ocrx_word' id='word_1_761' title='bbox 3000 3722 3057 3777; x_wconf 88' lang='lat' dir='ltr'><strong>in</strong></span> <span class='ocrx_word' id='word_1_762' title='bbox 3080 3722 3257 3793; x_wconf 87' lang='lat' dir='ltr'><strong>prima</strong></span> <span class='ocrx_word' id='word_1_763' title='bbox 3282 3723 3404 3792; x_wconf 84' lang='lat' dir='ltr'><strong>qui—</strong></span> 
     </span>
    </p>
   </div>
   <div class='ocr_carea' id='block_1_99' title="bbox 1816 3810 3399 3884">
    <p class='ocr_par' dir='ltr' id='par_1_99' title="bbox 1816 3810 3399 3884">
     <span class='ocr_line' id='line_1_99' title="bbox 1816 3810 3399 3884; baseline -0.001 -13"><span class='ocrx_word' id='word_1_764' title='bbox 1816 3814 1941 3871; x_wconf 91' lang='lat' dir='ltr'><strong>dem</strong></span> <span class='ocrx_word' id='word_1_765' title='bbox 1988 3810 2128 3867; x_wconf 84' lang='lat' dir='ltr'><strong>facie</strong></span> <span class='ocrx_word' id='word_1_766' title='bbox 2179 3826 2370 3869; x_wconf 86' lang='lat' dir='ltr'><strong>eorum</strong></span> <span class='ocrx_word' id='word_1_767' title='bbox 2421 3813 2705 3868; x_wconf 79' lang='lat' dir='ltr'><strong>videbatur</strong></span> <span class='ocrx_word' id='word_1_768' title='bbox 2749 3826 2917 3884; x_wconf 89' lang='lat' dir='ltr'><strong>opus,</strong></span> <span class='ocrx_word' id='word_1_769' title='bbox 2971 3830 3162 3870; x_wconf 88' lang='lat' dir='ltr'><strong>revera</strong></span> <span class='ocrx_word' id='word_1_770' title='bbox 3213 3823 3399 3870; x_wconf 90' lang='lat' dir='ltr'><strong>autem</strong></span> 
     </span>
    </p>
   </div>
   <div class='ocr_carea' id='block_1_100' title="bbox 1816 3900 3404 3973">
    <p class='ocr_par' dir='ltr' id='par_1_100' title="bbox 1816 3900 3404 3973">
     <span class='ocr_line' id='line_1_100' title="bbox 1816 3900 3404 3973; baseline -0.001 -12"><span class='ocrx_word' id='word_1_771' title='bbox 1816 3904 1992 3961; x_wconf 86' lang='lat' dir='ltr'><strong>virtus</strong></span> <span class='ocrx_word' id='word_1_772' title='bbox 2015 3900 2119 3959; x_wconf 85' lang='lat' dir='ltr'><strong>fuit</strong></span> <span class='ocrx_word' id='word_1_773' title='bbox 2143 3911 2199 3959; x_wconf 85' lang='lat' dir='ltr'><strong>et</strong></span> <span class='ocrx_word' id='word_1_774' title='bbox 2218 3902 2394 3973; x_wconf 82' lang='lat' dir='ltr'><strong>gratia</strong></span> <span class='ocrx_word' id='word_1_775' title='bbox 2418 3901 2641 3960; x_wconf 88' lang='lat' dir='ltr'><strong>Christi.</strong></span> <span class='ocrx_word' id='word_1_776' title='bbox 2672 3902 2786 3959; x_wconf 80' lang='lat' dir='ltr'><strong>Nec</strong></span> <span class='ocrx_word' id='word_1_777' title='bbox 2804 3904 2951 3960; x_wconf 86' lang='lat' dir='ltr'><strong>enim</strong></span> <span class='ocrx_word' id='word_1_778' title='bbox 2976 3920 3006 3958; x_wconf 89' lang='lat' dir='ltr'><strong>a</strong></span> <span class='ocrx_word' id='word_1_779' title='bbox 3027 3904 3246 3961; x_wconf 86' lang='lat' dir='ltr'><strong>Christo</strong></span> <span class='ocrx_word' id='word_1_780' title='bbox 3273 3905 3404 3960; x_wconf 83' lang='lat' dir='ltr'><strong>duo-</strong></span> 
     </span>
    </p>
   </div>
   <div class='ocr_carea' id='block_1_101' title="bbox 1813 3996 3401 4068">
    <p class='ocr_par' dir='ltr' id='par_1_101' title="bbox 1813 3996 3401 4068">
     <span class='ocr_line' id='line_1_101' title="bbox 1813 3996 3401 4068; baseline 0.001 -15"><span class='ocrx_word' id='word_1_781' title='bbox 1813 3998 1990 4055; x_wconf 89' lang='lat' dir='ltr'><strong>decim</strong></span> <span class='ocrx_word' id='word_1_782' title='bbox 2026 3997 2306 4054; x_wconf 81' lang='lat' dir='ltr'><strong>constituti</strong></span> <span class='ocrx_word' id='word_1_783' title='bbox 2340 4004 2512 4053; x_wconf 85' lang='lat' dir='ltr'><strong>totum</strong></span> <span class='ocrx_word' id='word_1_784' title='bbox 2554 3996 2814 4053; x_wconf 83' lang='lat' dir='ltr'><strong>mundum</strong></span> <span class='ocrx_word' id='word_1_785' title='bbox 2844 3998 3064 4068; x_wconf 89' lang='lat' dir='ltr'><strong>ligatum</strong></span> <span class='ocrx_word' id='word_1_786' title='bbox 3107 3999 3208 4055; x_wconf 89' lang='lat' dir='ltr'><strong>sub</strong></span> <span class='ocrx_word' id='word_1_787' title='bbox 3242 4006 3401 4068; x_wconf 89' lang='lat' dir='ltr'><strong>pote-</strong></span> 
     </span>
    </p>
   </div>
   <div class='ocr_carea' id='block_1_102' title="bbox 1814 4088 3398 4161">
    <p class='ocr_par' dir='ltr' id='par_1_102' title="bbox 1814 4088 3398 4161">
     <span class='ocr_line' id='line_1_102' title="bbox 1814 4088 3398 4161; baseline -0.001 -15"><span class='ocrx_word' id='word_1_788' title='bbox 1814 4098 1954 4146; x_wconf 88' lang='lat' dir='ltr'><strong>state</strong></span> <span class='ocrx_word' id='word_1_789' title='bbox 1997 4088 2196 4146; x_wconf 89' lang='lat' dir='ltr'><strong>diaboli</strong></span> <span class='ocrx_word' id='word_1_790' title='bbox 2235 4088 2446 4146; x_wconf 87' lang='lat' dir='ltr'><strong>solvere</strong></span> <span class='ocrx_word' id='word_1_791' title='bbox 2481 4089 2813 4160; x_wconf 84' lang='lat' dir='ltr'><strong>potuissent,</strong></span> <span class='ocrx_word' id='word_1_792' title='bbox 2847 4089 2952 4144; x_wconf 87' lang='lat' dir='ltr'><strong>nisi</strong></span> <span class='ocrx_word' id='word_1_793' title='bbox 2986 4090 3161 4161; x_wconf 84' lang='lat' dir='ltr'><strong>gratia</strong></span> <span class='ocrx_word' id='word_1_794' title='bbox 3192 4089 3398 4146; x_wconf 89' lang='lat' dir='ltr'><strong>Christi</strong></span> 
     </span>
    </p>
   </div>
   <div class='ocr_carea' id='block_1_103' title="bbox 1812 4178 3398 4254">
    <p class='ocr_par' dir='ltr' id='par_1_103' title="bbox 1812 4178 3398 4254">
     <span class='ocr_line' id='line_1_103' title="bbox 1812 4178 3398 4254; baseline 0.001 -20"><span class='ocrx_word' id='word_1_795' title='bbox 1812 4180 2074 4237; x_wconf 89' lang='lat' dir='ltr'><strong>virtutem</strong></span> <span class='ocrx_word' id='word_1_796' title='bbox 2094 4178 2493 4251; x_wconf 82' lang='lat' dir='ltr'><strong>confregissent</strong></span> <span class='ocrx_word' id='word_1_797' title='bbox 2514 4179 2741 4235; x_wconf 88' lang='lat' dir='ltr'><strong>inimici.</strong></span> <span class='ocrx_word' id='word_1_798' title='bbox 2768 4178 2875 4235; x_wconf 87' lang='lat' dir='ltr'><strong>Sed</strong></span> <span class='ocrx_word' id='word_1_799' title='bbox 2903 4181 3219 4246; x_wconf 88' lang='lat' dir='ltr'><strong>notandum,</strong></span> <span class='ocrx_word' id='word_1_800' title='bbox 3252 4180 3398 4254; x_wconf 88' lang='lat' dir='ltr'><strong>quod</strong></span> 
     </span>
    </p>
   </div>
   <div class='ocr_carea' id='block_1_104' title="bbox 1812 4268 3398 4340">
    <p class='ocr_par' dir='ltr' id='par_1_104' title="bbox 1812 4268 3398 4340">
     <span class='ocr_line' id='line_1_104' title="bbox 1812 4268 3398 4340; baseline 0.001 -15"><span class='ocrx_word' id='word_1_801' title='bbox 1812 4270 2003 4329; x_wconf 89' lang='lat' dir='ltr'><strong>scribit</strong></span> <span class='ocrx_word' id='word_1_802' title='bbox 2031 4269 2273 4336; x_wconf 82' lang='lat' dir='ltr'><strong>Marcus,</strong></span> <span class='ocrx_word' id='word_1_803' title='bbox 2303 4270 2513 4340; x_wconf 88' lang='lat' dir='ltr'><strong>pullum</strong></span> <span class='ocrx_word' id='word_1_804' title='bbox 2553 4277 2680 4325; x_wconf 91' lang='lat' dir='ltr'><strong>ante</strong></span> <span class='ocrx_word' id='word_1_805' title='bbox 2714 4268 2938 4339; x_wconf 89' lang='lat' dir='ltr'><strong>ianuam</strong></span> <span class='ocrx_word' id='word_1_806' title='bbox 2993 4269 3213 4326; x_wconf 82' lang='lat' dir='ltr'><strong>foris-in</strong></span> <span class='ocrx_word' id='word_1_807' title='bbox 3250 4270 3398 4326; x_wconf 88' lang='lat' dir='ltr'><strong>bivio</strong></span> 
     </span>
    </p>
   </div>
   <div class='ocr_carea' id='block_1_105' title="bbox 1813 4359 3399 4434">
    <p class='ocr_par' dir='ltr' id='par_1_105' title="bbox 1813 4359 3399 4434">
     <span class='ocr_line' id='line_1_105' title="bbox 1813 4359 3399 4434; baseline -0.002 -16"><span class='ocrx_word' id='word_1_808' title='bbox 1813 4363 2090 4419; x_wconf 85' lang='lat' dir='ltr'><strong>inventum</strong></span> <span class='ocrx_word' id='word_1_809' title='bbox 2130 4361 2150 4434; x_wconf 94' lang='lat'>(</span> <span class='ocrx_word' id='word_1_810' title='bbox 2172 4360 2345 4417; x_wconf 76' lang='lat' dir='ltr'><strong>Marc.</strong></span> <span class='ocrx_word' id='word_1_811' title='bbox 2380 4360 2476 4434; x_wconf 71' lang='grc' dir='ltr'><strong>χι)</strong></span> <span class='ocrx_word' id='word_1_812' title='bbox 2507 4379 2521 4414; x_wconf 93' lang='lat'><strong>:</strong></span> <span class='ocrx_word' id='word_1_813' title='bbox 2562 4360 2730 4430; x_wconf 85' lang='lat' dir='ltr'><strong>ianua</strong></span> <span class='ocrx_word' id='word_1_814' title='bbox 2772 4368 2954 4417; x_wconf 89' lang='lat' dir='ltr'><strong>autem</strong></span> <span class='ocrx_word' id='word_1_815' title='bbox 2989 4359 3105 4430; x_wconf 89' lang='lat' dir='ltr'><strong>ipse</strong></span> <span class='ocrx_word' id='word_1_816' title='bbox 3144 4369 3265 4426; x_wconf 89' lang='lat' dir='ltr'><strong>est,</strong></span> <span class='ocrx_word' id='word_1_817' title='bbox 3306 4360 3399 4430; x_wconf 92' lang='lat' dir='ltr'><strong>qui</strong></span> 
     </span>
    </p>
   </div>
   <div class='ocr_carea' id='block_1_106' title="bbox 1813 4451 3400 4526">
    <p class='ocr_par' dir='ltr' id='par_1_106' title="bbox 1813 4451 3400 4526">
     <span class='ocr_line' id='line_1_106' title="bbox 1813 4451 3400 4526; baseline -0.003 -17"><span class='ocrx_word' id='word_1_818' title='bbox 1813 4456 1887 4513; x_wconf 89' lang='lat' dir='ltr'><strong>ait</strong></span> <span class='ocrx_word' id='word_1_819' title='bbox 1914 4473 1927 4509; x_wconf 91' lang='lat'><strong>:</strong></span> <span class='ocrx_word' id='word_1_820' title='bbox 1957 4455 2072 4526; x_wconf 86' lang='lat' dir='ltr'><strong>Ego</strong></span> <span class='ocrx_word' id='word_1_821' title='bbox 2100 4472 2219 4511; x_wconf 91' lang='lat' dir='ltr'><strong>sum</strong></span> <span class='ocrx_word' id='word_1_822' title='bbox 2234 4455 2410 4525; x_wconf 86' lang='lat' dir='ltr'><strong>jamta</strong></span> <span class='ocrx_word' id='word_1_823' title='bbox 2437 4453 2649 4520; x_wconf 78' lang='lat' dir='ltr'><strong>ovium;</strong></span> <span class='ocrx_word' id='word_1_824' title='bbox 2674 4468 2769 4524; x_wconf 88' lang='lat' dir='ltr'><strong>per</strong></span> <span class='ocrx_word' id='word_1_825' title='bbox 2799 4469 2880 4507; x_wconf 89' lang='lat' dir='ltr'><strong>me</strong></span> <span class='ocrx_word' id='word_1_826' title='bbox 2904 4452 2951 4507; x_wconf 90' lang='lat' dir='ltr'><strong>si</strong></span> <span class='ocrx_word' id='word_1_827' title='bbox 2977 4452 3094 4523; x_wconf 80' lang='lat' dir='ltr'><strong>quis</strong></span> <span class='ocrx_word' id='word_1_828' title='bbox 3119 4451 3400 4519; x_wconf 88' lang='lat' dir='ltr'><strong>introierit,</strong></span> 
     </span>
    </p>
   </div>
   <div class='ocr_carea' id='block_1_107' title="bbox 1811 4544 3397 4617">
    <p class='ocr_par' dir='ltr' id='par_1_107' title="bbox 1811 4544 3397 4617">
     <span class='ocr_line' id='line_1_107' title="bbox 1811 4544 3397 4617; baseline -0.004 -13"><span class='ocrx_word' id='word_1_829' title='bbox 1811 4547 2118 4615; x_wconf 72' lang='lat' dir='ltr'><strong>minabitur,</strong></span> <span class='ocrx_word' id='word_1_830' title='bbox 2144 4557 2193 4603; x_wconf 88' lang='lat' dir='ltr'><strong>et</strong></span> <span class='ocrx_word' id='word_1_831' title='bbox 2218 4546 2543 4617; x_wconf 84' lang='lat' dir='ltr'><strong>ingredietur</strong></span> <span class='ocrx_word' id='word_1_832' title='bbox 2562 4554 2611 4600; x_wconf 91' lang='lat' dir='ltr'><strong>et</strong></span> <span class='ocrx_word' id='word_1_833' title='bbox 2634 4544 2948 4615; x_wconf 75' lang='lat' dir='ltr'><strong>egredietur,</strong></span> <span class='ocrx_word' id='word_1_834' title='bbox 2970 4553 3018 4598; x_wconf 90' lang='lat' dir='ltr'><strong>et</strong></span> <span class='ocrx_word' id='word_1_835' title='bbox 3039 4560 3237 4614; x_wconf 85' lang='lat' dir='ltr'><strong>pascua</strong></span> <span class='ocrx_word' id='word_1_836' title='bbox 3260 4545 3397 4598; x_wconf 88' lang='lat' dir='ltr'><strong>inve-</strong></span> 
     </span>
    </p>
   </div>
   <div class='ocr_carea' id='block_1_108' title="bbox 1814 4632 3395 4710">
    <p class='ocr_par' dir='ltr' id='par_1_108' title="bbox 1814 4632 3395 4710">
     <span class='ocr_line' id='line_1_108' title="bbox 1814 4632 3395 4710; baseline -0.003 -16"><span class='ocrx_word' id='word_1_837' title='bbox 1814 4640 1919 4695; x_wconf 87' lang='lat' dir='ltr'><strong>niet</strong></span> <span class='ocrx_word' id='word_1_838' title='bbox 1944 4638 2127 4710; x_wconf 84' lang='lat' dir='ltr'><strong>(Joan.</strong></span> <span class='ocrx_word' id='word_1_839' title='bbox 2160 4638 2237 4709; x_wconf 71' lang='grc' dir='ltr'><strong>χ).</strong></span> <span class='ocrx_word' id='word_1_840' title='bbox 2262 4635 2469 4704; x_wconf 83' lang='lat' dir='ltr'><strong>Quibus</strong></span> <span class='ocrx_word' id='word_1_841' title='bbox 2489 4635 2614 4691; x_wconf 65' lang='lat' dir='ltr'><strong>vitae</strong></span> <span class='ocrx_word' id='word_1_842' title='bbox 2629 4635 2848 4706; x_wconf 85' lang='lat' dir='ltr'><strong>pascuis</strong></span> <span class='ocrx_word' id='word_1_843' title='bbox 2878 4634 2982 4689; x_wconf 88' lang='lat' dir='ltr'><strong>iste</strong></span> <span class='ocrx_word' id='word_1_844' title='bbox 3000 4633 3198 4705; x_wconf 88' lang='lat' dir='ltr'><strong>pullus,</strong></span> <span class='ocrx_word' id='word_1_845' title='bbox 3235 4632 3290 4689; x_wconf 88' lang='lat' dir='ltr'><strong>id</strong></span> <span class='ocrx_word' id='word_1_846' title='bbox 3317 4641 3395 4689; x_wconf 72' lang='lat' dir='ltr'><strong>est</strong></span> 
     </span>
    </p>
   </div>
   <div class='ocr_carea' id='block_1_109' title="bbox 1813 4728 3398 4804">
    <p class='ocr_par' dir='ltr' id='par_1_109' title="bbox 1813 4728 3398 4804">
     <span class='ocr_line' id='line_1_109' title="bbox 1813 4728 3398 4804; baseline -0.006 -14"><span class='ocrx_word' id='word_1_847' title='bbox 1813 4733 2042 4804; x_wconf 82' lang='lat' dir='ltr'><strong>populus</strong></span> <span class='ocrx_word' id='word_1_848' title='bbox 2066 4732 2331 4803; x_wconf 91' lang='lat' dir='ltr'><strong>gentium,</strong></span> <span class='ocrx_word' id='word_1_849' title='bbox 2355 4729 2597 4793; x_wconf 88' lang='lat' dir='ltr'><strong>carebat,</strong></span> <span class='ocrx_word' id='word_1_850' title='bbox 2627 4729 2846 4799; x_wconf 87' lang='lat' dir='ltr'><strong>quando</strong></span> <span class='ocrx_word' id='word_1_851' title='bbox 2875 4728 3054 4784; x_wconf 85' lang='lat' dir='ltr'><strong>adhuc</strong></span> <span class='ocrx_word' id='word_1_852' title='bbox 3078 4735 3233 4785; x_wconf 81' lang='lat' dir='ltr'><strong>extra</strong></span> <span class='ocrx_word' id='word_1_853' title='bbox 3254 4728 3398 4782; x_wconf 89' lang='lat' dir='ltr'><strong>hanc</strong></span> 
     </span>
    </p>
   </div>
   <div class='ocr_carea' id='block_1_110' title="bbox 1809 4818 3399 4899">
    <p class='ocr_par' dir='ltr' id='par_1_110' title="bbox 1809 4818 3399 4899">
     <span class='ocr_line' id='line_1_110' title="bbox 1809 4818 3399 4899; baseline -0.005 -17"><span class='ocrx_word' id='word_1_854' title='bbox 1809 4827 2031 4899; x_wconf 85' lang='lat' dir='ltr'><strong>ianuam</strong></span> <span class='ocrx_word' id='word_1_855' title='bbox 2052 4824 2107 4880; x_wconf 93' lang='lat' dir='ltr'><strong>in</strong></span> <span class='ocrx_word' id='word_1_856' title='bbox 2130 4823 2277 4880; x_wconf 87' lang='lat' dir='ltr'><strong>bivio</strong></span> <span class='ocrx_word' id='word_1_857' title='bbox 2296 4823 2498 4895; x_wconf 78' lang='lat' dir='ltr'><strong>ligatus</strong></span> <span class='ocrx_word' id='word_1_858' title='bbox 2516 4821 2714 4878; x_wconf 81' lang='lat' dir='ltr'><strong>stabat.</strong></span> <span class='ocrx_word' id='word_1_859' title='bbox 2737 4820 2804 4897; x_wconf 61' lang='lat' dir='ltr'><strong>Fit</strong></span> <span class='ocrx_word' id='word_1_860' title='bbox 2826 4827 2975 4881; x_wconf 77' lang='lat' dir='ltr'><strong>recte</strong></span> <span class='ocrx_word' id='word_1_861' title='bbox 3001 4819 3061 4875; x_wconf 75' lang='lat' dir='ltr'><strong>in</strong></span> <span class='ocrx_word' id='word_1_862' title='bbox 3076 4819 3248 4885; x_wconf 78' lang='lat' dir='ltr'><strong>bivio,</strong></span> <span class='ocrx_word' id='word_1_863' title='bbox 3271 4818 3399 4890; x_wconf 81' lang='lat' dir='ltr'><strong>quia</strong></span> 
     </span>
    </p>
   </div>
   <div class='ocr_carea' id='block_1_111' title="bbox 1814 4911 3401 4984">
    <p class='ocr_par' dir='ltr' id='par_1_111' title="bbox 1814 4911 3401 4984">
     <span class='ocr_line' id='line_1_111' title="bbox 1814 4911 3401 4984; baseline -0.007 -7"><span class='ocrx_word' id='word_1_864' title='bbox 1814 4936 1923 4977; x_wconf 92' lang='lat' dir='ltr'><strong>non</strong></span> <span class='ocrx_word' id='word_1_865' title='bbox 1945 4933 2110 4974; x_wconf 89' lang='lat' dir='ltr'><strong>unam</strong></span> <span class='ocrx_word' id='word_1_866' title='bbox 2130 4923 2313 4974; x_wconf 88' lang='lat' dir='ltr'><strong>certus</strong></span> <span class='ocrx_word' id='word_1_867' title='bbox 2334 4916 2461 4972; x_wconf 62' lang='lat' dir='ltr'><strong>vita;</strong></span> <span class='ocrx_word' id='word_1_868' title='bbox 2480 4914 2713 4984; x_wconf 82' lang='lat' dir='ltr'><strong>ﬁdeique</strong></span> <span class='ocrx_word' id='word_1_869' title='bbox 2734 4914 2877 4971; x_wconf 79' lang='lat' dir='ltr'><strong>viam</strong></span> <span class='ocrx_word' id='word_1_870' title='bbox 2901 4912 3141 4979; x_wconf 85' lang='lat' dir='ltr'><strong>tenebat,</strong></span> <span class='ocrx_word' id='word_1_871' title='bbox 3163 4911 3259 4968; x_wconf 84' lang='lat' dir='ltr'><strong>sed</strong></span> <span class='ocrx_word' id='word_1_872' title='bbox 3279 4911 3401 4982; x_wconf 89' lang='lat' dir='ltr'><strong>plu-</strong></span> 
     </span>
    </p>
   </div>
   <div class='ocr_carea' id='block_1_112' title="bbox 1815 5006 3395 5080">
    <p class='ocr_par' dir='ltr' id='par_1_112' title="bbox 1815 5006 3395 5080">
     <span class='ocr_line' id='line_1_112' title="bbox 1815 5006 3395 5080; baseline -0.007 -12"><span class='ocrx_word' id='word_1_873' title='bbox 1815 5029 1904 5069; x_wconf 82' lang='lat' dir='ltr'><strong>res</strong></span> <span class='ocrx_word' id='word_1_874' title='bbox 1935 5011 2234 5080; x_wconf 80' lang='lat' dir='ltr'><strong>dubiosque</strong></span> <span class='ocrx_word' id='word_1_875' title='bbox 2260 5021 2533 5066; x_wconf 85' lang='lat' dir='ltr'><strong>sectarum</strong></span> <span class='ocrx_word' id='word_1_876' title='bbox 2561 5006 2729 5065; x_wconf 86' lang='lat' dir='ltr'><strong>colles</strong></span> <span class='ocrx_word' id='word_1_877' title='bbox 2756 5006 3088 5077; x_wconf 84' lang='lat' dir='ltr'><strong>sequebatur</strong></span> <span class='ocrx_word' id='word_1_878' title='bbox 3109 5018 3395 5061; x_wconf 88' lang='lat' dir='ltr'><strong>erroneus.</strong></span> 
     </span>
    </p>
   </div>
   <div class='ocr_carea' id='block_1_113' title="bbox 1885 5102 3399 5177">
    <p class='ocr_par' dir='ltr' id='par_1_113' title="bbox 1885 5102 3399 5177">
     <span class='ocr_line' id='line_1_113' title="bbox 1885 5102 3399 5177; baseline -0.003 -16"><span class='ocrx_word' id='word_1_879' title='bbox 1885 5105 1957 5161; x_wconf 86' lang='lat' dir='ltr'><strong>Et</strong></span> <span class='ocrx_word' id='word_1_880' title='bbox 1989 5106 2350 5177; x_wconf 76' lang='lat' dir='ltr'><strong>imposuerunt</strong></span> <span class='ocrx_word' id='word_1_881' title='bbox 2384 5120 2543 5175; x_wconf 89' lang='lat' dir='ltr'><strong>super</strong></span> <span class='ocrx_word' id='word_1_882' title='bbox 2575 5119 2666 5159; x_wconf 84' lang='lat' dir='ltr'><strong>eos</strong></span> <span class='ocrx_word' id='word_1_883' title='bbox 2697 5102 3005 5158; x_wconf 80' lang='lat' dir='ltr'><strong>vestimenta</strong></span> <span class='ocrx_word' id='word_1_884' title='bbox 3039 5116 3174 5167; x_wconf 73' lang='lat' dir='ltr'><strong>sua,</strong></span> <span class='ocrx_word' id='word_1_885' title='bbox 3203 5109 3254 5157; x_wconf 89' lang='lat' dir='ltr'><strong>et</strong></span> <span class='ocrx_word' id='word_1_886' title='bbox 3278 5115 3399 5157; x_wconf 83' lang='lat' dir='ltr'><strong>eunt</strong></span> 
     </span>
    </p>
   </div>
   <div class='ocr_carea' id='block_1_114' title="bbox 1815 5190 3398 5270">
    <p class='ocr_par' dir='ltr' id='par_1_114' title="bbox 1815 5190 3398 5270">
     <span class='ocr_line' id='line_1_114' title="bbox 1815 5190 3398 5270; baseline -0.006 -14"><span class='ocrx_word' id='word_1_887' title='bbox 1815 5201 2040 5270; x_wconf 81' lang='lat' dir='ltr'><strong>desuper</strong></span> <span class='ocrx_word' id='word_1_888' title='bbox 2090 5197 2269 5252; x_wconf 80' lang='lat' dir='ltr'><strong>sedere</strong></span> <span class='ocrx_word' id='word_1_889' title='bbox 2324 5197 2580 5267; x_wconf 81' lang='lat' dir='ltr'><strong>fecerunt.</strong></span> <span class='ocrx_word' id='word_1_890' title='bbox 2635 5194 2973 5252; x_wconf 82' lang='lat' dir='ltr'><strong>Vestimenta</strong></span> <span class='ocrx_word' id='word_1_891' title='bbox 3032 5190 3398 5263; x_wconf 83' lang='lat' dir='ltr'><strong>apostolorum</strong></span> 
     </span>
    </p>
   </div>
   <div class='ocr_carea' id='block_1_115' title="bbox 1812 5282 3401 5360">
    <p class='ocr_par' dir='ltr' id='par_1_115' title="bbox 1812 5282 3401 5360">
     <span class='ocr_line' id='line_1_115' title="bbox 1812 5282 3401 5360; baseline -0.005 -13"><span class='ocrx_word' id='word_1_892' title='bbox 1812 5300 1940 5348; x_wconf 88' lang='lat' dir='ltr'><strong>sunt</strong></span> <span class='ocrx_word' id='word_1_893' title='bbox 1963 5296 2234 5360; x_wconf 83' lang='lat' dir='ltr'><strong>praecepta</strong></span> <span class='ocrx_word' id='word_1_894' title='bbox 2256 5287 2461 5353; x_wconf 83' lang='lat' dir='ltr'><strong>divina,</strong></span> <span class='ocrx_word' id='word_1_895' title='bbox 2487 5294 2544 5343; x_wconf 89' lang='lat' dir='ltr'><strong>et</strong></span> <span class='ocrx_word' id='word_1_896' title='bbox 2567 5285 2739 5358; x_wconf 86' lang='lat' dir='ltr'><strong>gratia</strong></span> <span class='ocrx_word' id='word_1_897' title='bbox 2764 5284 3042 5357; x_wconf 84' lang='lat' dir='ltr'><strong>spiritalis.</strong></span> <span class='ocrx_word' id='word_1_898' title='bbox 3072 5282 3227 5340; x_wconf 84' lang='lat' dir='ltr'><strong>Sicut</strong></span> <span class='ocrx_word' id='word_1_899' title='bbox 3250 5282 3401 5340; x_wconf 86' lang='lat' dir='ltr'><strong>enim</strong></span> 
     </span>
    </p>
   </div>
   <div class='ocr_carea' id='block_1_116' title="bbox 1811 5375 3396 5453">
    <p class='ocr_par' dir='ltr' id='par_1_116' title="bbox 1811 5375 3396 5453">
     <span class='ocr_line' id='line_1_116' title="bbox 1811 5375 3396 5453; baseline -0.006 -14"><span class='ocrx_word' id='word_1_900' title='bbox 1811 5382 2073 5439; x_wconf 87' lang='lat' dir='ltr'><strong>nuditatis</strong></span> <span class='ocrx_word' id='word_1_901' title='bbox 2101 5381 2379 5453; x_wconf 83' lang='lat' dir='ltr'><strong>turpitudo</strong></span> <span class='ocrx_word' id='word_1_902' title='bbox 2412 5378 2739 5435; x_wconf 77' lang='lat' dir='ltr'><strong>vestimento</strong></span> <span class='ocrx_word' id='word_1_903' title='bbox 2766 5377 2988 5451; x_wconf 87' lang='lat' dir='ltr'><strong>tegitur,</strong></span> <span class='ocrx_word' id='word_1_904' title='bbox 3019 5377 3100 5434; x_wconf 87' lang='lat' dir='ltr'><strong>sic</strong></span> <span class='ocrx_word' id='word_1_905' title='bbox 3126 5375 3396 5434; x_wconf 81' lang='lat' dir='ltr'><strong>naturalia</strong></span> 
     </span>
    </p>
   </div>
   <div class='ocr_carea' id='block_1_117' title="bbox 1810 5472 3401 5544">
    <p class='ocr_par' dir='ltr' id='par_1_117' title="bbox 1810 5472 3401 5544">
     <span class='ocr_line' id='line_1_117' title="bbox 1810 5472 3401 5544; baseline -0.006 -10"><span class='ocrx_word' id='word_1_906' title='bbox 1810 5478 1952 5534; x_wconf 87' lang='lat' dir='ltr'><strong>mala</strong></span> <span class='ocrx_word' id='word_1_907' title='bbox 1976 5478 2159 5534; x_wconf 82' lang='lat' dir='ltr'><strong>carnis</strong></span> <span class='ocrx_word' id='word_1_908' title='bbox 2182 5484 2384 5532; x_wconf 64' lang='lat' dir='ltr'><strong>nostra:</strong></span> <span class='ocrx_word' id='word_1_909' title='bbox 2406 5473 2693 5544; x_wconf 67' lang='lat' dir='ltr'><strong>praeceptis</strong></span> <span class='ocrx_word' id='word_1_910' title='bbox 2716 5480 2773 5528; x_wconf 87' lang='lat' dir='ltr'><strong>et</strong></span> <span class='ocrx_word' id='word_1_911' title='bbox 2795 5472 2971 5544; x_wconf 87' lang='lat' dir='ltr'><strong>gratia</strong></span> <span class='ocrx_word' id='word_1_912' title='bbox 2998 5472 3180 5528; x_wconf 88' lang='lat' dir='ltr'><strong>divina</strong></span> <span class='ocrx_word' id='word_1_913' title='bbox 3206 5480 3401 5540; x_wconf 80' lang='lat' dir='ltr'><strong>tegun-</strong></span> 
     </span>
    </p>
   </div>
   <div class='ocr_carea' id='block_1_118' title="bbox 1810 5561 3398 5644">
    <p class='ocr_par' dir='ltr' id='par_1_118' title="bbox 1810 5561 3398 5644">
     <span class='ocr_line' id='line_1_118' title="bbox 1810 5561 3398 5644; baseline -0.009 -16"><span class='ocrx_word' id='word_1_914' title='bbox 1810 5582 1916 5628; x_wconf 89' lang='lat' dir='ltr'><strong>tur.</strong></span> <span class='ocrx_word' id='word_1_915' title='bbox 1948 5569 2213 5644; x_wconf 80' lang='lat' dir='ltr'><strong>(Hieron.</strong></span> <span class='ocrx_word' id='word_1_916' title='bbox 2239 5568 2257 5639; x_wconf 85' lang='lat'>)</span> <span class='ocrx_word' id='word_1_917' title='bbox 2284 5564 2470 5622; x_wconf 87' lang='lat' dir='ltr'><strong>Pullus</strong></span> <span class='ocrx_word' id='word_1_918' title='bbox 2498 5565 2697 5636; x_wconf 87' lang='lat' dir='ltr'><strong>quippe</strong></span> <span class='ocrx_word' id='word_1_919' title='bbox 2736 5563 2841 5620; x_wconf 86' lang='lat' dir='ltr'><strong>iste</strong></span> <span class='ocrx_word' id='word_1_920' title='bbox 2880 5570 2936 5618; x_wconf 91' lang='lat' dir='ltr'><strong>et</strong></span> <span class='ocrx_word' id='word_1_921' title='bbox 2976 5561 3160 5629; x_wconf 79' lang='lat' dir='ltr'><strong>asina,</strong></span> <span class='ocrx_word' id='word_1_922' title='bbox 3200 5561 3398 5632; x_wconf 86' lang='lat' dir='ltr'><strong>quibus</strong></span> 
     </span>
    </p>
   </div>
   <div class='ocr_carea' id='block_1_119' title="bbox 1810 5651 3396 5737">
    <p class='ocr_par' dir='ltr' id='par_1_119' title="bbox 1810 5651 3396 5737">
     <span class='ocr_line' id='line_1_119' title="bbox 1810 5651 3396 5737; baseline -0.009 -15"><span class='ocrx_word' id='word_1_923' title='bbox 1810 5664 2066 5737; x_wconf 84' lang='lat' dir='ltr'><strong>apostolis</strong></span> <span class='ocrx_word' id='word_1_924' title='bbox 2092 5664 2403 5719; x_wconf 85' lang='lat' dir='ltr'><strong>insternunt</strong></span> <span class='ocrx_word' id='word_1_925' title='bbox 2428 5659 2753 5715; x_wconf 87' lang='lat' dir='ltr'><strong>vestimenta</strong></span> <span class='ocrx_word' id='word_1_926' title='bbox 2779 5672 2895 5722; x_wconf 84' lang='lat' dir='ltr'><strong>sua,</strong></span> <span class='ocrx_word' id='word_1_927' title='bbox 2922 5664 2982 5712; x_wconf 91' lang='lat' dir='ltr'><strong>ut</strong></span> <span class='ocrx_word' id='word_1_928' title='bbox 3001 5654 3158 5712; x_wconf 84' lang='lat' dir='ltr'><strong>Jesus</strong></span> <span class='ocrx_word' id='word_1_929' title='bbox 3180 5651 3396 5709; x_wconf 88' lang='lat' dir='ltr'><strong>mollius</strong></span> 
     </span>
    </p>
   </div>
   <div class='ocr_carea' id='block_1_120' title="bbox 1809 5743 3396 5823">
    <p class='ocr_par' dir='ltr' id='par_1_120' title="bbox 1809 5743 3396 5823">
     <span class='ocr_line' id='line_1_120' title="bbox 1809 5743 3396 5823; baseline -0.011 -6"><span class='ocrx_word' id='word_1_930' title='bbox 1809 5759 2029 5823; x_wconf 75' lang='lat' dir='ltr'><strong>sedeat,</strong></span> <span class='ocrx_word' id='word_1_931' title='bbox 2060 5769 2187 5812; x_wconf 77' lang='lat' dir='ltr'><strong>ante</strong></span> <span class='ocrx_word' id='word_1_932' title='bbox 2214 5753 2508 5809; x_wconf 81' lang='lat' dir='ltr'><strong>adventum</strong></span> <span class='ocrx_word' id='word_1_933' title='bbox 2548 5750 2852 5807; x_wconf 78' lang='lat' dir='ltr'><strong>Salvatoris</strong></span> <span class='ocrx_word' id='word_1_934' title='bbox 2880 5748 3013 5807; x_wconf 86' lang='lat' dir='ltr'><strong>nudi</strong></span> <span class='ocrx_word' id='word_1_935' title='bbox 3038 5754 3229 5813; x_wconf 86' lang='lat' dir='ltr'><strong>erant,</strong></span> <span class='ocrx_word' id='word_1_936' title='bbox 3256 5743 3396 5801; x_wconf 63' lang='lat' dir='ltr'><strong>muh</strong></span> 
     </span>
    </p>
   </div>
   <div class='ocr_carea' id='block_1_121' title="bbox 1810 5836 3399 5924">
    <p class='ocr_par' dir='ltr' id='par_1_121' title="bbox 1810 5836 3399 5924">
     <span class='ocr_line' id='line_1_121' title="bbox 1810 5836 3399 5924; baseline -0.01 -15"><span class='ocrx_word' id='word_1_937' title='bbox 1810 5852 1987 5924; x_wconf 75' lang='lat' dir='ltr'><strong>usque</strong></span> <span class='ocrx_word' id='word_1_938' title='bbox 2016 5849 2122 5907; x_wconf 83' lang='lat' dir='ltr'><strong>sibi</strong></span> <span class='ocrx_word' id='word_1_939' title='bbox 2150 5846 2207 5903; x_wconf 88' lang='lat' dir='ltr'><strong>in</strong></span> <span class='ocrx_word' id='word_1_940' title='bbox 2238 5860 2334 5903; x_wconf 84' lang='lat' dir='ltr'><strong>eos</strong></span> <span class='ocrx_word' id='word_1_941' title='bbox 2363 5843 2700 5904; x_wconf 84' lang='lat' dir='ltr'><strong>dominatum</strong></span> <span class='ocrx_word' id='word_1_942' title='bbox 2739 5841 3144 5902; x_wconf 79' lang='lat' dir='ltr'><strong>vindicantibus</strong></span> <span class='ocrx_word' id='word_1_943' title='bbox 3188 5836 3399 5910; x_wconf 67' lang='lat' dir='ltr'><strong>absque</strong></span> 
     </span>
    </p>
   </div>
  </div>
