3898 6454
545 398 684 461 ωδε)

1231 401 1292 456 Β.
1331 396 1587 454 RABANI
1623 394 1845 453 MAL‘Rl
1880 392 2197 449 ARCIIIEP.
2238 390 2547 448 MOGUNT.
2587 389 2872 448 OPERUM
2908 388 3087 446 PARS
3121 389 3160 446 ι.

3577 402 3660 462 1040

539 521 879 593 operimento
894 518 1179 590 frigebunt.
1205 515 1495 585 Postquam
1519 530 1649 570 vero
1671 510 1993 583 apostolicus
2014 523 2131 561 sus—
2156 510 2208 570 Α
2234 520 2333 559 nos
2357 514 2413 560 et
2436 505 2647 561 venisse
2667 503 2958 570 credimus,
2979 511 3036 559 et
3057 518 3303 572 amamus,
3327 506 3513 580 ejusque
3526 511 3660 573 deside.

539 624 736 681 cepere
773 619 976 675 vestes,
1015 607 1349 679 pulchriores
1389 606 1518 660 facti
1558 605 1843 659 Dominum
1887 600 2124 655 habuere

541 719 833 760 sessorem.
880 702 1015 756 Nam
1051 702 1220 756 vestis
1247 700 1572 772 apostolica,
1604 706 1665 752 ut
1696 696 1897 751 dictum
1928 704 2011 748 est
2038 708 2127 748 su-

540 796 725 868 perius
744 836 758 859 ,
791 794 873 849 vel
901 793 1146 849 doctrina
1170 793 1432 847 virtutum
1450 833 1466 857 ,
1497 791 1580 846 vel
1609 789 1859 846 dissertio
1887 787 2128 856 Scriptu-

544 903 726 941 rarum
756 885 981 957 intelligi
1012 895 1214 957 potest,
1246 885 1359 940 sive
1386 882 1881 939 ecclesiasticarum
1906 881 2127 951 dogma-

543 987 655 1033 tum
699 978 1010 1033 varietates.
1057 977 1266 1045 Quibus
1308 976 1412 1031 nisi
1450 977 1629 1031 anima
1668 976 1931 1030 instructa
1966 972 2131 1027 fuerit

542 1078 597 1123 et
623 1077 816 1124 ornata
837 1111 852 1136 ,
884 1081 1152 1125 sessorem
1182 1070 1385 1124 habere
1414 1068 1700 1122 Dominum
1728 1082 1833 1121 non
1867 1075 2126 1120 meretur.

617 1157 860 1214 Plurima
902 1171 1078 1214 autent
1107 1159 1261 1213 turba
1290 1168 1590 1212 straverunt
1619 1156 1919 1211 vestimenta
1949 1150 2047 1209 sua
2076 1155 2130 1207 in

2232 599 2313 651 rio
2341 597 2706 662 accendimur,
2734 604 2793 650 ut
2816 611 2938 667 eum
2967 594 3101 651 facie
3138 595 3201 649 ad
3238 595 3407 652 faciem
3437 608 3662 677 contende.

2231 709 2371 747 mur.
2388 692 2498 747 Nec
2521 707 2622 747 non
2645 691 2698 745 in
2721 692 2824 745 hoc
2843 690 2984 759 quod
3006 689 3318 762 adjungitur,
3340 690 3664 760 Hosnnna,idest

2231 784 2441 839 salusin
2466 782 2714 848 excelsis,
2737 780 3017 852 perspicue
3040 780 3344 845 ostenditur,
3365 784 3483 852 quod
3498 786 3666 845 adventus

2230 875 2431 932 Christi
2458 892 2562 930 non
2587 882 2794 930 tantum
2820 874 3099 929 hominum
3124 872 3280 940 salus,
3307 877 3389 931 sed
3410 878 3540 934 totius
3557 884 3666 936 mundi

2235 969 2336 1034 sit,
2364 977 2581 1024 terrena
2605 967 2838 1039 jungens
2863 965 3174 1021 caelestibus
3190 1006 3205 1032 ,
3229 982 3365 1020 omne
3386 985 3495 1038 genu
3512 973 3548 1024 ei
3565 974 3669 1043 βιαι-

2233 1072 2321 1117 tur
2345 1061 2657 1125 cazlestium,
2693 1060 3050 1133 terrestrium,
3081 1067 3130 1113 et
3152 1057 3448 1127 infernarum
3469 1059 3668 1133 (Pltil.n).

2307 1153 2376 1208 Et
2436 1170 2555 1207 cum
2606 1152 2850 1206 intrasset
2898 1129 3352 1220 ~Hierosolymam,
3400 1129 3596 1206 commoto
3629 1129 3669 1209 at

544 1254 647 1308 eiu.
671 1252 862 1309 Videte
884 1253 1243 1313 diﬁ‘erentiam
1265 1251 1686 1321 uniuscujusque
1706 1265 1970 1320 personae.
1990 1248 2135 1319 Apo-
2236 1252 2479 1307 universa
2504 1250 2687 1305 ciuitas
2708 1290 2722 1315 ,
2751 1248 2929 1303 dicens
2953 1263 2972 1301 :
2998 1246 3130 1313 Quis
3156 1256 3234 1301 est
3260 1245 3337 1300 ltic
3357 1246 3380 1300 ἵ
3404 1243 3554 1317 Populi
3570 1260 3670 1304 ante.

545 1344 671 1401 stoli
692 1345 1014 1400 vestimenta
1033 1360 1128 1399 sua
1146 1358 1308 1413 super
1326 1342 1528 1412 pullum
1554 1349 1788 1411 ponunt;
1815 1339 1989 1403 turba,
2015 1352 2135 1409 qua:

2238 1349 2478 1403 dicebant
2503 1361 2522 1400 :
2549 1346 2651 1401 Hic
2673 1356 2748 1401 est
2771 1343 2806 1399 J
2809 1361 2927 1399 esus
2947 1342 3195 1414 propheta
3215 1359 3246 1395 a
3267 1340 3316 1395 Ν
3319 1341 3499 1395 azaretlt
3513 1339 3670 1399 (inlitas.

549 1437 711 1492 vilior
737 1447 819 1493 est
841 1477 855 1503 ,
885 1437 1184 1492 substernit
1209 1436 1434 1505 pedibus
1460 1435 1628 1500 asini,
1658 1448 1759 1487 nec
1785 1433 1873 1488 ubi
1900 1431 2138 1487 offendat
2238 1440 2551 1495 ιηιιοοθιιῃιθ
2579 1435 2704 1492 Jesu
2731 1452 2852 1492 cum
2880 1436 3037 1490 turba
3067 1432 3546 1503 Hierosolymitanun
3564 1435 3672 1488 citiu-

553 1528 609 1581 in
638 1529 900 1597 lapidem,
932 1542 999 1582 ne
1024 1528 1197 1582 calcet
1222 1527 1465 1595 spinam,
1495 1543 1561 1580 ne
1584 1525 1798 1579 labatur
1823 1525 1877 1579 in
1902 1523 2133 1579 foveam.
2243 1542 2383 1601 rem,
2435 1540 2826 1598 commovetur,
2877 1529 3085 1585 mirans
3130 1526 3455 1596 frequentiam
3522 1530 3673 1583 nesciens

553 1619 813 1673 Portante
850 1618 1136 1672 Dominum
1176 1617 1356 1688 asino,
1403 1614 1553 1669 multi
1589 1615 1909 1669 vestimenta
1952 1629 2047 1668 sua
2084 1612 2139 1667 in

2241 1629 2525 1683 veritatem
2543 1666 2556 1688 ,
2589 1634 2645 1679 et
2669 1623 2855 1678 dicens
2882 1640 2895 1676 :
2926 1620 3060 1687 Quis
3090 1629 3163 1674 est
3191 1620 3268 1673 hic
3290 1619 3315 1673 l
3338 1618 3468 1686 Quod
3487 1620 3674 1688 quidemet

552 1711 640 1764 via
672 1719 955 1775 sternunt,
987 1709 1111 1778 quia
1142 1708 1316 1763 sancti
1348 1716 1646 1777 martyres,
1672 1706 1907 1776 propriae
1935 1719 1993 1759 se
2020 1719 2142 1758 car-

2244 1719 2298 1774 in
2329 1718 2435 1772 alio
2460 1717 2578 1771 loco
2607 1714 2910 1770 dicentibus
2935 1712 3146 1784 angelis
3167 1710 3412 1781 legimus:
3439 1708 3541 1775 Quis
3559 1722 3608 1764 est
3623 1712 3674 1765 ita

554 1803 640 1857 nis
686 1802 888 1856 amictu
947 1808 1247 1865 eruentes,
1307 1798 1725 1868 simplicioribus
1781 1796 1876 1852 Dei
1927 1794 2142 1850 famulis

2248 1794 2339 1864 rex
2368 1809 2590 1880 gloriw?
2619 1807 2636 1877 (
2660 1804 2811 1860 Psal.
2843 1821 3001 1860 χχιιι.
3029 1803 3048 1875 )
3079 1802 3176 1859 Vel
3204 1802 3544 1872 ambigentibus
3562 1802 3674 1856 velin-

554 1892 699 1946 viam
746 1908 844 1948 suo
893 1892 1157 1963 sanguine
1203 1900 1433 1960 parant,
1483 1896 1539 1942 ut
1586 1888 1834 1945 videlicet
1874 1885 2138 1942 inoil‘enso

2245 1897 2645 1970 terrogantihus
2696 1894 2818 1949 vilis
2860 1891 3146 1963 plebecula
3198 1890 3489 1955 conﬁtetur;
3523 1906 3546 1945 ιι
3576 1891 3675 1944 mino-

554 1997 745 2054 gressu
794 1983 991 2037 mentis
1038 1982 1105 2037 ad
1158 1997 1404 2052 supernae
1449 1980 1650 2036 moenia
1703 1980 1940 2033 civitatis
1969 2019 1984 2043 ,
2034 1992 2141 2048 quo

555 2072 717 2129 .lcsus
745 2075 924 2140 ducit,
952 2073 1223 2128 incedant.
1254 2074 1271 2144 (
1296 2072 1452 2142 Greg.
1479 2071 1497 2142 )
1521 2071 1654 2126 Item
1681 2070 1932 2126 Salvator
1958 2078 2145 2125 noster

558 2165 783 2220 asellum
832 2165 1030 2220 sedens
1077 2164 1411 2219 Hierusalem
1461 2163 1652 2228 tendit,
1700 2162 1913 2233 quando
1956 2162 2145 2217 unius-

556 2256 821 2327 cujusque
848 2256 1020 2311 fidelis
1050 2256 1289 2309 animam
1316 2270 1534 2325 regens,
1565 2254 1819 2308 videlicet
1841 2253 2145 2323 jumentum

554 2364 715 2404 suum
740 2349 811 2404 ad
847 2349 997 2419 pacis
1023 2348 1228 2403 intimae
1253 2348 1512 2403 visionem
1542 2347 1700 2411 dicit;
1726 2344 2030 2415 jumentum
2059 2361 2147 2401 se-

557 2440 681 2507 det,
710 2440 874 2496 etiam
900 2454 1025 2494 cum
1058 2448 1261 2495 sancta:
1296 2438 1551 2493 Ecclesiae
1594 2438 1973 2493 universaliter
2003 2453 2146 2508 pra:-

559 2535 736 2599 sidet,
774 2544 1005 2602 eamque
1035 2530 1088 2587 in
1120 2548 1369 2603 superum
1410 2532 1560 2602 pacis
1600 2531 1929 2586 desiderium
1956 2546 2148 2586 accen-

561 2626 658 2681 dit.
709 2625 856 2678 Multi
902 2632 1082 2678 autem
1127 2624 1448 2678 vestimenta
1495 2639 1590 2677 sua
1635 2624 1686 2677 in
1735 2623 1821 2677 via
1867 2629 2144 2688 sternunt,

560 2715 686 2785 quia
734 2730 963 2785 corpora
1009 2731 1102 2769 sua
1143 2728 1238 2783 per
1271 2713 1651 2767 abstinentiam
1685 2713 1973 2778 edomant,
2009 2722 2071 2767 ut
2098 2713 2149 2767 ei

559 2804 665 2860 iter
698 2806 764 2859 ad
804 2799 1037 2860 mentem
1076 2813 1299 2875 parent,
1341 2804 1422 2858 vel
1461 2804 1706 2875 exempla
1741 2806 1882 2860 bona
1920 2819 2150 2875 sequen-

563 2897 706 2953 tibus
732 2897 1026 2967 praebeant.

632 2987 737 3041 Alii
769 2996 945 3042 autem
980 2987 1247 3042 credebant
1289 3003 1463 3041 ramos
1494 2987 1558 3041 de
1588 2986 1899 3052 arboribus,
1929 2997 1978 3041 et
2013 2997 2147 3041 ster-

561 3082 749 3133 nebant
789 3080 840 3132 in
881 3080 985 3133 via.
1030 3078 1276 3134 Frondes
1313 3078 1398 3132 vel
1432 3093 1615 3132 ramos
1638 3078 1705 3133 de
1731 3077 2018 3133 arboribus
2046 3092 2151 3132 cte-

561 3171 726 3236 dunt,
745 3170 837 3240 qui
865 3170 916 3224 in
941 3168 1184 3224 doctrina
1207 3170 1454 3225 veritatis
1477 3171 1640 3224 verba
1668 3179 1831 3238 atque
1855 3169 2151 3225 sententias

2245 1988 2394 2043 ribus
2430 1986 2698 2057 incipiens
2723 2025 2738 2050 ,
2768 1992 2828 2038 ut
2864 1983 2930 2038 ad
2970 1981 3181 2052 majora
3214 1981 3492 2052 perveniat,
3519 1990 3560 2037 et
3583 1983 3675 2036 dicit:

2245 2080 2351 2137 Hic
2388 2091 2467 2136 est
2502 2078 2661 2135 Iesus
2694 2078 2942 2149 propheta
2980 2093 3015 2131 a
3048 2074 3313 2129 Nasaretlt
3343 2071 3536 2128 Galilaa
3561 2073 3675 2144 (Dat.

2247 2186 2381 2225 xvm
2406 2169 2446 2241 ).
2486 2169 2658 2236 Quem
2695 2166 3017 2237 prophetam
3049 2173 3106 2221 et
3138 2164 3340 2235 Moyses
3371 2162 3554 2219 similem
3573 2162 3677 2218 auidi

2246 2269 2405 2317 iterat
2428 2275 2549 2316 esse
2575 2266 2884 2315 venturum.

2318 2354 2387 2409 Et
2427 2351 2639 2408 intravit
2680 2349 2838 2405 Iesus
2879 2351 2933 2403 in
2978 2346 3229 2419 templum
3270 2345 3379 2400 Dei.
3412 2342 3677 2417 (memmi

2248 2447 2526 2518 ingressus
2576 2443 2853 2499 civitatem
2891 2440 3071 2513 primo
3106 2437 3353 2509 templum
3393 2436 3522 2499 adiit,
3547 2434 3677 2488 lumen

2250 2538 2404 2594 nobis
2442 2533 2720 2607 religionis
2753 2546 2914 2601 quam
2952 2543 3271 2601 sequamur,
3309 2532 3625 2599 praemonstrat,
3650 2530 3678 2574 ut

2248 2647 2370 2688 cum
2402 2631 2540 2684 forte
2566 2626 2750 2683 villam
2779 2633 2872 2681 aut
2893 2623 3154 2695 oppidum
3179 2663 3194 2688 ,
3226 2629 3317 2677 aut
3342 2620 3478 2674 alium
3501 2614 3677 2688 quemlibet

2249 2725 2426 2780 locum
2449 2763 2462 2789 ,
2504 2720 2556 2774 in
2596 2734 2704 2790 quo
2741 2718 2811 2775 sit
2847 2716 3000 2773 locus
3036 2714 3327 2781 orationis,
3364 2713 3457 2768 Deo
3483 2714 3676 2766 consecuta

2250 2801 2550 2878 intramus,
2579 2812 2758 2884 primo
2788 2810 2855 2864 ad
2882 2810 3022 2866 hanc
3053 2809 3405 2871 divertamus,
3444 2813 3487 2860 et
3507 2812 3678 2874 postquam

2158 2906 2161 2909 ’
2248 2923 2350 2963 nos
2387 2906 2623 2961 Domino
2658 2918 2757 2974 per
2793 2901 3107 2957 orationum
3149 2899 3320 2955 studia
3361 2890 3677 2952 commendanti

2249 3015 2372 3055 mus
2388 3040 2403 3064 ,
2431 2998 2512 3053 sic
2536 2996 2730 3052 deinde
2757 2995 2825 3049 ad
2851 2992 3063 3063 agenda
3087 3007 3153 3047 ea
3177 2998 3387 3063 propter
3407 3002 3503 3058 qua:
3521 2985 3676 3043 venimus

2250 3087 2569 3161 temporalia
2604 3085 2820 3158 negotia
2856 3085 3197 3141 secedamus.
3236 3081 3678 3153 Appropinquantea-

2254 3187 2367 3235 tem
2396 3188 2640 3250 tempore
2666 3176 2937 3247 passionis
2954 3215 2970 3238 ,
2998 3176 3418 3247 appropinquare
3437 3169 3564 3225 voluit
3582 3165 3677 3221 Domi

558 3269 775 3333 patrum
815 3262 882 3316 de
924 3276 1110 3316 eorum
1146 3260 1363 3330 eloquio
1395 3271 1726 3329 excerpunt,
1752 3269 1806 3314 et
1834 3261 1949 3314 haec
1978 3260 2031 3313 in
2061 3260 2148 3314 via
2176 3260 2222 3323 C
2254 3289 2357 3329 nus
2403 3271 2524 3327 loco
2567 3270 2875 3340 passionis,
2914 3268 3099 3338 ibique
3142 3267 3406 3338 proximus
3434 3272 3611 3321 manere,
3632 3254 3677 3308 ubi

562 3350 659 3406 Dei
694 3359 752 3407 et
787 3351 1050 3406 auditoris
1086 3351 1324 3406 animum
1361 3352 1631 3406 venientis
1655 3350 1845 3407 humili
1888 3350 2150 3421 praedica-

566 3443 711 3500 tione
737 3443 1086 3499 submittunt.

636 3532 825 3589 Turba:
858 3544 1031 3588 autem
1068 3550 1184 3605 qua:
1216 3533 1612 3604 prwcedebant,
1642 3543 1692 3588 et
1720 3549 1837 3606 qute
1866 3534 2151 3604 sequeban-

561 3636 668 3692 tur,
693 3623 992 3681 clamabant
1013 3627 1242 3681 dicentes
1266 3641 1282 3678 :
1312 3620 1567 3680 Hosanna
1594 3625 1705 3695 ﬁlio
1732 3625 1919 3692 David,
1945 3624 2153 3680 benedi-

562 3730 675 3775 ctus
699 3719 790 3790 qui
810 3720 943 3774 venit
966 3720 1021 3773 in
1044 3719 1251 3774 nomine
1280 3719 1489 3773 Domni
1506 3760 1519 3784 ,
1550 3717 1807 3773 Hosanna
1830 3721 1885 3772 in
1911 3717 2148 3775 excelsis.

561 3807 847 3864 Praecessit
872 3810 1071 3881 quippe
1100 3807 1358 3866 Iudaicus
1385 3810 1635 3880 pupulus,
1668 3819 1889 3867 secutus
1913 3819 1994 3866 est
2022 3825 2152 3883 gen~

564 3898 691 3953 tilis.
743 3899 810 3954 Et
851 3900 979 3969 quia
1013 3914 1206 3954 omnes
1240 3900 1433 3965 electi,
1474 3900 1590 3955 sive
1615 3901 1708 3971 qui
1744 3901 1797 3955 in
1823 3899 2005 3956 Judata
2031 3914 2153 3955 esse

562 3997 846 4060 poterant,
874 3991 990 4045 sive
1015 3991 1105 4060 qui
1144 4006 1287 4045 nunc
1311 3991 1365 4045 in
1390 3990 1629 4045 Ecclesia
1656 3992 1913 4056 existunt,
1947 3993 2000 4046 in
2034 4006 2149 4047 me-

564 4082 831 4137 diatorem
870 4082 967 4137 Dei
1002 4092 1058 4136 et
1094 4082 1372 4137 hominum
1414 4082 1759 4137 crediderant
1793 4084 1849 4139 et
1883 4086 2149 4151 credunt,

563 4178 657 4246 qui
695 4186 938 4247 praeeunt
963 4187 1015 4234 et
1041 4179 1133 4248 qui
1162 4189 1495 4249 sequuntur,
1531 4181 1784 4237 Hosanna
1824 4184 2146 4241 clamabant.

564 4270 817 4325 Hosanua
856 4279 1038 4326 autem
1077 4272 1268 4327 Latina
1312 4272 1528 4345 lingua,
1574 4274 1720 4328 salva
1763 4291 1885 4341 nos,
1932 4276 2148 4332 dicitur.

566 4362 738 4417 Nemo
765 4378 896 4435 ergo
923 4373 1074 4434 putet
1105 4380 1171 4419 ex
1200 4364 1409 4420 duobus
1437 4365 1619 4421 verbis
1640 4407 1655 4432 ,
1686 4364 1875 4423 Grteco
1902 4367 2154 4424 videlicet

562 4464 617 4510 et
651 4455 877 4511 Hebraeo
911 4472 1196 4524 sermone,
1244 4475 1366 4515 esse
1407 4446 1799 4530 compasitum,
1842 4462 1937 4517 sed
1980 4471 2151 4518 totum

565 4542 850 4600 chmuuu
887 4554 1002 4614 est,
1039 4557 1095 4603 et
1129 4547 1610 4621 signiﬁcat,'quod
1651 4543 1913 4607 adventus
1950 4551 2150 4608 Christi

566 4632 711 4688 salus
737 4636 921 4689 mundi
950 4636 1041 4692 sit.
1072 4636 1225 4693 Unde
1250 4648 1305 4693 et
1331 4641 1615 4708 sequitur:
1994 4638 1999 4643 ’

634 4724 987 4793 Benedictus,
1022 4728 1112 4799 qui
1148 4740 1392 4784 venturus
1434 4740 1509 4784 est
1548 4731 1602 4784 in
1644 4735 1855 4786 nomine
1892 4733 2149 4789 Domini:

568 4814 852 4872 Salvatore
879 4833 1098 4889 quoque
1126 4820 1357 4892 idipsum
1387 4822 1441 4876 in
1469 4822 1762 4895 Evangelia
1790 4826 2150 4896 comproban-

563 4915 618 4963 te
645 4925 658 4961 :
684 4908 801 4980 Ego
831 4909 946 4963 veni
970 4910 1025 4963 in
1054 4912 1263 4966 nomine
1290 4909 1470 4967 Patris
1504 4915 1639 4981 mei,
1673 4924 1722 4969 et
1759 4931 1860 4969 non
1897 4932 1979 4970 me
2012 4934 2153 4971 rece-

560 5001 712 5071 pistis
742 5019 754 5054 :
788 5002 927 5057 alius
961 5005 1124 5059 veniet
1159 5006 1214 5059 in
1252 5008 1460 5061 nomine
1495 5025 1621 5075 suo,
1662 5024 1711 5063 et
1748 5011 2004 5081 recipietis
2031 5028 2150 5067 eum

565 5092 768 5164 (Joan.
798 5094 885 5167 v).
918 5094 1257 5171 [Greg.]’Ab
1285 5100 1401 5169 ipso
1429 5100 1572 5155 enim
1604 5101 1832 5157 salutem
1857 5111 1912 5158 et
1935 5103 2148 5173 priores

567 5188 897 5253 quaesierunt
915 5197 970 5242 et
990 5197 1284 5257 praesentes
1310 5200 1557 5259 quaerunt
1576 5231 1591 5255 ,
1615 5199 1670 5245 et
1690 5191 2029 5248 benedictum
2054 5194 2148 5264 qui

562 5277 705 5330 venit
738 5278 789 5331 in
814 5280 1032 5334 nomine
1077 5280 1288 5335 Domini
1333 5282 1678 5349 conﬁtentur,
1728 5286 1982 5353 quoniam
2034 5301 2143 5342 una

568 5380 713 5436 spes,
742 5383 847 5424 una
876 5370 1010 5426 ﬁdes
1035 5380 1120 5426 est
1143 5371 1561 5442 praecedentium
1604 5383 1767 5444 atque
1808 5378 2148 5447 sequentium

564 5458 906 5530 populorum.
952 5461 1088 5518 Nam
1134 5464 1274 5519 sicut
1318 5464 1394 5519 illi
1437 5474 1747 5536 exspectata
1791 5467 2045 5538 passione
2086 5484 2150 5523 ac

567 5552 967 5609 resurrectione
985 5554 1100 5622 ejus
1121 5556 1298 5611 sanati
1322 5565 1477 5622 sunt,
1507 5558 1580 5612 ita
1606 5572 1704 5613 nos
1729 5558 2002 5628 praeterita
2029 5575 2150 5630 pas-

569 5644 723 5699 sione
756 5644 897 5700 illius
936 5646 1001 5701 ac
1026 5659 1378 5717 permanente
1419 5652 1473 5706 in
1518 5652 1711 5708 saecula
1754 5651 2150 5711 resurrectione

572 5735 864 5793 salvamur.
896 5736 1066 5805 Quem
1092 5742 1237 5796 enim
1265 5744 1475 5813 priores
1499 5746 1671 5801 nostri
1692 5759 1761 5800 ex
1784 5743 2011 5801 Iudaico
2046 5762 2145 5817 po-

571 5830 698 5898 pulo
723 5831 1073 5890 crediderunt
1097 5843 1259 5905 atque
1291 5846 1610 5893 amaverunt
1635 5847 1922 5895 venturum
1939 5878 1956 5908 ,
2001 5837 2147 5911 hunc

2253 3364 2551 3422 constituto
2576 3378 2639 3417 ac
2665 3360 2934 3433 praeﬁnito
2959 3368 3087 3414 ante
3116 3358 3311 3415 saecula
3336 3367 3532 3425 tempore
3549 3345 3677 3405 inratiri

2252 3464 2437 3526 posset
2475 3454 2544 3509 ab
2581 3454 2661 3508 eis
2694 3468 2792 3522 per
2826 3466 2961 3521 quos
2992 3459 3116 3506 erat
3147 3449 3322 3521 passio
3345 3436 3679 3535 complendallot

2254 3546 2418 3600 etiam
2454 3560 2554 3615 per
2592 3544 2694 3598 hoc
2735 3542 2949 3598 cunctis
2986 3540 3263 3615 intimaret
3297 3534 3678 3598 “mentibitth

2254 3652 2361 3692 non
2407 3636 2607 3691 invitus
2634 3644 2863 3690 mortem
2883 3674 2898 3700 ,
2938 3644 3000 3689 ut
3043 3633 3258 3704 profani
3284 3639 3531 3702 putavere.
3555 3621 3614 3679 sed
3631 3633 3678 3673 ω

2254 3735 2444 3800 sponte
2486 3729 2730 3785 subiret:
2781 3726 2936 3799 cujus
2977 3727 3116 3783 hora
3159 3724 3472 3798 proximante
3503 3712 3678 3785 intrepidi

2255 3820 2435 3875 locum
2482 3819 2648 3883 adiit,
2695 3819 2750 3874 in
2795 3833 2902 3889 quo
2944 3832 3003 3873 se
3033 3832 3162 3874 esse
3189 3816 3678 3889 passurum,etperit-

2254 3910 2428 3981 ipsum
2463 3919 2519 3965 et
2557 3924 2653 3980 per
2693 3910 3084 3980 prophetarum
3122 3924 3338 3966 suorum
3373 3920 3458 3962 ora
3488 3900 3677 3968 ιοιιεευκ

2210 4065 2218 4068 ν,
2252 4003 2599 4073 prtedixerat.
2643 4000 2950 4056 Notandum
2976 4017 3110 4057 vero
3140 4001 3280 4071 quod
3316 3999 3395 4055 hic
3425 3983 3678 4057 introitust’ius

2254 4096 2309 4150 in
2358 4094 2696 4149 Hierusalem
2742 4102 2869 4149 ante
2918 4094 3159 4164 quinque
3203 4092 3314 4149 dies
3344 4080 3678 4146 Pttscha,il|ll'o

2254 4186 2574 4257 mysterium
2596 4194 2958 4241 sacrosanctae
2979 4185 3249 4256 passionis
3270 4198 3372 4238 suae
3395 4177 3564 4247 implere
3580 4169 3679 4223 detr?

2254 4288 2439 4345 verat,
2468 4279 2641 4334 factus
2676 4274 2779 4334 est.
2818 4278 3017 4333 Narrat
3050 4281 3195 4334 enim
3230 4277 3470 4334 Joannes,
3497 4264 3593 4337 quod
3614 4267 3679 4351 ηιξ

2255 4388 2349 4429 sex
2377 4372 2493 4427 dies
2541 4371 2766 4426 Pascha:
2811 4372 3021 4426 venerit
3070 4369 3405 4431 Bethaniam,
3445 4361 3515 4416 ubi
3537 4360 3679 4448 causa

2254 4464 2397 4521 facta
2430 4473 2485 4520 et
2516 4464 2980 4520 discumbentibus
3006 4465 3195 4521 multis
3212 4505 3227 4530 ,
3254 4477 3398 4520 soror
3424 4451 3569 4513 Lauri

2259 4572 2380 4612 eum
2422 4567 2698 4629 unguento
2728 4560 2960 4630 mystico
2992 4558 3317 4629 perfuderit,
3345 4563 3483 4623 atque
3507 4549 3547 4602 in
3572 4544 3680 4630 θηξίι·

2176 4619 2232 4679 D
2258 4666 2385 4704 num
2435 4619 2588 4705 asino
2637 4619 2860 4715 sedens,
2909 4619 3161 4706 obviante
3207 4663 3321 4705 cum
3358 4641 3518 4717 palmis
3548 4628 3679 4706 PhIrim

2257 4742 2446 4807 turba,
2477 4740 2687 4796 venerit
2717 4740 3147 4813 Hierosolymam
3186 4739 3373 4813 (Joan.
3397 4731 3509 4801 xu).
3537 4723 3606 4782 Ubi
3624 4729 3678 4773 πω

2255 4833 2632 4903 praetereunda
2662 4832 2866 4889 mentio
2892 4840 2978 4888 est
3005 4848 3112 4888 non
3140 4839 3339 4888 tantum
3359 4820 3678 4909 concordant”:

2256 4923 2388 4987 bus,
2438 4938 2629 4978 verum
2670 4924 2837 4979 etiam
2881 4924 2935 4978 in
2984 4924 3309 4994 temporibus
3334 4916 3510 4975 Veteris
3542 4918 3581 4964 el

2260 5012 2625 5081 Testamenti,
2661 5015 2866 5070 umbra:
2895 5024 2949 5069 et
2981 4990 3222 5070 veri—tatis
3241 5055 3255 5080 ,
3283 5011 3402 5083 legis
3427 4990 3677 5083 et

2254 5106 2527 5177 Scriptum
2575 5079 2810 5178 namque
2852 5107 2906 5162 in
2952 5107 3067 5178 lege
3108 5079 3445 5172 est,dicente
3472 5079 3677 5153 Domini”d

2254 5198 2471 5270 Moysen
2509 5207 2563 5254 et
2591 5199 2778 5255 Aron:
2824 5198 3019 5255 Mensis
3052 5202 3149 5255 iste
3173 5200 3305 5255 vobis
3330 5189 3677 5272 principia
3764 5254 3765 5265 χ

2251 5292 2408 5355 sium,
2431 5291 2630 5361 primus
2654 5292 2751 5345 erit
2774 5294 2829 5346 in
2851 5292 3110 5348 mensibus
3132 5291 3270 5347 anni.
3291 5278 3536 5357 Loquimini
3552 5270 3676 5361 ⁸0⁸⁸
3764 5348 3765 5353 γ

2252 5359 2456 5442 versum
2485 5397 2671 5441 cretum
2705 5386 2935 5456 ﬁliorum
2967 5387 3169 5454 Israel,
3199 5396 3247 5440 et
3275 5380 3415 5437 dicite
3436 5374 3528 5430 eis:

2252 5478 2339 5533 die
2366 5480 2557 5534 mensis
2582 5445 2745 5550 hujus
2770 5479 2918 5534 tollat
2949 5445 3295 5552 unusquisque
3321 5482 3482 5543 agnum
3504 5445 3676 5552 (ff-im:

2253 5568 2353 5625 lias
2379 5580 2426 5625 et
2458 5546 2813 5626 domos'suas.
2845 5571 2914 5626 Et
2940 5546 3109 5641 paulo
3128 5546 3278 5642 post:
3307 5563 3369 5620 Et

2254 5676 2414 5729 usque
2443 5660 2511 5714 ad
2539 5670 2781 5732 quartam
2811 5626 3067 5716 decimam
3101 5626 3231 5714 diem
3266 5650 3432 5709 mensis
3461 5639 3673 5732 mimi

2250 5715 2565 5822 molabitque
2592 5768 2710 5806 eum
2738 5754 2982 5807 universa
3008 5748 3275 5822 multitudo
3293 5741 3489 5814 ﬁliarum
3506 5715 3673 5825 13"“:

2251 5816 2515 5912 vesperam
2542 5842 2563 5912 (
2586 5841 2762 5899 Exod.
2792 5858 2868 5899 xu
2889 5843 2931 5917 ).
2959 5816 3187 5902 Decima
3198 5851 3316 5910 ergo
3336 5832 3413 5891 die
3439 5816 3590 5883 ωειΰῦ
3608 5816 3672 5878 Ρ¹“¹’
