3898 6482
188 384 309 443 1041

1125 344 1479 430 acnuam.
1520 368 1589 426 1N
1627 365 2064 425 nummum.
2106 395 2176 407 -
2213 364 2342 422 ua.
2382 362 2469 423 v1.

3242 376 3249 413 Γ
3304 374 3439 430 1042

185 500 283 565 ιιιὶ,
306 507 472 569 agnus
496 492 589 562 qui
616 491 674 547 in
692 489 901 567 Pascha
929 489 1320 555 immolaretur,
1345 488 1564 544 demum
1590 484 1756 540 intro-
1781 490 1833 549 Α
1856 483 2031 537 nerati
2064 489 2241 545 erant,
2273 496 2372 552 pro
2398 478 2579 537 usuris
2617 481 2953 552 accipiebant
2992 484 3173 539 varias
3205 486 3435 557 species;

188 590 302 648 duci
328 587 524 643 missus
549 593 666 651 est,
692 583 819 654 quia
855 589 913 638 et
946 581 1210 637 Dominus
1242 578 1453 635 decima
1492 578 1578 633 die
1614 574 1757 645 ejus-
1856 573 2083 644 utquod
2122 573 2175 628 in
2205 587 2428 628 nummo
2456 588 2562 628 non
2595 573 2832 638 licebat,
2859 574 2913 628 in
2936 575 3026 647 his
3054 575 3217 632 rebus
3254 579 3438 650 exige-

189 684 300 739 dem
334 678 569 744 mensis,
610 677 662 731 id
703 683 819 741 est,
860 682 986 730 ante
1012 674 1253 745 quinque
1290 670 1406 727 dies
1440 670 1661 725 Paschte
1701 669 1755 724 in

189 774 486 835 civitatem,
534 769 588 823 in
634 782 738 838 qua
781 774 1079 838 pateretur,
1126 771 1244 818 erat
1288 764 1650 834 ingressurus.
1690 760 1757 815 Et

186 864 319 921 sicut
342 875 511 932 agnus
532 858 600 914 de
626 866 739 913 toto
764 872 924 929 grege
959 855 1163 911 electus
1198 861 1407 910 certum
1448 867 1558 908 sum
1599 849 1758 906 victi~

184 952 431 1009 mationis
465 950 606 1005 diem
640 947 1020 1020 exspectabat,
1053 946 1130 1000 ita
1168 953 1223 1000 et
1258 944 1519 1000 Dominus
1574 941 1761 1013 conju-

185 1052 331 1101 rante
350 1044 633 1099 adversum
657 1056 715 1098 se
736 1040 884 1096 omni
909 1039 1181 1096 seniorum
1209 1047 1263 1094 et
1286 1037 1610 1109 principium
1632 1050 1762 1092 con-

185 1135 306 1193 cilio
343 1142 527 1191 certus
564 1132 977 1204 praestolabatur
1006 1132 1230 1198 horam,
1274 1133 1328 1186 iu
1372 1146 1478 1201 qua
1523 1130 1761 1201 seipsum

182 1243 279 1299 pro
302 1225 472 1283 salute
500 1225 685 1281 mundi
708 1224 1034 1282 oblationem
1066 1225 1175 1279 Deo
1201 1233 1257 1279 et
1284 1224 1517 1280 hostiam
1546 1223 1600 1278 in
1626 1225 1761 1278 odo-

184 1334 296 1375 rem
339 1316 622 1373 suavitatis
658 1314 899 1371 offerret.
945 1316 1333 1371 lmmolabatur
1367 1329 1537 1388 agnus
1572 1320 1765 1383 quarta

184 1408 388 1464 decima
427 1407 515 1463 die
547 1407 707 1477 primi
738 1406 941 1461 mensis
972 1405 1038 1459 ad
1066 1420 1371 1475 vesperam.
1408 1404 1473 1458 Et
1506 1402 1764 1459 Dominus

183 1500 368 1554 eadem
409 1499 545 1554 hora
582 1513 778 1569 agnum
821 1513 944 1552 cum
978 1496 1255 1567 discipulis
1283 1495 1647 1559 manducans,
1675 1493 1765 1548 ubi

183 1593 369 1665 legalis
406 1594 632 1650 Paschae
665 1593 885 1649 decreta
926 1591 1244 1663 complevit,
1273 1606 1525 1663 egressus
1550 1598 1630 1646 est
1658 1599 1769 1645 sta-

182 1687 279 1740 tim
316 1701 440 1741 cum
467 1685 548 1740 eis
576 1685 644 1739 ad
673 1686 851 1740 locum
879 1683 1178 1750 orationis,
1219 1682 1309 1737 ubi
1340 1682 1767 1753 comprehensus

183 1784 237 1831 et
262 1775 461 1847 ligatus
487 1791 517 1829 a
542 1774 744 1830 Iudaeis
761 1775 876 1846 jam
904 1785 1244 1830 sacramenta
1274 1775 1447 1830 beatae
1475 1789 1585 1830 suae
1610 1771 1769 1828 victi-

183 1867 443 1922 mationis
470 1866 769 1922 inchoaret.

254 1972 365 2048 [1].]
394 1972 457 2027 Et
480 1973 718 2044 ejiciebat
746 1991 924 2029 omnes
938 1974 1209 2029 uendentes
1236 1983 1282 2028 et
1310 1983 1532 2031 ementes
1558 1973 1611 2027 in
1638 1983 1768 2027 tem-

178 2065 287 2138 plo,
317 2076 365 2121 et
396 2083 601 2121 mensas
627 2066 1126 2135 nummulariorum,
1168 2078 1216 2123 et
1251 2069 1529 2123 cathedras
1549 2068 1772 2123 venden-

181 2159 315 2213 tium
362 2158 630 2214 columbas
671 2162 876 2227 evertit,
926 2171 973 2215 et
1022 2163 1146 2216 dicit
1176 2162 1248 2216 eis
1282 2176 1300 2213 :
1330 2160 1596 2233 Scriptum
1646 2171 1771 2219 est:

180 2254 387 2310 Domus
414 2273 529 2310 mea
567 2255 754 2311 domus
782 2258 1037 2311 orationis
1058 2258 1349 2322 vocabitur,
1380 2274 1467 2311 vos
1491 2267 1665 2311 autem
1696 2255 1775 2326 fe-

182 2346 331 2400 cistis
358 2345 507 2400 illam
531 2346 833 2417 speluncam
862 2345 1149 2417 latronum.
1174 2346 1443 2419 (Hieron.)
1474 2347 1775 2403 Comitatus

178 2435 339 2496 Iesus
357 2441 514 2494 turba
528 2441 885 2505 credentium,
903 2458 1025 2513 quae
1046 2442 1367 2498 vestimenta
1393 2459 1511 2510 sua,
1535 2442 1777 2500 utillaaso

178 2531 319 2603 pede
335 2531 517 2603 pullus
538 2532 832 2598 incederet,
850 2541 1138 2599 straverat,
1161 2535 1462 2606 ingreditur
1487 2535 1770 2606 templum,

176 2630 235 2678 et
259 2620 425 2693 ejccit
444 2639 635 2679 omnes
658 2624 750 2694 qui
778 2624 1161 2681 vendebant-et
1199 2625 1453 2682 emebant
1475 2627 1528 2681 in
1552 2627 1774 2698 templo,

178 2730 409 2771 mensas
439 2716 921 2772 nummulariorum
944 2719 1232 2784 subvertit,
1258 2728 1314 2775 et
1338 2720 1629 2777 cathedras
1648 2736 1781 2775 ven-

176 2805 435 2862 dentium
472 2805 749 2863 columbas
792 2807 1094 2878 dissipavit,
1125 2807 1371 2878 dixitque
1413 2810 1494 2865 eis
1529 2810 1595 2864 de
1636 2808 1776 2865 Scri-

173 2897 359 2966 pturis
415 2897 621 2951 sanctis
666 2896 1034 2952 testimonium
1070 2897 1370 2967 proferens,
1409 2900 1551 2969 ψιοᾱ
1588 2901 1782 2955 domus

174 2979 365 3037 Patris
410 2980 529 3050 ejus
556 2982 825 3038 orationis
863 2983 1056 3038 domus
1091 2999 1211 3039 esse
1240 2984 1483 3051 deberet,
1521 3001 1628 3041 non
1665 3001 1784 3057 spe-

179 3072 349 3129 lunca
377 3073 678 3140 latronum,
705 3074 791 3129 vel
823 3075 1014 3132 domus
1040 3076 1445 3146 negotiationis,
1477 3078 1617 3134 sicut
1637 3088 1693 3134 et
1729 3079 1783 3134 in

177 3167 292 3222 alio
320 3167 657 3237 evangelista
687 3166 943 3237 loquitur.
979 3168 1046 3223 Et
1082 3168 1185 3224 hoc
1213 3171 1446 3240 primum
1478 3171 1780 3239 sciendum,

179 3259 331 3329 quod
351 3224 510 3328 juxtua
542 3224 794 3313 mandata
825 3257 982 3330 legis,
1016 3224 1400 3331 augustissimo
1433 3262 1489 3316 in
1514 3270 1628 3325 toto
1650 3224 1782 3319 orbe
1809 3224 1855 3288 C

180 3350 400 3421 templo
444 3349 678 3417 Domini,
711 3359 767 3405 et
812 3350 880 3406 de
921 3352 1133 3407 cunctis
1161 3368 1300 3423 pene
1337 3354 1656 3426 regionibus
1692 3356 1786 3412 Ju-

180 3442 437 3496 dazorum
479 3439 603 3495 illuc
639 3440 836 3512 populo
880 3442 1186 3499 conﬂuente
1226 3445 1652 3504 innumerabiles
1692 3450 1788 3507 im-

181 3530 547 3586 molabantur
581 3531 790 3597 hostim,
838 3540 894 3588 et
942 3534 1175 3590 maxime
1213 3535 1366 3592 festis
1411 3537 1624 3606 diebus,
1677 3548 1790 3595 tau-

179 3635 407 3685 rorum,
457 3621 719 3686 arietum,
769 3630 827 3677 ct
866 3622 1163 3679 hircorum.
1213 3624 1660 3697 Pauperioribus,
1719 3646 1788 3687 ne

182 3712 410 3782 absque
433 3711 701 3767 sacriﬂcio
723 3721 928 3779 essent,
947 3714 1123 3785 pullos
1139 3716 1509 3773 columbarum
1533 3728 1588 3775 et
1614 3729 1790 3777 turtu-

181 3815 285 3856 res
304 3799 685 3869 offerentibus,
703 3804 986 3860 accidebat
1004 3806 1344 3879 plerumque,
1360 3812 1530 3883 utqui
1548 3814 1612 3869 de
1633 3813 1791 3885 longe

185 3901 488 3958 venerant,
541 3908 649 3949 non
696 3896 962 3953 haberent
1004 3899 1273 3957 victimas.
1334 3903 1793 3974 Excogitaverunt

184 3984 375 4056 igitur
403 3986 746 4055 sacerdotes,
784 3990 1055 4058 quomodo
1086 3994 1323 4062 praedam
1367 3996 1433 4051 de
1463 3999 1675 4068 populis
1704 4000 1790 4056 fa-

183 4088 418 4146 cerent,
454 4087 511 4136 et
541 4082 723 4136 omnia
751 4084 1029 4151 animalia,
1071 4088 1268 4157 quibus
1304 4104 1438 4160 opus
1465 4101 1583 4148 erat
1611 4094 1678 4147 ad
1708 4109 1795 4149 sa-

180 4171 437 4238 criﬂcia,
464 4173 788 4241 vendebant,
819 4182 957 4230 utet
985 4178 1282 4234 venderent
1309 4197 1415 4235 non
1442 4182 1790 4251 habentibus,

179 4274 244 4322 et
291 4264 407 4334 ipsi
452 4280 667 4320 rursum
715 4275 895 4339 empta
938 4269 1291 4340 susciperent.
1330 4271 1480 4330 Hanc
1511 4278 1793 4348 stropham

177 4350 395 4411 eorum
422 4356 616 4410 crebro
640 4356 969 4412 venientium
1006 4359 1182 4430 inopia
1222 4361 1559 4433 dissipabat,
1591 4366 1684 4436 qui
1716 4367 1796 4421 in-

178 4447 467 4519 digebant
503 4448 838 4519 sumptibus,
876 4458 932 4505 et
969 4467 1077 4506 non
1111 4453 1282 4509 solum
1312 4455 1518 4511 hostias
1545 4474 1655 4514 non
1699 4460 1797 4516 ha-

1860 674 2000 729 rent,
2029 682 2149 736 qua:
2170 667 2408 722 nummis
2431 676 2753 722 coemuntur
2785 689 2798 722 ;
2830 668 2985 738 quasi
3007 684 3117 725 non
3135 669 3241 726 hoc
3261 671 3441 742 ipsum

1859 757 2105 814 Ezechiel
2130 758 2467 829 prtecaverit,
2513 760 2740 815 dicens:
2772 755 2999 815 Usuram
3033 770 3081 815 et
3120 764 3445 831 superabun-

1859 850 2095 905 dantiam
2119 865 2224 905 non
2245 851 2505 922 accipietis
2538 849 2754 923 (Ezech.
2778 852 2954 925 xvm).
2985 850 3148 909 Istius
3173 854 3317 910 modi
3340 855 3445 911 Do-

1860 945 2039 1000 minus
2076 959 2304 1001 cernens
2336 943 2388 998 in
2435 945 2594 999 domo
2636 944 2816 1001 Patris
2857 946 3302 1017 negotiationem,
3348 962 3446 1005 seu

1861 1035 2204 1092 latrocinium
2244 1037 2434 1091 ardore
2483 1036 2703 1106 spiritus
2746 1037 3070 1104 concitatus,
3109 1036 3265 1107 juxta
3303 1041 3449 1110 quod

1864 1128 2124 1199 scriptum
2164 1138 2249 1184 cst
2289 1128 2343 1182 in
2384 1129 2722 1199 sexagesimo
2756 1136 2950 1185 octavo
2989 1130 3200 1200 psalmo
3239 1150 3253 1186 :
3285 1129 3448 1187 Zelus

1863 1222 2049 1276 domus
2083 1232 2189 1275 tua:
2219 1221 2438 1276 comedit
2481 1238 2582 1285 me,
2630 1219 2759 1276 fecit
2805 1221 2907 1276 sibi
2945 1219 3213 1293 ﬂagellum
3243 1239 3274 1279 e
3303 1222 3448 1277 funi-

1865 1315 2019 1379 culis,
2064 1323 2120 1369 et
2172 1322 2376 1368 tantam
2414 1313 2696 1369 hominum
2747 1314 3145 1369 multitudinem
3185 1314 3348 1384 ejecit
3384 1314 3450 1370 de

1868 1406 2095 1476 templo,
2146 1406 2332 1462 dicens
2365 1424 2377 1460 :
2408 1405 2675 1477 Scriptum
2718 1417 2794 1461 est
2825 1421 2846 1460 :
2872 1407 3073 1462 Domus
3111 1424 3229 1463 mea
3264 1408 3451 1462 domus

1867 1501 2119 1554 orationis
2146 1500 2440 1566 vocabitur,
2470 1516 2560 1555 vos
2588 1499 2783 1568 fecistis
2801 1499 2947 1554 illam
2968 1501 3268 1571 speluncam
3291 1501 3455 1555 latro-

1869 1609 2013 1647 num.
2048 1590 2213 1647 Latro
2239 1593 2384 1649 enim
2420 1603 2521 1659 est,
2553 1602 2608 1647 et
2653 1593 2908 1665 templum
2940 1593 3035 1649 Dei
3086 1595 3141 1649 in
3181 1594 3453 1651 latronum

1870 1686 2137 1739 convertit
2163 1685 2499 1765 speluncam,
2527 1686 2618 1756 qui
2643 1686 2792 1741 lucra
2818 1686 2885 1741 de
2908 1686 3165 1757 religione
3189 1684 3454 1752 sectatur,

1870 1774 2152 1845 cultusque
2167 1776 2283 1847 ejus
2305 1792 2412 1831 non
2438 1784 2546 1831 tam
2569 1776 2747 1831 cultus
2766 1774 2862 1830 Dei
2893 1790 3057 1845 quam
3076 1776 3458 1845 negotiationis

1795 1862 1844 1922 B
1871 1867 2086 1923 occasio
2125 1877 2227 1923 est.
2274 1868 2388 1924 Hoc
2419 1866 2575 1937 juxta
2608 1868 2913 1923 historiam.
2956 1866 3222 1923 Caeterum
3263 1883 3460 1923 secun-

1873 1960 2000 2015 dum
2038 1951 2297 2032 mysticus
2344 1960 2647 2016 intellectus
2684 1960 2926 2031 quotidie
2959 1958 3118 2015 Iesus
3156 1959 3459 2031 ingreditur

1873 2050 2128 2120 templum
2157 2050 2346 2119 Patris,
2390 2058 2444 2105 et
2474 2050 2619 2122 ejicit
2641 2066 2831 2106 omnes
2858 2058 2969 2105 tam
2997 2051 3279 2125 episcopos
3295 2064 3461 2120 quam

1872 2144 2221 2214 presbyteros
2244 2185 2258 2208 ,
2293 2153 2347 2198 et
2375 2144 2633 2198 diaconos
2658 2157 2820 2212 quam
2850 2142 3039 2207 laicos,
3069 2150 3124 2196 et
3150 2141 3460 2197 universam

1876 2232 2087 2287 turbam
2115 2233 2181 2287 de
2206 2231 2470 2298 Ecclesia,
2504 2240 2558 2287 et
2582 2232 2744 2287 unius
2773 2232 3021 2287 criminis
3045 2230 3209 2286 habet
3228 2231 3465 2285 venden-

1877 2330 1957 2378 tes
1985 2331 2039 2377 et
2071 2332 2312 2379 ementes
2347 2323 2591 2394 pariter;
2633 2322 2896 2401 scriptum
2930 2331 3015 2380 est
3043 2323 3188 2380 enim
3228 2341 3240 2376 :
3287 2321 3466 2378 Gratis

1876 2421 2169 2491 accepistis,
2215 2402 2377 2491 gratis
2401 2420 2542 2475 date.
2581 2402 2795 2476 Mensas
2825 2434 3040 2490 quoque
3078 2417 3469 2480 nummulario-

1877 2529 1997 2568 rum
2025 2514 2308 2569 subvertit.
2363 2512 2602 2570 Observa
2630 2521 2854 2583 propter
2884 2510 3174 2566 avaritiam
3209 2509 3466 2566 sacerdo-

1880 2611 1993 2660 tum
2038 2605 2231 2659 altaria
2277 2604 2372 2660 Dei
2401 2604 2887 2660 nummulariorum
2929 2618 3147 2659 mensas
3182 2599 3464 2673 appellari.

1880 2699 2179 2756 Cathedras
2223 2700 2571 2755 vendentium
2615 2698 2895 2753 columbas
2944 2697 3163 2763 evertit,
3204 2696 3300 2767 qui
3337 2710 3473 2761 ven-

1883 2794 2016 2850 dunt
2058 2793 2286 2866 gratiam
2333 2793 2507 2849 sancti
2545 2791 2797 2862 Spiritus,
2846 2800 2902 2847 et
2939 2790 3125 2850 omnia
3164 2789 3376 2857 faciunt
3417 2806 3479 2855 ιιι

1886 2884 2159 2955 subjectos
2183 2886 2408 2957 populos
2444 2885 2734 2949 devorent;
2773 2884 2840 2939 de
2862 2883 3063 2955 quibus
3092 2891 3290 2946 dicitur
3320 2908 3334 2944 :
3368 2888 3474 2955 Qui

1886 2979 2131 3034 devorant
2157 2977 2407 3049 populum
2419 2994 2590 3033 meum
2612 2977 2745 3032 sicut
2765 2993 2942 3038 eseam
2958 2982 3111 3054 panis
3136 2981 3308 3055 (Psal.
3325 2981 3473 3051 xm).

1886 3069 2049 3125 Juxta
2086 3070 2386 3142 simplicem
2418 3069 2830 3145 intelligentiam
2868 3074 3133 3131 columbae
3173 3089 3278 3130 non
3317 3084 3477 3129 erant

1891 3162 1944 3216 in
1976 3161 2270 3228 cathedris,
2294 3162 2391 3218 sed
2412 3163 2467 3218 in
2493 3167 2764 3233 cavernis,
2797 3167 2903 3223 nisi
2934 3165 3075 3221 forte
3095 3164 3470 3221 columbarum

1888 3259 2163 3315 institores
2203 3258 2462 3316 sedebant
2504 3262 2559 3317 in
2603 3262 2896 3327 cathedris,
2939 3261 3083 3332 quod
3123 3261 3341 3330 penitus
3381 3259 3478 3314 ab-

1888 3348 2111 3404 surdum
2146 3357 2263 3414 est,
2298 3350 2424 3418 quia
2470 3351 2522 3405 in
2566 3351 2842 3406 cathedris
2885 3346 3268 3421 magistrorum
3303 3348 3477 3419 magis

1888 3439 2123 3511 dignitas
2153 3440 2442 3497 indicatur.
2468 3441 2599 3510 Quae
2631 3444 2816 3513 utique
2837 3443 2905 3498 ad
2933 3442 3164 3497 nihilum
3187 3440 3474 3512 redigitur,

1888 3544 2013 3586 cum
2060 3532 2218 3588 mista
2268 3531 2428 3590 fuerit
2488 3534 2673 3590 lucris.
2727 3533 2935 3606 (Greg.)
2984 3534 3086 3601 Qui
3123 3541 3305 3590 autem
3352 3530 3480 3589 sunt

1890 3622 1947 3678 in
1976 3624 2173 3695 templo
2198 3624 2293 3681 Dei
2323 3626 2502 3692 hodie,
2525 3628 2618 3697 qui
2644 3626 2928 3683 columbas
2952 3628 3212 3694 vendunt,
3252 3626 3358 3683 nisi
3380 3626 3475 3698 qui

1890 3713 1948 3769 in
1975 3714 2214 3770 Ecclesia
2240 3717 2475 3787 pretium
2503 3718 2572 3773 de
2594 3717 2945 3787 impositione,
2962 3733 3157 3773 manus
3182 3717 3479 3790 accipiunt,

1891 3820 1990 3876 per
2035 3821 2197 3876 quam
2242 3807 2492 3864 videlicet
2532 3810 2932 3879 impositionem
2981 3808 3216 3880 Spiritus
3256 3819 3478 3866 sanctus

1893 3896 2108 3954 caelitus
2129 3898 2324 3953 datur?
2351 3898 2607 3955 Columba
2637 3900 2804 3970 igitur
2828 3900 3099 3967 venditur,
3130 3900 3257 3970 quia
3281 3916 3491 3955 manus.

1895 3990 2201 4062 impositio,
2235 4008 2334 4062 per
2364 4007 2526 4063 quam
2561 3992 2795 4064 Spiritus
2823 4001 3048 4048 sanctus
3083 3993 3370 4063 accipitur,
3409 3993 3481 4047 ad

1893 4082 2128 4151 pretium
2173 4084 2465 4154 praebetur.
2514 4082 2625 4140 Sed
2661 4082 2993 4153 Redemptor
3030 4082 3320 4138 cathedras
3355 4097 3486 4137 ven-

1896 4174 2135 4229 dentium
2160 4175 2437 4232 columbas
2456 4176 2683 4241 evertit,
2705 4175 2831 4245 quia
2868 4175 3054 4231 talium
3079 4175 3480 4245 negotiatorum

1896 4269 2260 4324 sacerdotium
2307 4269 2557 4326 destruit.
2597 4269 2733 4324 Hinc
2772 4277 2858 4325 est
2890 4269 3034 4338 quod
3069 4268 3209 4323 sacri
3239 4282 3481 4323 canones

1898 4360 2262 4419 Simoniacam
2309 4363 2556 4418 haeresim
2595 4363 2886 4425 damnant,
2938 4368 2996 4415 et
3037 4374 3132 4414 eos
3179 4360 3483 4415 sacerdotio

1896 4454 2100 4526 privari
2128 4455 2471 4524 praecipiunt,
2500 4454 2594 4524 qui
2626 4455 2693 4510 de
2718 4451 3012 4525 largiendis
3039 4453 3323 4508 ordinibus
3350 4466 3478 4523 pre-

176 4539 429 4602 bebant,
472 4536 569 4594 se'd
611 4554 680 4594 ne
716 4541 857 4597 unde
885 4552 1133 4599 emerent
1161 4547 1378 4615 quidem
1408 4565 1536 4604 aves
1570 4558 1626 4605 οι
1667 4551 1793 4606 vilia
1822 4584 1875 4644 Β
1900 4543 2033 4598 tium
2059 4551 2329 4613 quaerunt.
2358 4542 2629 4599 Cathedra
2658 4557 2789 4615 ergo
2824 4542 3170 4598 vendentium
3197 4542 3478 4599 columbas

176 4627 551 4685 munuscula.
589 4629 895 4686 Posuerunt
929 4632 1111 4703 itaque
1149 4645 1203 4690 et
1244 4638 1657 4707 nummularios,
1702 4642 1795 4711 qui

179 4727 455 4775 mutuam
514 4718 615 4773 sub
660 4720 766 4776 hac
801 4721 1050 4775 cautione
1092 4723 1283 4778 darent
1336 4726 1638 4796 pecuniam.
1690 4728 1797 4785 Sed

177 4813 328 4885 quia
384 4817 509 4865 erat
561 4809 676 4882 lege
725 4822 1054 4882 praeceptum
1111 4813 1294 4887 (Leuit.
1341 4817 1494 4889 xxv),
1538 4827 1599 4874 ιιι
1638 4835 1798 4876 nemo

178 4919 408 4961 usuras
450 4904 735 4974 acciperet,
777 4913 833 4961 et
874 4906 1133 4977 prodesse
1170 4925 1275 4963 non
1320 4920 1533 4981 poterat
1569 4916 1796 4985 pecunia

180 4998 479 5058 fenerata,
519 5010 639 5065 quae
665 4997 936 5053 commodi
974 4999 1107 5054 nihil
1145 5001 1404 5068 haberet,
1439 5014 1492 5059 et
1523 5006 1794 5063 interdum

181 5098 421 5147 sortem
447 5088 726 5157 perderet,
762 5092 1204 5162 excogitaverunt
1233 5101 1287 5148 et
1318 5094 1477 5149 aliam
1510 5097 1758 5153 technam
1779 5140 1795 5166 ,

162 5176 254 5240 ἰιι
284 5198 404 5254 pro
431 5181 801 5237 nummulariis
831 5182 1141 5254 collyhistas
1166 5182 1409 5240 facerent
1429 5226 1443 5251 ,
1468 5185 1620 5255 cujus
1646 5190 1798 5245 verbi

183 5272 607 5346 proprietatem
629 5272 820 5329 Latina
848 5275 1026 5347 lingua
1064 5291 1169 5331 non
1195 5277 1468 5348 exprimit.
1502 5276 1690 5336 Graece
1717 5280 1801 5335 di-

183 5370 358 5425 citur
385 5373 487 5422 τῶν
512 5368 857 5427 κολλυϐιστῶν
887 5372 1055 5443 ἐξέχει
1079 5372 1139 5428 τὸ
1162 5372 1336 5450 stippa
1354 5413 1369 5439 ,
1402 5372 1454 5427 id
1478 5382 1590 5438 est,
1624 5374 1793 5446 colly-

183 5460 483 5517 bistarum
518 5457 677 5528 ejecit
717 5463 1022 5531 pecuniam.
1057 5465 1302 5528 ιιόλλυϐος
1332 5466 1414 5521 vel
1458 5468 1683 5530 κόλλιϐος
1712 5468 1794 5523 di-

186 5565 423 5613 cuntur
462 5555 601 5624 apud
628 5569 740 5620 eos,
772 5569 891 5623 quae
932 5572 1028 5611 nos
1053 5558 1385 5628 appellamus
1415 5560 1499 5614 vel
1522 5559 1650 5615 vilia
1685 5577 1803 5616 mus

188 5643 483 5711 uuscula,
517 5644 663 5700 verbi
691 5647 882 5717 gratia,
916 5645 1039 5701 frixi
1069 5649 1293 5717 ciceris,
1327 5667 1658 5721 uvarumque
1680 5667 1805 5722 pas-

188 5751 441 5802 surum,
476 5747 529 5793 et
562 5752 721 5808 poma
753 5738 951 5794 diversi
981 5741 1214 5811 generis.
1252 5741 1421 5815 Igitur
1458 5743 1584 5813 quia
1612 5759 1806 5800 usuras

189 5828 476 5898 accipere
515 5845 621 5886 non
640 5838 889 5901 poterant
930 5830 1241 5903 eollybistae,
1291 5833 1385 5904 qui
1419 5836 1701 5907 pecuniam
1730 5835 1808 5893 te-

1900 4632 2181 4697 evertitur,
2207 4632 2334 4701 quia
2363 4631 2418 4685 hi
2447 4630 2539 4702 qui
2565 4630 2865 4702 spiritalem
2890 4631 3121 4701 gratiam
3148 4631 3485 4694 venundant,

1901 4725 1988 4780 vel
2028 4734 2153 4780 ante
2182 4725 2478 4792 humanos,
2524 4723 2609 4780 vel
2648 4733 2776 4781 ante
2817 4723 2914 4779 Dei
2951 4724 3138 4780 oculos
3179 4722 3484 4779 sacerdotio

1899 4818 2202 4890 privantur.
2256 4816 2545 4893 (Hieron.)
2598 4817 2752 4885 Quod
2807 4819 2897 4875 de
2924 4817 3171 4874 ecclesiis
3218 4816 3481 4881 diximus,

1901 4918 2272 4988 unusquisque
2305 4917 2374 4972 de
2414 4933 2472 4973 se
2510 4917 2794 4988 intelligat.
2843 4916 2987 4973 Dicit
3027 4916 3175 4972 enim
3210 4914 3489 4985 apostolus

1901 5009 2100 5066 Paulus
2132 5028 2145 5065 :
2192 5007 2290 5065 Vos
2316 5011 2438 5065 estis
2467 5009 2713 5080 templum
2752 5009 2868 5074 Dei,
2909 5018 2957 5063 et
2998 5008 3229 5080 Spiritus
3270 5011 3518 5062 sanctus
3561 5004 3571 5013 ’

1900 5100 2101 5155 habitat
2127 5100 2182 5153 in
2209 5100 2353 5166 vobis
2386 5098 2439 5171 (Ι
2479 5098 2600 5155 Cor.
2632 5116 2727 5165 Ill;
2773 5098 2835 5153 II
2882 5098 3006 5155 Cor.
3041 5098 3137 5169 vi).
3167 5096 3284 5152 Non
3322 5097 3395 5153 sit
3430 5097 3485 5152 in

1903 5193 2062 5249 domo
2111 5193 2347 5263 pectoris
2407 5193 2575 5250 vestri
2630 5192 2926 5263 negotiatio
2972 5205 3078 5259 non
3106 5188 3485 5245 vendentium

1903 5285 2305 5355 ementiumque
2342 5284 2704 5350 commercia,
2740 5299 2847 5340 non
2881 5283 3166 5343 domorum
3194 5281 3485 5353 cupiditas,

1903 5390 1976 5430 ne
2008 5374 2346 5446 ingrediatur
2369 5374 2528 5431 Jesus
2557 5374 2730 5430 iratus
2757 5374 3063 5445 etrigidus.
3100 5372 3170 5428 Et
3195 5387 3304 5429 non
3329 5370 3492 5427 aliter

1904 5467 2129 5523 mundet
2166 5467 2424 5537 templum
2467 5482 2622 5522 suum
2661 5468 2765 5522 nisi
2797 5465 3005 5537 ﬂagello
3028 5465 3297 5532 adhibito,
3337 5471 3401 5520 ut
3423 5464 3494 5519 de

1907 5557 2163 5628 spelunca
2195 5558 2495 5622 latronum,
2526 5566 2581 5612 et
2604 5557 2672 5613 de
2701 5559 2860 5614 domo
2887 5556 3269 5628 negotiationis
3289 5557 3492 5613 donum

1909 5650 2077 5706 faciat
2102 5648 2385 5704 orationis.
2427 5644 2628 5719 (Ci-eg.)
2651 5648 2879 5703 Domum
2919 5662 3051 5718 ergo
3075 5645 3342 5702 orationis
3366 5658 3493 5713 spe-

1909 5744 2125 5799 [uncam
2160 5741 2429 5796 latronum
2464 5739 2689 5804 faciunt,
2721 5741 2815 5811 qui
2856 5740 2926 5796 ad
2955 5741 3058 5797 hoc
3083 5740 3140 5794 in
3170 5736 3369 5807 templo
3401 5751 3494 5792 as-

1911 5837 2107 5893 sistere
2135 5839 2370 5898 norunt,
2401 5838 2461 5886 ut
2494 5838 2590 5887 aut
2621 5846 2729 5889 non
2756 5831 2949 5888 dantes
2974 5842 3203 5887 munera
3230 5826 3488 5884 studeant
