3898 6496
419 399 565 464 4015

1104 403 1165 458 Β.
1206 399 1460 457 RABANI
1499 396 1723 456 MAURI
1758 392 2079 453 ARCHIEP.
2119 392 2425 454 MOGUN'I‘.
2465 397 2751 457 OPERUM
2785 398 2966 456 PARS
2998 398 3040 454 Ι.

3575 396 3719 455 1οη

414 521 770 593 mrporaliter
792 524 1065 591 persequi,
1093 524 1187 571 aut
1206 518 1402 572 dantes
1423 498 1743 586 spiritaliter
1771 524 1984 567 necare.
2016 508 2070 569 Α
2093 509 2284 564 urbem
2316 484 2565 582 egressus
2594 510 3099 577 contradicentium,
3136 512 3238 571 Ivit
3262 511 3323 567 in
3347 508 3713 573 Bethaniam,

416 612 700 683 Τεωυιιη
729 623 945 681 quoque
970 617 1027 663 et
1053 609 1245 665 domus
1273 606 1367 663 Dei
1396 613 1481 661 est
1513 605 1630 675 ipsa
1657 616 1811 658 mens
1835 612 1996 673 atque

414 703 747 767 conscientia
770 700 1043 768 ﬁdelium,
1075 714 1196 771 quae
1222 706 1279 755 et
1312 700 1357 755 si
1378 695 1596 769 quando
1634 698 1691 752 in
1718 695 1995 751 laesionem

413 796 647 868 proximi
702 807 989 867 perversae
1040 791 1396 864 cogitationes
1443 787 1686 862 profert,
1730 788 1886 858 quasi
1938 785 1995 841 in

412 889 668 962 spelunca
692 887 933 944 latrones
957 878 1199 942 resident
1217 924 1234 951 ,
1262 890 1318 940 et
1340 882 1663 955 simpliciter
1685 876 1995 954 gradientes

410 978 763 1045 interﬁciunt,
817 978 1036 1048 quando
1079 977 1136 1032 in
1171 975 1293 1030 illos
1316 1016 1332 1042 ,
1371 974 1464 1044 qui
1497 973 1551 1029 in
1583 970 1728 1028 nullo
1758 971 1837 1026 rei
1868 973 1996 1026 sunt

408 1073 671 1140 lusionis,
711 1071 920 1146 gladios
954 1069 1213 1142 deﬁgunt.
1257 1067 1410 1123 Mens
1445 1066 1589 1121 enim
1618 1062 1858 1121 ﬁdelium
1883 1076 1993 1118 non

401 1162 515 1233 jam
576 1164 770 1220 domus
811 1162 1094 1229 orationis,
1153 1162 1247 1217 sed
1294 1159 1549 1230 spelunca
1598 1154 1829 1211 latronis
1883 1160 1992 1219 est,

411 1255 632 1326 quando
659 1255 850 1313 relicta
888 1255 1195 1311 innocentia
1227 1260 1283 1309 et
1315 1252 1665 1323 simplicitate
1692 1246 1994 1306 sanctitatis

408 1347 541 1403 illud
563 1356 795 1405 conatur
821 1360 1001 1419 agere,
1030 1347 1174 1401 unde
1204 1346 1379 1400 valeat
1397 1345 1646 1415 proximo
1676 1355 1892 1397 nocere.

479 1437 549 1493 Et
581 1447 911 1494 acceswrunt
936 1438 1005 1492 ad
1040 1422 1157 1492 cuin
1188 1436 1383 1490 acciet
1413 1434 1592 1489 claudi
1616 1434 1673 1487 in
1701 1430 1911 1502 templo,
1944 1439 1995 1485 et

408 1530 613 1585 sanauit
657 1546 764 1586 eos.
807 1528 989 1601 (Aug.)
1028 1527 1256 1583 Virtutis
1300 1541 1410 1582 suae
1439 1525 1734 1597 potentiam
1768 1524 1824 1577 in
1860 1531 1993 1578 tem«

406 1621 499 1692 plo
544 1620 781 1679 ostendit
817 1621 1304 1676 calumniatoribus
1330 1659 1346 1685 ,
1397 1626 1457 1672 ut
1503 1617 1645 1689 quod
1694 1616 1770 1671 illi
1814 1613 1996 1671 verbis

407 1714 754 1779 clamabant,
785 1714 887 1771 iste
911 1714 1070 1770 factis
1102 1714 1443 1779 ostenderet,
1475 1712 1631 1781 quasi
1662 1709 1818 1765 testis
1845 1707 1996 1764 vocis

407 1804 641 1861 illorum.
690 1804 876 1878 (ΕΑΒ.)
916 1805 1143 1861 Sauavit
1179 1820 1356 1861 caecos
1401 1812 1460 1859 ut
1487 1804 1811 1874 aspicientes
1846 1800 1995 1856 vide-

2099 601 2243 671 quod
2286 602 2671 673 interpretatur
2696 604 2882 660 domus
2920 601 3226 663 obedientia:
3253 644 3269 670 ,
3295 601 3419 672 jam
3444 612 3588 659 tunc
3622 618 3718 658 vo-

2097 695 2363 751 cationem
2395 698 2631 769 gentium
2659 696 3041 769 prmﬁgurans,
3076 696 3261 767 ibique
3296 696 3555 761 mansit,
3582 696 3715 765 quia

2097 787 2152 843 in
2180 786 2342 843 Israel
2367 803 2686 859 permanere
2715 806 2824 847 non
2861 791 3055 861 potuit.
3099 789 3214 845 Hoc
3239 802 3478 861 quoque
3508 787 3713 855 intelli-

2096 880 2329 952 gendum
2363 889 2467 949 est,
2509 882 2652 953 quod
2696 882 3064 947 tantaepfuerit
3103 881 3485 955 paupertatis,
3532 889 3595 936 et
3640 882 3714 935 ita

2096 956 2230 1027 nulli
2261 971 2333 1027 sit
2366 971 2636 1039 adulatus,
2664 983 2725 1029 ut
2756 974 2810 1029 in
2850 974 2982 1043 urbe
3024 960 3261 1030 maxima
3282 973 3514 1031 nullum
3534 973 3715 1043 hospi—

2095 1068 2230 1131 tem,
2274 1065 2589 1138 nullamque
2632 1065 2905 1122 invenerit
2941 1068 3306 1136 ntansionem,
3346 1066 3453 1122 sed
3492 1066 3555 1121 in
3588 1081 3715 1137 agro

2094 1153 2323 1226 parvulo
2364 1158 2505 1228 apud
2535 1158 2802 1213 Lazarum
2854 1174 3175 1230 sororesque
3224 1157 3351 1229 eius
3407 1157 3711 1219 habitaret.

2063 1252 2069 1257 '
2096 1240 2297 1302 Eorum
2328 1250 2524 1320 quippe
2545 1250 2695 1306 vicus
2721 1249 2986 1307 Bethania
3015 1259 3122 1307 est.

2169 1334 2328 1397 Mane
2357 1350 2531 1399 autem
2564 1352 2821 1398 revertens
2865 1342 2923 1397 in
2961 1344 3222 1401 civitatem
3261 1341 3461 1399 cauriit
3490 1359 3514 1405 ;
3557 1350 3605 1393 ct
3644 1341 3713 1393 ei-

2096 1432 2223 1485 dens
2248 1431 2336 1502 ﬁci
2367 1432 2603 1486 arborem
2633 1448 2792 1487 unam
2825 1451 2974 1489 secus
3005 1434 3168 1500 viam,
3189 1435 3334 1491 venit
3369 1432 3446 1485 ad
3494 1448 3638 1495 eam,
3668 1442 3711 1483 α

2098 1522 2227 1577 nihil
2258 1524 2446 1578 invenit
2476 1525 2530 1579 in
2556 1542 2617 1579 ea
2647 1525 2746 1580 nisi
2771 1525 2899 1596 [alia
2930 1535 3157 1592 tantum,
3189 1535 3241 1580 et
3267 1526 3346 1579 ait
3372 1522 3459 1577 illi
3500 1541 3515 1574 :
3558 1521 3709 1575 Νει-

2096 1632 2252 1687 quam
2279 1617 2482 1686 fructus
2511 1634 2577 1673 ea;
2602 1626 2650 1672 te
2681 1629 2931 1672 nascatur
2957 1619 3013 1672 in
3036 1618 3447 1687 sempiternum.
3493 1614 3569 1669 Et
3598 1632 3711 1668 an-

2098 1705 2242 1776 facta
2275 1717 2349 1761 est
2379 1708 2624 1763 continuo
2645 1706 2893 1779 ﬁculnea.
2932 1709 3199 1765 Discussis
3226 1709 3416 1765 noctis
3444 1707 3709 1771 tenebris,

2098 1801 2361 1856 matutina
2403 1802 2521 1857 luce
2572 1802 2820 1858 radiante
2846 1844 2862 1869 ,
2905 1814 2960 1860 et
2983 1806 3162 1865 vicina
3199 1805 3467 1869 meridie,
3519 1806 3581 1859 in
3608 1819 3707 1873 qua

405 1906 552 1962 rent,
577 1905 632 1953 et
652 1897 753 1967 ipsi
775 1937 790 1962 ,
821 1903 881 1951 ut
906 1897 1136 1953 istorum
1163 1896 1489 1952 illuminatio
1513 1894 1812 1965 corporalis
1837 1894 1990 1948 ﬁeret
2017 1888 2066 1951 B
2092 1892 2353 1948 Dominus
2381 1896 2629 1965 passione
2655 1912 2753 1951 sua
2780 1897 3151 1954 illustraturus
3170 1906 3293 1952 erat
3316 1900 3555 1961 orbem,
3591 1912 3709 1952 cum

405 1989 513 2046 illis
559 1989 820 2060 spiritalis
853 1989 1073 2045 lucerna
1122 1988 1324 2045 cordis.
1372 1988 1597 2043 Curavit
1642 1985 1883 2051 claudos,
1931 1991 1993 2038 ut

404 2081 773 2139 claudicantes
810 2082 866 2136 in
893 2083 998 2138 ﬁde
1037 2088 1321 2140 canerent
1361 2084 1427 2139 ad
1451 2082 1751 2148 Christum,
1782 2088 1842 2135 ut
1882 2095 1993 2135 me-

404 2170 571 2228 ;Bores
595 2173 760 2243 pedes
797 2173 1107 2244 acciperent
1146 2174 1225 2230 illi
1254 2174 1500 2231 videntes
1523 2188 1685 2244 quam
1718 2170 1811 2229 isti
1851 2172 1993 2228 acci-

403 2263 634 2332 pientes.

490 2353 730 2411 Videntec
757 2366 933 2412 autem
957 2358 1216 2430 principes
1242 2358 1572 2413 sacerdotum
1599 2367 1647 2413 et
1681 2358 1863 2413 scriba:
1896 2358 1995 2412 mi-

405 2445 597 2503 rabilia
632 2464 750 2519 qum
785 2448 938 2517 fecit,
981 2458 1029 2504 et
1063 2465 1254 2520 pueros
1282 2449 1569 2504 clamantes
1605 2451 1659 2503 in
1697 2448 1917 2520 templo,
1945 2457 1994 2503 et

404 2536 633 2595 dicentes
662 2552 681 2590 :
722 2538 981 2594 Hosanna
1026 2540 1140 2609 ﬁlio
1185 2541 1387 2605 David,
1442 2541 1702 2611 indignati
1754 2549 1896 2606 sunt,
1948 2548 1997 2593 et

405 2626 650 2685 dixerunt
675 2631 723 2682 ei
752 2647 771 2683 :
805 2630 971 2684 Audis
998 2630 1125 2702 quid
1164 2632 1253 2685 icti
1296 2632 1480 2685 dicunt
1504 2632 1529 2684 ?
1569 2631 1818 2702 Plerique
1850 2630 1996 2685 arbi-

407 2724 623 2777 trantur
643 2720 937 2783 maximum
956 2736 1079 2777 esse
1102 2722 1376 2794 signorum
1399 2722 1545 2794 quod
1564 2723 1804 2779 Lazarus
1826 2723 1996 2778 susci-

407 2818 556 2873 tatus
581 2820 695 2885 est,
741 2815 887 2884 quod
916 2828 1093 2872 caicus
1119 2829 1187 2871 ex
1208 2824 1363 2871 utero
1382 2817 1563 2871 lumen
1592 2817 1822 2885 accepit,
1853 2816 1997 2886 quod

407 2902 477 2959 ad
500 2901 791 2973 Jordauem
828 2924 934 2965 vox
963 2907 1146 2966 audita
1184 2910 1287 2977 sit,
1320 2910 1464 2981 quod
1496 2910 1913 2981 transﬁguratus
1941 2908 1994 2964 in

405 3004 590 3063 monte
615 2997 842 3070 gloriam
866 3004 1104 3061 ostendit
1124 3003 1528 3074 triumphantis.
1560 3003 1688 3059 Mihi
1713 3004 1855 3058 inter
1874 3017 1994 3058 om-

404 3090 498 3163 nia
534 3093 688 3165 signa
732 3111 855 3166 qua:
900 3095 1050 3163 fecit,
1098 3099 1203 3155 hoc
1252 3100 1466 3157 videtur
1505 3113 1627 3156 esse
1672 3098 1993 3165 mirabilius,

404 3186 550 3259 quod
575 3203 715 3247 unus
738 3189 902 3246 homo
926 3199 984 3247 et
1006 3189 1097 3247 illo
1127 3200 1370 3262 tempore
1391 3191 1832 3263 contemptibilis,
1858 3199 1913 3247 et
1938 3192 1992 3246 in

406 3286 618 3347 tantum
669 3279 813 3345 vilis,
872 3290 932 3339 ut
980 3290 1168 3353 postea
1226 3283 1652 3354 cruciﬁgeretur,
1687 3282 1893 3338 Scribis
1939 3266 2065 3337 etC

406 3371 701 3443 Pharisaeis
720 3385 913 3432 contra
944 3393 1003 3433 se
1031 3378 1398 3445 saevientibus,
1423 3386 1480 3434 et
1507 3378 1813 3435 videntibus
1841 3376 1994 3434 lucra

404 3480 505 3533 sua
544 3467 771 3535 destrui,
814 3471 1055 3539 potuerit
1088 3471 1157 3527 ad
1189 3472 1350 3526 unius
1380 3470 1573 3543 ﬂagelli
1615 3472 1839 3528 verbera
1876 3480 1996 3528 tau-

407 3563 522 3624 tam
565 3556 763 3627 elicere
800 3560 1231 3627 multitudinem,
1280 3577 1603 3633 mensasque
1656 3564 1995 3632 subvertere,

406 3655 465 3720 et
486 3649 774 3717 cathedras
792 3650 1153 3723 confringere,
1189 3663 1245 3708 et
1271 3655 1374 3711 alia
1400 3653 1581 3710 facere
1613 3669 1732 3725 quae
1752 3654 1997 3712 inﬁnitus

406 3756 516 3817 non
553 3741 775 3807 fecisset
800 3744 1093 3800 exercitus.
1125 3744 1344 3815 lgneum
1377 3747 1521 3801 enim
1555 3745 1810 3816 quiddam
1835 3755 1997 3817 atque

401 3834 679 3903 sidereum
720 3830 979 3894 radiabai'
991 3854 1057 3893 ex
1087 3838 1262 3894 oculis
1287 3840 1404 3909 ejus
1424 3881 1437 3905 ,
1469 3846 1524 3895 et
1552 3840 1853 3895 divinitatis
1880 3854 1995 3895 ma-

397 3921 570 3997 instas
596 3927 810 3985 lucebat
832 3930 886 3983 in
912 3929 1088 3995 facie;
1116 3944 1348 4001 cumque
1376 3945 1593 3985 manum
1620 3947 1728 3987 non
1757 3931 1994 3999 audeant

403 4017 630 4086 iniicere
657 4021 991 4086 sacerdotes,
1030 4030 1240 4077 tantum
1268 4036 1433 4093 opera
1461 4022 1900 4088 calumniantur;
1940 4030 1995 4077 et

405 4110 775 4172 testimonium
820 4111 1002 4181 populi
1043 4120 1101 4166 et
1142 4126 1458 4182 puerorum,
1503 4114 1596 4183 qui
1641 4113 1988 4168 clamabant:

403 4200 667 4263 Horam
711 4201 825 4271 ﬁlio
852 4202 1047 4269 Dauid,
1093 4210 1313 4259 vertunt
1356 4205 1411 4258 in
1453 4204 1805 4271 calumniam,
1848 4206 1993 4275 quod

402 4289 659 4357 Videlicet
677 4291 782 4347 hoc
801 4307 909 4348 non
931 4293 1163 4359 dicatur,
1194 4294 1299 4349 nisi
1320 4294 1420 4349 soli
1447 4294 1586 4352 Filio
1616 4296 1733 4352 Dei.
1762 4296 1993 4352 Videant

400 4397 534 4456 ergo
575 4383 835 4454 episcopi,
884 4394 942 4441 et
983 4386 1281 4455 quamlibet
1321 4388 1497 4444 sancti
1550 4389 1819 4457 homines,
1869 4404 1991 4445 cum

401 4485 610 4555 quanto
636 4477 879 4548 periculo
891 4478 999 4535 dici
1012 4480 1115 4541 ista
1131 4480 1237 4535 sibi
1253 4482 1550 4551 patiantur,
1575 4483 1621 4538 si
1634 4482 1884 4549 Domino,
1901 4480 1989 4539 cui

397 4584 530 4635 vere
548 4572 655 4633 hoc
671 4573 973 4641 dicebatur,
1003 4574 1131 4645 quia
1153 4589 1254 4633 nec
1272 4576 1402 4631 dum
1427 4585 1546 4632 erat
1566 4578 1735 4634 solida
1765 4579 1990 4634 creden-

398 4664 535 4724 tium
562 4665 716 4732 ﬁdes,
739 4680 841 4737 pro
860 4668 1091 4724 crimine
1111 4668 1526 4741 impingebatnr.

466 4756 627 4813 Iesus
661 4767 838 4813 metu
867 4759 1008 4814 dicit
1042 4760 1117 4815 eis
1152 4779 1165 4815 :
1206 4758 1416 4832 Utique.
1451 4760 1750 4833 Nunquam.
1769 4760 1985 4832 legistis,

396 4852 522 4923 quia
543 4867 615 4906 ea:
634 4867 725 4906 ore
745 4851 1030 4923 infantium
1050 4863 1097 4909 et
1120 4854 1435 4910 laetantium
1458 4855 1721 4925 perfecisti
1743 4855 1951 4909 laudem
1967 4857 1994 4911 .9

395 4939 571 5014 (Paul.
603 4941 753 5014 vui.)
775 4941 950 5011 (Atiam
977 4946 1255 5007 moderate
1288 4948 1613 5002 sententiam
1640 4956 1902 5019 temperat
1934 4958 1989 5003 et

394 5036 835 5105 responsionem!
871 5036 952 5094 Ne
994 5038 1053 5093 in
1093 5046 1384 5110 utrumque
1428 5055 1660 5112 vergens
1705 5042 1990 5097 calumnire

391 5139 503 5190 non
534 5135 767 5197 pateret,
806 5126 937 5202 [Αι.,
973 5136 1033 5185 ct
1054 5131 1337 5201 responsio
1368 5132 1623 5203 utrinque
1655 5148 1902 5205 vergens,
1934 5141 1990 5189 et

393 5220 682 5280 calumnia
715 5237 825 5279 non
863 5223 1077 5298 patens]
1116 5239 1226 5281 non
1257 5225 1412 5292 dixit,
1448 5227 1592 5298 quod
1636 5224 1838 5283 Scriba:
1886 5241 1985 5282 au-

394 5313 519 5373 dire
543 5317 851 5387 cupiebant.
882 5317 1029 5375 Bene
1066 5319 1273 5375 iaciam
1294 5321 1469 5391 pueri,
1501 5329 1559 5377 ut
1582 5322 1715 5379 mibi
1745 5323 1988 5379 testimo-

393 5406 551 5463 nim
575 5410 928 5480 perhibent;
962 5427 1062 5469 nec
1093 5428 1309 5470 rursum
1334 5428 1349 5467 :
1387 5414 1557 5470 Erant
1576 5415 1754 5486 pueri,
1778 5417 1987 5471 debetis

392 5499 549 5556 atati
586 5500 868 5569 ignoscere
896 5519 912 5558 :
944 5506 1045 5562 sed
1079 5506 1287 5575 profert
1329 5507 1633 5580 exemplum
1685 5510 1751 5563 de
1794 5516 1985 5565 octavo

390 5593 634 5667 μω,
672 5605 737 5650 ut
764 5605 978 5655 tacente
1016 5599 1245 5655 Domino
1275 5602 1642 5658 testimonium
1676 5601 1984 5674 Scriptura-

394 5700 523 5742 ωσι
538 5700 833 5759 puemrum
853 5690 996 5746 dicta
1027 5691 1288 5748 firmaret.

466 5778 599 5852 [Ill]
632 5780 722 5847 Et,
755 5781 949 5839 relictis
976 5784 1102 5865 illis,
1122 5786 1253 5841 abiit
1276 5786 1423 5856 foras
1456 5796 1607 5843 extra
1645 5790 1906 5843 civitatem
1930 5792 1984 5846 in

394 5866 742 5943 Bal-tutius,
792 5875 967 5948 ibique
1002 5880 1213 5934 mansit.
1265 5874 1504 5950 Reliquit
1553 5879 1880 5949 incredulos,
1931 5891 1985 5938 et

2094 1987 2150 2041 in
2177 1987 2449 2043 civitatem
2487 1998 2851 2046 reverteretur
2875 1991 3094 2055 esuriit,
3138 1990 3222 2045 vel
3270 1991 3581 2044 veritatem
3619 1988 3710 2042 lm-

2094 2092 2269 2134 manze
2311 2080 2493 2135 carnis
2533 2082 2849 2148 ostendens,
2877 2083 2961 2137 vel
2991 2083 3268 2147 esuriens,
3309 2082 3564 2136 salutem
3593 2095 3706 2135 cre-

2096 2171 2337 2227 dentium
2361 2213 2375 2237 ,
2409 2180 2464 2227 et
2492 2181 2731 2228 aestuans
2758 2173 2824 2228 ad
2849 2172 3226 2229 credulitatem
3260 2171 3514 2226 lsraelis.
3547 2169 3705 2225 Cum-

2095 2276 2203 2332 que
2232 2263 2455 2317 vidisset
2484 2263 2736 2320 arborem
2763 2279 2927 2319 unam
2946 2306 2960 2331 ,
2988 2280 3151 2335 quam
3188 2262 3567 2334 intelligimus
3591 2277 3706 2331 sya-

2097 2369 2357 2427 agogam,
2412 2363 2466 2413 et
2508 2356 2924 2413 conciliabulum
2984 2356 3322 2422 Judzeorum,
3377 2370 3509 2426 qua:
3560 2355 3703 2425 juxta

2096 2448 2242 2527 viam
2265 2457 2400 2513 erat,
2426 2448 2551 2519 quia
2582 2465 2689 2504 non
2710 2448 3002 2504 credebant
3024 2448 3080 2502 in
3104 2448 3273 2513 viam,
3307 2447 3470 2501 venit
3491 2446 3567 2500 ad
3592 2461 3702 2499 eam

2098 2548 2332 2597 stantem
2381 2541 2633 2597 videlicet
2680 2552 2735 2597 et
2772 2542 3126 2608 immobilem,
3157 2550 3211 2597 et
3254 2557 3367 2595 non
3413 2539 3702 2595 habentem

2098 2632 2377 2705 Evangelii
2410 2635 2599 2713 pedes,
2632 2635 2873 2706 nihilque
2920 2631 3127 2691 invenit
3172 2635 3227 2689 in
3262 2634 3381 2700 illa,
3432 2634 3543 2688 nisi
3588 2633 3702 2687 folia

2104 2738 2336 2799 tantum,
2382 2733 2799 2803 promissionum
2850 2734 3155 2804 strepitum,
3200 2731 3537 2789 traditiones
3575 2729 3701 2785 Pha-

2099 2825 2354 2891 risaicas,
2409 2825 2763 2896 jactationem
2812 2824 2967 2898 legis,
3024 2832 3351 2881 ornamenta
3412 2823 3700 2879 verborum

2103 2917 2307 2986 absque
2332 2915 2454 2970 ullis
2485 2916 2753 2971 fructibus
2782 2917 3043 2971 veritatis.
3083 2915 3232 2973 Unde
3258 2922 3317 2973 et
3356 2912 3509 2971 alius
3549 2926 3702 2967 erat

2102 3007 2292 3080 gelista
2318 3006 2451 3062 dicit
2481 3021 2495 3061 :
2532 3005 2785 3061 Nondum
2820 3007 2959 3061 enim
2990 3016 3103 3062 erat
3132 3016 3339 3076 tempus
3363 3001 3575 3077 (Herc.
3608 3003 3698 3073 ιι),

2100 3102 2215 3159 sive
2240 3102 2383 3173 quod
2413 3110 2626 3172 tempus
2654 3103 2891 3158 nondum
2913 3110 3139 3157 venerat
3162 3099 3492 3157 salvationis
3518 3097 3697 3157 Israel.

2100 3208 2167 3250 eo
2201 3195 2342 3264 quod
2381 3193 2610 3249 necdum
2636 3192 2865 3265 populus
2893 3194 3135 3264 gentium
3159 3192 3539 3249 subintrasset
3556 3230 3573 3255 ,
3596 3190 3699 3244 sire

2097 3285 2241 3356 quod
2266 3286 2598 3355 praeterisset
2620 3292 2833 3356 tempus
2857 3284 3000 3354 lidei,
3034 3285 3161 3356 quia
3184 3283 3251 3339 ad
3282 3282 3445 3337 illum
3469 3282 3698 3351 primum

2098 3378 2353 3443 veniens,
2402 3386 2459 3433 et
2497 3386 2713 3448 spretus
2752 3377 3057 3433 transiisset
3097 3376 3165 3439 ad
3200 3375 3481 3435 nationes.
3518 3374 3585 3428 Et
3632 3372 3700 3426 ait

2099 3472 2176 3528 illi
2213 3490 2226 3526 :
2263 3469 2551 3543 Nunquam
2581 3488 2646 3526 ex
2677 3482 2726 3525 te
2768 3471 2970 3542 {ructus
2998 3478 3269 3534 nascatur,
3296 3467 3386 3523 vel
3418 3469 3476 3521 in
3510 3468 3695 3535 scapi-

2099 3573 2325 3631 ternum,
2353 3565 2435 3620 vel
2461 3565 2515 3618 in
2539 3564 2813 3619 saeculum.
2844 3562 3144 3635 Utrumque
3166 3562 3317 3616 enim
3328 3563 3462 3616 αἰών
3484 3558 3698 3614 Graecos

2099 3666 2280 3714 sermo
2310 3656 2597 3728 signiﬁcat.
2638 3656 2705 3712 Et
2741 3657 2976 3713 arefacta
3007 3667 3087 3712 est
3122 3655 3386 3720 ﬁculnea,
3419 3654 3553 3724 quia
3583 3667 3698 3707 6o-

2098 3748 2275 3805 riente
2318 3750 2546 3805 Domino
2587 3750 2737 3806 cibos
2768 3765 2903 3820 quos
2936 3750 3020 3804 ille
3057 3748 3334 3819 cupiebat,
3370 3763 3489 3805 non
3526 3747 3686 3803 hahe-

2096 3836 2209 3897 bat.
2262 3840 2352 3895 Sic
2394 3848 2576 3896 autem
2617 3849 2880 3895 aruerunt
2916 3839 3045 3895 folia
3069 3880 3083 3905 ,
3122 3847 3186 3897 ut
3217 3846 3450 3903 truncus
3478 3839 3593 3908 ipse
3620 3854 3695 3892 re-

2092 3939 2361 3997 maneret,
2400 3942 2455 3987 et
2490 3930 2675 3987 fractis
2698 3930 2862 3985 ramis
2884 3930 3039 3986 radix
3068 3930 3311 3994 viveret,
3344 3944 3474 4000 quze
3504 3930 3558 3984 in
3606 3944 3693 3982 no-

2095 4024 2318 4083 vissimo
2349 4035 2611 4098 tempore,
2645 4029 2691 4084 si
2718 4030 2944 4085 credere
2975 4027 3265 4095 voluerint,
3307 4026 3553 4098 virgulta
3578 4026 3695 4081 ﬁdei

2095 4121 2361 4195 pullulent
2391 4142 2403 4177 :
2428 4122 2791 4194 impleturque
2808 4122 2953 4199 quod
2973 4123 3172 4178 dicitur
3194 4141 3206 4176 :
3243 4120 3343 4176 Est
3358 4121 3545 4177 arbori
3565 4138 3693 4190 φα.

2171 4215 2242 4271 Et
2289 4215 2519 4270 videntes
2549 4213 2793 4286 discipuli
2838 4215 3017 4273 mirati
3063 4224 3214 4278 sunt,
3245 4213 3485 4271 dicentes
3509 4226 3529 4265 :
3555 4211 3695 4279 Qu-

2096 4308 2253 4366 modo
2292 4308 2540 4364 continuo
2577 4308 2760 4363 aruit?
2787 4308 2972 4383 (Aug.)
3008 4307 3329 4379 lntelligitur
3366 4314 3557 4369 autem
3594 4320 3697 4361 uel

2095 4410 2227 4459 tunc
2273 4400 2514 4465 aruisse,
2565 4415 2686 4456 cum
2722 4397 2990 4464 viderant,
3038 4399 3133 4454 sed
3175 4399 3435 4463 continuo
3475 4400 3695 4469 quando

2095 4492 2381 4549 maledicta
2416 4501 2517 4547 est.
2548 4490 2733 4562 Neque
2772 4493 2919 4550 enim
2960 4500 3320 4557 arescentem,
3352 4491 3449 4548 sed
3480 4493 3695 4562 penitus

2096 4585 2391 4647 arefactum
2438 4585 2709 4651 viderunt,
2758 4601 2823 4647 ac
2853 4585 2932 4641 sic
2956 4599 3081 4641 eam
3107 4584 3377 4645 continuo
3428 4584 3486 4638 in
3533 4585 3695 4640 verba

2095 4680 2310 4735 Domini
2364 4678 2573 4734 eruisse
2643 4678 3043 4733 intellexerunt.
3101 4675 3265 4739 Juxta
3308 4676 3556 4735 litteram
3603 4692 3693 4730 au-

2096 4780 2205 4826 tem
2254 4771 2514 4826 Dominus
2563 4786 2820 4841 passurus
2869 4771 2925 4825 in
2971 4769 3202 4840 populis,
3248 4776 3305 4827 et
3352 4768 3693 4838 baiulum

2096 4865 2409 4920 scandalum
2450 4864 2651 4931 crucis,
2698 4862 2884 4928 debuit
2930 4861 3321 4933 discipulorum
3366 4864 3587 4917 anilitas
3628 4862 3692 4915 si-

2095 4959 2187 5030 gni
2222 4959 2607 5029 anticipatione
2649 4957 3081 5030 signare.-llnde
3113 4967 3167 5012 et
3193 4956 3453 5026 discipuli
3494 4959 3683 5012 miran-

2095 5061 2203 5119 tur,
2258 5054 2499 5109 dicentes
2544 5070 2556 5107 :
2603 5052 2879 5119 Quomodo
2925 5052 3172 5117 continuo
3227 5050 3371 5104 aruit
3424 5048 3690 5119 ﬁculneo?

2096 5145 2281 5201 Potuit
2319 5160 2447 5217 ergo
2480 5144 2732 5200 Salvator
2752 5144 2943 5203 eadem
2984 5144 3188 5201 virtute
3230 5143 3401 5199 etiam
3444 5142 3689 5197 inimims

2097 5240 2306 5297 siccare
2331 5254 2478 5304 suos,
2507 5237 2617 5294 nisi
2635 5253 2823 5296 eorum
2843 5253 2942 5308 per
2966 5236 3293 5308 patientiam
3310 5244 3689 5309 exspectem

2095 5333 2347 5391 salutem.

2167 5423 2501 5496 Respondeas
2534 5434 2711 5481 autem
2740 5423 2897 5483 lctus
2918 5424 2994 5478 ait
3019 5423 3093 5481 eis
3129 5440 3147 5478 :
3179 5422 3344 5479 Amen
3362 5422 3485 5476 dico
3507 5422 3682 5476 roth:

2097 5515 2155 5573 Si
2187 5518 2470 5575 habueritis
2498 5518 2690 5587 ﬁdem,
2732 5526 2779 5572 et
2810 5533 2915 5572 non
2941 5516 3338 5579 htrsitaueritis,
3370 5530 3477 5569 non
3516 5514 3680 5568 soluat

2092 5611 2158 5666 de
2199 5612 2426 5680 ﬁculnea
2467 5612 2697 5681 facietis,
2741 5610 2831 5665 sed
2875 5620 2922 5664 et
2962 5610 3008 5664 si
3038 5609 3203 5663 nwnti
3234 5608 3359 5662 huic
3386 5606 3631 5662 dixeritis
3660 5624 3677 5658 :

2097 5699 2240 5759 Tolle
2268 5743 2281 5767 ,
2312 5710 2358 5756 et
2377 5703 2527 5773 jacta
2554 5711 2601 5756 te
2629 5703 2683 5757 in
2712 5718 2858 5757 mare
2877 5743 2891 5768 ,
2922 5701 3031 5771 ﬁet.
3065 5699 3254 5755 Solent
3279 5699 3511 5770 gentiles
3548 5740 3565 5763 ,
3592 5697 3676 5767 qui

2092 5804 2280 5850 contra
2303 5794 2604 5850 Ecclesiam
2634 5793 2923 5849 maledicta
2959 5793 3263 5862 scripsere,
3300 5791 3671 5860 improperae

2092 5887 2293 5943 nostris
2316 5887 2462 5956 quod
2490 5902 2599 5942 non
2624 5885 2914 5942 habuerint
2940 5883 3157 5956 plenam
3190 5881 3355 5938 ﬁdem
3394 5882 3512 5951 Dei,
3548 5882 3663 5953 quia
