3898 6466
210 498 345 557 1045

1162 498 1511 555 COMMENT.
1552 496 1619 553 ΙΝ
1661 496 2101 554 ΜΑΤΤΗᾹΞΠΜ.
2142 530 2207 539 —
2250 499 2371 553 LIB.
2420 500 2497 555 Vl.

3321 498 3458 559 1646

207 623 480 682 nunquam
526 618 737 667 montes
777 610 1074 669 transferre
1111 613 1406 683 potuerint.
1453 610 1659 678 Quibus
1699 623 1784 663 re-
1812 610 1858 669 Α
1888 620 2049 679 quant
2090 611 2159 665 ob
2195 612 2493 665 ettstotiiam
2526 611 2841 667 humilitatis
2882 621 3195 682 acceperat;
3240 615 3364 682 quia
3413 617 3457 669 si

206 700 571 770 spondendum
590 741 605 765 ,
638 716 745 755 non
772 701 957 757 omnia
984 703 1185 774 scripta
1208 714 1327 757 csse
1365 712 1486 772 quae
1513 702 1567 756 in
1592 700 1779 757 Eccle-

206 791 282 849 sia
309 800 461 862 gesta
500 798 644 858 sunt,
692 792 832 848 sicut
869 795 1032 848 etiam
1072 794 1140 848 de
1179 793 1339 849 factis
1370 793 1543 864 ipsius
1581 793 1781 849 Christi

205 884 299 940 Dei
325 892 380 939 et
401 884 621 939 Domini
648 886 818 941 nostri
837 886 1118 957 Scriptura
1149 895 1399 943 testatur.
1434 885 1588 943 Unde
1606 893 1660 942 et
1678 887 1784 944 hoc

203 991 420 1047 quoque
440 976 558 1031 ﬁeri
584 978 843 1047 potuisse,
876 985 936 1033 ut
966 993 1121 1034 mons
1151 979 1361 1035 ablatus
1394 979 1460 1035 de
1484 986 1631 1034 terra
1656 978 1781 1034 mit-

204 1079 410 1126 wretur
455 1071 509 1126 in
539 1085 719 1136 mare,
760 1072 803 1126 si
834 1072 1133 1128 necessitas
1173 1073 1227 1128 id
1276 1071 1390 1128 fieri
1426 1071 1778 1143 poposcisset.

202 1160 479 1229 Quomodo
508 1162 738 1230 legimus
772 1162 971 1218 factum
994 1165 1246 1233 precibus
1279 1160 1420 1220 beati
1445 1166 1613 1234 patris
1635 1162 1781 1220 .Gre—

202 1258 373 1330 gorii,
414 1258 770 1315 Neoczesarize
811 1259 966 1314 Ponti
998 1260 1289 1325 antistitis,
1334 1259 1435 1314 viri
1477 1257 1685 1313 meritis
1728 1265 1783 1312 et

199 1350 494 1405 virtutibus
525 1350 741 1416 eximii,
774 1359 831 1404 ut
859 1366 1011 1405 mons
1033 1350 1085 1404 in
1120 1358 1264 1405 terra
1301 1356 1504 1403 tantum
1542 1348 1661 1402 loco
1694 1363 1783 1403 ce-

199 1440 373 1505 deret,
404 1448 663 1511 quantum
687 1441 876 1497 incolas
897 1442 1130 1497 civitatis
1152 1452 1288 1512 opus
1323 1441 1611 1496 habebant.
1646 1441 1781 1495 Cum
1821 1461 1826 1466 ε

197 1529 345 1585 enim
384 1530 570 1586 volens
604 1532 872 1587 aedificare
905 1532 1190 1587 ecclesiam
1222 1532 1419 1586 inloco
1448 1539 1595 1600 apto,
1632 1530 1779 1585 vide-

196 1627 279 1674 ret
329 1635 451 1676 eum
497 1623 865 1693 angustiorem
905 1638 1026 1678 esse
1069 1638 1231 1693 quam
1267 1638 1355 1678 res
1403 1622 1669 1693 exigebat,
1717 1636 1782 1677 eo

197 1712 340 1782 quod
397 1728 461 1768 ex
510 1729 616 1768 una
652 1722 837 1785 parte,
879 1729 1013 1785 rupe
1069 1715 1365 1779 marisyex
1416 1714 1543 1781 alia,
1598 1722 1780 1770 monte

196 1806 451 1875 proximo
476 1815 853 1863 coarctaretur
875 1849 889 1873 ,
920 1809 1066 1862 venit
1082 1816 1240 1863 nocte
1262 1808 1329 1862 ad
1348 1807 1525 1862 locum
1548 1814 1602 1863 et
1627 1806 1779 1875 geni-

196 1898 296 1952 bus
320 1898 473 1954 ﬂexis
493 1900 770 1954 admonuit
796 1900 961 1956 Deum
987 1901 1361 1970 promissionis
1385 1914 1514 1965 SU’rP,
1543 1906 1606 1955 ut
1625 1914 1780 1955 mon-

199 1993 307 2042 tem
346 1988 558 2059 longius
608 1989 765 2060 juxta
801 1990 958 2045 ﬁdem
996 1990 1229 2061 petentis
1257 1998 1461 2060 ageret;
1513 1989 1579 2043 Et
1624 2003 1783 2044 mane

196 2074 344 2131 facto
374 2092 656 2144 reversus,
688 2080 891 2134 invenit
937 2090 1174 2135 montem
1218 2088 1429 2135 tantum
1468 2080 1627 2149 spatii
1658 2080 1783 2135 reli-

196 2167 384 2237 quisse
418 2171 780 2226 structoribus
812 2170 1076 2235 ecclesiae,
1116 2179 1376 2241 quantum
1411 2184 1548 2241 opus
1574 2171 1778 2225 habue-

196 2267 339 2312 rant.
385 2258 606 2317 Poterat
644 2276 772 2332 ergo
812 2263 931 2329 hic,
974 2270 1188 2333 poterat
1224 2262 1361 2317 alius
1395 2263 1516 2333 quis
1540 2262 1781 2331 eiusdem

194 2349 380 2403 meriti
422 2351 524 2416 vir,
576 2352 621 2406 si
660 2353 1035 2423 opportunitas
1073 2353 1365 2424 exegisset,
1416 2353 1711 2424 impetrare
1750 2369 1782 2409 a

192 2439 427 2496 Domino
468 2442 663 2497 merito
712 2443 856 2509 ﬁdei,
906 2452 967 2499 ut
1005 2446 1170 2499 etiam
1216 2460 1371 2500 mons
1409 2445 1692 2501 tolleretur
1728 2455 1785 2501 et

194 2531 507 2586 mitteretur
532 2532 589 2586 in
613 2544 781 2590 mare.
811 2534 1011 2590 Verum
1033 2535 1160 2605 quia
1181 2537 1385 2591 montis
1407 2536 1624 2591 nomine
1653 2552 1782 2591 non-

192 2638 471 2694 nunquam
499 2626 743 2683 diabolus
774 2627 1111 2699 signiiicatur
1129 2666 1143 2693 ,
1172 2628 1424 2684 videlicet
1452 2637 1673 2701 propter
1694 2646 1783 2686 su-

190 2720 475 2788 perbiam,
509 2730 622 2790 qua
663 2732 722 2776 se
766 2727 956 2777 contra
989 2722 1157 2776 Deum
1197 2722 1398 2793 erigit,
1440 2734 1641 2780 etesse
1670 2724 1783 2779 vult

189 2809 387 2865 similis
437 2810 739 2878 Altissimo,
787 2826 945 2868 mons
980 2813 1047 2867 ad
1090 2820 1419 2883 praeceptum
1458 2828 1644 2869 eorum
1690 2815 1782 2885 qui

190 2894 361 2954 fortes
393 2898 499 2955 ﬁde
531 2911 677 2968 sunt,
702 2901 912 2957 tollitur
933 2902 1000 2957 de
1030 2909 1201 2967 terra,
1230 2910 1285 2957 et
1312 2903 1365 2956 in
1388 2916 1538 2958 mare
1564 2905 1784 2975 projici-

188 3000 307 3056 tur,
339 3009 469 3049 cum
506 2996 927 3065 praedicantibus
965 2997 1189 3052 verbum
1228 2995 1541 3052 doctoribus
1579 2996 1781 3053 sanctis

187 3084 507 3141 immundus
533 3087 756 3157 spiritus
781 3089 849 3143 ab
875 3098 1062 3143 eorum
1093 3088 1258 3143 corde
1285 3087 1565 3158 repellitur
1590 3089 1683 3158 qui
1712 3089 1779 3143 ad

184 3175 354 3230 vitam
395 3186 521 3234 sunt
552 3179 923 3248 praeordinati,
957 3188 1012 3236 et
1042 3179 1096 3235 in
1129 3180 1453 3236 turbulentis
1472 3182 1779 3252 amarisquc

190 3267 494 3325 infidelium
537 3271 810 3327 mentibus
851 3274 1126 3329 t'csaniam
1158 3286 1267 3329 suae
1294 3274 1592 3346 tyrannidis
1621 3289 1778 3330 exer-

187 3375 316 3417 cere
354 3361 725 3432 permittitur,
770 3374 879 3419 non
922 3376 1032 3435 quo
1072 3364 1144 3420 ibi
1181 3373 1238 3420 et
1274 3375 1431 3420 antea
1473 3365 1653 3422 sedem
1697 3382 1781 3422 re-

186 3463 465 3522 gnumque
486 3466 594 3508 non
617 3453 894 3520 habuerit,
925 3456 1022 3510 sed
1045 3456 1172 3525 quia
1212 3463 1365 3511 tanto
1393 3456 1571 3512 acrius
1601 3456 1655 3512 in
1689 3472 1783 3513 eos

185 3556 329 3612 quos
358 3543 489 3598 licet
520 3544 747 3610 deserit,
785 3552 991 3615 quanto
1019 3546 1249 3616 amplius
1270 3546 1476 3603 redolet
1510 3562 1540 3601 a
1566 3547 1785 3603 iazsione

182 3636 407 3706 piorum
445 3633 611 3692 fuisse
649 3637 951 3693 devulsum.
999 3638 1097 3694 Cui
1147 3640 1323 3695 simile
1363 3648 1448 3696 est
1476 3640 1607 3696 illud
1643 3641 1785 3712 Apo-

183 3728 428 3798 calypsis
452 3746 465 3782 :
492 3727 561 3782 Et
596 3730 855 3786 secundus
899 3731 1113 3804 angelus
1157 3734 1283 3788 tuba
1319 3735 1529 3800 cecinit,
1575 3745 1624 3790 et
1665 3752 1781 3792 ecce

184 3829 444 3891 tanquam
468 3834 617 3877 mons
638 3838 858 3894 magnus
877 3824 998 3897 igne
1018 3824 1207 3880 ardens
1237 3825 1427 3881 missus
1459 3837 1535 3882 est
1555 3828 1610 3881 in
1640 3844 1783 3882 mare

182 3908 376 3981 (Apoc.
407 3910 548 3982 vui).
577 3911 821 3969 ﬂauente
838 3915 1040 3970 etcuim
1068 3915 1262 3986 angelo
1284 3916 1412 3973 tuba
1434 3959 1448 3983 ,
1477 3932 1633 3973 mons
1654 3918 1781 3987 igne

188 4004 396 4060 ardens
418 4005 616 4061 missus
643 4013 727 4063 est
754 4007 809 4063 in
838 4018 1009 4075 mare,
1043 4010 1168 4080 quia
1197 4010 1528 4082 pratdicante
1558 4013 1780 4067 verbum

186 4094 420 4154 doctore
462 4101 742 4167 veritatis,
793 4101 1050 4173 antiquus
1092 4102 1264 4159 hostis
1315 4102 1531 4161 invidiae
1573 4106 1783 4164 facibus

185 4202 455 4247 accensus
500 4205 886 4262 perversurum
923 4196 1134 4253 animos
1174 4196 1393 4269 gravius
1426 4190 1783 4272 corrupturus

185 4282 350 4351 adiit,
390 4290 452 4339 ut
476 4282 717 4340 dolorem
752 4285 1084 4357 expulsionis
1109 4302 1219 4344 suae
1246 4290 1312 4346 de
1336 4289 1586 4348 fidelibus
1611 4292 1785 4348 vindi-

185 4386 341 4433 caret
367 4377 424 4432 in
454 4372 694 4447 perﬁdis.

256 4464 328 4526 Et
349 4468 530 4526 omnia
551 4484 873 4543 qutecunque
886 4466 1135 4544 petieritis
1154 4474 1209 4528 in
1232 4478 1468 4530 oratione
1495 4475 1780 4540 credentes,

183 4565 478 4636 accim'etis.
530 4562 590 4620 In
641 4562 932 4639 Evangelio
980 4564 1207 4623 Joannis
1244 4568 1443 4640 legitur
1494 4566 1784 4627 Dominum

186 4653 480 4726 discipulis
524 4656 725 4712 dixisse
764 4676 777 4711 :
815 4656 1001 4725 Amen,
1041 4674 1191 4719 amen
1222 4658 1339 4713 dico
1369 4659 1529 4724 vobis,
1572 4656 1619 4714 si
1656 4660 1783 4731 quid

181 4752 444 4823 petieritis
465 4750 672 4806 Patrem
686 4752 740 4806 in
755 4753 963 4807 nomine
974 4769 1107 4817 meo,
1124 4750 1268 4806 dabit
1286 4753 1425 4808 vobis
1440 4750 1622 4826 (Joan.
1640 4752 1779 4826 xrv).

188 4838 257 4895 Et
296 4840 368 4896 ob
409 4836 518 4897 hoc
566 4857 597 4895 a
648 4842 923 4898 nonnullis
951 4842 1241 4913 quaeritur,
1294 4843 1566 4914 quomodo
1594 4854 1785 4902 omnes

185 4934 515 4999 credentes,
558 4930 614 4989 iu
674 4934 893 4991 nomine
946 4930 1247 4997 Saivatoris
1301 4944 1546 4994 uetentes
1602 4938 1783 4994 omnia

184 5030 533 5093 quascunque
562 5025 813 5095 petierint
849 5018 1138 5095 accipiant,
1175 5040 1296 5082 cum
1327 5044 1432 5083 non
1472 5028 1646 5084 solum
1687 5046 1786 5086 no-

184 5115 287 5170 stri
323 5112 534 5172 similes
580 5114 768 5180 multa,
820 5128 940 5186 quae
984 5116 1201 5173 Patrem
1241 5118 1295 5173 iu
1329 5116 1529 5175 Christi
1564 5122 1783 5177 nomine

186 5202 453 5263 videntur
495 5216 699 5277 petere,
746 5223 853 5264 non
904 5209 1199 5281 accipiunt,
1242 5222 1430 5267 verum
1467 5211 1632 5267 etiam
1669 5212 1785 5284 ipse

192 5302 478 5371 apostolus
512 5299 713 5358 Paulus
746 5304 907 5358 tertio
938 5302 1107 5359 Deum
1147 5302 1421 5377 rogaverit
1449 5312 1563 5361 uta
1600 5322 1659 5362 se
1692 5322 1786 5362 an-

160 5389 348 5462 'gelus
392 5391 641 5458 Satanae,
680 5406 711 5445 a
747 5406 854 5463 quo
891 5388 1271 5461 tribulabatur,
1304 5394 1639 5462 abscederet,
1684 5411 1786 5454 nec

192 5480 493 5554 impetrare
536 5481 773 5553 potuerit
811 5480 899 5554 (ΙΙ
940 5481 1063 5539 Cor.
1115 5484 1235 5557 xu).
1281 5483 1386 5541 Sed
1424 5485 1584 5556 hujus
1618 5487 1786 5543 motio

192 5571 517 5644 qumstionis
548 5570 770 5643 antiqua
801 5572 914 5647 jam
944 5572 1165 5629 Patrum
1203 5584 1444 5630 reserata
1476 5584 1560 5632 est
1598 5577 1784 5647 expla-

191 5666 459 5729 natione,
492 5665 582 5735 qui
611 5665 885 5721 veraciter
920 5664 1327 5733 intellexerunt,
1372 5666 1492 5723 illos
1533 5668 1705 5722 solum
1734 5668 1789 5722 in

193 5754 423 5811 nomine
459 5754 760 5815 Saivatoris
784 5766 990 5828 petere,
1016 5758 1106 5828 qui
1130 5772 1195 5813 ea
1226 5774 1346 5830 quae.
1373 5760 1440 5814 ad
1470 5766 1789 5830 perpetuam

196 5844 434 5900 salutent
462 5849 733 5917 pertinent
769 5855 975 5918 petunt.
1015 5847 1249 5919 Ideoque
1271 5850 1576 5919 apostolum
1604 5868 1708 5906 non
1734 5851 1787 5905 in

198 5936 426 5993 nomine
476 5938 772 5997 Saivatoris
808 5942 1061 6012 petiisse,
1107 5951 1165 5997 ut
1212 5945 1511 6001 tentatione
1552 5957 1785 6005 careret.

1887 705 1988 759 bac
2009 706 2292 770 caruisset,
2318 704 2500 759 salvus
2514 720 2635 760 esse
2654 718 2760 760 non
2778 708 2977 775 pos'sut,
2999 707 3115 775 ipso
3136 704 3454 770 aliirmantc,

1885 813 2007 852 cum
2035 796 2112 850 ait
2146 815 2159 849 :
2194 794 2261 849 Et
2292 813 2353 850 ne
2374 796 2681 866 magnitudo
2712 796 3079 851 revelationum
3102 796 3319 851 cxtottat
3345 812 3427 850 me

1883 891 2039 945 datus
2084 899 2161 945 est
2196 889 2321 944 mihi
2355 888 2597 943 stimulus
2627 888 2799 943 carnis
2827 894 2957 943 mea}
2984 887 3197 960 angelus
3225 886 3450 959 Satana’,

1883 991 1943 1035 ut
1977 998 2058 1036 me
2078 981 2387 1051 eotapllizet.
2428 982 2867 1053 Quotiescunque
2905 994 3034 1054 ergo
3070 991 3316 1055 petentes
3350 997 3457 1038 non

1882 1071 2223 1140 exaudiatur,
2252 1072 2372 1128 ideo
2397 1068 2477 1140 iit,
2509 1073 2633 1144 quia
2654 1073 2738 1129 vei
2761 1080 2948 1129 contra
2977 1072 3241 1128 auxilium
3263 1080 3459 1127 nostrae

1882 1166 2069 1222 salutis
2113 1151 2344 1236 petimus
2371 1207 2384 1229 ,
2420 1181 2481 1221 ac
2526 1172 2808 1237 propterea
2850 1182 2879 1221 a
2916 1158 3264 1223 misericorde
3299 1163 3460 1220 Patre

1880 1258 2202 1314 beneficium
2258 1259 2433 1323 nobis,
2483 1258 2624 1328 quod
2681 1259 2860 1330 inepte
2913 1260 3166 1330 petimus,
3213 1265 3457 1329 negatur.

1882 1345 2034 1414 Quod
2063 1346 2237 1402 eidem
2266 1347 2508 1416 apostolo
2545 1346 2711 1401 Paulo
2740 1348 3031 1418 contigisse
3056 1348 3341 1418 probatur,
3375 1346 3462 1401 cui

1882 1443 2010 1491 tunc
2038 1438 2236 1507 petenti
2261 1450 2575 1507 responsum
2604 1445 2688 1493 est
2713 1454 2726 1490 :
2755 1435 2953 1507 Suﬁicit
2979 1434 3071 1490 tibi
3097 1440 3267 1506 gratia
3300 1453 3414 1490 mea
3442 1454 3464 1492 :

1883 1543 2005 1580 nam
2033 1527 2193 1580 virtus
2215 1526 2269 1580 in
2292 1526 2597 1595 inﬁrmitate
2615 1526 2899 1595 perﬁcitur.
2930 1523 3026 1579 Vel
3054 1525 3202 1586 utilia
3222 1524 3461 1594 quidem,

1882 1624 1937 1676 et
1968 1634 2087 1690 qua:
2116 1619 2184 1675 ad
2211 1634 2396 1674 veram
2433 1620 2660 1674 salutem
2693 1617 3019 1689 respiciant,
3052 1616 3287 1687 petimus
3309 1658 3322 1681 ,
3370 1617 3464 1672 sed

1882 1710 1985 1787 ipsi
2019 1712 2159 1769 male
2185 1715 2414 1770 vivendo
2451 1712 2694 1768 auditum
2734 1711 2892 1768 nobis
2913 1707 3047 1781 justi
3076 1708 3276 1779 iudicis
3304 1723 3463 1764 aver-

1882 1798 2068 1871 timus,
2114 1804 2415 1861 incidentes
2462 1804 2513 1858 in
2559 1802 2689 1858 illud
2734 1800 3042 1860 Salomonis
3082 1818 3096 1856 :
3138 1801 3241 1868 Qui
3280 1800 3466 1854 avertit

1887 1913 2067 1952 aurem
2088 1910 2256 1962 suam,
2286 1912 2348 1951 ne
2370 1896 2551 1949 audiat
2575 1892 2756 1964 legem,
2781 1893 2947 1946 oratio
2967 1890 3081 1962 ejus
3106 1892 3202 1945 erit
3227 1900 3466 1943 exsecra-

1812 1966 1861 2026 Β
1890 1991 2007 2046 bilis
2036 1989 2218 2062 (Prov.
2245 1987 2456 2059 xxvru).
2482 1986 2579 2044 Vel
2598 1986 2725 2041 dum
2746 2000 2845 2056 pro
2871 1982 3221 2055 peccantibus
3248 1980 3467 2050 quibus-

1885 2096 2048 2155 quam
2077 2090 2135 2138 ut
2158 2081 2478 2151 resipiscam
2505 2094 2746 2144 oramus,
2775 2076 2877 2132 etsi
2904 2075 3188 2132 salubriter
3208 2074 3463 2146 petimus,

1884 2186 2047 2249 atque
2072 2193 2140 2233 ex
2168 2184 2356 2231 nostro
2381 2174 2573 2229 merito
2606 2170 2751 2243 digni
2782 2172 2952 2227 simus
2977 2170 3185 2235 auditu,
3223 2168 3464 2239 ipsorum

1885 2277 2063 2324 tamen
2102 2268 2429 2339 perversitas
2456 2280 2522 2320 ne
2555 2266 2902 2336 impetremus
2927 2260 3162 2319 obsistit.
3186 2260 3275 2317 Fit
3301 2260 3464 2317 etiam

1886 2358 2172 2429 aliquando
2204 2367 2262 2413 ut
2292 2354 2549 2413 salutaria
2582 2369 2804 2427 prorsus
2843 2363 2897 2412 et
2938 2356 3191 2427 precibus
3226 2352 3467 2409 sollicitis

1883 2456 1941 2506 et
1982 2449 2192 2505 derotis
2228 2462 2533 2519 qumramus
2569 2447 2902 2513 actionibus,
2941 2458 3041 2501 nec
3070 2454 3251 2500 tamen
3280 2442 3463 2500 statim

1884 2559 2004 2615 qua:
2036 2545 2270 2614 petimus
2298 2542 2667 2608 obtineamus,
2714 2538 2806 2597 seti
2834 2542 2886 2596 in
2916 2540 3155 2596 futurum
3190 2539 3467 2612 petitionis

1885 2646 2086 2691 nostra:
2117 2634 2397 2690 diii‘cratur
2429 2632 2671 2689 effectus.
2712 2631 2860 2688 Sicut
2895 2647 3015 2688 cum
3053 2631 3280 2702 genibus
3316 2628 3470 2685 ﬂexis

1884 2729 2123 2798 quotidie
2148 2743 2400 2794 rogamus
2423 2727 2657 2789 Patrem,
2685 2726 2947 2791 dicentes,
2978 2724 3231 2779 Adveniat
3255 2736 3469 2796 regnum

1884 2831 2052 2887 tuum,
2087 2818 2227 2876 idem
2256 2828 2435 2875 tamen
2466 2834 2692 2890 regnum
2729 2832 2836 2873 non
2864 2833 2986 2873 mox
3020 2818 3263 2872 oratione
3294 2816 3469 2879 (inita,

1882 2911 1980 2967 Sed
2006 2921 2247 2981 tempore
2277 2922 2515 2981 congruo
2540 2894 2726 2964 sumus
2754 2906 3046 2977 accepturi,
3079 2906 3202 2976 quia
3231 2906 3319 2976 pia
3348 2918 3470 2975 pro-

1882 2998 2090 3056 visione
2126 3000 2298 3055 nostri
2331 2999 2626 3054 conditoris
2660 3004 2873 3053 constat
2906 2997 3115 3052 actitari
3137 3037 3151 3061 ,
3198 3003 3257 3050 ut
3282 2994 3471 3051 videli-

1884 3103 1971 3150 cet
2012 3088 2278 3148 desldcria
2328 3097 2526 3148 nostra:
2566 3089 2869 3146 devdtionis
2914 3086 3170 3144 dilatione
3200 3093 3468 3147 crescant,

1883 3193 1938 3243 et
1983 3195 2259 3242 cremento
2301 3185 2616 3255 quotidiano
2664 3182 2838 3255 magis
2888 3180 3166 3252 magisque
3214 3185 3465 3251 provecta

1883 3279 2099 3333 tandem
2148 3273 2440 3347 perfectius
2481 3276 2699 3346 capiant
2735 3272 2951 3346 gaudia,
3003 3286 3123 3344 qum
3171 3272 3470 3341 requirunt.

1885 3368 2033 3426 Inter
2078 3386 2197 3441 quae
2255 3368 2571 3434 notandum,
2618 3369 2743 3439 quia
2798 3376 2920 3422 eum
2975 3377 3074 3439 pro
3122 3365 3472 3435 peccantibus

1886 3472 2129 3528 oramus,
2175 3471 2230 3517 et
2267 3462 2311 3517 si
2355 3470 2541 3517 eorum
2570 3459 2921 3517 salvationem
2956 3456 3248 3529 impetrare
3285 3456 3475 3529 nequi-

1887 3570 2029 3619 mus,
2076 3567 2417 3623 ncquaquam
2463 3561 2643 3609 tamen
2682 3552 2859 3607 fructu
2897 3551 3077 3622 precis
3115 3558 3314 3606 nostra
3356 3548 3473 3622 pri-

1885 3658 2100 3713 vamur,
2136 3648 2282 3717 quia,
2333 3646 2433 3702 etsi
2470 3644 2546 3701 illi
2595 3658 2700 3701 non
2749 3654 2876 3701 sunt
2920 3640 3067 3717 digni
3105 3642 3323 3709 salvari,
3374 3644 3474 3696 nos

1887 3745 2066 3793 tamen
2098 3736 2297 3793 amoris
2326 3750 2485 3807 quem
2512 3736 2617 3793 iiiis
2645 3736 3005 3808 impendimus
3029 3736 3278 3791 mercede
3306 3734 3473 3789 dona-

1885 3826 2081 3884 bimur.
2133 3826 2330 3900 Sicque
2373 3829 2428 3884 in
2470 3828 2561 3883 tali
2606 3842 2819 3899 quoque
2861 3827 3126 3898 petitione
3167 3825 3477 3896 implebitur

1884 3921 2043 3977 nobis
2072 3920 2161 3975 illa
2190 3918 2401 3976 Domini
2430 3919 2739 3990 promissio,
2773 3932 2876 3989 qua
2908 3914 2984 3973 ait
3011 3932 3026 3971 :
3058 3917 3121 3973 Si
3151 3917 3275 3991 quid
3304 3917 3466 3988 petie-

1885 4010 2001 4066 ritis
2034 4009 2247 4066 Patrem
2273 4013 2329 4066 in
2358 4011 2568 4065 nomine
2594 4020 2706 4064 tneo
2726 4050 2740 4075 ,
2780 4006 2929 4064 dabit
2947 4008 3089 4064 vobis
3114 4004 3298 4081 (Joan.
3338 4006 3469 4080 xvi).

1884 4102 2204 4159 intuendum
2254 4102 2433 4170 enim,
2471 4103 2597 4174 quia
2636 4113 2743 4158 non
2784 4103 2861 4157 ait
2916 4099 3265 4172 simpliciter,
3300 4099 3469 4169 dabit,

1884 4192 1979 4250 seu
2015 4194 2247 4259 dabitur,
2298 4194 2492 4265 inquit,
2544 4194 2730 4249 vobis:
2760 4189 2885 4264 quia
2934 4194 3037 4264 etsi
3090 4206 3197 4248 non
3248 4190 3328 4248 eis
3372 4200 3472 4264 pro

1885 4283 2081 4354 quibus
2111 4285 2346 4361 petimus
2368 4283 2538 4349 dabit,
2568 4282 2724 4339 nobis
2748 4292 2952 4349 tamen,
2976 4298 3097 4339 cum
3120 4298 3219 4355 pro
3242 4283 3469 4338 aliorum
3572 4316 3577 4319 ς

1884 4372 2153 4429 erratibus
2181 4374 2603 4430 misericorditer
2625 4375 3038 4441 intervenimus,
3062 4375 3343 4446 praemium
3373 4388 3470 4430 no—

1887 4476 2014 4523 strue
2037 4467 2391 4538 benignitatis
2424 4467 2693 4524 restituet.
3464 4468 3471 4477 “

1959 4558 2095 4633 [ιγτ]
2126 4557 2195 4613 Et
2224 4572 2339 4613 cum
2385 4560 2599 4613 venisset
2638 4561 2693 4613 in
2726 4558 2972 4630 templum
2993 4601 3008 4627 ,
3049 4564 3377 4616 accesserunt
3405 4560 3473 4614 ad

1809 4693 1863 4756 Β
1891 4666 2009 4709 eum
2046 4653 2312 4707 docentem
2355 4653 2612 4723 principes
2640 4652 2968 4707 sacerdotum
2997 4694 3012 4720 ,
3043 4663 3091 4707 et
3128 4653 3355 4708 seniores
3381 4660 3474 4726 po—'

1887 4743 1998 4817 puti
2043 4738 2267 4798 dicentes
2294 4757 2313 4796 :
2342 4742 2409 4797 In
2445 4758 2547 4814 qua
2588 4733 2841 4813 potestate
2886 4743 2997 4798 [nec
3035 4743 3166 4813 facis
3188 4745 3214 4798 7
3244 4741 3313 4798 Et
3357 4744 3472 4816 quis

1888 4838 1983 4894 tibi
2017 4840 2159 4893 dedit
2195 4839 2331 4893 hanc
2360 4840 2663 4909 potestatem
2684 4838 2711 4892 ?
2734 4831 3005 4911 (Hierom)
3030 4834 3270 4894 Diversis
3301 4839 3475 4893 modis

1889 4929 2135 4986 eamdem
2177 4940 2340 5001 quam
2386 4940 2547 5000 supra
2602 4931 2930 4986 calumniam
2965 4939 3211 4995 struunt,
3258 4933 3477 5005 quando

1890 5023 2144 5080 dixerunt
2173 5035 2187 5077 ε
2224 5018 2290 5076 In
2319 5020 2606 5078 Beelzebub
2638 5018 2873 5095 principe
2920 5023 3302 5079 dwmoniorum
3335 5026 3476 5095 ejicit

1891 5117 1975 5172 ilic
2000 5114 2282 5170 (immania.
2314 5113 2542 5183 Quando
2563 5114 2707 5170 enim
2738 5114 2925 5170 dicunt
2952 5128 2966 5169 :
2999 5112 3067 5170 In
3087 5130 3191 5187 qua
3222 5125 3475 5188 potestate

1894 5204 2005 5263 hac
2032 5204 2213 5279 facis?
2245 5204 2313 5263 de
2338 5200 2433 5263 Dei
2464 5204 2711 5262 dubitant
2743 5213 3011 5276 potestate
3031 5247 3045 5273 ,
3072 5216 3127 5262 et
3152 5204 3477 5282 subinteliigi

1892 5301 2079 5358 volunt
2118 5300 2315 5357 diaboli
2359 5315 2479 5356 esse
2514 5299 2657 5371 quod
2692 5292 2875 5355 faciat.
2916 5298 3190 5356 Audentes
3219 5317 3475 5377 quoque:

1896 5391 2027 5461 Quis
2065 5392 2161 5448 tibi
2194 5392 2337 5449 dedit
2373 5391 2509 5446 hanc
2532 5391 2880 5462 potestatem?
2906 5387 3343 5453 Manifestissime
3381 5388 3485 5450 Dei

1892 5484 2090 5543 Filium
2138 5491 2357 5557 negant,
2394 5493 2556 5553 quem
2594 5489 2789 5553 putant
2821 5494 2931 5539 non
2962 5483 3095 5553 suis,
3139 5485 3236 5541 sed
3288 5483 3477 5545 alienis

1894 5572 2101 5633 viribus
2126 5575 2279 5647 signa
2302 5574 2502 5631 facere.

1964 5668 2300 5740 Respondeas
2334 5664 2489 5720 Iesus
2518 5665 2655 5720 dixit
2676 5666 2750 5721 eis
2779 5678 2798 5718 :
2828 5662 3174 5740 Interrogabo
3193 5684 3284 5723 vos
3313 5677 3362 5723 et
3387 5685 3480 5739 ego

1895 5780 2060 5818 unum
2079 5777 2389 5825 sermonem,
2404 5776 2556 5832 quem
2572 5761 2618 5815 si
2632 5760 2870 5816 dixeritis
2887 5760 3037 5828 mihi,
3055 5771 3103 5817 et
3123 5779 3214 5832 ego
3234 5760 3378 5816 vobis
3399 5761 3483 5815 di-

1894 5869 2010 5909 cam
2044 5855 2098 5908 in
2135 5870 2239 5924 qua
2270 5860 2523 5924 potestate
2554 5853 2665 5908 hac
2688 5853 2827 5924 facio
2857 5868 2876 5906 :
2900 5854 3230 5925 Baptismum
3255 5852 3478 5909 Joannis

1896 5944 2034 6001 unde
2067 5953 2198 6011 erat,
2236 5956 2265 6000 ε
2288 5942 2414 5999 εωιο
2438 5959 2508 5999 an
2530 5960 2596 6001 ea:
2612 5944 2910 6000 hominibus
2930 5944 2957 5998 γ
2975 5942 3193 6000 Poterat
3213 5942 3478 6003 Dominus
