3898 6450
445 465 581 520 1047

1078 463 1140 518 B.
1184 431 1436 517 RABAINI
1477 459 1692 516 mum
1729 459 1999 514 ARCIIIEI

2107 458 2395 517 ilOGUNT.
2436 457 2720 514 OPERUM
2759 457 2936 511 PARS
2977 457 3015 511 l.
3583 456 3714 510 ίοιε

441 583 626 645 aperta
653 577 994 644 responsione
1014 583 1343 633 tentatorum
1370 577 1693 632 calumniam
1715 575 2012 643 confutare,
2045 583 2092 641 Α
2120 573 2326 630 creavit
2363 583 2588 644 paterno
2608 573 2801 628 affectu
2827 574 3019 644 diligit.
3055 573 3341 640 Quomodo
3365 573 3601 627 loeutus
3639 587 3717 628 est

439 667 532 722 sed
581 674 862 737 propterea
911 667 1230 740 interrogat,
1276 677 1337 724 ut
1379 685 1476 725 suo
1525 669 1609 723 vel
1643 668 1875 736 silentio,
1924 669 2010 724 vel

439 758 703 812 sententia
726 759 1170 814 condemnentur.

515 846 576 900 At
611 847 690 901 illi
723 849 1017 919 cogitabant
1045 852 1181 905 inter
1217 869 1271 906 se
1293 852 1521 907 dicentes
1551 866 1569 905 .'
1599 852 1662 908 Si
1699 853 2007 919 dixerimus,

434 936 484 990 E
509 938 654 1001 cwlo,
681 938 816 992 dicet
857 939 1004 993 nobis
1032 957 1052 994 :
1083 939 1259 1006 Quare
1286 958 1408 1011 ergo
1445 959 1547 996 non
1574 943 1866 997 credidistis
1891 944 2012 998 illi?

434 1026 661 1098 (Μλυιι.)
698 1029 878 1085 Dolosi
918 1038 1184 1087 tractores
1227 1047 1291 1086 ac
1335 1032 1622 1102 falsiloquii
1673 1045 2010 1106 argumenta-

433 1125 580 1172 torcs
640 1119 782 1174 hanc
841 1122 1364 1189 argumentationem
1410 1123 1628 1178 dubiam
1672 1124 2010 1194 opponebant

429 1208 532 1263 sibi
555 1223 618 1264 ac
639 1211 732 1265 sia
751 1210 978 1266 Domino
1009 1213 1192 1267 taliter
1221 1213 1298 1268 eis
1331 1214 1746 1282 responderetur
1776 1232 1789 1268 :
1823 1213 2006 1286 (Aug.)

430 1301 599 1368 Quem
621 1303 952 1358 confitemini
971 1303 1038 1357 de
1059 1303 1198 1358 ccelo
1219 1304 1471 1358 habuisse
1490 1305 1852 1374 prophetiam,
1875 1304 2006 1358 mihi

429 1395 799 1450 testimonium
825 1394 1119 1464 perhibuit,
1143 1402 1196 1449 et
1217 1395 1285 1448 ab
1308 1395 1397 1448 illo
1425 1395 1668 1459 audistis,
1702 1396 1755 1448 in
1776 1409 1880 1464 qua
1907 1410 2008 1466 ego
2039 1441 2049 1450 .

429 1484 531 1540 ista
561 1483 761 1538 faciam
787 1493 1076 1554 potestate.

500 1575 560 1630 Si
581 1586 755 1630 autem
783 1577 1092 1640 dixerimus,
1144 1575 1230 1630 Ex
1256 1577 1575 1642 hominibus,
1627 1578 1867 1632 timemus
1894 1587 2008 1631 tur-

427 1665 586 1729 bam;
625 1682 799 1720 omnes
843 1667 978 1722 enim
1009 1666 1196 1721 habent
1235 1667 1497 1722 Joannem
1523 1669 1654 1722 sicut
1681 1672 2004 1740 prophetam.

426 1757 691 1813 Viderunt
745 1774 873 1827 ergo
922 1758 1199 1828 quodlibet
1247 1759 1444 1815 horum
1501 1762 1909 1832 respondissent
1951 1761 2006 1816 in

421 1847 674 1918 laqueum
717 1863 776 1904 se
828 1865 1069 1920 casuros,
1138 1851 1390 1906 timentes
1440 1851 1840 1923 lapidationem,
1912 1853 2009 1908 sed

2112 665 2238 721 ﬁliis
2259 665 2370 720 suis
2395 681 2502 720 non
2534 665 2587 720 in
2617 664 2755 721 facie
2777 674 2834 720 ut
2857 667 3040 729 homo,
3069 665 3164 720 sed
3186 666 3240 720 in
3263 667 3437 720 corde
3454 674 3522 718 nt
3548 664 3713 731 Deus,

2111 773 2218 813 non
2248 759 2302 813 in
2344 758 2564 814 auribus
2591 759 2817 814 verbum
2843 773 3063 822 sonans,
3087 758 3182 813 sed
3208 759 3264 813 in
3300 759 3573 813 sensibus
3597 774 3716 828 sug—

2110 864 2304 919 gerens
2343 849 2633 905 intellectu.
2689 849 2960 922 (Hieron.)
3006 850 3070 904 Hi
3092 858 3216 904 sunt
3242 851 3352 904 duo
3386 850 3512 915 filii,
3547 853 3642 919 qui
3667 864 3717 906 et

2110 940 2166 994 in
2213 939 2370 994 Luca:
2413 941 2667 1009 parabola
2699 940 3096 1002 describuntur,
3123 941 3336 1004 lividus,
3379 941 3623 1010 rigidus.
3670 951 3716 996 et

2110 1030 2416 1086 luxuriosus
2459 1030 2609 1100 (Luc.
2634 1030 2748 1100 xv),
2789 1040 2844 1084 et
2888 1031 2954 1085 de
2982 1032 3175 1100 quibus
3227 1033 3549 1088 Zacharias
3603 1051 3718 1104 pro-

2107 1124 2268 1192 pheta
2319 1121 2597 1191 loquitur:
2630 1123 2899 1192 Assumpsi
2945 1122 3069 1174 mihi
3098 1123 3232 1175 duas
3275 1125 3484 1194 virgas,
3559 1141 3714 1178 unum

2108 1218 2284 1272 vocavi
2317 1217 2573 1281 decorem,
2619 1227 2666 1270 et
2688 1216 2906 1270 alteram
2937 1219 3108 1271 vocavi
3158 1216 3470 1285 funiculum
3525 1228 3577 1270 et
3606 1219 3714 1286 pari

2107 1325 2311 1380 gregem
2343 1307 2529 1380 (Zach.
2567 1308 2665 1378 χι).
2708 1308 3002 1363 Zacharias
3049 1310 3182 1362 duas
3224 1309 3418 1378 virgas
3447 1309 3620 1368 dixit,
3671 1310 3714 1362 id

2107 1410 2210 1466 est,
2262 1403 2395 1457 duos
2447 1401 2604 1456 filios.
2663 1402 2843 1456 Primo
2892 1403 3089 1456 dicitur
3130 1402 3318 1471 gentili
3367 1399 3586 1471 pOpulo
3631 1415 3718 1467 per

2107 1497 2368 1552 naturalis
2405 1497 2538 1569 legis
2568 1499 2854 1552 notitiam:
2901 1495 3062 1562 Vade,
3115 1507 3162 1550 et
3201 1513 3430 1566 operare
3459 1495 3532 1555 in
3578 1496 3718 1546 sines

2108 1607 2242 1652 mea,
2273 1591 2323 1646 id
2348 1598 2452 1657 est,
2487 1591 2638 1657 Quod
2663 1592 2757 1645 tibi
2793 1608 2895 1644 non
2939 1591 3012 1644 vis
3031 1590 3168 1658 fieri,
3217 1590 3377 1642 alteri
3404 1605 3471 1641 ne
3495 1588 3710 1656 feceris.

2108 1681 2209 1748 Qui
2244 1683 2475 1752 superbe
2523 1683 2822 1752 respondit,
2855 1681 3015 1742 Nolo.
3061 1697 3184 1736 cum
3221 1680 3454 1748 reliquit
3515 1680 3714 1731 bonum

2107 1781 2163 1827 et
2191 1773 2352 1844 elegit
2377 1773 2600 1828 malum.
2651 1772 2846 1828 Postea
2874 1787 3002 1826 vero
3048 1773 3102 1826 in
3131 1773 3372 1826 adventu
3414 1768 3720 1822 Salvator-is

2109 1874 2229 1921 acta
2259 1866 2576 1935 poenitentia
2607 1875 2862 1937 operatus
2889 1875 2971 1921 est
2993 1866 3046 1920 in
3071 1865 3223 1920 vinea
3260 1863 3386 1926 Dei,
3425 1872 3483 1916 et
3516 1877 3720 1915 sermo-

421 1945 595 2014 magis
628 1945 879 2000 timentes
908 1945 1153 2000 veritatis
1183 1945 1601 2002 confessionem.
1651 1946 1708 2001 Si
1747 1947 1892 2001 enim
1915 1962 2002 2001 re-
2032 1948 2079 2008 B
2107 1959 2191 2012 nis
2219 1959 2616 2012 contumaciam
2659 1957 2841 2013 labore
2887 1957 3142 2012 correxit.
3185 1954 3494 2010 Secundus
3538 1962 3716 2005 aute

419 2037 764 2106 spondissent
784 2037 1107 2107 baptismum
1138 2037 1362 2093 Joannis
1389 2055 1510 2094 esse
1541 2041 1608 2095 de
1635 2040 1773 2095 ccelo
1799 2039 1880 2111 (ut
1904 2041 2003 2110 ipsi

419 2127 690 2198 sapientes
736 2129 790 2182 in
842 2129 1044 2184 malitia
1095 2131 1584 2203 pertractaverunt)
1666 2147 2005 2202 consequens

417 2226 536 2274 erat
577 2222 857 2290 responsio
897 2239 910 2275 :
945 2221 1124 2290 Quare
1165 2239 1294 2294 ergo
1335 2240 1442 2279 non
1488 2225 1621 2280 estis
1665 2225 1923 2295 baptizati
1971 2241 2005 2280 a

415 2309 667 2368 Joanne?
712 2311 770 2367 Si
817 2313 998 2368 dicere
1047 2313 1347 2370 voluissent
1401 2317 1638 2372 humana
1689 2317 2003 2387 deceptione

415 2405 796 2474 compositum,
827 2414 880 2460 et
906 2405 1040 2460 nihil
1067 2407 1322 2462 habuisse
1368 2407 1628 2474 divinum,
1682 2410 2002 2465 seditionem

414 2495 594 2564 populi
642 2495 1021 2551 formidabant.
1067 2495 1269 2551 Omnes
1293 2498 1437 2552 enim
1466 2500 1728 2570 gregatim
1767 2501 2004 2555 multitu-

415 2588 571 2642 dines
623 2588 847 2642 Joannis
897 2597 1212 2658 receperant
1261 2591 1609 2659 baptismum,
1665 2600 1720 2646 et
1762 2592 1843 2648 sic
1879 2608 2004 2648 eum

418 2678 689 2733 habebant
727 2688 789 2732 ut
825 2680 1162 2748 prophetam.

485 2768 554 2821 Et
604 2769 965 2839 respondentes
1016 2771 1144 2825 Jesu
1207 2771 1452 2828 dixerunt
1500 2791 1518 2828 :
1569 2773 1867 2831 Nescimus.
1913 2776 2003 2830 Ait

412 2859 518 2914 illis
546 2870 593 2914 et
617 2861 724 2930 ipse
750 2875 769 2913 :
802 2860 913 2916 Nec
939 2880 1031 2934 ego
1060 2864 1175 2918 dico
1201 2865 1343 2920 vobis
1396 2867 1450 2920 in
1477 2883 1578 2937 qua
1602 2877 1852 2936 potestate
1891 2868 2004 2922 haec

413 2951 572 3021 facio.
623 2951 742 3006 Non
771 2953 944 3019 vobis,
1002 2955 1196 3025 inquit,
1244 2957 1366 3012 dico
1394 2958 1538 3028 quod
1566 2960 1698 3024 scio,
1731 2960 1858 3029 quia
1896 2974 2002 3014 non

412 3045 574 3100 vultis
601 3044 757 3100 fateri
790 3047 932 3117 quod
971 3049 1140 3105 scitis.
1171 3047 1519 3120 Consequens
1553 3065 1683 3122 ergo
1709 3060 1828 3106 erat
1845 3050 2002 3121 juxta

413 3138 820 3206 responsionem
849 3154 1061 3206 eorum,
1103 3139 1390 3196 Dominum
1419 3158 1635 3214 quoque
1658 3144 1856 3209 dicere,
1893 3143 2003 3199 Nec

412 3240 513 3298 ego
537 3229 674 3294 scio,
701 3229 796 3285 sed
824 3231 1044 3286 mentiri
1067 3231 1280 3290 Veritas
1310 3247 1414 3288 non
1441 3242 1640 3305 potest,
1665 3244 1719 3288 et
1739 3236 1814 3290 ait
1841 3253 1853 3288 :
1889 3234 2001 3288 Nec

2103 2049 2330 2119 populus
2355 2047 2665 2105 Judzeorum
2699 2058 2802 2115 est,
2833 2051 2927 2120 qui
2967 2048 3246 2120 respondit
3277 2047 3485 2116 Moysi,
3527 2044 3715 2099 Omnia

2101 2159 2423 2213 quaecunque
2450 2143 2668 2206 dixeris,
2715 2142 2969 2211 faciemus
3020 2140 3218 2212 (Exod.
3263 2140 3449 2206 xnv),
3497 2149 3561 2194 et
3618 2155 3712 2191 mn

2103 2233 2199 2288 ivit
2244 2233 2298 2288 in
2325 2233 2560 2299 vineam,
2613 2233 2739 2303 quia
2794 2231 3081 2288 interfecto
3128 2231 3565 2300 patrisfamilias
3613 2229 3714 2281 lilio

2102 2339 2160 2379 se
2187 2325 2394 2395 putavit
2433 2323 2723 2379 hieredem.
2755 2321 2858 2377 Alii
2887 2337 3019 2376 vero
3047 2337 3150 2376 non
3191 2332 3393 2392 putant
3435 2319 3711 2391 gentilium

2101 2411 2488 2467 etJndaaorum
2525 2426 2647 2466 esse
2691 2411 3030 2481 parabolam,
3078 2409 3172 2465 sed
3220 2410 3563 2480 simpliciter
3597 2423 3716 2479 pec-

2101 2513 2347 2560 catorum
2389 2514 2444 2560 et
2487 2503 2780 2573 justorum.
2826 2503 2945 2573 Ipso
2983 2518 3197 2574 quoque
3224 2503 3471 2557 Domino
3521 2519 3714 2573 propo-

2103 2600 2356 2655 sitionem
2395 2613 2546 2654 suam
2588 2606 2777 2669 postea
2808 2597 3148 2651 disserente:
3179 2595 3348 2650 Amen
3397 2594 3525 2648 dico
3552 2596 3705 2657 vobis,

2102 2690 2228 2761 quia
2276 2683 2544 2760 publicani
2567 2697 2615 2742 et
2642 2689 2940 2742 meretrices
2981 2686 3283 2758 praecedunt
3314 2701 3409 2740 vos
3461 2686 3523 2738 in
3559 2701 3704 2754 regns

2102 2783 2200 2837 Dei
2251 2781 2464 2853 (Matth.
2491 2781 2629 2854 rm).
2675 2781 2846 2836 Porro
2895 2781 3041 2850 quod
3085 2780 3332 2848 sequitur
3369 2796 3386 2830 :

2176 2873 2308 2940 Quis
2342 2889 2407 2928 ea:
2453 2873 2658 2927 duobus
2709 2872 2832 2942 fecit
2880 2870 3197 2926 voluntatem
3244 2869 3422 2939 patris
3450 2869 3477 2922 5’
3511 2867 3584 2920 Et
3635 2867 3706 2918 illi

2105 2965 2287 3020 dicunt
2329 2979 2347 3016 :
2405 2963 2757 3019 Nouissimas.
2819 2962 3111 3018 Sciendum
3168 2970 3251 3016 est
3311 2962 3365 3014 in
3433 2959 3704 3014 veteribus

2104 3055 2504 3125 exemplaribus
2560 3071 2666 3110 non
2702 3054 2892 3110 haberi
2926 3053 3285 3117 novissimum,
3319 3051 3418 3106 sed
3451 3052 3701 3120 primum,

2105 3153 2166 3200 ut
2192 3144 2638 3216 propriojudicio
2688 3145 3138 3200 condemnentur.
3192 3141 3248 3196 Si
3289 3151 3478 3195 autem
3537 3140 3702 3192 uocis-

2105 3235 2294 3288 simum
2315 3233 2644 3288 voluerimus
2670 3233 2850 3304 legere
2875 3234 3160 3288 manifesta
3193 3237 3278 3284 est
3299 3230 3701 3300 interpretatio.

411 3335 504 3390 ego
550 3320 668 3375 dico
728 3321 889 3378 vobis.
933 3323 1013 3378 Ex
1039 3338 1148 3395 quo
1193 3327 1431 3382 ostendit
1461 3335 1517 3384 et
1557 3327 1677 3384 illos
1705 3328 1869 3394 scire,
1901 3329 1997 3384 sed
2024 3319 2069 3382 C
2101 3335 2162 3382 ut
2203 3327 2446 3382 dicamus
2493 3325 2794 3396 intelligere
2845 3325 3064 3396 qnidem
3113 3323 3407 3377 veritatem
3469 3319 3700 3381 Judaos,

412 3414 741 3482 respondere
789 3415 950 3482 nolle,
992 3426 1048 3472 ct
1077 3432 1140 3473 se
1174 3433 1358 3486 nosse,
1410 3428 1465 3476 et
1503 3420 1624 3476 ideo
1661 3437 1766 3476 non
1793 3421 1997 3488 dicere,

412 3503 537 3574 quia
562 3504 636 3560 illi
667 3506 810 3577 quod
845 3507 1024 3562 sciunt
1070 3515 1306 3566 taceant.
1359 3509 1665 3568 Justissime
1689 3513 1874 3582 utique
1921 3513 2001 3566 in-

409 3598 696 3655 sidiatores
736 3600 1041 3671 huiusmodi
1069 3604 1253 3658 verbis
1280 3604 1506 3674 repulsi,
1552 3604 1762 3660 confusi
1789 3606 2002 3660 absces-

411 3700 620 3757 serunt,
671 3701 727 3747 et
759 3692 1040 3764 impletum
1087 3703 1171 3750 est
1207 3697 1350 3766 quod
1397 3697 1452 3750 in
1482 3695 1690 3766 psalmo
1743 3712 1840 3767 per
1868 3696 2000 3751 Pro-

407 3783 628 3852 phetam
671 3785 802 3840 dicit
848 3785 990 3841 Deus
1019 3786 1220 3842 Pater:
1257 3786 1454 3842 Paravi
1477 3787 1746 3842 lucernam
1789 3788 1997 3844 Christo

408 3891 544 3941 meo,
591 3876 642 3930 id
679 3885 764 3932 est
792 3877 967 3947 ipsum
995 3876 1278 3945 Joannem,
1337 3881 1574 3934 inimicos
1617 3881 1731 3950 ejus
1777 3881 1995 3935 induam

406 3965 712 4036 confusione
775 3965 949 4038 (Psal.
1003 3969 1208 4042 cxxxt).
1251 3969 1532 4043 [Venant.]
1576 3969 1879 4026 Notandum
1901 3988 1998 4026 au-

411 4065 517 4112 tem
564 4059 690 4128 quia
717 4060 851 4114 duas
873 4060 944 4114 ob
966 4075 1158 4115 causas
1206 4063 1442 4118 maxime
1481 4064 1706 4118 scientia
1753 4064 1997 4119 veritatis

407 4155 493 4201 est
514 4149 830 4204 occultanda
873 4152 1256 4219 quaerentibus,
1303 4167 1428 4207 cum
1459 4154 1705 4208 videlicet
1735 4156 1824 4224 qui
1857 4171 1996 4226 qua:-

406 4237 498 4303 rit,
524 4248 615 4292 aut
639 4240 818 4294 minus
842 4255 1009 4310 capax
1040 4249 1123 4295 est
1149 4241 1216 4295 ad
1244 4241 1646 4313 intelligendum
1675 4245 1820 4315 quod
1848 4261 1994 4314 qum-

406 4329 496 4393 rit,
545 4337 639 4384 aut
663 4331 788 4386 odio
835 4331 917 4386 vel
945 4339 1254 4402 contemptu
1284 4334 1453 4403 ipsius
1474 4335 1720 4391 veritatis
1747 4336 1995 4409 indignus

403 4429 486 4476 est
505 4423 592 4478 cui
627 4423 821 4479 debeat
842 4425 1040 4494 aperiri
1062 4426 1205 4495 quod
1230 4427 1445 4497 quaerit.
1506 4427 1746 4496 Quorum
1773 4439 1995 4500 propter

403 4529 570 4569 unum
595 4515 855 4572 Dominus
881 4517 957 4572 ait
988 4535 1001 4571 :
1025 4517 1212 4572 Adhuc
1242 4518 1409 4573 multa
1437 4520 1600 4574 habeo
1629 4521 1769 4576 vobis
1798 4523 1992 4589 dicere,

402 4605 494 4661 sed
547 4624 651 4662 non
677 4610 889 4679 potestis
916 4607 1010 4662 illa
1052 4618 1263 4681 portare
1290 4611 1444 4664 modo
1491 4611 1672 4682 (Joan.
1700 4610 1831 4684 xvi).
1864 4613 1994 4668 Pro-

2106 3421 2200 3476 scd
2225 3419 2594 3491 tergiversari,
2623 3428 2679 3474 et
2709 3419 2852 3474 nolle
2877 3420 3058 3474 dicere
3078 3418 3209 3488 quid
3238 3419 3509 3479 sentiunt,
3564 3417 3702 3471 sicut.

2105 3522 2160 3569 et
2202 3513 2530 3583 baptismum
2555 3511 2794 3569 Joannes
2821 3514 3055 3568 scientes
3076 3528 3200 3568 esse
3227 3512 3297 3568 de
3325 3511 3496 3577 coelo,
3521 3511 3702 3567 dicere

2103 3603 2412 3658 noluerunt.

2173 3695 2311 3750 Dicit
2338 3695 2443 3750 illis
2477 3695 2631 3750 Iesus
2656 3709 2676 3748 :
2711 3696 2876 3749 Amen
2917 3695 3035 3750 dico
3068 3696 3234 3759 vobis,
3271 3695 3402 3764 quia
3440 3693 3702 3763 publicani

2101 3796 2147 3840 et
2188 3787 2480 3840 meretrices
2513 3787 2805 3856 prtecedent
2834 3803 2924 3841 vos
2951 3787 3004 3840 in
3029 3802 3187 3857 regno
3219 3785 3335 3840 Dei.
3380 3786 3455 3840 Et
3488 3786 3694 3846 merito,

2101 3877 2226 3946 quia
2251 3877 2324 3930 illi
2356 3878 2447 3946 qui
2476 3893 2573 3948 per
2592 3876 2734 3932 mala
2767 3893 2932 3947 opera
2964 3877 3072 3932 Deo
3103 3877 3314 3932 servire
3337 3885 3696 3948 negaverunt,

2100 3979 2288 4040 postea
2316 3971 2648 4040 put-nitentia:
2678 3971 3008 4040 baptismum
3037 3978 3365 4040 acceperant
3398 3987 3430 4022 a
3474 3968 3693 4023 Joanne.

2100 4059 2359 4115 Pharisaei
2399 4069 2601 4125 autem,
2631 4061 2722 4130 qui
2755 4060 3021 4130 justitiam
3047 4061 3413 4132 praeferebant
3441 4072 3500 4116 et
3531 4061 3544 4114 l

2100 4150 2194 4206 Dei
2241 4167 2300 4208 se
2327 4151 2504 4207 facere
2527 4153 2828 4223 jactabant,
2876 4153 3100 4207 Joannis
3131 4160 3457 4222 contempto
3498 4150 3696 4222 bapliso

2098 4251 2242 4296 mate
2269 4242 2365 4297 Dei
2388 4252 2654 4312 praecepta
2684 4259 2790 4298 non
2820 4241 3085 4298 fecerunt.
3111 4241 3265 4298 Unde
3296 4242 3696 4313 subsequenter

2099 4333 2230 4389 dicit
2263 4351 2275 4387 :

2177 4422 2329 4478 Venit
2353 4426 2491 4479 enim
2512 4424 2747 4479 Joannes
2768 4425 2823 4479 in
2850 4425 2932 4480 via
2948 4425 3194 4496 justitiaz,
3224 4435 3272 4479 et
3303 4443 3410 4480 non
3447 4425 3699 4481 credidis-

2096 4515 2162 4569 tis
2184 4515 2231 4570 ei
2261 4530 2281 4568 .·
2309 4515 2590 4571 Publicani
2641 4526 2818 4571 autem
2865 4526 2914 4572 et
2939 4517 3232 4571 meretrices
3264 4518 3608 4571 crediderunt
3634 4519 3698 4570 ei.

2104 4605 2208 4660 Vos
2234 4616 2409 4661 autem
2436 4607 2684 4672 videntes,
2727 4624 2818 4662 nec
2838 4609 3192 4678 pwnitcntiam
3213 4608 3479 4662 habuistis
3502 4621 3699 4678 postea,

374 4706 522 4767 -pter
543 4697 688 4753 aliud
717 4713 848 4754 vero
877 4698 1156 4769 discipulis
1206 4700 1450 4770 praecipit
1481 4719 1493 4755 :
1526 4699 1702 4756 Nolite
1748 4713 1986 4756 sanctum
2015 4685 2067 4745 Β
2092 4709 2147 4754 ut
2170 4700 2446 4754 crederetis
2486 4701 2552 4755 ei.
2599 4699 2828 4773 (ΜΑυκ.)
2862 4701 3014 4755 Viam
3053 4715 3183 4770 ergo
3203 4697 3434 4767 iustitia:
3464 4697 3702 4754 Joannes

399 4791 528 4844 dare
549 4791 788 4857 canibus,
821 4808 983 4863 neque
1025 4793 1247 4848 mittatis
1297 4796 1614 4864 margaritas
1637 4805 1834 4849 vestras
1874 4806 1992 4850 ante
2091 4795 2394 4863 pmdicans
2436 4795 2604 4859 venit,
2660 4795 2794 4864 quis
2816 4794 3108 4856 Christum,
3165 4793 3258 4864 qui
3296 4793 3702 4848 consummatio

398 4899 584 4954 porcos
627 4883 844 4956 (Matth.
882 4884 1002 4958 vn).
1049 4884 1180 4942 Post
1234 4888 1374 4943 hanc
1421 4903 1551 4959 ergo
1591 4887 1992 4946 fraudulentam

403 4975 748 5032 sacerdotum
792 4977 1296 5050 interrogationem,
1345 4989 1572 5050 postque
1602 4996 1757 5036 suam
1785 4982 1992 5037 cautis-

400 5067 593 5122 simam
623 5069 1028 5138 responsionem
1059 5069 1247 5125 statim
1278 5069 1442 5125 infert
1467 5071 1727 5128 Dominus
1761 5073 1994 5144 parabo-

401 5157 508 5212 lam
533 5175 654 5229 quae
683 5168 739 5215 et
769 5159 890 5215 illos
937 5161 1232 5232 impietatis
1277 5172 1470 5236 arguat
1503 5172 1558 5219 et
1591 5165 1661 5221 ad
1699 5174 1889 5238 gentes
1917 5181 2000 5222 re-

399 5265 562 5318 gnum
593 5251 686 5305 Dei
708 5251 898 5308 doceat
927 5254 1378 5311 transferendum.

473 5339 585 5411 (V.)
611 5341 750 5407 Quid
774 5355 945 5400 autem
974 5346 1114 5401 vobis
1142 5347 1382 5402 videtur?
1404 5347 1577 5402 Homo
1597 5349 1812 5419 quidam
1837 5350 1996 5405 habe-

399 5430 486 5484 bat
509 5430 640 5486 duos
660 5433 822 5503 ﬁlios,
845 5445 893 5490 et
915 5437 1163 5492 accedens
1181 5437 1251 5492 ad
1271 5439 1494 5508 primum
1518 5439 1650 5492 dixit
1667 5451 1686 5488 .'
1711 5436 1842 5504 Fili,
1862 5441 1994 5493 vade

397 5523 554 5579 hodie
579 5528 785 5594 operari
822 5529 876 5582 in
901 5531 1101 5584 vineam
1120 5546 1310 5584 meam.
1343 5529 1442 5584 Ille
1464 5541 1638 5584 autem
1675 5530 1991 5599 respondens

398 5619 514 5672 ait:
544 5613 702 5674 Nolo.
749 5618 940 5674 Postea
976 5631 1151 5676 autem
1171 5621 1469 5692 poenitentia
1495 5632 1665 5676 motus
1694 5621 1840 5676 abiit.
1889 5621 1991 5676 Ac-

400 5709 584 5764 cedens
621 5721 796 5765 autem
836 5711 903 5763 ad
929 5710 1175 5778 alterum,
1212 5711 1346 5765 dixit
1385 5713 1645 5767 similiter.
1690 5712 1757 5765 At
1787 5711 1873 5766 ille
1912 5729 1990 5766 re-

399 5809 654 5874 spondens
681 5807 753 5860 ait
793 5822 812 5859 :
859 5805 957 5871 Eo,
1005 5806 1250 5872 Domine,
1289 5818 1336 5862 et
1381 5824 1484 5862 non
1525 5810 1636 5862 ivit.
1689 5808 1792 5863 lstc
1828 5808 1990 5862 homo

399 5896 542 5951 Deus
590 5889 1274 5967 intelligitur,’quiomncs
1326 5898 1572 5955 homines
1617 5913 1753 5968 quos
1776 5910 1987 5973 gnatura

2098 4885 2231 4957 legis
2280 4895 2336 4942 et
2366 4889 2751 4957 prophetarum
2777 4895 2880 4951 est,
2929 4886 3120 4940 adesse
3149 4885 3320 4954 digito
3346 4884 3699 4939 demonstra-

2095 4979 2196 5043 vit,
2243 4987 2300 5032 et
2335 4994 2638 5048 prmcursor
2667 4977 2880 5031 Domini
2920 4975 3114 5041 factus,
3161 4976 3305 5028 viam
3357 4975 3532 5044 ipsius
3564 4989 3701 5044 prae»

2095 5070 2339 5140 parando
2372 5068 2540 5124 valles
2578 5069 2860 5123 humilium
2908 5069 2995 5137 pia
3024 5067 3270 5121 doctrina
3324 5066 3600 5136 implevit,
3647 5075 3701 5119 et

2102 5162 2268 5217 colles
2330 5163 2683 5232 superborum
2762 5162 2921 5231 digna
2969 5159 3307 5214 correctione
3365 5159 3696 5212 humiliavit.

2102 5251 2255 5308 Hunc
2281 5269 2409 5324 ergo
2432 5252 2600 5308 Judazi
2632 5252 3028 5308 contemnendo
3054 5259 3376 5321 spernentes
3397 5251 3546 5304 viam
3584 5252 3696 5319 jus-

2098 5347 2252 5412 titive,
2303 5362 2423 5416 quae
2448 5346 2698 5403 Christus
2727 5355 2830 5413 est,
2877 5362 2985 5400 non
3015 5344 3512 5416 apprehenderunt,
3570 5345 3696 5410 quia

2097 5453 2198 5492 nec
2240 5437 2610 5507 paenitentiam
2647 5454 2678 5491 a
2715 5437 2898 5506 pravis
2939 5436 3194 5508 Operibus
3215 5436 3348 5498 suis,
3389 5442 3445 5487 et
3487 5433 3692 5488 malitia

2096 5543 2256 5600 agere
2287 5528 2590 5582 voluerunt.
2619 5527 2822 5584 Gentes
2857 5536 3037 5582 autem
3059 5525 3336 5580 humiliter
3364 5525 3688 5582 sentientes,

2097 5635 2153 5680 et
2176 5625 2262 5694 pie
2291 5625 2562 5679 vaticiniis
2591 5626 2978 5695 prophetarum
3006 5623 3311 5687 credentes,
3343 5623 3474 5693 quia
3505 5639 3536 5676 a
3573 5637 3688 5692 pec

2098 5715 2236 5769 catis
2267 5715 2377 5769 suis
2405 5730 2679 5770 conversa:
2707 5716 2773 5769 ad
2807 5717 3087 5770 Dominum
3121 5715 3281 5783 digne
3307 5714 3686 5783 paenitentiam

2097 5811 2390 5877 egeruntin
2418 5810 2501 5863 via
2519 5808 2763 5877 justitim,
2794 5810 2845 5863 id
2869 5818 2971 5874 est,
3002 5811 3052 5863 in
3081 5809 3273 5862 semita
3301 5809 3680 5861 mandatorum

2099 5901 2194 5956 Dei
2230 5903 2563 5968 incedentes,
2610 5901 2870 5957 velociter
2908 5902 2975 5957 ad
3007 5917 3230 5973 regnum
3269 5902 3415 5968 Dei,.
3449 5901 3683 5972 migrare
