3898 6462
80 470 210 527 1049

1019 452 1375 511 COMMENT.
1416 447 1480 504 ΙΝ
1522 445 1962 501 ΜΑΤΤΗίΕυΜ.
2004 476 2069 486 -ρ
2105 445 2231 499 Llll.
2280 443 2361 499 Vl.

3191 445 3213 498 1
3224 443 3330 500 050

78 585 405 642 meruerunt.
456 575 643 633 Potest
672 582 728 630 et
754 574 841 629 hic
890 587 1112 644 regnum
1146 570 1240 625 Dei
1290 565 1636 638 Evangelium
1666 562 1719 622 Α
1744 562 1857 629 ipse
1883 576 2070 616 servus
2099 561 2226 630 quid
2259 561 2325 615 de
2340 560 2524 629 fructu
2554 559 2713 630 hujus
2736 559 2911 616 vineae
2935 561 3134 616 sentiat
3152 561 3331 632 palam

78 676 190 740 Dei,
228 670 368 742 quod
392 676 447 723 et
468 667 597 723 alibi
626 664 965 737 Evangelium
990 664 1133 735 regni
1178 661 1395 726 dicitur,
1428 658 1513 713 vel
1550 657 1650 712 Ec-

76 766 232 826 clesia
276 777 512 835 praesens
549 758 790 831 intelligi.
843 758 994 814 Unde
1047 765 1102 811 et
1127 755 1374 811 Salvator
1419 753 1486 807 ad
1515 767 1647 821 apo-

76 858 239 917 stolos
262 856 373 910 ait:
417 852 646 924 Regnum
669 851 766 905 Dei
805 852 944 904 intra
972 865 1055 902 vos
1081 858 1154 902 est
1181 846 1330 918 (Luc.
1369 860 1478 899 xvu
1500 843 1541 909 ).
1590 842 1651 896 In

76 968 179 1024 quo
219 956 404 1021 gentes
441 944 653 1001 Iudaeos
700 941 996 1014 paecedunt,
1046 941 1171 1010 quia
1218 940 1379 995 citius
1427 934 1650 992 credere

76 1046 372 1100 voluerunt.
413 1038 606 1107 Fitque
632 1036 737 1091 hoc
763 1033 907 1105 quod
953 1034 1005 1089 in
1033 1032 1137 1088 alia
1162 1030 1416 1103 parabola
1470 1027 1652 1083 Domi-

76 1151 174 1192 nus
216 1132 352 1187 dixit
381 1148 393 1185 z
420 1129 592 1184 Erunt
620 1126 880 1183 novissimi
899 1126 1076 1196 primi,
1124 1133 1172 1178 et
1200 1124 1353 1194 primi
1384 1120 1649 1177 novissimi

75 1225 286 1299 (Matth.
341 1222 475 1295 χιι),
537 1221 685 1291 quia,
741 1219 1032 1275 secundum
1088 1215 1239 1271 lsaim
1291 1215 1648 1284 prophetiam,

76 1316 241 1388 Caput
274 1316 328 1369 in
349 1314 575 1367 caudam
603 1327 805 1366 versum
843 1320 939 1375 est,
984 1318 1032 1364 et
1061 1307 1232 1362 cauda
1258 1309 1311 1360 in
1333 1316 1488 1375 caput
1513 1306 1648 1377 (Isa.

76 1409 213 1479 xu).

140 1499 316 1553 Aliam
339 1494 647 1575 parabolam
675 1496 853 1550 audite
876 1510 893 1549 :
919 1492 1090 1548 Homo
1116 1501 1227 1547 erat
1246 1487 1650 1564 paterfamilias,

73 1592 159 1663 qui
181 1590 437 1661 plantavit
461 1589 665 1643 vineam
699 1597 747 1642 et
775 1603 943 1658 sepem
967 1585 1306 1641 circumdedit
1334 1584 1402 1648 ei,
1452 1593 1499 1637 et
1523 1583 1654 1654 fodit

74 1688 215 1738 inea
257 1680 509 1746 torcular,
568 1689 615 1734 et
639 1679 919 1749 a’diﬁcavit
965 1676 1189 1743 turrim,
1219 1686 1265 1732 et
1305 1675 1489 1730 locavit
1542 1691 1657 1729 eam

73 1774 337 1847 agricolis,
374 1782 423 1828 et
466 1788 675 1844 peregre
724 1772 985 1843 profectus
1022 1781 1117 1825 est.
1177 1768 1447 1842 (Hieron.)
1505 1767 1662 1822 Prin-

73 1870 218 1939 cipes
248 1867 610 1932 sacerdotum,
666 1874 720 1921 et
743 1868 984 1920 seniores
1003 1863 1206 1936 populi,
1237 1863 1327 1935 qui
1358 1863 1658 1931 interroga-

1753 652 1992 707 carminc
2018 652 2258 707 declarat
2282 651 2467 706 dicens
2493 668 2506 704 :
2532 649 2617 704 Ex
2645 650 2793 704 vinea
2815 651 2952 704 enim
2984 648 3332 707 Sodomorum

1750 744 1863 798 vitis
1883 761 2081 810 eorum,
2107 753 2154 797 et
2177 759 2405 814 propago
2435 759 2616 796 eorum
2657 758 2722 796 ex
2756 738 3069 795 Gomorrha.
3101 739 3211 796 Uva
3243 759 3334 799 eo-

1752 852 1867 888 rum
1889 853 1985 891 uva
2007 834 2166 905 fellis,
2210 834 2386 888 botrus
2417 833 2787 887 amaritudinis
2817 833 2966 902 ipsis.
3002 830 3177 885 Furor
3213 832 3336 888 dra-

1752 945 1939 983 conum
1986 928 2160 983 vinum
2205 943 2405 989 eorum,
2462 937 2509 980 et
2554 925 2705 995 furor
2747 924 2990 995 aspidum
3025 924 3334 979 insanabilis

1755 1021 1933 1095 (Deut.
1967 1020 2162 1093 χχχιι).
2198 1019 2331 1075 Nam
2356 1029 2413 1075 et
2440 1020 2554 1089 ipse
2584 1018 2754 1073 David
2805 1033 2994 1074 servus
3020 1018 3215 1073 summi
3242 1032 3338 1089 pa-

1756 1112 2086 1168 trisfamilias
2119 1121 2217 1175 est,
2270 1112 2359 1180 qui
2389 1127 2484 1167 cor
2511 1110 2717 1180 populi,
2783 1116 2843 1163 ut
2869 1109 2938 1164 ad
2965 1109 3208 1164 ccelestia
3238 1109 3333 1163 de-

1757 1204 2041 1260 sideranda
2093 1196 2443 1272 suspenderet
2481 1201 2622 1255 inter
2668 1200 2804 1254 ritus
2830 1198 3128 1254 carnalium
3182 1197 3340 1253 vieti-

1756 1314 1987 1363 marum,
2050 1297 2235 1350 laudes
2299 1294 2508 1349 Domini
2565 1292 2849 1348 continuas
2904 1291 3057 1348 suavi
3108 1289 3341 1346 melodia

1768 1388 2033 1447 lecautari
2068 1387 2365 1442 constituit.
2416 1385 2521 1440 Sed
2547 1393 2603 1439 et
2652 1386 2796 1440 hunc
2824 1400 3041 1440 servum
3091 1382 3342 1439 allectum

1733 1483 2097 1542 -contumcliis
2119 1483 2170 1537 in
2196 1482 2372 1551 capite
2400 1480 2855 1544 vulneraverunt;
2880 1477 3178 1534 secundum
3201 1475 3344 1545 quod

1759 1576 2108 1648 Evangelium
2149 1573 2309 1627 Marci
2359 1580 2535 1638 sonat,
2593 1571 2718 1641 quia
2768 1569 3167 1640 psalmistarum
3218 1583 3346 1624 car-

1760 1670 1931 1732 mina,
1983 1681 2102 1737 quaa
2132 1666 2201 1733 ad
2225 1663 2439 1719 laudem
2464 1662 2677 1718 Domini
2715 1662 2979 1716 vocabant
3018 1660 3171 1729 parvi
3208 1673 3344 1729 pen-

1761 1758 1970 1822 dentes,
2000 1758 2172 1826 ipsum
2197 1754 2286 1823 qui
2310 1752 2622 1822 psalmodim
2647 1758 2809 1821 caput
2831 1752 2884 1804 in
2915 1750 3119 1820 Spiritu
3157 1756 3347 1804 sancto

1763 1859 1818 1905 et
1843 1849 1961 1904 fons
1988 1848 2281 1909 claruerat,
2314 1844 2477 1898 David
2504 1841 2862 1911 ahjecerunt:
2899 1840 3139 1895 dicentes
3178 1838 3348 1903 enim,

74 1970 268 2017 verunt
314 1960 640 2017 Dominum:
707 1958 776 2013 In
820 1976 924 2030 qua
944 1968 1196 2030 potestate
1246 1958 1357 2011 lucc
1403 1955 1555 2025 facis,
1609 1965 1659 2008 et

1778 1940 1899 2006 Qua:
1925 1940 2072 1993 nobis
2116 1954 2238 2007 pars
2271 1937 2324 1989 in
2356 1934 2546 1999 David,
2597 1943 2686 1986 aut
2716 1948 2831 2004 qua:
2852 1930 3132 1986 Ita-reditus
3162 1930 3216 1982 in
3237 1928 3349 1997 ﬁlio

73 2056 187 2124 quis
208 2052 302 2106 tibi
334 2051 475 2106 dedit
501 2052 636 2106 hanc
664 2049 1006 2121 potestatem?
1027 2057 1083 2103 et
1112 2047 1398 2103 voluerunt
1416 2046 1470 2100 in
1493 2047 1660 2102 verbo

74 2161 272 2216 capere
322 2143 661 2214 sapientiam,
700 2158 796 2198 sua
823 2150 942 2197 arte
969 2148 1315 2211 superantur,
1355 2147 1409 2194 et
1438 2139 1665 2193 audiunt

74 2237 128 2291 in
151 2234 426 2305 parabolis
468 2235 612 2304 quod
649 2243 835 2305 aperta
864 2232 1003 2288 facie
1033 2248 1141 2287 non
1181 2217 1530 2285 merebantur
1571 2244 1664 2283 au-

73 2329 208 2384 dire.
261 2327 434 2383 Homo
471 2328 571 2383 iste
604 2327 991 2399 paterfamilias
1017 2327 1132 2397 ipse
1152 2335 1257 2392 est,
1307 2327 1398 2396 qui
1433 2326 1666 2381 habebat

74 2420 207 2474 duos
244 2418 406 2486 ﬁlios,
452 2427 506 2474 et
532 2420 626 2489 qui
668 2419 724 2473 in
746 2419 849 2473 alia
879 2419 1134 2489 parabnla
1183 2419 1442 2475 conduxit
1465 2433 1662 2487 opera-

76 2511 184 2566 rios
215 2511 267 2565 iu
295 2510 510 2566 vineam
539 2526 717 2577 suam,
762 2510 854 2585 qui
885 2510 1150 2581 plantavit
1178 2510 1414 2565 vineam.
1452 2509 1527 2562 De
1555 2522 1661 2577 qua

74 2616 127 2660 et
148 2605 318 2661 Isaias
366 2605 675 2676 plenissime
704 2620 802 2674 per
821 2604 1093 2660 canticum
1120 2604 1358 2673 loquitur
1384 2602 1452 2657 ad
1478 2608 1665 2656 extre-

75 2712 221 2751 mum
245 2694 488 2753 inferens
515 2713 529 2750 :
582 2694 741 2751 Vinea
771 2696 985 2751 Domini
1020 2694 1255 2751 Sabaoth
1278 2695 1466 2748 domus
1494 2690 1665 2747 Israel

74 2797 148 2842 est
176 2786 312 2862 (Isa.
344 2787 423 2861 v).
455 2788 521 2842 Et
544 2788 601 2843 in
621 2787 831 2858 psalmo
848 2787 1024 2858 inquit
1048 2804 1061 2840 :
1109 2784 1323 2841 Vineam
1344 2786 1408 2840 de
1433 2784 1663 2855 Egypto

75 2880 419 2947 transtulisti,
467 2880 665 2949 eiecisti
709 2888 902 2949 gentes,
960 2888 1010 2933 et
1046 2876 1295 2949 plantasti
1324 2892 1441 2931 eam
1485 2875 1665 2948 (Psal.

80 2971 288 3043 Lxxlx).
364 2971 551 3043 Sepem
602 2971 945 3026 circumdedit
994 2971 1065 3036 ei,
1123 2969 1210 3024 vel
1257 2984 1473 3024 murum
1522 2968 1671 3023 urbis

79 3060 161 3114 vel
184 3061 503 3134 angelorum
527 3061 760 3127 auxilia;
790 3072 838 3115 et
869 3060 1001 3130 fodit
1025 3061 1079 3114 in
1102 3076 1164 3114 ea
1192 3058 1449 3125 torcular,
1474 3066 1569 3113 aut
1594 3059 1672 3112 al-

81 3160 217 3218 tare,
240 3163 340 3209 aut
367 3153 455 3210 illa
480 3153 796 3219 toreularia,
817 3167 1048 3223 quorum
1077 3160 1132 3206 et
1156 3160 1266 3207 tres
1294 3151 1487 3222 psalmi
1516 3151 1671 3206 titulo

78 3254 475 3312 praenotantur,
504 3252 751 3309 octavus,
790 3243 1175 3315 octogesimus,
1228 3252 1283 3298 et
1308 3243 1671 3313 octogesimus

81 3342 285 3391 sextus.
316 3333 386 3389 Et
413 3334 689 3404 aediﬁcavit
717 3335 925 3398 turrim,
952 3333 1097 3388 haud
1124 3334 1349 3389 dubium
1372 3334 1503 3403 quin
1529 3341 1667 3389 tem-

81 3425 231 3495 plum
274 3427 346 3483 de
374 3442 483 3497 quo
517 3427 718 3482 dicitur
742 3442 842 3498 per
877 3426 1195 3482 Michaeam:
1268 3426 1338 3480 Et
1382 3427 1545 3482 turris
1581 3444 1670 3483 ne-

83 3515 269 3573 bulosa
294 3517 408 3588 ﬁlia
434 3516 561 3574 Sion
591 3516 778 3589 (Mica.
801 3517 875 3588 ιν)
906 3536 919 3570 :
950 3516 1020 3571 Et
1051 3516 1238 3572 locavit
1262 3534 1377 3572 eam
1404 3519 1668 3590 agricolis.

83 3610 232 3675 Quos
263 3610 394 3666 alibi
432 3611 603 3666 vineae
627 3611 903 3681 operarios
936 3610 1243 3681 appellavit,
1300 3611 1391 3681 qui
1422 3611 1674 3666 conducti

82 3702 306 3757 fuerant
331 3704 465 3759 hora
486 3704 682 3775 prima,
711 3704 894 3769 tertia,
940 3711 1092 3758 sexta
1128 3710 1184 3758 et
1204 3718 1366 3758 nona.
1422 3703 1488 3757 Et
1515 3718 1673 3774 pere-

83 3808 180 3863 gre
215 3794 493 3864 profectus
533 3804 646 3858 est,
694 3811 799 3850 non
837 3794 938 3851 loci
991 3795 1321 3861 mutatione;
1362 3810 1487 3850 nam
1534 3796 1677 3850 Deus

82 3885 230 3940 unde
271 3887 465 3944 abesse
504 3895 684 3957 potest
744 3902 841 3958 per
884 3901 1043 3956 quem
1094 3886 1431 3957 complentur
1454 3888 1679 3942 omnia?

85 3970 156 4028 Et
211 3976 305 4047 qui
344 3978 476 4033 dicit
529 3992 627 4047 per
673 3976 1006 4033 Jeremiam:
1044 3974 1155 4047 Ego
1199 3975 1342 4031 Deus
1399 3979 1681 4048 appropin-

85 4081 276 4135 quans,
338 4076 388 4122 et
436 4085 545 4122 non
604 4067 669 4121 de
725 4067 1026 4138 longinquo,
1078 4066 1203 4120 dicit
1250 4066 1507 4122 Dominus
1544 4068 1679 4140 (Jer.

86 4158 242 4232 xxx),
288 4162 383 4217 sed
412 4161 566 4217 abire
610 4160 823 4215 videtur
855 4151 889 4214 a'
920 4160 1101 4225 vinea,
1133 4160 1579 4217 utviueatoribus
1618 4161 1684 4217 li-

88 4249 281 4308 berum
332 4252 593 4325 operandi
633 4252 916 4308 arbitrium
967 4251 1327 4322 derelinquat.

184 4341 321 4398 Cum
371 4354 572 4414 tempus
618 4350 791 4395 autem
858 4341 1126 4410 fructuum
1196 4343 1682 4414 appropinquasset.

89 4431 275 4509 (ΚΑΒ.)
329 4437 478 4492 Bene
528 4445 740 4504 tempus
786 4432 1061 4488 fructuum
1097 4434 1277 4502 posuit
1300 4450 1410 4490 non
1455 4452 1686 4506 proven-

90 4535 284 4596 tuum;
324 4529 506 4585 nullus
542 4529 692 4585 enim
743 4526 953 4583 fructus
1008 4528 1216 4582 exstitit
1261 4529 1438 4600 p0puli
1492 4538 1686 4586 contu-

89 4624 281 4690 macis,
313 4624 496 4680 nullus
524 4623 683 4694 hujus
706 4623 880 4678 vineae
904 4629 1220 4691 proventus,
1250 4624 1464 4678 tametsi
1491 4627 1687 4682 crebro

90 4729 155 4767 ac
184 4717 422 4774 sollicite
441 4722 794 4787 quaereretur,
826 4713 1077 4767 inventus
1096 4720 1196 4767 est.

165 4810 313 4868 Misit
345 4828 524 4870 servos
564 4827 687 4867 suos
729 4808 796 4863 ad
827 4806 1108 4877 agricolas,
1158 4815 1215 4860 ut
1237 4807 1529 4877 acciperent
1574 4809 1688 4880 [ναι

91 4911 204 4957 ctus
246 4907 388 4976 ejus,
430 4914 479 4960 et
507 4902 757 4975 agricola:
804 4901 1134 4972 apprehensis
1178 4902 1338 4955 servis
1369 4902 1485 4971 ejus
1522 4902 1688 4956 alium

92 4996 395 5055 ceciderunt
420 5039 434 5062 ,
486 4996 652 5051 alium
691 4993 1015 5058 occiderunt,
1065 4991 1229 5046 alium
1263 5009 1382 5047 vero
1424 4991 1691 5063 lapidave-

95 5097 239 5140 rnnt.
303 5087 465 5146 Servi
497 5100 628 5159 ergo
658 5085 751 5156 qui
785 5084 945 5155 primi
984 5083 1133 5138 missi
1165 5090 1309 5148 sunt,
1351 5082 1465 5152 ipse
1506 5083 1693 5153 legifer

97 5172 311 5248 Moyses
345 5179 690 5249 intelligitur,
723 5184 777 5233 et
806 5176 989 5231 Aaron
1036 5175 1246 5245 primus
1277 5176 1532 5230 sacerdos
1572 5175 1687 5231 Dei.

96 5265 174 5323 De
207 5273 410 5340 quibus
433 5273 689 5340 scriptum
718 5278 802 5324 est
829 5287 844 5324 :
878 5267 1027 5323 Misit
1050 5266 1265 5339 Moysen
1289 5284 1491 5322 servum
1510 5262 1689 5333 suum,

98 5368 145 5411 et
179 5361 363 5419 Aaron
415 5378 565 5436 quem
592 5360 740 5431 elegit
782 5361 951 5430 ipsum
994 5357 1167 5430 (Psal.
1198 5356 1328 5428 CIV),
1378 5369 1435 5411 et
1460 5356 1689 5426 reliqua.

100 5449 205 5515 QUi
245 5455 605 5527 quadraginta
640 5467 810 5506 annos
851 5450 1137 5505 continuos
1180 5447 1415 5503 fructum
1458 5448 1692 5517 aliquem

101 5535 260 5610 legis,
303 5562 469 5617 quam
498 5546 640 5601 Deus
690 5541 793 5597 illis
822 5540 1044 5595 dederat
1074 5556 1101 5593 a
1126 5539 1423 5594 cultoribus
1454 5537 1696 5607 inquire-

101 5626 258 5699 bant,
308 5638 406 5692 sed
439 5650 609 5692 caesos
636 5648 729 5687 eos
760 5629 968 5699 ﬂagello
997 5630 1192 5699 linguae
1224 5629 1550 5683 dimiserunt
1607 5641 1699 5680 va-
1725 5666 1729 5671 ι

104 5732 259 5776 cuos.
310 5724 658 5782 Irritaverunt
695 5723 828 5778 enim
882 5720 1094 5791 Moysen
1135 5722 1186 5776 in
1214 5723 1398 5775 castris
1448 5730 1495 5774 et
1522 5720 1701 5772 Aaron

103 5819 347 5867 sanctum
386 5816 617 5872 Domini.
682 5813 750 5869 Et
778 5821 993 5867 vexatus
1019 5820 1093 5866 est
1131 5809 1335 5881 Moyses
1362 5818 1568 5881 propter
1591 5824 1700 5871 eos,

104 5907 232 5963 auia
268 5915 705 5972 exacerbaverunt
746 5913 987 5986 spiritum
1022 5910 1138 5981 ejus
1171 5907 1342 5980 (Psal.
1372 5908 1480 5979 ev).
1513 5904 1615 5973 Qui
1650 5911 1706 5960 et

346 6024 642 6060 β’·ηῆθοντνν
662 6036 689 6043 -κ
714 6042 721 6051 .

1764 2032 1913 2086 lsai?
1939 2030 2022 2101 (II
2047 2028 2170 2099 Reg.
2201 2027 2292 2099 χχ)
2347 2040 2571 2097 regnum
2607 2024 2767 2079 simul
2798 2022 2914 2092 ejus
2939 2020 3162 2092 ignobili
3184 2022 3354 2089 stirpe

1762 2139 1818 2183 et
1858 2127 2170 2198 religionem
2227 2124 2502 2193 impietate
2558 2124 2858 2175 mutart‘mt.
2933 2118 3188 2173 Attamen
3239 2115 3354 2185 ipse

1764 2236 1862 2291 pro
1904 2220 2006 2274 hac
2051 2218 2238 2281 vinea,
2294 2230 2413 2285 qua:
2456 2215 2521 2268 de
2558 2211 2793 2283 Aigypto
2852 2209 3112 2264 translata
3152 2206 3355 2262 Palas-

1765 2314 1893 2368 tina:
1922 2320 2132 2366 montes
2160 2324 2255 2364 sua
2284 2305 2695 2361 obumbratione
2746 2308 3074 2373 protexerat,
3124 2314 3191 2353 ne
3214 2297 3358 2352 radi-

1766 2406 1905 2462 citus
1926 2403 2381 2460 exterminaretur
2396 2399 2617 2455 orabat:
2646 2396 2887 2462 Domine,
2918 2393 3056 2447 Deus
3087 2393 3356 2457 virtutum,

1765 2505 2058 2552 convertere
2084 2510 2242 2557 nunc,
2298 2491 2491 2557 respice
2518 2490 2582 2543 de
2609 2488 2759 2553 calo,
2801 2497 2848 2541 et
2882 2486 2999 2541 vide
3029 2494 3077 2540 et
3110 2486 3259 2540 visita
3289 2483 3363 2537 vi-

1766 2604 1917 2642 neam
1944 2587 2122 2650 istam,
2168 2594 2214 2638 et
2244 2582 2411 2653 dirige
2433 2596 2548 2636 eam
2577 2595 2735 2650 quam
2758 2577 3012 2648 plantavit
3034 2575 3246 2631 dextera
3268 2582 3360 2627 tua

1769 2677 1942 2751 (Psal.
1987 2675 2193 2747 Lutx).
2245 2674 2348 2730 Ubi
2389 2673 2591 2743 pariter
2635 2669 2906 2740 exposuit,
2956 2668 3047 2738 qui
3080 2668 3152 2723 sit
3203 2667 3364 2722 homo

1770 2772 1860 2826 ille
1894 2771 1987 2841 qui
2033 2771 2174 2824 hanc
2206 2768 2422 2821 vineam
2459 2762 2747 2834 plantavit,
2794 2759 3056 2815 Dominus
3109 2757 3359 2814 videlicet

1775 2863 1914 2916 Deus
1965 2859 2249 2913 virtutum.

1843 2949 2046 3003 Iterum
2087 2948 2226 3002 misit
2257 2945 2391 2999 alios
2413 2960 2588 2999 servos
2608 2940 2782 3012 plures
2808 2940 3098 3011 prioribus,
3139 2945 3187 2991 et
3221 2936 3358 3006 fece-

1774 3051 1895 3097 runt
1934 3040 2038 3095 illis
2075 3038 2334 3094 similiter.
2395 3036 2451 3090 ln
2487 3035 2589 3091 hac
2631 3033 2777 3088 enim
2820 3030 3088 3087 sententia
3125 3027 3367 3084 ostendit

1775 3133 2091 3205 patientiam
2115 3128 2545 3202 patrisfamilias,
2588 3126 2731 3196 quod
2752 3123 3088 3194 frequentius
3132 3121 3364 3187 miserit,

1776 3234 1836 3280 ut
1854 3224 2026 3280 malos
2057 3223 2276 3278 colonos
2304 3220 2371 3274 ad
2393 3216 2766 3290 paenitentiam
2793 3221 3045 3278 vocaret;
3077 3210 3152 3265 illi
3182 3218 3366 3265 autem

1774 3321 2185 3373 contemnentes
2213 3310 2722 3368 thesaurizaverunt
2744 3305 2849 3360 sibi
2878 3305 3017 3359 iram
3055 3303 3111 3357 in
3133 3301 3221 3356 die
3248 3300 3361 3355 irae.

1769 3408 2025 3464 Attamen
2048 3420 2233 3462 servos
2262 3404 2393 3459 istos
2423 3401 2811 3472 prophetarum
2846 3396 3074 3451 chorum
3127 3391 3367 3464 intellige

1773 3500 1867 3570 qui
1904 3496 2177 3554 continuis
2214 3493 2653 3550 attestationibus
2688 3486 2943 3560 pOpulum
2994 3484 3368 3548 convenerint,

1774 3601 1830 3648 et
1857 3606 1977 3662 quae
2001 3588 2127 3644 huic
2153 3587 2324 3641 vineae
2353 3592 2605 3651 ventura,
2644 3597 2764 3653 quas
2779 3581 2829 3637 ei
2858 3579 3208 3635 imminerent
3226 3575 3370 3632 mala

1776 3686 2165 3756 pratdixerunt.
2218 3678 2324 3736 Sed
2362 3694 2515 3749 quem
2546 3677 2916 3749 prophetarum
2962 3689 3064 3726 non
3092 3678 3214 3726 sunt
3247 3684 3367 3740 per-

1778 3778 1941 3833 secuti
1964 3777 1987 3830 ?
2030 3775 2098 3829 Et
2133 3773 2449 3828 occiderunt
2478 3783 2571 3823 eos
2595 3766 2689 3837 qui
2718 3763 3139 3837 pronuntiabant
3178 3759 3246 3814 de
3270 3758 3370 3814 ad-

1780 3877 1943 3923 ventu
1974 3864 2187 3922 Domini
2223 3861 2520 3918 Salvatoris
2547 3878 2559 3914 :
2585 3859 2642 3914 hi
2680 3865 2859 3913 autem
2896 3854 3064 3910 multa
3114 3852 3180 3909 de
3214 3848 3373 3919 hujus

1781 3961 1954 4015 vincte
1986 3956 2271 4014 sterilitate
2306 3954 2576 4015 dixerunt,
2627 3949 2719 4006 sed
2754 3948 2914 4003 unius
2942 3943 3193 4001 Jeremiaa
3218 3942 3375 4013 plan-

1783 4059 1931 4107 ctum
1961 4063 2162 4120 ponere
2196 4043 2445 4102 sulliciat.
2513 4042 2624 4113 Ego
2666 4050 2864 4104 autem,
2911 4037 3109 4107 inquit,
3140 4032 3372 4107 plantavi

1785 4151 1833 4197 te
1880 4141 2077 4197 vineam
2131 4138 2368 4201 electam,
2439 4152 2588 4189 omne
2632 4148 2806 4188 semen
2856 4147 3058 4195 verum,
3089 4125 3374 4200 quomodo

1786 4249 2032 4288 conversa
2056 4248 2109 4285 es
2139 4231 2193 4284 in
2215 4244 2432 4300 pravum
2460 4224 2848 4295 vineqaliena?
2883 4220 3016 4293 (Isa.
3046 4219 3123 4294 v.)
3147 4216 3374 4292 [linum]

1789 4324 1942 4391 Quod
1982 4331 2164 4376 autem
2208 4334 2369 4388 supra
2408 4318 2635 4389 legimus
2688 4316 2831 4385 quod
2887 4313 3136 4385 agricola:
3182 4326 3373 4382 appre—

1789 4416 1976 4472 hensis
2008 4414 2180 4469 servis
2211 4413 2381 4482 ipsius
2399 4408 2808 4479 patrisfamilias
2850 4406 3014 4461 alium
3043 4405 3375 4468 ceciderunt,
3416 4468 3421 4473 ξ

1793 4510 1958 4564 alium
1982 4506 2321 4579 occiderunt,
2374 4502 2538 4556 alium
2560 4516 2689 4555 vero
2733 4499 3147 4568 lapidaverunt;
3180 4497 3283 4552 hoc
3321 4496 3375 4550 in

1793 4601 2101 4656 Judacorum
2136 4595 2439 4652 actionibus
2475 4600 2641 4663 patet.
2682 4590 2821 4645 Nam
2851 4589 3016 4645 alium
3041 4588 3375 4652 ceciderunt,

1791 4703 1852 4749 ut
1893 4691 2206 4754 Jeremiam,
2271 4687 2437 4742 alium
2460 4686 2793 4747 occiderunt,
2847 4690 2909 4736 ut
2933 4681 3154 4746 Isaiam,
3208 4679 3378 4736 alium

1791 4784 2186 4854 lapidaverunt,
2213 4786 2273 4833 ut
2300 4776 2571 4840 Nabutha,
2600 4782 2653 4829 et
2673 4771 2992 4828 Zachariam
3020 4786 3181 4841 quem
3211 4770 3379 4824 inter-

1794 4874 2039 4930 fecerunt
2061 4872 2200 4926 inter
2228 4867 2484 4938 templum
2513 4877 2567 4921 et
2589 4865 2759 4920 altare
2788 4861 2939 4936 (Luc.
2972 4860 3073 4934 XI).
3101 4858 3375 4933 [Hierom]

1794 4969 2061 5037 Legamus
2085 4962 2382 5034 Epistulam
2408 4957 2559 5013 Pauli
2588 4957 2656 5012 ad
2683 4951 2964 5019 Hebraeos,
2996 4962 3051 5007 et
3087 4968 3154 5008 ex
3180 4968 3243 5007 ea
3268 4952 3380 5022 ple-

1797 5060 2018 5115 nissime
2048 5056 2337 5120 discemus,
2377 5052 2468 5123 qui
2496 5050 2636 5107 servi
2658 5050 2766 5106 sint
2788 5047 2903 5114 Dei,
2938 5038 2995 5102 et
3020 5054 3222 5117 quanta
3258 5059 3381 5116 per-

1791 5151 1933 5224 pessi
1980 5156 2124 5203 sunt.

1867 5240 2163 5295 Novissime
2191 5245 2364 5290 autem
2387 5235 2528 5289 misit
2552 5233 2621 5288 ad
2643 5250 2730 5288 eos
2752 5231 3114 5303 ﬁlium.suum.
3147 5225 3379 5303 (Chrys.)

1795 5335 1863 5390 Et
1913 5332 2057 5387 hunc
2099 5345 2205 5384 non
2233 5329 2388 5399 quasi
2420 5328 2489 5382 ad
2523 5327 2788 5384 obnoxios
2835 5340 3011 5397 ptenae
3053 5324 3377 5380 sententiam

1796 5426 2148 5499 baiulantem,
2197 5422 2293 5478 sed
2324 5421 2582 5492 patientia
2634 5419 2847 5474 veniam
2902 5424 3021 5488 post
3052 5424 3132 5471 tot
3175 5415 3381 5471 scelera

1801 5524 1977 5579 adhuc
2011 5526 2091 5578 eis
2112 5516 2500 5577 misericordia:
2529 5513 2707 5568 locum
2736 5508 3050 5564 reservavit.

1873 5617 2061 5671 Dieens
2089 5629 2107 5667 :
2143 5611 2465 5667 Verebantur
2492 5606 2664 5676 ﬁlium
2693 5617 2883 5655 meum.
2937 5595 3207 5670 (Hieron.)
3229 5595 3383 5664 Quod

1804 5712 1899 5776 ait,
1922 5712 2045 5781 quia
2078 5703 2443 5761 reverebantur
2455 5699 2625 5767 ﬁlium
2656 5710 2850 5758 meum,
2882 5707 2988 5746 non
3020 5706 3088 5746 ex
3111 5689 3204 5743 Dei
3234 5680 3372 5758 igno-

1804 5778 1979 5857 rantia
2032 5798 2196 5854 venit.
2254 5791 2392 5859 Quid
2421 5789 2568 5844 enim
2597 5785 2806 5841 nesciat
2839 5780 3257 5854 paterfamilias,
3288 5778 3383 5847 qui

1806 5899 1914 5954 hoc
1950 5894 2067 5950 loco
2117 5890 2259 5944 Deus
2308 5881 2645 5955 intelligitur,
2689 5880 2799 5947 sed,
2830 5891 3045 5951 semper
3107 5872 3382 5946 ambigere
