3898 6462
117 412 253 473 1055

1071 407 1422 467 COMMENT.
1466 408 1535 465 IN
1577 407 2013 466 MATTHIEUM.
2052 440 2123 450 --
2158 409 2287 467 LIB.
2328 410 2414 467 Vl.

3242 414 3377 473 505i

117 528 252 596 dari,
281 528 454 585 donec
479 533 688 583 veniret
713 525 847 582 hora
874 524 1008 595 ejus,
1040 540 1316 593 nunquam
1342 538 1477 579 vero
1505 523 1687 577 divino
1716 526 1764 587 Α
1793 521 1920 592 quia
1968 522 2036 576 ad
2080 521 2512 592 coniungendum
2561 521 2665 578 sibi
2712 518 3012 578 Ecclesium
3040 522 3379 591 incarnatus,

117 633 301 676 amore
325 624 553 689 potuere
577 614 837 672 cohiberi.
866 612 1052 670 Murali
1102 627 1236 669 sane
1265 611 1540 667 intellectu
1575 611 1691 666 cui-

117 725 222 782 que
257 707 497 765 ﬁdelium
534 722 659 763 cum
690 707 1005 778 mysterium
1062 704 1336 774 baptismi,
1362 703 1505 772 quod
1533 716 1693 756 exer-

115 809 235 858 ceat
253 799 527 871 operando
550 798 927 863 committitur,
951 796 1104 865 quasi
1126 795 1284 851 vinea
1300 809 1464 864 quam
1484 793 1697 849 excolat

116 890 343 946 locatur.
368 888 598 944 Mittitur
622 901 813 943 servus
840 902 981 941 unus
1004 884 1139 940 alter
1167 893 1223 940 et
1250 883 1464 947 tertius,
1507 883 1599 952 qui
1629 882 1696 938 de

115 984 294 1041 fructu
349 980 640 1052 accipiant,
689 995 814 1035 cum
866 978 974 1044 lex,
1022 977 1341 1048 psalmodia,
1390 975 1693 1046 prophetia,

113 1089 342 1143 quarum
371 1071 795 1128 admonitionem
841 1069 982 1127 bene
1010 1069 1221 1140 agendo
1257 1076 1535 1137 sequatur,
1568 1066 1695 1137 legi-

114 1174 221 1220 tur.
250 1162 356 1220 Sed
380 1163 580 1219 missus
602 1177 791 1217 servus
809 1160 1151 1218 contumeliis
1174 1159 1398 1215 aﬂ‘ectus
1413 1159 1499 1213 vel
1522 1173 1695 1215 caesus

111 1254 344 1324 eiicitur,
369 1270 493 1309 cum
519 1268 698 1310 sermo
723 1254 807 1309 vel
827 1254 1211 1320 contemnitur,
1239 1253 1345 1317 vel,
1375 1251 1517 1321 quod
1542 1250 1695 1322 pejus

111 1358 214 1411 cst,
246 1348 412 1403 etiam
435 1347 839 1419 blasphematur
874 1366 886 1402 :
916 1347 1143 1403 missum
1166 1347 1385 1416 insuper
1424 1346 1692 1401 haeredem

109 1450 371 1509 quantum
401 1438 456 1493 in
487 1454 546 1493 se
571 1448 657 1494 est
685 1440 901 1505 occidit,
927 1439 1019 1508 qui
1051 1448 1106 1493 et
1131 1438 1326 1493 Filium
1358 1437 1452 1491 Dei
1476 1436 1695 1493 concul-

108 1531 335 1596 caverit,
366 1537 421 1585 et
442 1529 667 1600 Spiritui
696 1532 904 1602 gratim,
931 1546 1039 1600 quo
1068 1529 1441 1586 sanctiﬁcatus
1460 1537 1544 1585 est
1572 1545 1694 1585 con-

108 1621 388 1681 tumeliam
416 1621 626 1677 fecerit.
652 1620 870 1676 Perdito
892 1622 1036 1676 inalo
1066 1622 1274 1676 cultore
1300 1621 1457 1676 vinea
1479 1620 1693 1675 dabitur

108 1711 284 1777 alteri,
331 1729 455 1768 cum
511 1714 653 1769 dono
696 1715 904 1785 gratiae,
961 1714 1104 1782 quod
1162 1713 1424 1782 superbus
1469 1712 1690 1782 sprevit,

105 1805 331 1861 humilis
360 1806 587 1877 quisque
613 1808 893 1863 ditabitur.
923 1807 1031 1863 Sed
1059 1808 1238 1862 ethoc
1260 1808 1399 1877 quod
1422 1807 1694 1877 principes

1796 611 1939 666 Deus
1961 613 2028 665 de
2048 612 2359 683 incorrupto
2381 620 2538 668 utero
2560 613 2787 685 virginis
2814 612 3008 668 exivit.

1870 704 1934 757 Et
1961 705 2100 759 misit
2122 720 2292 759 seruos
2318 722 2442 760 suos
2476 722 2663 760 vocare
2692 707 2941 761 invitatos
2964 705 3034 761 ad
3066 705 3297 776 Nuptias,
3337 714 3386 761 et

1794 795 2034 851 volebant
2054 798 2246 851 venire.
2278 797 2476 852 Iterum
2494 800 2639 855 misit
2664 796 2796 852 alios
2822 810 3000 853 servos
3020 797 3199 853 dicens
3221 813 3241 852 :
3288 794 3360 851 Di
3384 829 3389 835 ι

1796 889 1895 942 cite
1918 889 2153 943 inuitatis
2175 905 2193 943 :
2235 887 2371 943 Ecce
2391 889 2677 959 prandium
2696 904 2869 947 meum
2889 890 3094 960 paraui,
3124 889 3267 945 tauri
3288 889 3389 943 ηιιί

1795 991 1843 1035 et
1872 980 2043 1035 altilia
2061 982 2253 1047 occisa,
2275 991 2325 1035 et
2347 982 2522 1035 omnia
2542 991 2734 1052 parata
2768 993 2889 1035 sunt
2916 994 2937 1033 :
2972 982 3136 1035 venite
3175 981 3245 1035 ad
3280 997 3380 1035 nu-

1794 1076 1950 1145 ptias.
2005 1074 2151 1130 Misit
2194 1088 2325 1146 ergo
2382 1089 2568 1130 servos
2602 1090 2752 1139 suos,
2810 1081 2872 1127 ut
2918 1074 2983 1127 ad
3015 1074 3147 1127 istas
3178 1073 3390 1143 nuptias

1796 1169 2000 1222 amicos
2029 1168 2341 1223 invitarent.
2392 1166 2535 1222 Misit
2584 1167 2773 1229 semel,
2810 1166 2957 1219 misit
3006 1165 3228 1229 iterum,
3261 1165 3390 1233 quia

1796 1254 2184 1313 incarnationis
2217 1257 2512 1312 Dominicae
2538 1257 2948 1327 prmdicatores,
2998 1263 3053 1309 et
3082 1255 3234 1324 prius
3260 1269 3389 1324 pro—

1793 1350 2009 1419 phetas,
2040 1360 2094 1405 et
2143 1350 2487 1420 postmodum
2539 1349 2814 1420 apostolos
2844 1348 2993 1404 fecit.
3047 1348 3156 1403 Hos
3206 1348 3391 1415 itaque

1795 1456 1983 1497 servos
2008 1442 2076 1496 ad
2096 1442 2434 1496 invitandum
2460 1441 2629 1505 misit,
2658 1442 2784 1508 quia
2809 1442 3244 1496 incarnationem
3272 1439 3391 1492 uni-

1796 1534 1981 1604 geniti,
2009 1543 2062 1586 et
2088 1548 2187 1604 per
2230 1535 2523 1604 prophetas
2550 1532 2689 1587 dixit
2734 1531 2992 1597 futuram,
3020 1542 3076 1587 et
3114 1542 3212 1603 per
3261 1544 3391 1601 apo-

1796 1626 1962 1680 stolos
1986 1625 2252 1680 nuntiavit
2281 1625 2499 1680 factam.
2550 1623 2656 1679 Sed
2682 1622 2807 1693 quia
2837 1623 2918 1691 lii,
2946 1625 3038 1694 qui
3068 1624 3220 1695 prius
3247 1623 3388 1677 invi-

1798 1719 1897 1773 tati
1926 1727 2070 1784 sunt,
2098 1720 2164 1773 ad
2192 1720 2506 1789 nuptiarum
2534 1716 2841 1772 convivium
2863 1717 3049 1771 venire
3078 1715 3386 1782 noluerunt,

1797 1811 1853 1866 in
1880 1812 2116 1867 secunda
2148 1811 2470 1871 invitatione
2493 1808 2606 1877 jam
2636 1808 2835 1863 dicitur
2868 1825 2881 1860 :
2928 1806 3065 1860 Ecce
3105 1806 3388 1878 prandium

106 1900 469 1964 sacerdotum,
494 1901 686 1957 scribae
709 1916 775 1955 ac
802 1901 1047 1957 seniores
1072 1915 1292 1954 manum
1318 1902 1533 1955 mittere
1556 1915 1695 1969 quaa-
1721 1892 1771 1952 Β
1797 1920 1967 1959 meum
1994 1904 2194 1974 paravi,
2216 1904 2357 1957 tauri
2380 1902 2480 1956 mei
2504 1911 2551 1955 et
2574 1899 2746 1965 altit'ia
2787 1900 2960 1955 occisa
2981 1906 3101 1952 sunt
3137 1905 3184 1953 et
3211 1897 3389 1952 omnia

105 1999 293 2046 rentes
338 1993 395 2047 in
439 1990 623 2048 Jesum
653 1992 846 2048 timore
880 1993 1053 2047 turbae
1098 1993 1422 2058 retinentur,
1454 1992 1696 2061 quotidie

103 2083 317 2154 geritur
341 2084 398 2139 in
421 2085 662 2141 Ecclesia
696 2101 819 2140 cum
849 2085 1077 2156 quilibet
1107 2084 1221 2142 solo
1250 2086 1316 2140 dc
1336 2085 1552 2139 nomine
1580 2084 1693 2137 fra-

105 2185 193 2232 ter
222 2192 343 2233 eam
361 2192 522 2248 quam
559 2195 666 2235 non
692 2179 866 2249 diligit
886 2180 1269 2236 ecclesiastica
1294 2178 1419 2233 ﬁdei
1460 2193 1525 2232 ac
1544 2176 1696 2246 pacis

104 2272 375 2328 unitatem
411 2282 631 2343 propter
674 2274 1097 2331 cohabitantium
1156 2276 1386 2329 fratrum
1430 2274 1693 2328 bonorum

100 2363 509 2420 multitudinem
539 2374 634 2421 aut
677 2367 974 2432 erubescit,
1030 2375 1125 2420 aut
1152 2367 1309 2421 timet
1354 2364 1691 2435 impugnare.

102 2455 212 2525 Qui
270 2462 450 2511 tamen
508 2458 649 2513 sicut
698 2458 765 2512 de
812 2458 1131 2514 stultissima
1161 2458 1342 2511 avium
1393 2454 1694 2510 struthione

99 2548 368 2605 Dominus
404 2551 516 2605 ait:
543 2550 676 2605 Cum
703 2561 904 2621 tempus
929 2552 1085 2620 fuerit
1107 2551 1163 2604 in
1192 2548 1358 2604 altum
1392 2549 1505 2603 alas
1543 2547 1693 2617 erigit

99 2637 231 2710 (Job
290 2640 477 2714 χχιιι)
529 2660 542 2696 :
595 2643 719 2711 quia
768 2643 1140 2712 persequendo
1188 2642 1487 2697 Ecclesium
1539 2639 1694 2710 quasi

98 2731 395 2789 Dominum
423 2734 574 2790 cruci
615 2734 883 2797 addicere,
924 2743 980 2789 et
1006 2735 1242 2790 ostentui
1285 2734 1541 2806 gaudebit
1592 2734 1692 2786 ha-

95 2825 255 2882 bere.

683 2915 910 2973 CAPUT
950 2915 1113 2972 XXII.

94 3029 180 3086 De
202 3029 411 3103 nomine
431 3045 547 3102 rege
570 3033 659 3103 qui
688 3031 805 3100 fecit
848 3033 1090 3101 nuptias;
1120 3029 1183 3103 de
1212 3045 1386 3103 censu
1428 3026 1655 3103 Qmsaris
1672 3045 1693 3095 ;

169 3102 240 3156 de
269 3099 597 3173 muliere'qui
617 3099 807 3172 septem
840 3099 1030 3173 fratres
1059 3102 1239 3157 habuit
1261 3117 1279 3165 ;
1306 3109 1355 3154 et
1379 3099 1529 3169 cujus
1549 3100 1693 3168 ﬁlius

170 3173 243 3227 sit
277 3171 536 3228 Christus.

1795 2006 2003 2066 parata.
2036 1996 2173 2063 Quid
2197 1996 2251 2050 in
2280 1994 2455 2049 tauris
2480 1993 2566 2048 vel
2594 1992 2855 2057 altilibus,
2887 1991 2992 2045 nisi
3024 1989 3158 2045 Novi
3192 2004 3257 2043 ac
3283 1986 3387 2042 Ve-

1796 2090 1927 2147 teris
1981 2086 2312 2143 Testamenti
2366 2092 2551 2155 patres
2617 2081 2957 2152 accipimus?
3005 2080 3189 2134 Altilia
3241 2078 3382 2133 enim

1796 2187 2037 2253 saginata
2068 2180 2297 2233 dicimus
2327 2196 2339 2230 :
2370 2178 2438 2231 ab
2463 2190 2527 2231 eo
2553 2175 2699 2230 enim
2725 2175 2975 2243 quodest
3006 2172 3169 2235 alere,
3196 2168 3389 2233 altilia,

1795 2275 1949 2346 quasi
2000 2272 2189 2326 alitilia
2229 2284 2506 2325 vocamus.
2541 2266 2676 2323 Cum
2704 2272 2835 2321 vero
2886 2267 2941 2319 in
2977 2263 3093 2335 lege
3122 2263 3383 2332 scriptum

1794 2366 1885 2429 sit,
1914 2363 2109 2433 Diliges
2137 2361 2366 2414 amicum
2408 2368 2575 2424 tuum,
2606 2366 2653 2411 et
2711 2356 2830 2410 odio
2881 2353 3091 2409 habebis
3120 2352 3390 2406 inimicum

1795 2466 1944 2512 tuum
1968 2454 2185 2527 (Matth.
2208 2451 2299 2523 v);
2335 2458 2557 2521 accepta
2594 2457 2726 2503 tunc
2754 2446 2918 2517 justis
2945 2445 3163 2501 licentia
3191 2443 3387 2508 fuerat,

1793 2559 1856 2607 ut
1889 2550 1985 2605 Dei
2029 2562 2265 2618 suosque
2303 2542 2643 2601 adversarios
2681 2553 2887 2614 quanta
2942 2547 3163 2612 possent
3192 2539 3391 2594 virtute

1795 2642 2241 2712 comprimerent,
2292 2652 2493 2707 eosque
2516 2635 2641 2705 jure
2671 2634 2835 2705 gladii
2867 2632 3114 2688 ferirent.
3147 2630 3301 2698 Quod
3332 2628 3387 2684 in

1794 2733 1947 2789 Novo
1980 2732 2168 2804 procul
2221 2729 2383 2785 dubio
2427 2728 2782 2782 Testamento
2826 2723 3213 2795 compescitur,
3265 2736 3390 2776 cum

1794 2843 1894 2899 per
1929 2825 2275 2894 semetipsum
2301 2820 2518 2877 Veritas
2551 2819 2834 2890 praedicat,
2872 2817 3056 2871 dicens
3108 2833 3120 2868 ε
3174 2810 3390 2883 Diligite

1795 2922 2036 2974 inimicos
2077 2927 2291 2981 vestros,
2343 2923 2390 2968 et
2435 2912 2718 2982 benefacite
2764 2911 2844 2964 his
2885 2909 2973 2980 qui
3020 2907 3241 2962 oderunt
3304 2921 3389 2958 vos

1799 3012 2012 3085 (Ibid.).
2058 3010 2196 3077 Quid
2247 3022 2377 3078 ergo
2420 3021 2518 3077 per
2566 3012 2753 3058 tauros
2808 3001 2914 3055 nisi
2960 3007 3144 3071 patres
3169 2995 3386 3051 Veteris

1799 3102 2135 3159 Testamenti
2167 3100 2561 3171 signiﬁcantur.
2604 3093 2741 3149 Nam
2769 3092 2895 3148 dum
2944 3106 3010 3145 ex
3032 3087 3391 3161 permissione

1796 3197 1932 3267 legis
1977 3198 2334 3263 acceperant;
2391 3196 2661 3259 quatenus
2712 3182 3055 3239 adversarios
3106 3195 3234 3236 suos
3280 3177 3390 3234 odii

172 3286 247 3342 Et
268 3290 583 3359 respondens
604 3289 781 3357 Iesus,
814 3291 948 3346 dixit
974 3292 1163 3345 iterum
1204 3293 1260 3344 in
1295 3288 1561 3361 parabolis
1592 3289 1688 3353 eis,
1719 3290 1765 3354 C
1797 3285 2156 3343 retributione
2195 3286 2562 3352 percuterent,
2592 3285 2652 3331 ut
2694 3276 2771 3331 ita
2810 3274 3009 3337 dicam,
3059 3270 3191 3341 quid
3243 3267 3388 3323 aliud

93 3381 283 3436 dicens
306 3397 325 3436 :
365 3379 550 3437 Simile
580 3383 778 3452 factum
814 3395 886 3438 est
931 3401 1148 3455 regnum
1196 3381 1443 3437 ctelorum
1491 3382 1688 3435 homini

94 3472 233 3542 regi;
265 3473 355 3542 qui
378 3472 495 3542 fecit
520 3475 728 3544 nuptias
744 3474 856 3543 [ilio
884 3492 999 3529 suo.
1020 3473 1110 3545 [1.]
1133 3472 1404 3545 (Hierom)
1429 3471 1691 3526 Pharisaai

93 3564 465 3636 intelligentes
520 3567 589 3621 de
631 3583 691 3622 se
733 3567 840 3623 dici
887 3566 1194 3637 parabolas,
1225 3564 1541 3635 quaerebant
1568 3580 1690 3619 eum

93 3663 295 3711 tenere
312 3666 368 3711 et
385 3657 652 3712 occidere.
677 3658 826 3714 llanc
852 3672 1039 3714 eorum
1062 3658 1239 3712 sciens
1261 3656 1593 3710 voluntatem
1616 3654 1695 3707 ni-

93 3746 400 3801 hilominus
426 3748 603 3818 arguit
638 3757 970 3818 peccatores.
1020 3748 1348 3817 Plerumque
1394 3748 1449 3801 in
1505 3754 1692 3802 sancto

93 3835 401 3906 Evangelio
417 3853 640 3910 regnum
669 3839 927 3894 catlorum
969 3854 1209 3909 prmsens
1241 3840 1481 3895 Ecclesia
1500 3839 1692 3893 nomi-

93 3949 170 3988 na
180 3940 291 3987 tur.
311 3932 671 4006 Congregatio
683 3935 880 4005 quippe
902 3936 1173 4005 iustorum
1194 3949 1417 4005 regnum
1430 3933 1692 3989 caelorum

95 4023 307 4085 dicitur
330 4041 343 4078 :
368 4024 495 4095 quia
521 4026 661 4080 enim
709 4042 806 4096 per
849 4028 1172 4097 prophetam
1223 4026 1484 4080 Dominus
1512 4025 1642 4080 dicit
1674 4043 1687 4080 :

95 4112 309 4177 Caelum
334 4118 461 4171 mihi
489 4118 633 4172 sedes
661 4128 761 4185 est,
807 4129 949 4175 terra
976 4129 1151 4176 autem
1192 4119 1473 4174 scabeuum
1501 4121 1692 4189 pedum

92 4212 499 4286 meorumUsa.
529 4214 695 4284 vai).
735 4215 803 4271 Et
827 4213 1084 4272 Salomon
1125 4215 1201 4269 ait
1251 4229 1266 4268 :
1318 4214 1512 4268 Anima
1554 4214 1692 4284 justi

92 4305 253 4365 sedes
280 4304 570 4375 sapientia’.
593 4303 734 4358 Dum
754 4304 952 4360 caelum
965 4304 1165 4360 dicitur
1185 4304 1341 4359 sedes
1353 4304 1474 4367 Dei,
1491 4303 1691 4358 coelum

95 4402 241 4467 ergo
262 4402 349 4450 est
374 4394 554 4450 anima
581 4391 731 4463 justi.
760 4393 900 4452 Huic
918 4409 1017 4463 per
1042 4393 1385 4464 psalmistam
1403 4395 1468 4451 de
1489 4394 1692 4449 sanctis

89 4486 554 4559 praedicatoribus
580 4486 777 4543 dicitur
817 4504 830 4539 :
876 4484 1004 4540 Caeli
1044 4494 1296 4541 enarrant
1319 4483 1543 4555 gloriam
1592 4484 1691 4541 Dei

1793 3393 1954 3449 quam
1987 3375 2127 3430 tauri
2158 3381 2332 3435 erant,
2363 3371 2455 3441 qui
2506 3369 2757 3424 inimicos
2797 3380 2925 3421 suos
2954 3363 3173 3419 virtutis
3202 3375 3369 3431 corpo

1792 3486 1901 3527 rea:
1926 3483 2093 3523 cornu
2120 3464 2434 3520 feriebant?
2460 3462 2601 3530 Quid
2630 3475 2760 3516 vero
2787 3475 2884 3530 per
2903 3456 3094 3523 altilia,
3123 3454 3226 3510 nisi
3254 3452 3386 3507 Novi

1794 3560 2131 3619 Testamenti
2155 3558 2347 3613 Patres
2377 3556 2696 3627 ﬁgurantur.
2730 3551 2834 3619 Qui
2857 3551 2985 3605 dum
3016 3548 3245 3620 gratiam
3272 3545 3392 3618 pin-

1795 3653 2040 3727 guedinis
2061 3653 2288 3706 interna:
2309 3648 2636 3720 percipiunt,
2661 3645 2878 3701 aeternis
2908 3641 3200 3699 desideriis
3244 3637 3386 3694 inni-

1794 3753 1993 3809 tentes,
2023 3744 2091 3798 atl
2126 3742 2357 3799 sublima
2384 3737 2857 3810 contortiplationis
2878 3750 2989 3791 suae
3010 3748 3189 3806 penna
3212 3731 3390 3789 suble-

1794 3845 2013 3891 vantur.

1867 3926 1957 3980 Illi
2004 3937 2180 3981 autem
2207 3924 2567 3996 neglexerunt,
2591 3931 2639 3977 et
2670 3922 2914 3977 abierunt
2957 3919 3097 3987 alius
3130 3917 3187 3973 in
3211 3916 3388 3972 uillam

1794 4036 1970 4084 suam,
2016 4019 2153 4073 alius
2199 4034 2319 4071 vero
2367 4017 2435 4072 ad
2465 4018 2863 4088 negotiationem
2906 4032 3078 4072 suam.
3113 4014 3173 4073 ln
3202 4012 3385 4069 villain

1794 4114 1994 4183 quippe
2021 4112 2099 4167 ire
2122 4120 2208 4164 est
2229 4109 2398 4165 labori
2425 4116 2643 4164 terreno
2665 4104 3022 4165 immoderate
3048 4104 3387 4163 incumbere.

1793 4203 1855 4259 lu
1904 4201 2323 4273 negotiationem
2345 4214 2475 4255 vero
2506 4200 2603 4264 ire,
2638 4207 2721 4255 est
2749 4200 3022 4255 actionum
3044 4197 3386 4254 saecularium

1792 4295 1961 4351 lucris
1986 4295 2215 4351 inhiare.
2242 4292 2379 4360 Quia
2409 4294 2555 4348 enim
2583 4293 2723 4349 alius
2751 4293 2995 4348 intentus
3044 4293 3218 4348 labori
3267 4300 3382 4347 ter-

1794 4400 1951 4450 reno,
2007 4384 2146 4440 alius
2193 4398 2324 4440 vero
2375 4383 2563 4439 mundi
2613 4383 2777 4453 hujus
2820 4383 3123 4438 actionibus
3172 4382 3388 4437 deditus

1794 4474 2113 4547 mysterium
2128 4473 2515 4531 incarnationis
2537 4472 2833 4527 ﬂaminicae
2845 4485 3097 4541 pensare,
3121 4478 3177 4526 et
3198 4484 3391 4526 secun-

93 4577 282 4651 (Psal.
316 4578 493 4650 mu).
526 4577 771 4649 Regnum
796 4592 926 4649 ergo
955 4577 1221 4635 calorum
1244 4586 1329 4633 est
1350 4578 1578 4634 ecclesia
1604 4577 1692 4647 ju—
1796 4570 1924 4623 dum
1955 4567 2085 4620 illud
2116 4567 2299 4619 vivere
2330 4564 2654 4629 dissimulat,
2685 4564 2838 4634 quasi
2868 4564 2935 4617 ad
2959 4562 3145 4621 villam
3166 4562 3250 4616 vel
3291 4576 3388 4617 ne-

91 4682 335 4728 storum.
379 4670 516 4738 Quia
546 4670 677 4727 dum
704 4684 893 4724 eorum
924 4670 1086 4724 corda
1131 4669 1187 4723 in
1218 4677 1365 4725 terra
1405 4668 1540 4723 nihil
1571 4684 1688 4724 am-

1800 4660 2001 4732 gotium
2029 4671 2257 4728 pergens
2278 4656 2466 4712 venire
2492 4656 2562 4711 ad
2611 4657 2756 4727 regis
2802 4655 3020 4725 nuptias
3049 4662 3285 4722 recusat,
3336 4662 3391 4711 ct

88 4767 283 4830 biunt,
304 4778 405 4835 per
433 4763 537 4818 hoc
565 4762 709 4832 Quod
736 4762 801 4819 ad
826 4776 1059 4830 superna
1086 4761 1361 4831 suspirant
1386 4762 1501 4830 jam
1532 4761 1586 4815 in
1613 4761 1693 4817 eis

90 4855 387 4920 Dominus,
421 4854 575 4925 quasi
602 4854 657 4919 in
682 4852 993 4911 ctelestibus
1020 4861 1231 4923 regnat.
1264 4853 1486 4908 Dicatur
1520 4868 1689 4924 ergo:

91 4947 292 5006 Simile
310 4957 388 5004 est
413 4962 630 5017 regnum
656 4944 904 5000 cistarum
930 4944 1127 5011 homini
1156 4944 1280 5014 regi,
1311 4946 1401 5015 qui
1428 4943 1547 5013 fecit
1593 4961 1692 4998 nu-

92 5043 241 5113 ptias
290 5039 404 5110 ﬁlio
450 5054 565 5094 suo.
621 5036 753 5104 Quis
782 5043 865 5093 est
917 5052 1034 5103 rex,
1066 5036 1210 5105 regis
1246 5034 1343 5091 ﬁlii
1371 5036 1569 5105 pater?
1604 5035 1692 5091 ille

93 5135 365 5195 nimirum
405 5134 493 5192 cui
536 5150 634 5205 per
676 5132 1022 5193 Psalmistam
1067 5131 1184 5186 ait:
1217 5130 1381 5197 Deus,
1425 5130 1693 5199 judicium

96 5239 261 5285 tuum
282 5226 392 5297 regi
417 5225 509 5293 da,
534 5234 585 5280 et
605 5226 865 5292 iustitiam
894 5233 1039 5283 tuam
1078 5222 1190 5291 ﬁlio
1234 5222 1389 5293 regis,
1438 5222 1528 5292 qui
1572 5221 1696 5290 fecit

96 5318 319 5391 nuptias
345 5318 456 5387 ﬁlio
482 5335 578 5372 suo
599 5317 770 5388 (Psal.
810 5318 979 5389 uxr).
1014 5316 1074 5371 In
1104 5316 1206 5371 hoc
1235 5314 1393 5370 Pater
1422 5314 1539 5385 regi
1558 5313 1696 5369 Filio

96 5412 329 5483 nuptias
371 5410 524 5475 fecit,
553 5424 659 5480 quo
704 5410 754 5464 ei
806 5424 904 5479 per
956 5407 1347 5467 incarnationis
1376 5406 1695 5477 mysterium

98 5512 357 5563 sanctam
383 5501 687 5559 Ecclesiam
737 5499 983 5554 sociavit.
1034 5499 1235 5556 Uterus
1260 5508 1441 5554 autem
1470 5496 1696 5567 virginis

100 5597 392 5673 genitricis
410 5595 570 5667 hujus
590 5593 770 5663 sponsi
798 5593 1067 5647 thalamus
1088 5592 1190 5646 fuit
1212 5612 1224 5645 :
1252 5590 1404 5647 Unde
1416 5588 1696 5659 psalmista

100 5691 245 5749 dicit
274 5708 288 5745 :
312 5689 381 5744 In
404 5688 512 5744 sole
549 5686 720 5758 posuit
757 5683 1150 5739 tabernaculum
1176 5700 1349 5747 suum,
1375 5691 1423 5736 et
1452 5682 1561 5751 ipse
1582 5691 1699 5734 tan-

98 5799 271 5853 quam
289 5798 506 5853 sponsus
527 5778 813 5855 procedens
830 5775 894 5831 de
922 5775 1153 5830 thalamo
1177 5792 1271 5831 suo
1300 5774 1474 5848 (Psal.
1520 5774 1693 5847 xviii).

104 5873 399 5946 Tanquam
422 5886 652 5944 sponsus
682 5871 880 5941 quippe
909 5868 975 5923 de
1001 5866 1238 5921 thalamo
1269 5883 1366 5923 suo
1412 5871 1693 5939 ριιυυρςηηξι,

1794 4756 2114 4826 plerumque
2139 4750 2306 4823 (quod
2324 4757 2409 4804 est
2436 4748 2676 4821 gravius)
2705 4747 2947 4804 nonnulli
2989 4748 3233 4803 vocantis
3260 4762 3388 4820 gra-

1796 4847 1927 4905 tiam
1951 4860 2058 4903 uon
2087 4844 2261 4901 solum
2290 4849 2573 4914 respuunt,
2604 4841 2711 4909 sed
2745 4841 2911 4896 etiam
2962 4846 3384 4912 persequuntur.

1796 4937 1952 4999 Uade
1973 4944 2029 4993 et
2056 4934 2306 4995 subditur
2346 4950 2361 4988 τ

1872 5031 2077 5102 Reliqui
2112 5046 2229 5087 vero
2279 5038 2556 5084 tenuerunt
2602 5044 2775 5083 seruos
2824 5027 2958 5098 ejus,
2995 5035 3046 5081 et
3076 5025 3392 5080 contumelia

1798 5125 2015 5195 affectos
2057 5121 2379 5179 occiderunt.
2422 5119 2537 5175 Res
2567 5128 2742 5174 autem
2788 5130 2909 5171 cum
2947 5116 3181 5172 audisset
3219 5118 3390 5171 iratus

1798 5226 1895 5282 est,
1925 5224 1973 5270 et
1999 5215 2173 5273 missis
2195 5212 2505 5268 exercitibus
2532 5213 2643 5267 suis
2664 5209 2893 5281 perdidit
2931 5207 3224 5269 homicidas
3249 5206 3387 5275 illos,

1799 5315 1847 5362 et
1878 5306 2137 5360 civitatem
2159 5302 2371 5361 illorum
2395 5299 2684 5356 succendit.
2719 5297 2955 5372 (δὴν-ναξ)
2988 5296 3104 5353 Hoc
3143 5304 3245 5362 est,
3278 5296 3392 5351 llo-

1800 5411 1995 5452 manos
2039 5395 2140 5450 sub
2189 5396 2327 5450 duce
2371 5392 2705 5462 Vespasium
2752 5399 2807 5446 et
2852 5389 2999 5456 Tito,
3053 5389 3147 5460 qui
3194 5388 3390 5447 occisis

1799 5487 1999 5546 Judaeze
2059 5489 2271 5560 populis
2316 5487 2806 5558 praevaricatrieem
2861 5488 3254 5544 meoesderent
3314 5486 3393 5542 ei-

1798 5586 2044 5640 vitatem.
2078 5582 2283 5656 (Greg.)
2323 5581 2451 5639 Sive
2476 5582 2655 5647 aliter,
2683 5582 2986 5637 homicidas
3011 5583 3264 5653 perdidit,
3294 5582 3390 5651 qui

1799 5686 2192 5747 persequentes
2215 5674 2541 5740 intervenit;
2562 5675 2839 5731 civitatem
2874 5675 3091 5730 illorum
3114 5670 3393 5730 succendit

1800 5772 1931 5843 igni,
1957 5772 2085 5841 quia
2107 5769 2322 5825 illorum
2346 5784 2454 5823 non
2480 5768 2655 5824 solum
2675 5768 2889 5833 animae,
2916 5769 3015 5824 sed
3031 5782 3160 5823 caro
3179 5776 3394 5836 quoque

1800 5863 1854 5918 in
1886 5877 1989 5931 qua
2034 5859 2413 5915 habitaverant
2438 5867 2656 5915 internae
2697 5860 2957 5931 ge'hennte
3006 5857 3223 5912 ﬂamma
3262 5870 3390 5913 cru-‘
