3898 6508
473 345 613 406 1055

1123 340 1184 397 Β.
1227 338 1481 397 RABANI
1517 337 1738 394 MAURl
1776 328 2097 392 ARCHIEP.
2140 332 2449 390 MOGUNT.
2490 331 2777 389 OPERUM
2815 331 2995 389 PARS
3032 333 3073 389 l.

3636 335 3772 392 seu

472 462 668 517 ciatur.
693 459 876 516 Missis
896 431 1026 511 vero
1049 452 1377 508 exercitibus
1411 450 1735 506 exstinxisse
1756 447 2057 503 homicidas
2085 459 2135 519 Α
2163 455 2245 499 ter
2280 445 2472 499 cmlum
2496 453 2551 499 et
2572 444 2841 499 infernum
2869 444 2972 499 sita
2992 455 3099 510 est,
3124 445 3267 501 sicut
3294 446 3354 501 in
3379 446 3580 503 medio
3606 448 3771 504 subsi-

474 553 692 617 dicitur,
715 549 842 620 quia
863 547 917 602 in
944 544 1253 601 hominibus
1282 556 1441 596 omne
1473 540 1737 609 judicium
1766 553 1865 608 per
1892 552 2061 608 ange-

477 644 558 700 los
598 642 904 699 exhibetur.
960 636 1099 704 Quid
1153 650 1385 705 namque
1430 642 1559 689 sunt
1608 633 1696 687 illa
1744 631 2058 703 angelorum

473 735 689 807 agmina
710 732 811 787 nisi
834 729 1111 786 exercitus
1138 728 1283 798 regis
1304 727 1511 782 nostri?
1540 725 1695 781 Unde
1719 733 1774 779 et
1800 725 1939 779 idem
1962 739 2059 778 rex

481 825 731 880 Dominus
760 820 995 878 Sabaoth
1022 820 1249 875 dicitur:
1273 818 1511 873 Sabaoth
1525 817 1722 888 quippe
1741 816 2060 870 exercituum

476 916 883 985 interpretatur.
933 912 1016 967 Ad
1041 910 1346 982 perdendos
1394 922 1524 978 ergo
1564 908 1906 963 adversarios
1934 921 2060 961 suos

474 1006 771 1062 exercitum
814 1003 1001 1068 mittit,
1034 1002 1161 1073 quia
1188 1001 1444 1055 nimirum
1470 999 1766 1053 vindictam
1802 997 2062 1054 Dominus

474 1114 571 1170 per
591 1099 813 1171 angelos
837 1105 1075 1154 exercet.
1108 1094 1275 1163 Cujus
1309 1094 1561 1149 vindictae
1586 1092 1884 1163 potentiam
1932 1099 2063 1145 tunc

476 1192 645 1247 nostri
696 1201 877 1262 patres
926 1190 1241 1253 audiebant,
1273 1203 1372 1243 nos
1418 1196 1599 1242 autem
1623 1187 1735 1256 jam
1767 1185 2057 1240 cernimus.

477 1282 579 1339 Ubi
607 1291 735 1339 sunt
755 1283 898 1337 enim
945 1281 1164 1352 superbi
1215 1280 1288 1335 illi
1318 1288 1618 1352 martyrum
1643 1276 2062 1350 persecutores?

485 1375 584 1432 Ubi
610 1374 688 1428 illi
720 1374 810 1444 qui
839 1381 1025 1429 contra
1053 1372 1388 1428 conditorem
1441 1388 1597 1426 suum
1624 1373 1891 1427 cervicem
1937 1386 2062 1426 cor-

476 1465 560 1521 dis
585 1472 894 1527 erexerant,
948 1470 1003 1517 et
1045 1462 1112 1518 de
1149 1462 1307 1532 hujus
1353 1461 1540 1516 mundi
1582 1458 2061 1532 gloria'mortifera

476 1555 804 1611 tumebant?
840 1554 979 1610 Ecce
993 1555 1106 1625 jam
1146 1569 1292 1609 mors
1322 1561 1620 1625 martyrum
1650 1551 1806 1607 ﬂoret
1856 1553 1909 1606 in
1960 1550 2064 1605 ﬁde

476 1650 796 1715 viventium,
825 1660 879 1705 et
900 1650 953 1703 hi
980 1649 1071 1718 qui
1104 1656 1293 1703 contra
1336 1647 1457 1711 illos
1487 1649 1553 1702 de
1604 1644 1923 1701 crudelitate
1966 1659 2062 1698 sua

475 1741 692 1813 gloriati
714 1752 859 1807 sunt,
906 1756 1248 1812 nequaquam
1277 1740 1344 1794 ad
1366 1738 1681 1794 memoriam
1705 1746 1946 1794 nostram
1972 1751 2060 1792 ve-

2161 535 2274 601 stit,
2338 535 2410 589 ita
2465 544 2819 603 utrarumque
2875 535 3109 606 partium
3188 537 3338 592 cives
3391 539 3769 594 communia:

2161 628 2371 699 recipit.
2399 627 2544 695 Quos
2571 637 2749 684 tamen
2779 638 2964 684 sancta
3006 628 3265 694 Ecclesia,
3295 638 3357 686 et
3397 645 3562 684 nunc
3612 631 3770 687 indis-

2162 710 2310 776 erete
2342 722 2585 791 suscipit,
2611 730 2667 776 et
2694 723 3036 793 postmodum
3057 724 3113 777 in
3137 725 3464 795 egressione
3483 723 3766 780 discernit.

2161 811 2296 868 Cum
2325 828 2519 884 magno
2542 814 2686 868 enim
2718 814 2913 869 timore
2943 816 3276 884 pensandum
3309 823 3418 881 est,
3464 818 3621 885 quod
3653 832 3769 887 prn-

2163 905 2307 960 tinus
2340 905 2588 960 subditur
2609 921 2626 960 :

2232 997 2458 1053 Intrauit
2475 1007 2651 1052 autem
2674 1014 2786 1061 rex,
2813 1007 2870 1053 ut
2895 999 3089 1054 videret
3114 999 3547 1065 discumbentes,
3582 1010 3635 1053 et

2162 1089 2234 1144 ibi
2261 1090 2519 1165 hominem
2566 1105 2669 1144 non
2715 1091 2957 1145 vestitum
2979 1102 3115 1146 veste
3145 1091 3404 1162 nuptiali,
3436 1101 3495 1145 et
3546 1092 3626 1143 ait
3666 1091 3767 1146 illi:

2162 1181 2359 1247 Amice,
2385 1183 2641 1253 quomodo
2676 1184 2777 1237 huc
2797 1184 3027 1247 intrasti,
3058 1200 3159 1238 non
3206 1185 3415 1239 habens
3442 1193 3653 1238 vestem
3682 1202 3766 1237 ns-

2161 1272 2374 1344 ptialem
2396 1273 2421 1326 ?
2445 1273 2509 1326 At
2535 1272 2624 1328 ille
2651 1274 2924 1328 obmutuit.
2956 1274 3224 1348 (Hierom)
3252 1275 3322 1330 Hi
3359 1286 3568 1331 autem
3595 1276 3769 1346 quiia-

2163 1363 2316 1417 vitati
2340 1371 2497 1417 erant
2538 1365 2606 1418 ad
2659 1366 2874 1434 nuptias
2928 1367 2994 1421 de
3039 1367 3277 1437 sepibus,
3324 1375 3387 1422 et
3435 1367 3687 1438 angulis,
3725 1382 3766 1423 et

2162 1453 2377 1524 plateis,
2409 1462 2464 1509 et
2493 1456 2719 1510 diversis
2748 1457 2902 1520 locis,
2950 1473 3160 1512 coezsani
3192 1458 3331 1529 legis
3383 1458 3764 1529 impleverant.

2165 1544 2272 1601 Sed
2299 1556 2484 1616 postea
2512 1563 2633 1602 cum
2664 1549 2902 1604 venisset
2926 1565 3040 1613 rex,
3077 1559 3137 1603 ut
3170 1551 3396 1605 videret
3421 1549 3767 1605 discumben-

2167 1643 2246 1693 tes
2272 1636 2323 1689 in
2344 1636 2594 1691 convivio
2623 1651 2742 1704 suo,
2768 1638 2870 1693 hoc
2891 1648 2994 1705 est,
3024 1639 3179 1709 quasi
3204 1655 3303 1695 sua
3328 1640 3392 1694 in
3419 1639 3541 1695 ﬁde
3584 1644 3768 1711 reqtaie-

2165 1737 2378 1782 scentes
2404 1729 2457 1782 in
2479 1729 2567 1783 die
2574 1729 2760 1798 judicii
2786 1730 3030 1786 visitaret
3051 1732 3332 1796 convivas,
3356 1741 3419 1787 et
3445 1733 3769 1787 discerneret

478 1835 656 1897 niunt,
689 1835 771 1888 vel
807 1835 860 1889 in
888 1848 1112 1889 numero
1137 1841 1496 1888 mortuorum.
1532 1832 1712 1887 ltebus
1754 1846 1884 1902 ergo
1914 1844 2067 1885 reco—

2178 1820 2362 1874 merita
2386 1820 2741 1891 singulorum,
2782 1822 2985 1877 invenit
3028 1839 3193 1877 unum
3230 1825 3323 1892 qui
3366 1832 3541 1878 veste
3574 1826 3766 1879 indutus

479 1924 808 1996 gnoscimus,
856 1926 997 1995 quod
1045 1926 1100 1979 in
1150 1923 1421 1994 parabolis
1451 1923 1719 1987 audimus,
1773 1923 1865 1977 sed
1895 1921 1943 1976 is
1976 1920 2068 1990 qui

479 2016 798 2072 invitantem
823 2031 883 2072 se
912 2017 1182 2072 contemni
1214 2015 1495 2085 conspicit,
1542 2014 1686 2084 regis
1715 2014 1809 2067 lilii
1854 2012 2068 2084 nuptias

480 2125 683 2164 vacuas
713 2125 820 2164 non
848 2110 1086 2165 habebit.
1112 2109 1194 2163 Ad
1226 2109 1360 2163 alios
1389 2109 1573 2174 mittit,
1623 2108 1747 2177 quia
1771 2115 1827 2161 et
1852 2107 1897 2162 si
1927 2106 2068 2177 apud

481 2202 693 2273 aliquos
714 2202 946 2267 laborat,
974 2202 1296 2272 quandoque
1324 2209 1503 2256 tamen
1536 2216 1717 2257 sermo
1753 2201 1846 2255 Dei
1877 2200 2067 2255 inven-

484 2300 638 2346 turus
665 2301 771 2356 est,
803 2291 893 2347 ubi
930 2292 1255 2362 requiescat.
1291 2289 1441 2345 Unde
1470 2298 1525 2344 et
1550 2289 1799 2345 subditur
1835 2306 1847 2342 :

550 2379 698 2435 Tunc
727 2382 799 2435 ait
826 2381 984 2436 servis
1013 2380 1123 2435 suis
1148 2396 1167 2434 :
1193 2379 1409 2452 Nuptiae
1432 2380 1642 2451 quidem
1688 2390 1890 2451 parata:
1925 2387 2065 2433 sunt.

476 2473 533 2527 ld
593 2479 718 2538 est,
786 2489 947 2528 omne
1002 2480 1407 2528 sacramentum
1480 2473 1733 2528 humanae
1794 2473 2072 2543 dispensa-

479 2564 645 2621 tionis
669 2564 990 2628 nativitatis,
1019 2564 1298 2634 baptismi,
1334 2564 1755 2633 praadicationis,
1780 2564 2069 2635 passionis,

480 2653 919 2719 resurrectionis,
959 2660 1123 2723 atque
1149 2654 1483 2709 ascensionis
1507 2653 1630 2709 Filii
1671 2653 1766 2709 Dei
1792 2664 2071 2723 peractum

481 2757 586 2803 est.

554 2838 660 2894 Sed
685 2843 775 2912 qui
791 2842 999 2897 invitati
1027 2851 1198 2909 erant,
1241 2859 1345 2898 non
1390 2843 1603 2913 fuerunt
1632 2844 1795 2915 digni.
1830 2843 1945 2899 Hoc
1992 2850 2075 2898 est

479 2929 672 2996 Judaei,
702 2932 794 3000 qui
839 2948 937 3003 per
980 2933 1152 3005 legem
1199 2941 1255 2989 et
1292 2935 1584 3005 prophetas
1629 2936 2071 3010 adteredendum

483 3021 702 3079 Christo
750 3025 961 3081 invitati
1023 3035 1168 3093 sunt,
1220 3036 1623 3083 sacramentum
1679 3030 2074 3087 incarnationis

484 3125 829 3183 respuerunt.
855 3114 961 3171 Sed
984 3118 1071 3172 his
1105 3118 1177 3171 ita
1214 3118 1402 3189 gestis,
1452 3118 1796 3175 manifestum
1846 3130 1931 3177 est
1955 3123 2073 3193 qui-

2174 1930 2279 1970 non
2307 1925 2425 1969 erat
2449 1916 2691 1986 nuptiali.
2722 1916 2873 1973 Unus
2898 1919 3016 1981 iste,
3046 1933 3235 1974 omnes
3272 1921 3373 1988 qui
3410 1920 3621 1974 sociati
3665 1932 3767 1976 suat

2174 2007 2227 2062 in
2258 2007 2460 2062 malitia
2503 2008 2899 2079 intelliguntur.
2926 2009 3103 2066 Vestis
3132 2020 3315 2066 autem
3350 2011 3633 2083 nuptialis
3656 2028 3768 2081 pra-

2173 2107 2328 2167 cepta
2355 2107 2481 2153 sunt
2514 2100 2725 2154 Domini
2752 2109 2808 2155 et
2830 2115 2994 2170 opera
3032 2118 3155 2173 quae
3176 2102 3553 2172 complentur
3576 2119 3643 2157 ex
3676 2104 3765 2175 lege

2173 2203 2228 2246 et
2253 2192 2562 2264 Evangelio,
2586 2195 2820 2264 novique
2847 2196 3081 2250 hominis
3096 2194 3338 2251 eﬂiciunt
3362 2198 3760 2252 vestimentum.

2177 2283 2233 2339 Si
2256 2285 2378 2355 quis
2400 2286 2564 2357 igitur
2590 2286 2643 2340 in
2668 2296 2907 2356 tempore
2944 2284 3136 2355 iudicii
3184 2288 3459 2342 inventus
3492 2286 3663 2341 fuerit
3688 2287 3763 2342 ὠ

2174 2381 2391 2434 nomine
2409 2380 2715 2436 Christiano
2735 2396 2842 2436 non
2864 2381 3066 2436 habere
3094 2382 3503 2436 vestimentum
3531 2382 3762 2450 nuptiae,

2175 2473 2230 2528 id
2255 2480 2359 2539 est,
2389 2483 2591 2528 vestem
2617 2473 2852 2529 etelestis
2882 2474 3137 2538 hominis,
3179 2475 3274 2528 sed
3300 2482 3568 2528 veterem
3617 2472 3761 2542 poliu-

2177 2572 2309 2630 tam,
2340 2563 2387 2618 id
2415 2574 2517 2628 est,
2547 2564 2745 2619 veteris
2773 2563 3009 2619 hominis
3037 2564 3282 2626 exttvias,
3308 2563 3409 2619 hic
3441 2564 3642 2618 statim
3662 2578 3763 2618 ctr-

2175 2656 2390 2726 ripitur,
2418 2654 2689 2711 etdicitur
2708 2657 2759 2711 ei
2789 2674 2802 2710 :
2854 2656 3049 2721 Amice,
3093 2656 3357 2726 quomodo
3386 2655 3503 2709 huc
3531 2656 3731 2709 intrasti
3742 2653 3764 2707 .’

2175 2747 2421 2802 Amicum
2444 2756 2619 2813 vocat,
2646 2749 2788 2818 quod
2819 2748 3077 2802 invitatus
3115 2747 3182 2801 ad
3209 2747 3442 2817 nuptias
3466 2756 3579 2802 est.
3602 2746 3763 2817 Argm't

2175 2838 2542 2909 impudentiae,
2584 2839 2728 2908 quod
2762 2847 2911 2894 veste
2937 2839 3152 2894 sordida
3184 2838 3503 2893 munditias
3532 2837 3757 2907 polluerit

2176 2932 2460 3001 nuptiales.
2485 2933 2549 2985 At
2573 2930 2663 2985 ille
2683 2931 2958 2986 obmutuit.
2987 2931 3045 2985 In
3080 2940 3327 3002 tempore
3356 2931 3523 2987 enim
3560 2930 3652 2984 illo
3677 2947 3759 2985 nul

2175 3025 2278 3078 erit
2307 3023 2455 3077 locus
2498 3023 2864 3092 impudentiae,
2903 3038 3002 3078 nec
3047 3023 3281 3094 negandi
3335 3022 3606 3077 facultas.
3652 3021 3759 3077 Cu

2175 3128 2364 3167 omnes
2399 3113 2573 3184 angeli
2594 3122 2648 3167 et
2686 3115 2918 3169 mundus
2944 3114 3058 3184 ipse
3094 3115 3250 3168 testis
3278 3114 3355 3168 sit
3399 3124 3755 3184 peccatorum.

484 3205 628 3271 dem,
663 3209 806 3278 quod
854 3218 977 3278 post
1024 3219 1388 3282 contemptam
1421 3215 1817 3269 contumaciam
1863 3214 2072 3270 ,1ῡάωο-

2180 3202 2243 3276 (G
2253 3204 2382 3275 reg.)
2410 3203 2541 3259 Item
2570 3219 2858 3274 possumus
2894 3205 3191 3275 intelligere
3219 3208 3539 3276 nuptialem
3585 3215 3761 3261 vestrm

488 3313 627 3365 rum,
656 3300 723 3355 de
745 3301 1034 3357 vocatione
1060 3303 1298 3373 gentium
1334 3303 1501 3359 dicit:

557 3388 637 3444 Ite
657 3408 778 3461 ergo
805 3393 874 3447 ad
894 3394 1065 3448 exitus
1112 3395 1336 3448 viarum.
1381 3394 1564 3468 (Aug.)
1607 3396 1720 3453 Via:
1768 3398 2075 3471 intelligun-

486 3493 576 3538 tur
623 3485 876 3557 dogmata
926 3486 1190 3557 gentium,
1239 3497 1292 3542 et
1341 3503 1557 3543 errores
1614 3491 1894 3561 gentilium
1925 3533 1939 3558 ,
1981 3492 2076 3548 sed

484 3589 553 3630 ex
579 3575 831 3631 omnibus
856 3575 963 3632 illis
993 3576 1059 3631 ad
1084 3577 1322 3648 nuptias.
1354 3577 1409 3633 id
1446 3586 1550 3640 est,
1579 3577 1799 3636 Christo
1832 3582 2078 3638 credide-

488 3672 636 3720 runt.

559 3755 629 3810 Et
694 3773 1030 3831 quoscunque
1088 3760 1412 3827 inveneritis,
1478 3771 1656 3818 vocate
1720 3763 1790 3818 ad
1845 3765 2074 3836 nuptias.

488 3850 722 3926 (Chrys.)
748 3853 806 3909 Id
833 3863 936 3921 est,
962 3852 1248 3924 cujuslibet
1276 3857 1602 3914 conditionis
1621 3859 1869 3929 homines
1888 3869 2080 3916 vocate

488 3944 557 3999 ad
582 3946 762 4001 tidem.
788 3946 857 4001 Et
874 3948 1014 4013 sicut
1035 3964 1142 4003 non
1163 3956 1249 4005 est
1270 3949 1527 4006 distantia
1551 3952 1604 4006 in
1633 3960 1825 4008 natura
1847 3954 2080 4009 creatio‘

487 4035 576 4090 uis
604 4036 910 4104 hominum,
947 4039 1030 4094 sic
1059 4056 1164 4095 non
1216 4041 1292 4096 sit
1336 4040 1637 4098 dill'erentia
1690 4043 1744 4099 in
1794 4046 2080 4101 vocatione

489 4128 679 4183 salutis
700 4144 908 4185 eorum.
963 4129 1169 4204 (Greg.)
1200 4132 1475 4188 Moraliter
1503 4144 1682 4189 autem
1732 4137 1777 4191 si
1828 4138 1882 4192 in
1934 4136 2081 4192 Scri-

488 4213 648 4287 p'tura
688 4234 843 4273 sacra
886 4221 1004 4276 vias
1029 4223 1273 4278 actiones
1302 4226 1620 4295 accipimus,
1665 4228 1843 4284 exitus
1869 4230 2079 4285 viarum

490 4308 845 4382 intelligimus
894 4311 1139 4369 defectus
1185 4317 1483 4385 actionum,
1530 4322 1656 4391 quia
1716 4322 1790 4377 illi
1844 4323 2085 4394 plerum-

490 4417 597 4474 que
637 4402 797 4483 facile
847 4405 917 4461 ad
969 4406 1257 4464 Dominum
1306 4411 1551 4479 veniunt,
1603 4429 1739 4485 quos
1792 4416 1846 4470 in
1910 4426 2084 4473 terre-

490 4496 577 4552 nis
619 4498 829 4555 actibus
875 4514 1138 4570 prospera
1206 4500 1354 4559 nulla
1421 4504 1770 4561 comitantur.
1822 4505 2083 4578 Sequitur

491 4600 672 4647 autem
713 4611 728 4647 :
1248 4612 1251 4617 ·
1809 4608 1813 4612 '

566 4679 635 4736 Et
658 4699 848 4755 egressi
877 4685 1013 4739 servi
1030 4686 1149 4757 ejus
1180 4686 1238 4742 in
1258 4688 1389 4754 vias,
1420 4702 1861 4763 congregaverant
1883 4710 2079 4760 omnes,

491 4791 620 4847 quos
640 4775 944 4830 invenerunt
970 4777 1129 4833 bonos
1145 4788 1194 4834 et
1216 4781 1407 4849 malos,
1450 4794 1500 4837 et
1546 4784 1771 4855 impleta:
1817 4796 1940 4842 sunt
1980 4804 2083 4841 nu-

491 4866 615 4937 ρεὶίε
636 4866 1092 4923 discumbentium.
1124 4870 1263 4927 Ecce
1282 4872 1396 4943 jam
1448 4876 1563 4946 ipsa
1612 4877 1871 4947 qualitate
1900 4878 2083 4935 convi-

491 4958 737 5013 vantium
761 4968 947 5030 aperte
969 4964 1291 5030 ostenditur,
1312 4966 1439 5036 quia
1463 4982 1561 5038 per
1580 4968 1679 5025 has
1702 4970 1844 5042 regis
1868 4971 2083 5042 nuptias

2174 3299 2516 3355 charitatem.
2545 3299 2716 3354 Intrat
2740 3301 2884 3355 enim
2908 3302 2974 3356 ad
3000 3302 3233 3371 nuptias,
3266 3301 3367 3357 sed
3399 3319 3537 3357 cum
3563 3301 3761 3371 nuptiali

2175 3397 2325 3444 veste
2372 3405 2478 3445 non
2527 3391 2713 3458 intrat,
2743 3393 2837 3463 qui
2871 3393 2925 3447 in
2974 3402 3161 3449 sancta
3215 3393 3477 3450 Ecclesia
3527 3396 3765 3453 δεείειεω

2178 3480 2338 3536 tidem
2367 3481 2548 3544 habet,
2576 3484 2672 3538 sed
2705 3484 3027 3540 cbaritatem
3058 3502 3165 3541 non
3199 3486 3386 3543 habet.
3426 3486 3602 3543 Recte
3642 3488 3762 3542 enim

2177 3575 2418 3630 charitas
2460 3577 2718 3647 nuptialis
2745 3579 2912 3633 vestis
2951 3588 3201 3647 vocatur,
3241 3582 3376 3651 quia
3424 3581 3578 3637 hanc
3625 3583 3675 3636 in
3717 3598 3763 3636 se

2178 3668 2426 3723 conditor
2458 3678 2644 3725 noster
2672 3670 2884 3739 habuit,
2908 3673 3035 3727 dum
3062 3673 3130 3728 ad
3154 3672 3440 3729 socianda:
3470 3674 3579 3729 sibi
3604 3673 3761 3729 Eccle-

2178 3760 2274 3817 siae
2307 3762 2523 3830 nuptias
2546 3764 2717 3820 venit.
2747 3764 2873 3820 Sola
2897 3767 3093 3836 quippe
3138 3765 3443 3822 dilectione
3476 3767 3576 3823 Dei
3605 3778 3761 3823 actm

2179 3864 2285 3923 est,
2318 3865 2376 3911 ut
2401 3856 2518 3927 ejus
2547 3857 2867 3930 Unigenitus
2902 3866 3111 3913 mentes
3135 3857 3238 3914 sibi
3273 3857 3593 3915 electorum
3618 3860 3764 3913 homi-

2180 3964 2311 4003 num
2337 3949 2535 4005 uniret.
2578 3947 2733 4005 Unde
2760 3959 2817 4005 et
2848 3950 3098 4007 Christus
3129 3951 3272 4020 apud
3310 3948 3594 4006 Joannem
3620 3951 3763 4005 dicit:

2181 4039 2270 4097 Sic
2295 4040 2476 4096 dilexit
2498 4041 2641 4098 Deus
2662 4044 2800 4098 hunc
2828 4044 3101 4111 mundum,
3134 4056 3189 4100 ut
3224 4042 3437 4099 Filium
3488 4063 3643 4101 suum
3667 4046 3767 4099 sul

2181 4135 2412 4205 genitum
2441 4135 2590 4189 daret
2609 4152 2703 4206 pro
2728 4136 2875 4191 nobis
2902 4136 3082 4209 (Joan.
3114 4135 3219 4211 nl).
3251 4137 3357 4206 Qui
3382 4154 3531 4210 ergo
3556 4140 3771 4211 peteba-

2182 4228 2401 4283 ritatem
2424 4229 2573 4284 venit
2600 4231 2668 4285 ad
2696 4231 2962 4294 homines,
2994 4232 3242 4287 eamdem
3265 4232 3612 4288 cbaritatem
3641 4234 3771 4287 ineo-

2182 4320 2286 4375 tuit
2319 4335 2438 4375 esse
2492 4330 2697 4377 vestem
2753 4322 3066 4394 nuptialem.
3095 4321 3282 4379 Omnis
3332 4339 3475 4395 ergo
3525 4334 3769 4383 nostrum.

2183 4413 2275 4484 qui
2307 4408 2362 4469 in
2398 4413 2640 4471 Ecclesia
2664 4415 2875 4486 positus
2916 4416 3028 4472 Deo
3052 4416 3303 4482 credidit,
3322 4417 3446 4487 jam
3480 4420 3554 4473 ad
3578 4421 3773 4489 nuptias

2186 4505 2430 4573 intravit,
2471 4508 2567 4564 sed
2587 4524 2712 4564 cum
2735 4509 2959 4581 nuptiali
2990 4518 3141 4566 veste
3173 4525 3282 4565 non
3309 4511 3490 4575 venit,
3525 4513 3575 4568 si
3608 4512 3772 4567 cbari-

2192 4601 2319 4655 tatis
2358 4599 2586 4671 gratiam
2618 4615 2725 4656 non
2752 4601 3007 4657 custodit.
3042 4600 3335 4658 Sciendum
3367 4619 3512 4659 vero
3540 4614 3630 4661 est
3668 4606 3775 4674 quia

2191 4689 2331 4744 sicut
2358 4690 2409 4744 in
2432 4691 2640 4746 duobus
2657 4690 2818 4762 lignis
2842 4692 3108 4763 superiori
3151 4692 3405 4749 videlicet
3432 4703 3494 4749 et
3549 4695 3775 4750 inferiori

2190 4782 2358 4837 vestis
2397 4782 2618 4849 texitur,
2656 4783 2730 4837 ita
2759 4783 2812 4838 in
2844 4783 3050 4839 duobus
3099 4784 3389 4854 praeceptis
3417 4786 3672 4841 Charitas
3694 4786 3776 4839 ba-

2190 4872 2368 4939 betur,
2393 4875 2447 4929 in
2472 4874 2760 4930 dilectione
2785 4874 2992 4931 scilicet
3018 4875 3114 4931 Dei
3136 4885 3193 4931 et
3212 4876 3515 4933 dilectione
3537 4876 3774 4947 proximi.

2193 4965 2466 5038 Scriptum
2495 4969 2692 5039 quippe
2723 4978 2805 5024 est
2832 4986 2844 5022 :
2878 4968 3077 5040 Diliges
3106 4969 3395 5024 Dominum
3437 4969 3617 5024 Deum
3645 4980 3777 5023 ειη

493 5065 734 5121 ρτωεθηε
762 5052 1001 5110 Ecclesia
1040 5055 1377 5128 designatur,
1418 5059 1472 5113 in
1520 5076 1628 5131 qua
1667 5077 1792 5117 cum
1832 5062 1991 5119 bonis
2033 5073 2091 5120 et,
2193 5075 2258 5114 ea:
2276 5068 2383 5113 toto
2407 5061 2563 5115 corde
2600 5071 2709 5127 tuo,
2739 5070 2789 5115 et
2812 5078 2878 5117 ea:
2898 5070 3007 5117 tota
3034 5063 3213 5116 anima
3240 5072 3355 5129 tua,
3381 5072 3431 5116 et
3451 5080 3523 5116 ex
3551 5074 3665 5117 tota
3692 5063 3781 5115 rit-

494 5147 622 5204 mali
663 5150 1007 5206 conveniunt.
1051 5152 1318 5210 Permista
1344 5155 1539 5228 quippe
1565 5167 1649 5213 est
1674 5159 1986 5216 diversitate
2028 5160 2072 5215 ἢ·

2192 5159 2302 5205 tute
2327 5160 2439 5217 tua,
2497 5159 2546 5204 et
2592 5150 2777 5221 diliges
2822 5152 3120 5223 proximum
3171 5160 3319 5205 tuum
3354 5154 3496 5207 sicut
3550 5153 3779 5223 ιεὲραιι.

494 5238 691 5295 liorum
750 5260 764 5296 :
820 5243 948 5313 quia
992 5244 1071 5300 sic
1125 5261 1315 5303 omnes
1372 5248 1442 5302 ad
1499 5248 1661 5305 tidem
1722 5262 1964 5321 generat,
2030 5270 2072 5308 u

2193 5242 2308 5311 Qua
2343 5243 2396 5296 in
2430 5258 2489 5298 re
2517 5244 2814 5298 notandum
2841 5252 2946 5311 est,
2974 5244 3102 5314 quia
3130 5243 3186 5298 iu
3214 5242 3511 5300 dilectione
3559 5242 3779 5317 proximi

495 5338 683 5387 tamen
708 5347 898 5390 omnes
933 5349 1031 5404 per
1062 5336 1495 5394 immutationem
1524 5341 1650 5395 vitae
1680 5343 1748 5397 ad
1780 5343 2088 5401 libertatem

496 5422 755 5492 spiritalis
817 5427 1004 5499 gratia:
1049 5429 1221 5501 culpis
1257 5431 1599 5501 exigentibus
1648 5447 1756 5486 non
1800 5437 2081 5504 perducat.

498 5511 792 5588 Quousque
814 5536 1050 5592 namque
1097 5523 1188 5579 hic
1229 5523 1459 5579 vivimus
1489 5539 1711 5581 necesse
1741 5535 1824 5580 est
1853 5534 1910 5580 ut
1941 5528 2087 5583 viam

496 5614 782 5683 pmsentis
821 5616 1003 5672 saeculi
1053 5618 1298 5686 permisti
1345 5634 1655 5690 pergamus.
1704 5619 1855 5675 Tunc
1904 5631 2088 5676 autem

501 5707 860 5765 discernimur
901 5726 1027 5766 cum
1077 5711 1437 5780 pervenimus.
1474 5712 1604 5767 Boni
1643 5714 1789 5768 enim
1818 5712 1917 5769 soli
1961 5730 2089 5769 nus-

502 5813 668 5873 quam
693 5810 820 5857 sunt
862 5800 969 5856 nisi
1000 5801 1054 5855 in
1089 5800 1318 5857 inferno.
1353 5799 1479 5858 Haec
1506 5810 1687 5859 autem
1710 5804 1840 5869 vita,
1871 5819 1991 5873 quae
2011 5805 2089 5861 in-

2192 5350 2449 5390 mensura
2478 5336 2697 5405 ponitur
2726 5336 2947 5402 amoris,
2986 5351 3110 5391 cum
3145 5336 3351 5392 dicitur
3378 5356 3392 5391 :
3433 5336 3641 5409 Diliges
3666 5355 3779 5407 pro-

2193 5433 2392 5484 ximum
2417 5438 2566 5483 tuum
2592 5430 2727 5483 sicut
2755 5430 2975 5498 teipsum
3010 5426 3227 5500 (Matth.
3260 5430 3421 5500 χιιι).
3456 5429 3560 5484 Dei
3613 5440 3779 5485 autem

2194 5519 2413 5593 dilectio
2445 5519 2589 5575 nulla
2616 5534 2871 5575 mensura
2895 5520 3282 5592 constringitur
3321 5535 3337 5576 :
3377 5520 3586 5592 Diliges
3611 5521 3781 5576 Doni-

2196 5635 2321 5672 num
2342 5616 2511 5672 Deum
2542 5628 2689 5671 tuum
2711 5636 2775 5673 ea:
2811 5628 2918 5673 toto
2941 5618 3096 5674 corde
3119 5628 3232 5682 tuo,
3277 5627 3327 5672 et
3357 5635 3423 5672 ea:
3450 5628 3568 5672 tota
3612 5620 3781 5673 uim

2194 5721 2307 5774 tua,
2334 5721 2382 5765 et
2406 5726 2469 5765 ea:
2497 5720 2605 5764 tota
2628 5712 2818 5766 virtute
2845 5722 2955 5766 tua.
2992 5711 3111 5767 Non
3136 5715 3281 5767 enim
3303 5712 3530 5783 jubetur
3558 5715 3779 5783 quisque

2194 5813 2456 5874 quantum
2478 5802 2684 5871 diligat,
2709 5805 2806 5862 sed
2829 5820 2897 5862 ex
2916 5814 3142 5876 quanto,
3170 5820 3297 5862 cum
3321 5805 3544 5875 dicitur,
3571 5813 3778 5867 estote,
