3898 6510
79 417 240 477 105⁸1
1081 423 1434 480 COMMENT.
1477 422 1541 477 lN
1582 422 1677 477 MA

1792 423 2019 479 EUEUM.
2060 457 2129 466 —
2166 426 2293 482 LIB.
2337 430 2425 485 Vl.
3239 440 3373 497 1058

78 538 221 609 quia
254 537 357 594 ille
387 539 659 594 veraciter
681 538 871 609 diligit,
922 540 1011 610 qui
1042 540 1143 595 sibi
1187 540 1254 594 de
1290 554 1349 594 se
1395 538 1528 594 nihil
1570 539 1694 593 reli—
1717 541 1772 601 Α
1796 548 1935 594 ctam
1960 542 2126 596 vitam
2157 542 2369 598 videtur
2393 544 2610 611 ducere,
2642 554 2695 601 et
2721 555 2899 604 tamen
2924 550 3069 607 hunc
3108 554 3373 625 contingit

78 630 236 699 quit.
274 630 409 686 Duo
447 645 574 700 ergo
600 631 714 685 haec
739 646 957 687 necesse
999 640 1082 686 est
1134 640 1195 686 ut
1240 631 1521 686 charitatis
1567 646 1700 700 prae-
1801 630 1869 685 ad
1911 632 2115 687 erroris
2159 633 2455 702 nequitiam
2497 632 2654 703 juxta
2707 637 2867 693 ﬁnem
2912 640 3034 695 vitae
3080 643 3372 701 declinare.

78 732 254 792 cepta
284 726 586 787 custodiat,
612 728 856 798 quisquis
878 729 931 784 in
962 729 1162 799 nuptiis
1184 737 1387 784 vestem
1404 728 1696 798 nuptialem
1798 721 1951 776 Alius
1974 722 2174 777 bonum
2200 724 2335 780 bene
2359 725 2601 792 inchoat,
2624 727 2818 783 melius
2841 740 3197 786 consummat.
3223 733 3377 792 Alius

78 824 257 871 curat
307 816 538 873 habere.
584 818 724 874 Ecce
772 835 867 875 rex
914 820 983 874 ad
1021 820 1236 889 nuptias
1282 818 1600 890 ingreditur,
1644 827 1699 874 et
1799 814 1955 869 malis
1989 815 2202 872 actibus
2236 832 2266 870 a
2295 818 2551 887 primaeva
2596 834 2656 875 se
2695 819 2921 889 dejecit,
2967 833 3024 879 et
3071 824 3127 878 in
3170 825 3374 883 eisdem

78 907 283 963 cordis
317 909 505 965 nostri
530 909 771 964 habitum
793 911 1204 980 contemplatur.
1238 911 1304 965 Et
1325 926 1485 979 quem
1516 910 1697 965 chari-
1796 904 2053 976 operibus
2081 922 2296 978 semper
2319 908 2559 965 deterior
2589 922 3016 968 consummatur.
3043 914 3216 973 Tanto
3249 933 3378 990 ergo

81 1006 204 1054 tate
233 1001 512 1057 vestitum
535 1016 640 1056 non
656 1001 1121 1072 invenitprotinus
1140 1002 1311 1058 iratus
1327 1002 1473 1058 dicit.
1496 1002 1691 1068 Amice,
1795 996 1905 1052 sibi
1961 998 2333 1069 unusquisque
2391 1008 2641 1069 metuat,
2697 1012 2904 1073 quanto
2963 1004 3182 1075 ignorat
3234 1008 3380 1078 quod

76 1092 376 1159 quomodo
418 1093 521 1147 huc
557 1094 768 1148 intrasti
803 1111 905 1148 non
934 1094 1127 1150 habens
1154 1107 1343 1150 vestem
1375 1094 1698 1167 nuptialem!
1794 1094 1982 1143 ῒθεῑὲιο

80 1178 425 1237 Miraudum
447 1182 603 1239 valde
628 1191 730 1249 est,
757 1185 899 1254 quod
929 1185 1072 1241 hunc
1093 1192 1149 1241 et
1184 1186 1416 1242 amicum
1452 1195 1609 1244 vocat
1639 1199 1678 1243 e1

1865 1174 1979 1249 [ιι]
2020 1175 2166 1233 Tunc
2193 1178 2439 1235 abeuntes
2472 1178 2734 1236 Phariswi
2758 1184 3035 1239 comitium
3064 1187 3294 1244 inierunt
3321 1200 3379 1246 ut

81 1272 393 1340 reprobat.
423 1273 501 1329 Ac
522 1273 568 1329 si
598 1274 836 1343 apertius
858 1275 1037 1330 dicat:
1064 1274 1264 1341 Amice,
1290 1285 1338 1330 et
1373 1293 1478 1345 non
1505 1277 1690 1331 amice.

79 1361 292 1417 Amice
323 1378 432 1434 per
467 1364 651 1430 ﬁdem,
676 1366 768 1420 sed
797 1382 905 1421 non
948 1366 1122 1423 amice
1163 1382 1263 1437 per
1302 1367 1688 1437 operationem.

81 1451 155 1505 At
209 1453 311 1508 ille
362 1455 641 1510 obmutuit.
669 1455 802 1523 Quia
844 1457 985 1526 quod
1034 1456 1139 1511 dici
1184 1457 1298 1512 sine
1344 1457 1545 1527 gemitu
1584 1472 1693 1512 non

80 1553 286 1615 potest
324 1546 385 1601 in
414 1546 506 1601 illa
530 1547 868 1602 districtione
893 1547 1508 1619 ultimmincrepationis,
1532 1562 1694 1603 omne

81 1649 496 1709 argumentum
540 1651 716 1697 cessat
763 1644 1147 1699 excusationis.
1178 1642 1387 1714 Quippe
1430 1642 1556 1713 quia
1604 1640 1696 1697 ille

80 1730 230 1787 l'oris
260 1733 540 1805 increpat,
564 1735 655 1805 qui
696 1736 849 1792 testis
874 1737 1218 1792 conscientia:
1252 1736 1432 1805 justus
1453 1736 1693 1791 animum

1794 1278 2034 1338 caperent
2061 1285 2180 1323 eum
2202 1271 2258 1325 in
2278 1287 2538 1340 sermone,
2567 1281 2616 1327 et
2638 1274 2853 1329 mittunt
2876 1276 2925 1329 ei
2945 1276 3231 1347 discipulos
3253 1297 3376 1336 suos

1792 1375 1911 1413 cum
1937 1358 2259 1417 Herodianis
2278 1362 2526 1419 dicentes.
2544 1363 2816 1438 (Hieron.)
2837 1366 3019 1439 Nuper
3038 1369 3142 1424 sub
3158 1370 3375 1429 Caesare

1790 1448 2033 1521 Augusto
2075 1450 2260 1507 Judaaa
2301 1453 2542 1523 subjecta
2583 1454 2882 1523 Romanis,
2910 1460 3127 1529 quando
3159 1462 3214 1517 in
3259 1473 3373 1518 toto

1792 1539 1925 1595 orbe
1938 1548 2021 1595 est
2034 1542 2303 1598 celebrata
2320 1543 2636 1615 descriptio,
2650 1547 3002 1617 stipendiaria
3015 1549 3157 1606 facta
3173 1550 3370 1619 fuerat,

1791 1639 1846 1685 et
1873 1640 1992 1686 erat
2019 1632 2075 1687 in
2104 1633 2300 1705 populo
2324 1650 2516 1706 magna
2546 1634 2761 1704 seditio,
2786 1638 3088 1695 dicentibus
3121 1640 3243 1697 aliis
3272 1659 3372 1713 pro

1793 1720 2084 1778 securitate
2110 1731 2166 1777 et
2189 1723 2389 1794 quiete,
2416 1724 2542 1795 quia
2566 1724 2740 1783 Roma
2774 1743 2873 1797 pro
2899 1730 3152 1788 omnibus
3177 1731 3375 1789 milita-

80 1833 349 1878 accusat.
383 1823 490 1880 Sed
532 1826 673 1880 inter
707 1827 823 1881 haec
867 1827 1142 1882 sciendum
1180 1837 1265 1883 est
1294 1828 1420 1898 quia
1448 1827 1678 1897 quisqui:

1796 1822 1900 1877 ret,
1925 1811 2122 1869 debere
2144 1814 2344 1869 tributa
2372 1815 2639 1886 persolvi;
2669 1815 2959 1873 Pharisazis
2986 1833 3115 1875 vero
3146 1821 3237 1892 qui
3270 1822 3373 1877 sibi

80 1912 241 1969 hanc
272 1923 491 1972 vestem
522 1916 741 1972 νίι-ιυιίε
767 1916 951 1983 habet,
996 1918 1090 1973 sed
1113 1927 1293 1974 tamen
1320 1918 1494 1974 adhuc
1516 1916 1696 1987 parte.
1720 1900 1768 1961 B
1795 1902 2120 1974 plaudebant
2144 1906 2198 1960 in
2213 1906 2428 1976 justitia
2457 1923 2488 1963 e
2514 1908 3124 1967 contrarionitentibus
3151 1928 3258 1968 non
3284 1914 3369 1970 de-

79 1996 177 2063 cie
206 2022 330 2065 non
368 2008 549 2074 habe"
591 2010 654 2064 ad
698 2010 770 2079 pii
798 2009 941 2079 regis
987 2010 1289 2082 ingressum-
1310 2011 1598 2081 άεερεηη
1626 2010 1694 2065 de
1791 1991 1921 2047 bere
1951 1995 2208 2065 populum
2234 1996 2331 2053 Dei
2356 1997 2447 2068 qui
2471 1998 2711 2054 decimas
2745 1998 3001 2067 solveret,
3023 2009 3080 2056 et
3101 2003 3375 2072 primitiva

77 2102 253 2155 venia
285 2115 403 2156 ηοη
430 2101 606 2158 δευρί,
637 2102 775 2170 Quia
812 2103 927 2173 ipse
970 2119 1184 2174 quoque
1220 2119 1371 2175 spem
1398 2104 1553 2160 nobis
1594 2120 1693 2175 per
1792 2086 1965 2152 daret,
1991 2096 2048 2143 et
2069 2096 2264 2145 caetera
2294 2105 2415 2159 quae
2439 2090 2493 2144 in
2523 2090 2640 2162 lege
2682 2091 2885 2160 scripta
2926 2100 3083 2158 sunt,
3121 2092 3373 2149 humanis

78 2190 455 2248 Psalmistatn
477 2194 720 2249 tribuens
750 2194 879 2249 dicit
904 2213 918 2250 :
944 2194 1318 2267 Imperfectum
1349 2212 1522 2250 meum
1544 2196 1689 2251 vide-

78 2292 214 2336 runt
246 2283 402 2338 oculi
423 2285 522 2350 tui,
554 2294 601 2339 et
632 2286 690 2339 in
713 2284 845 2355 libro
871 2294 962 2339 tuo
991 2302 1168 2341 omnes
1192 2287 1488 2343 scribentur
1513 2283 1683 2359 (Psal.

76 2374 393 2445 cxxxvm).

160 2465 321 2521 Tunc
362 2482 456 2521 rea:
492 2468 624 2523 dixit
665 2468 925 2525 ministris
949 2486 968 2525 :
991 2470 1193 2542 Ligatis
1230 2473 1447 2542 pedibus
1484 2475 1600 2544 ejus
1639 2485 1690 2530 et

75 2558 369 2623 manibus,
394 2560 582 2614 mittite
609 2577 728 2615 eum
766 2562 823 2616 in
864 2563 1100 2616 tenebras
1125 2566 1442 2630 exteriores,-
1483 2566 1555 2619 ibi
1590 2568 1690 2621 erit

73 2645 241 2713 ﬂetus
264 2657 317 2700 et
339 2648 543 2702 stridor
567 2649 824 2707 dentium.
860 2650 1124 2722 Ligantur
1160 2661 1286 2709 tunc
1311 2655 1477 2724 pedes
1501 2665 1554 2711 et
1576 2672 1690 2711 ma-

75 2750 184 2789 nus
212 2750 320 2806 per
348 2737 752 2795 districtionem
787 2742 1102 2808 sententiae,
1128 2743 1221 2812 qui
1252 2743 1410 2800 modo
1438 2762 1469 2799 a
1504 2748 1689 2814 pravis

76 2826 351 2895 operibus
385 2826 542 2898 ligari
572 2829 879 2897 noluerunt,
906 2839 968 2885 ut
985 2847 1083 2901 per
1110 2832 1538 2889 meliorationem
1566 2836 1691 2890 vita:

73 2918 545 2973 emendarentse.
567 2917 664 2974 Vel
686 2930 834 2977 certe
860 2931 988 2977 tunc
1010 2922 1139 2994 ligat
1161 2937 1340 2994 poma,
1372 2940 1510 2995 quos
1529 2926 1691 2981 modo

75 3022 109 3061 a
132 3008 301 3064 bonis
333 3010 599 3079 operibus
625 3010 812 3083 ligavit
838 3011 1014 3081 culpa.
1050 3011 1221 3069 Pedes
1250 3013 1393 3068 enim
1434 3015 1527 3084 qui
1559 3016 1689 3070 visi-

76 3107 203 3157 tare
233 3116 451 3173 zegrum
476 3102 778 3174 negligunt,
806 3119 998 3159 manus
1026 3119 1145 3174 quae
1166 3104 1300 3159 nihil
1326 3105 1689 3174 indigentibus

82 3192 370 3260 tribuunt,
395 3209 427 3249 a
456 3194 597 3251 bono
621 3209 788 3265 opere
817 3195 931 3266 jam
952 3211 1021 3251 ex
1044 3196 1320 3253 voluntate
1342 3197 1519 3269 ligatae
1538 3208 1683 3254 sunt.

1790 2175 1998 2249 legibus
2040 2178 2336 2248 subiacere.
2380 2181 2561 2238 Caesar
2602 2183 2876 2254 Augustus
2913 2182 3178 2241 Herodem
3205 2185 3372 2241 ﬁlium

1788 2266 2062 2338 Antipatri
2101 2270 2457 2343 alienigenam
2485 2281 2539 2328 et
2574 2274 2913 2347 proselytum
2951 2291 3135 2347 regem
3177 2276 3376 2335 Judaeis

1789 2362 2166 2427 constituerat,
2192 2372 2251 2417 ut
2282 2364 2501 2420 tributis
2536 2374 2826 2436 prmesset,
2853 2375 2909 2422 et
2930 2366 3175 2423 Romano
3217 2384 3375 2439 pare-

1790 2460 1874 2508 ret
1897 2454 2140 2524 imperio.
2175 2454 2395 2511 Mittunt
2420 2456 2586 2527 igitur
2619 2456 2910 2527 discipulos
2934 2473 3060 2513 suos
3088 2459 3244 2529 quasi
3269 2460 3373 2515 mi-

1790 2561 1895 2601 nus
1920 2548 2166 2618 cognitos
2192 2556 2355 2618 atque
2382 2556 2661 2619 suspectos
2682 2564 2806 2603 cum
2832 2546 3174 2613 Herodianis,
3193 2549 3247 2604 id
3267 2558 3371 2617 est,
3475 2578 3486 2590 ο

1785 2639 2059 2696 “militibus
2085 2639 2348 2707 Herodis;
2379 2655 2473 2694 seu
2501 2639 2852 2696 illudentibus
2897 2638 3217 2704 Pharisaeis,
3248 2642 3375 2711 quia

1790 2730 2052 2785 Romanis
2102 2730 2305 2785 tributa
2355 2730 2668 2795 solvebant,
2722 2738 2779 2784 et
2824 2744 2933 2784 non
2980 2729 3162 2786 divino
3207 2730 3376 2787 cultui

1790 2827 1948 2873 erant
1968 2818 2156 2884 dediti,
2182 2827 2243 2872 ut
2263 2826 2356 2872 aut
2382 2817 2701 2874 abscondite
2716 2817 2874 2873 facile
2895 2819 3207 2890 deciperent
3228 2835 3374 2886 eum,

1792 2921 1889 2965 aut
1956 2912 2269 2980 reprehensi
2335 2912 2515 2967 minus
2573 2911 2959 2966 erubescerent
3021 2911 3163 2981 apud
3228 2926 3372 2966 eum.

1791 2999 2027 3075 (Chrys.)
2052 3001 2184 3056 Nam
2206 3001 2433 3057 consilio
2454 3000 2599 3056 malo
2621 3000 2973 3070 deprehenso,
3016 3008 3167 3055 tanto
3195 3000 3377 3055 minus

1790 3095 2035 3150 nascitur
2067 3094 2332 3161 confusio,
2364 3102 2566 3165 quanto
2595 3094 2758 3149 fuerit
2785 3108 3016 3163 persona
3040 3094 3296 3149 deterior.

1862 3185 2140 3256 Magister,
2164 3188 2359 3241 scimus
2378 3227 2390 3251 ,
2416 3187 2541 3257 quia
2571 3201 2730 3239 veras:
2755 3202 2807 3239 es
2827 3225 2841 3251 ,
2869 3193 2917 3238 et
2948 3184 3004 3239 in
3031 3183 3250 3239 veritate
3276 3184 3373 3238 do-

80 3280 217 3349 Qua:
248 3251 390 3355 ergo
420 3299 563 3339 nunc
592 3251 786 3354 sponte
811 3251 1049 3357 ligantur
1081 3285 1133 3339 in
1158 3286 1290 3340 vitio
1319 3251 1448 3341 ωδε
1471 3287 1526 3341 in
1557 3303 1683 3358 sup-
1715 3251 1759 3314 C
1791 3294 1874 3331 ces
1894 3278 2027 3331 viam
2056 3276 2171 3343 Dei,
2195 3287 2242 3330 et
2265 3293 2369 3330 non
2394 3286 2468 3330 est
2494 3275 2587 3329 tibi
2610 3291 2737 3328 cura
2761 3275 2828 3329 de
2861 3273 3068 3346 aliqua,
3105 3290 3209 3328 non
3237 3274 3372 3328 enim

79 3373 255 3443 plicio
289 3374 531 3446 ligantur
560 3374 764 3431 invitm.
806 3375 951 3431 Bene
988 3385 1171 3431 autem
1210 3376 1426 3444 dicitur,
1457 3376 1599 3447 quod
1627 3378 1682 3433 in
1786 3369 1998 3440 respicis
2041 3386 2317 3439 personam
2357 3369 2649 3423 hominum.
2683 3367 2997 3438 Magistrum
3028 3381 3148 3421 eum
3178 3374 3376 3421 vocant

78 3466 398 3521 exteriores
450 3468 704 3523 tenebras
745 3467 1064 3539 projiciatur
1103 3488 1115 3523 :
1161 3471 1449 3527 interiores
1487 3472 1678 3541 quippe

1792 3469 1838 3517 et
1870 3476 2139 3524 veracem,
2169 3470 2227 3514 ut
2253 3460 2408 3530 quasi
2439 3461 2767 3524 honoratus,
2794 3467 2848 3513 et
2887 3458 3137 3512 laudatus
3172 3465 3371 3527 myste-

82 3555 356 3611 ‘cnebras
421 3556 651 3613 dicimus
720 3560 1021 3615 caecitatem
1089 3560 1270 3616 cordis
1294 3601 1309 3626 ,
1385 3562 1684 3617 exteriores

78 3659 218 3699 vero
268 3644 525 3699 tenebras
551 3652 811 3700 aeternam
856 3656 1070 3703 noctem
1104 3647 1486 3705 damnationis.
1532 3649 1682 3705 Tunc

79 3735 383 3789 damnatus
426 3734 655 3807 quisque
691 3751 800 3791 non
838 3737 894 3792 in
924 3739 1250 3807 interiores,
1297 3739 1389 3796 sed
1438 3740 1492 3794 in
1534 3750 1681 3796 exte-

79 3824 264 3880 riores
296 3826 551 3881 tenebras
598 3826 850 3882 mittitur.
895 3827 1032 3898 Quia
1078 3829 1190 3887 illic
1233 3829 1434 3885 invitus
1465 3830 1682 3902 projici-

79 3924 172 3970 tur
219 3916 277 3971 in
326 3925 539 3972 noctem
579 3917 941 3975 damnationis
964 3959 981 3986 ,
1008 3920 1100 3990 qui
1147 3929 1341 3992 sponte
1378 3922 1573 3977 cecidit
1623 3922 1676 3976 in

82 4008 396 4065 eiecitatem
428 4010 640 4077 cordis;
675 4011 767 4066 ubi
794 4010 952 4068 ﬂetus
985 4029 1203 4083 quoque
1229 4022 1285 4069 et
1312 4015 1514 4070 stridor
1548 4014 1678 4070 den-

82 4100 218 4154 tium
258 4116 380 4155 esse
408 4101 752 4173 perhibetur,
799 4112 858 4156 ut
901 4103 1011 4158 illic
1044 4105 1231 4158 dentes
1263 4104 1558 4171 strideant,
1584 4106 1675 4174 qui

83 4189 173 4244 hic
209 4191 277 4245 de
307 4189 579 4245 edacitate
603 4190 932 4261 gaudebant.
956 4189 1072 4245 Illic
1102 4191 1244 4246 oculi
1281 4190 1548 4257 deﬂeant,
1582 4194 1672 4262 qui

81 4283 171 4337 hic
195 4300 295 4354 per
319 4284 538 4339 illicitas
580 4284 1051 4354 concupiscentias
1077 4285 1451 4339 versabantur.
1479 4284 1676 4352 Quate-

83 4390 187 4428 nus
224 4374 440 4446 singula
469 4388 697 4445 quaeque
736 4374 975 4428 membra
1018 4374 1281 4443 supplicio
1325 4376 1670 4445 subjaceant,

82 4478 201 4532 qua:
223 4465 315 4519 hic
337 4463 564 4534 singulis
584 4464 885 4533 quibusque
910 4464 1055 4517 vitiis
1077 4464 1318 4534 subjecta
1342 4466 1670 4521 serviebant.

1782 3552 1923 3607 rium
1953 3553 2035 3606 sui
2058 3551 2238 3606 cordis
2262 3552 2343 3607 eis
2370 3550 2688 3621 simpliciter
2713 3550 2970 3621 aperiret,
2995 3557 3254 3620 tanquam
3275 3563 3369 3604 eos

1781 3644 1971 3702 volens
1999 3645 2200 3699 habere
2226 3642 2539 3714 discipulos.

1851 3736 1951 3790 Dic
1977 3752 2099 3806 ergo
2123 3736 2269 3790 nobis
2291 3735 2417 3807 quid
2444 3734 2537 3789 tibi
2558 3734 2761 3789 videtur
2785 3747 2805 3785 .'
2825 3731 2968 3787 Licet
3004 3748 3215 3787 censum
3236 3730 3366 3786 dare

1781 3824 2003 3891 Cwsari,
2034 3844 2102 3880 an
2125 3827 2268 3880 non?
2299 3825 2503 3881 Blanda
2541 3834 2597 3882 et
2626 3823 2969 3880 fraudulenta
3010 3824 3365 3895 interrogatio

1781 3917 1908 3972 illuc
1928 3924 2191 3987 provocat
2229 3916 2643 3987 respondentem
2665 3954 2681 3982 ,
2709 3924 2768 3969 ut
2806 3914 2979 3985 magis
3004 3915 3173 3969 Deum
3202 3929 3366 3983 quam

1779 4008 2052 4065 Caesarem
2083 4009 2291 4073 timeat,
2324 4016 2379 4061 et
2409 4007 2553 4061 dicat
2582 4022 2690 4061 non
2724 4006 2922 4061 debere
2952 4004 3151 4059 tributa
3194 4004 3363 4070 solvi,

1779 4111 1839 4155 ut
1870 4100 2054 4155 statim
2086 4100 2369 4154 audientes
2391 4097 2705 4164 Herodiani,
2738 4096 3018 4154 seditionis
3046 4104 3235 4151 contra
3258 4094 3367 4150 Ro-

1777 4209 1970 4248 manos
1995 4192 2293 4263 principem
2324 4197 2559 4246 teneant.
3332 4180 3345 4189 “

1848 4281 2070 4353 Cognita
2115 4291 2289 4335 autem
2332 4280 2490 4335 Jesus
2540 4279 2771 4349 nequitia
2819 4295 3021 4345 eorum,
3062 4280 3183 4333 ait:
3216 4277 3356 4345 Quid

1776 4392 1858 4429 me
1898 4375 2108 4428 tentatis
2136 4414 2150 4439 ,
2195 4371 2522 4443 hypocrilwl'
2570 4369 2686 4425 Non
2736 4370 3031 4426 secundum
3087 4385 3365 4425 sermones

1776 4479 1963 4519 eorum
2017 4463 2271 4534 paciﬁcos
2326 4463 2521 4517 blande
2570 4462 2872 4532 respondit,
2919 4462 3015 4517 sed
3070 4464 3363 4517 secundum

85 4554 190 4609 Sed
240 4556 462 4627 repulso
506 4571 616 4611 uno
658 4556 715 4610 in
763 4572 871 4627 quo
916 4556 1165 4611 videlicet
1210 4573 1370 4613 omne
1406 4559 1671 4615 malorum
1695 4597 1752 4657 Β
1777 4557 2165 4612 conscientiam
2187 4569 2376 4609 eorum
2400 4554 2674 4609 crudelem
2697 4563 2752 4609 et
2770 4570 3017 4625 asperam
3040 4554 3195 4609 dixit.
3221 4554 3359 4623 Quia

82 4659 283 4714 corpus
304 4645 652 4716 erprimitur,
680 4645 950 4718 generalis
976 4646 1227 4715 protinus
1252 4649 1519 4704 sententia
1539 4650 1669 4707 sub-
1695 4645 1745 4657 "
1775 4650 1919 4706 Deus
1945 4649 2263 4720 plerumque
2284 4649 2353 4702 ad
2377 4647 2613 4702 animam
2634 4646 2893 4717 loquitur,
2922 4662 3030 4702 non
3053 4647 3121 4702 ad
3146 4662 3361 4718 corpus,

84 4734 339 4801 infertur,
368 4735 496 4806 quia
522 4736 760 4791 dicitur:

153 4828 317 4883 Multi
366 4840 540 4883 autem
583 4838 706 4884 sunt
746 4830 941 4896 vocati,
970 4832 1127 4901 pauci
1169 4848 1289 4886 vero
1330 4831 1498 4888 electi.
1533 4833 1669 4890 Tre-

81 4920 341 4975 mendum
364 4919 520 4974 valde
537 4920 682 4990 quod
713 4920 1036 4976 audivimus.
1067 4921 1206 4977 Ecce
1230 4938 1327 4979 nos
1352 4938 1541 4979 omnes
1554 4924 1669 4994 jam

82 5013 258 5067 vocati
285 5026 389 5083 per
411 5010 573 5067 ﬁdem
599 5012 668 5066 ad
692 5012 930 5069 ccelestis
972 5015 1114 5086 regis
1144 5017 1360 5086 nuptias
1388 5019 1664 5086 venimus,

84 5102 481 5160 incarnationis
512 5105 630 5177 ejus
660 5106 978 5176 mysterium
1009 5116 1066 5162 et
1096 5109 1369 5165 credimus
1406 5120 1461 5165 et
1492 5112 1662 5167 conﬁ-

87 5200 281 5262 temur,
310 5195 476 5250 divini
506 5197 654 5253 verbi
679 5196 867 5267 epulas
888 5198 1184 5265 sumimus,
1208 5199 1254 5253 si
1284 5215 1470 5256 sumus
1506 5201 1663 5259 electi

86 5290 380 5346 nescimus.
403 5289 577 5344 Tanto
607 5305 736 5360 ergo
769 5306 993 5347 necesse
1033 5300 1148 5357 est,
1193 5301 1253 5345 ut
1296 5295 1667 5365 unusquisque

88 5393 338 5438 nostrum
384 5382 438 5437 in
480 5381 785 5436 humilitate
829 5397 888 5437 se
927 5384 1225 5455 deprimat,
1263 5394 1467 5453 quanto
1513 5386 1559 5440 si
1601 5387 1671 5441 sit

90 5474 293 5534 electus
335 5478 568 5549 ignorat.
603 5472 856 5533 Nonnulli
896 5479 1043 5534 enim
1070 5480 1207 5535 bona
1242 5495 1343 5537 nec
1370 5481 1667 5552 incipiunt;

93 5568 329 5625 nonnulli
355 5583 484 5624 vero
505 5569 558 5623 in
584 5568 738 5624 bonis
776 5583 897 5640 quae
928 5569 1247 5640 inceperunt
1290 5570 1515 5627 minime
1541 5587 1664 5642 per-

94 5657 305 5715 sistunt.
326 5660 478 5715 Alter
498 5676 639 5733 pene
671 5667 839 5715 totam
878 5661 1045 5715 vitam
1076 5662 1274 5717 ducere
1310 5664 1366 5717 in
1395 5664 1669 5733 pravitate

96 5752 437 5820 COllSplClIUI‘,
461 5752 550 5807 sed
577 5752 733 5821 juxta
759 5751 921 5806 ﬁnem
943 5752 1068 5806 vita:
1094 5769 1124 5805 a
1153 5754 1425 5823 pravitate
1448 5771 1544 5809 sua
1569 5770 1665 5825 per

98 5841 348 5900 districta:
390 5844 719 5916 pamitentite
758 5844 994 5902 lamenta
1036 5854 1338 5902 revocatur.
1382 5845 1534 5903 Alter
1557 5846 1665 5902 ele-

1776 4740 2144 4796 voluntatibus
2177 4738 2484 4809 respondet,
2509 4754 2614 4792 non
2651 4738 2850 4793 verbis.
2880 4736 3150 4810 (Ηὶενοη.)
3181 4737 3363 4792 Prima

1778 4832 1953 4887 virtus
1985 4841 2070 4887 est
2098 4832 2473 4901 respondentis
2518 4830 2966 4903 interrogantium
2998 4842 3237 4887 mentem
3274 4848 3365 4888 co-

1781 4938 2076 4996 gnoscere,
2136 4938 2243 4977 non
2296 4921 2622 4992 discipulos,
2663 4922 2755 4976 sed
2803 4929 3099 4977 tentatores
3144 4938 3361 4977 vocare.

1778 5014 2069 5086 Hypocrita
2098 5029 2227 5085 ergo
2254 5013 2571 5084 appellatur,
2603 5014 2695 5084 qui
2726 5014 2870 5068 aliud
2899 5022 3000 5079 est,
3034 5022 3089 5068 et
3117 5014 3258 5068 aliud
3291 5014 3363 5069 si-

1779 5106 1981 5172 mulat;
2010 5106 2154 5160 aliud
2176 5090 2341 5175 opere
2375 5106 2504 5176 agit,
2538 5105 2682 5160 aliud
2705 5120 2836 5160 voce
2866 5106 3178 5176 praetendit.

1849 5197 2117 5252 Ostendite
2145 5196 2275 5251 mihi
2312 5199 2575 5251 numisma
2604 5213 2812 5251 census.
2850 5196 2915 5250 At
2947 5196 3025 5250 illi
3068 5194 3362 5250 obtulerunt

1774 5292 1822 5345 ei
1846 5290 2142 5344 denarium.
2179 5289 2454 5359 Sapientia
2481 5304 2695 5360 semper
2715 5289 2991 5359 sapienter
3015 5288 3146 5361 agit,
3173 5297 3232 5344 ut
3250 5289 3362 5345 suis

1773 5382 2118 5454 potissimum
2186 5388 2484 5437 tentatores
2548 5381 2894 5436 sermonibus
2964 5380 3355 5436 confutentur:

1774 5473 2045 5530 Ostendite
2098 5473 2265 5538 mihi,
2313 5471 2523 5543 inquit,
2573 5471 2875 5537 denarium,
2903 5470 3010 5526 hoc
3057 5478 3141 5526 est
3191 5487 3360 5543 genus

1773 5567 2002 5631 nummi,
2026 5565 2169 5637 quod
2199 5579 2297 5634 pro
2319 5564 2505 5619 decem
2534 5562 2773 5617 nummis
2794 5562 3182 5633 imputabatur,
3199 5561 3358 5619 simul

1770 5669 1826 5717 et
1860 5661 2097 5715 habebat
2128 5658 2414 5729 imaginem
2448 5657 2695 5713 Caesaris.

1838 5752 1907 5805 Et
1934 5754 2008 5805 ait
2040 5750 2144 5803 illis
2189 5749 2345 5802 Iesus
2368 5761 2386 5798 :
2411 5746 2577 5817 Cujus
2618 5757 2690 5801 est
2741 5748 2913 5816 imago
2942 5746 3054 5799 lum:
3092 5755 3140 5799 et
3172 5758 3357 5813 supra—

1763 5844 2019 5915 scriptio?
2041 5841 2145 5911 Qui
2166 5848 2357 5913 putant
2381 5839 2857 5910 interrogationem
2881 5833 3179 5893 Salvatoris
3200 5832 3353 5905 igno-
