3898 6460
496 306 519 361 1
529 306 636 364 059

1148 305 1211 362 Β.
1252 304 1506 362 RABANI
1544 302 1763 359 MAURI
1799 300 2117 358 ARCHIEP.
2159 299 2468 357 MOGUNT.
2507 299 2792 357 OPEBUM
2829 299 3010 357 PARS
3046 301 3089 357 l.

3650 299 3776 356 ωσι

492 423 723 480 rantiam
771 438 923 490 esse,
968 436 1023 479 et
1060 438 1167 479 non
1214 423 1673 494 dispensationem
1700 461 1714 487 ,
1758 418 1969 474 discant
1996 431 2063 471 ex
2093 418 2147 479 Α
2241 414 2309 468 In
2351 415 2727 469 resurrectione
2766 431 2887 486 ergo
2930 415 3082 485 cujus
3120 417 3221 471 erit
3255 417 3324 471 de
3358 424 3573 486 septem
3610 418 3779 471 stan

490 516 746 588 praesenti
773 515 892 572 loco
911 556 925 581 ,
955 515 1099 585 quod
1128 515 1315 584 utique
1342 516 1580 586 potuerit
1604 514 1746 571 scire
1778 510 1936 567 Jesus
1972 525 2062 564 cu-

490 606 575 678 ius
604 608 783 678 imago
807 608 1024 663 essetin
1047 620 1294 672 nummo,
1318 607 1412 661 sed
1436 608 1755 677 interrogat,
1781 610 1840 658 ut
1864 602 1933 656 ad
1956 615 2058 656 ser-

488 712 702 755 monem
733 712 920 755 eorum
947 705 1319 769 competenter
1346 698 1688 767 respondeat.

557 792 750 848 Dicunt
794 795 843 847 ei
869 834 884 859 ,
924 791 1173 848 Cerealis.
1220 791 1365 846 Tunc
1396 792 1470 845 ait
1514 790 1659 844 illis:
1686 789 1907 844 Reddite
1942 800 2065 857 ergo

484 896 602 955 quia
624 892 745 940 sunt
768 883 1022 951 Cesaris,
1046 884 1247 939 Cresari
1272 897 1290 934 :
1319 892 1368 936 et
1387 898 1505 953 quis
1522 890 1643 936 sunt
1666 882 1782 946 Dei,
1805 881 1936 935 Deo.
1966 879 2066 934 Hic

487 978 756 1033 Caesarem
784 993 890 1033 non
921 984 1171 1048 putemus
1198 974 1498 1046 Augustum
1518 1014 1534 1039 ,
1563 974 1658 1029 sed
1690 972 1964 1027 Tiberium
1994 971 2068 1026 si—

481 1072 765 1142 gniﬁcari,
806 1072 1114 1144 privignum
1144 1068 1291 1138 ejus,
1320 1068 1412 1136 qui
1461 1068 1518 1121 in
1566 1067 1684 1122 loco
1731 1069 2068 1121 successerat

480 1164 680 1227 vitrici,
712 1162 812 1217 sub
833 1170 939 1231 quo
961 1172 1016 1217 et
1041 1178 1234 1232 passus
1260 1170 1343 1215 est
1368 1160 1646 1214 Dominus.
1663 1158 1865 1213 Omnes
1886 1164 2065 1211 autem

481 1268 637 1325 reges
667 1248 895 1310 Romani
925 1268 955 1306 a
982 1254 1159 1323 primo
1178 1250 1240 1307 Ο.
1261 1250 1495 1315 Caesare,
1518 1248 1608 1318 qui
1630 1247 1914 1317 imperium
1936 1245 2069 1299 arri-

478 1353 692 1413 puerat,
714 1344 957 1399 Caesares
980 1341 1231 1413 appellati
1258 1350 1404 1399 sunt.
1425 1340 1617 1405 Porro,
1640 1338 1781 1408 quod
1806 1337 1904 1402 ait,
1930 1335 2069 1391 Red-

478 1437 585 1490 dite
624 1454 742 1507 qua:
785 1447 907 1491 sunt
955 1434 1207 1500 Caesaris,
1258 1432 1476 1498 Cwsari,
1526 1431 1580 1485 id
1618 1438 1723 1495 est,
1761 1443 2061 1491 nummum,

479 1525 765 1591 tributum,
790 1530 847 1579 et
873 1525 1177 1595 pecuniam.
1208 1522 1274 1577 Et
1302 1538 1420 1594 quia
1441 1531 1561 1577 sunt
1591 1519 1717 1585 Dei,
1744 1519 1852 1574 Deo
1870 1560 1885 1584 ,
1914 1518 2062 1574 deci-

479 1630 598 1670 mas
635 1624 691 1671 et
732 1615 1020 1685 primitias,
1050 1623 1106 1669 et
1131 1613 1432 1669 oblationes
1451 1651 1465 1677 ,
1497 1626 1561 1666 ac
1582 1611 1831 1665 victimas
1859 1609 2064 1663 sentia-

478 1716 620 1771 mus,
644 1706 917 1777 quomodo
935 1714 989 1762 et
1012 1707 1127 1777 ipse
1151 1704 1328 1760 reddit
1358 1705 1562 1760 tributa
1575 1716 1676 1773 pro
1698 1720 1776 1769 se,
1794 1710 1849 1757 et
1869 1702 2058 1768 Petro;

2168 525 2343 565 omnes
2364 510 2503 564 enim
2524 508 2817 565 habuerunt
2844 525 2982 563 eam.
3013 509 3198 581 (8η.)
3228 508 3672 580 Turpitudinem
3704 509 3777 565 ia-

2167 598 2308 655 bulae
2334 608 2643 670 opponunt,
2686 607 2749 654 ut
2788 600 3213 655 resurrectionis
3248 599 3541 672 denegem
3582 601 3779 655 verita-

2168 701 2294 749 tem.
2330 694 2528 749 Verum
2560 692 2790 763 mystice
2812 701 3017 763 septem
3057 692 3112 748 hi
3142 692 3349 749 fratres
3376 694 3511 748 sine
3541 692 3680 749 ﬁliis
3704 696 3777 749 de»

2168 784 2338 839 functi
2362 783 2606 853 reprobis
2633 784 2937 853 quibusque
2971 791 3294 854 congruunt,
3321 783 3422 852 qui
3466 798 3577 852 per
3618 793 3775 840 tutan

2168 876 2326 945 huius
2368 877 2552 932 saeculi
2581 877 2778 941 vitam,
2808 892 2929 948 quae
2969 885 3176 948 septem
3213 877 3416 932 diebus
3446 876 3723 941 volvitur,
3750 898 3777 933 ι

2168 968 2326 1023 bonis
2354 970 2608 1038 operibus
2638 970 2852 1025 steriles
2881 970 3142 1025 existunt.
3180 969 3399 1037 Quibus
3432 971 3664 1027 viritim
3688 975 3776 1027 ni-

2166 1073 2287 1114 sera
2309 1070 2486 1116 morte
2509 1062 2814 1132 praereptis,
2846 1061 2916 1116 ad
2944 1060 3193 1116 ultimum
3239 1070 3295 1115 et
3342 1061 3471 1131 ipsa
3504 1062 3773 1117 mundam

2165 1152 2504 1207 conversatio
2545 1167 2711 1221 quam
2752 1152 2827 1207 illi
2876 1154 3081 1222 absque
3123 1151 3304 1207 fructu
3352 1152 3559 1208 vitalis
3607 1155 3773 1224 operis

2166 1254 2478 1313 exegerant,
2500 1245 2654 1313 quasi
2682 1259 2817 1299 uxor
2842 1243 3129 1299 infecunda
3158 1244 3448 1299 transibit.

2236 1334 2575 1405 Respondeas
2596 1346 2769 1395 autem
2789 1334 2971 1401 Iesus,
2993 1337 3067 1389 ait
3095 1334 3237 1389 illis:
3264 1334 3527 1399 Erratis,
3551 1352 3773 1390 nescies-

2166 1434 2239 1481 tes
2255 1425 2577 1498 Scripturas,
2594 1444 2757 1498 neque
2772 1429 3009 1481 virtutem
3022 1426 3141 1481 Dei.
3159 1425 3447 1497 (Hieron.)
3474 1426 3770 1494 Propterea

2167 1527 2372 1586 errant,
2398 1520 2527 1589 quia
2555 1518 2865 1589 Scriptores
2889 1518 3170 1583 nesciunt,
3197 1525 3256 1573 et
3285 1518 3424 1587 quia
3460 1516 3770 1588 Scriptura

2166 1609 2417 1680 ignorant
2434 1618 2830 1679 consequenter
2850 1610 3104 1665 nesciunt
3128 1610 3400 1664 virtutem
3422 1610 3562 1674 Dei,
3588 1610 3769 1684 honest

2165 1700 2464 1768 Christum,
2485 1702 2578 1773 qui
2602 1714 2690 1758 est
2714 1701 2808 1758 Dei
2830 1702 3025 1766 virtus,
3054 1708 3110 1755 et
3136 1701 3234 1758 Dei
3261 1701 3587 1772 sapientia.

477 1803 533 1849 et
560 1794 670 1851 Deo
693 1788 888 1867 reddit,
915 1804 1035 1865 quae
1063 1788 1159 1850 Dei
1190 1803 1344 1860 sunt,
1372 1793 1577 1849 faciens
1602 1792 1781 1848 Patris
1810 1793 2057 1848 volunta-
2087 1789 2137 1850 B
2237 1793 2306 1849 In
2330 1795 2708 1849 resurrectione
2732 1795 2871 1861 enim
2908 1810 3073 1864 neque
3112 1792 3335 1859 nubent,
3370 1808 3560 1864 neque
3589 1793 3771 1847 usus.

479 1893 606 1941 tem.
664 1880 874 1941 Aliter:
911 1880 1133 1941 Reddite
1171 1902 1287 1957 qua:
1326 1884 1553 1940 Cwsaris
1587 1890 1707 1938 sunt
1746 1884 1973 1948 Cwsari,
2013 1888 2063 1938 et

473 1992 593 2049 qua:
626 1968 719 2034 Dei
747 1978 868 2034 sunt
907 1972 1039 2034 Deo.
1071 1979 1256 2051 (Aug.)
1303 1978 1764 2045 Quemadmodum
1806 1974 1986 2031 (lassor
2029 1990 2061 2030 a

472 2069 627 2126 vobis
654 2071 823 2141 exigit
846 2069 1258 2142 impressionem
1281 2068 1534 2139 imaginis
1556 2082 1687 2133 suae,
1712 2066 1793 2123 sic
1813 2074 1868 2122 et
1895 2068 2055 2134 Deus,

472 2167 533 2213 ut
562 2157 1020 2229 quemadmodum
1049 2159 1125 2213 illi
1152 2158 1398 2213 redditur
1418 2172 1687 2223 nummus,
1710 2158 1790 2211 sic
1811 2156 1923 2211 Deo
1942 2157 2061 2210 ani-

472 2260 562 2303 ma
590 2247 792 2304 lumine
813 2247 992 2304 vultus
1016 2247 1134 2318 ejus
1164 2248 1433 2303 illustrata
1469 2254 1633 2318 atque
1651 2248 1881 2318 signata.
1908 2246 2061 2302 Unde

471 2340 760 2397 Psalmista
778 2360 792 2396 :
813 2339 1089 2413 Signatum
1112 2352 1211 2407 est,
1235 2342 1429 2411 inquit,
1450 2341 1504 2393 in
1531 2339 1677 2393 nobis
1698 2339 1871 2393 lumen
1886 2338 2059 2393 rultus

469 2435 580 2498 tui,
610 2432 832 2489 Domine
854 2426 1026 2506 (Psai.
1058 2432 1152 2504 tv).
1180 2432 1294 2487 Hoc
1321 2447 1534 2501 quoque
1562 2430 1743 2486 lumen
1770 2439 1856 2486 est
1884 2437 2057 2485 totum

473 2523 711 2580 hominis
734 2532 789 2579 et
810 2532 998 2579 verum
1024 2523 1226 2579 bonum
1246 2524 1390 2592 quod
1411 2536 1519 2578 non
1544 2522 1735 2587 oculis,
1758 2523 1851 2578 sed
1876 2530 2058 2576 mente

469 2616 823 2685 conspicitur.
854 2614 1140 2686 Signatum
1164 2623 1346 2671 autem
1372 2616 1508 2671 dixit
1532 2615 1585 2670 in
1603 2615 1779 2680 nobis,
1798 2624 2055 2683 tanquam

468 2707 725 2763 denarius
748 2708 993 2780 signatur
1023 2708 1166 2780 regis
1203 2709 1456 2779 imagine.
1488 2706 1662 2764 Homo
1686 2707 1834 2763 enim
1874 2706 2054 2762 factus

466 2804 550 2853 est
577 2796 646 2852 ad
676 2798 965 2869 imaginem
1000 2804 1057 2853 et
1103 2796 1513 2854 similitudinem
1550 2795 1679 2865 Dei,
1720 2808 1884 2869 quam
1932 2812 2055 2867 pee-

465 2884 638 2942 cando
681 2888 946 2960 corrupit.
987 2886 1193 2944 Bonum
1234 2905 1365 2961 ergo
1393 2888 1507 2959 ejus
1552 2896 1635 2947 est
1672 2905 1861 2947 verum
1888 2899 2052 2961 atque

461 2986 748 3044 aeternum,
776 2979 822 3034 si
844 2980 1184 3037 renascendo
1213 2981 1473 3054 signetur.

540 3071 606 3124 Et
629 3071 927 3142 audientes,
950 3075 1128 3129 mirati
1161 3084 1302 3129 sunt.
1342 3075 1445 3144 Qui
1485 3075 1710 3131 credere
1747 3075 2051 3132 debuerant

2164 1893 2270 1937 tur.
2302 1884 2495 1941 Latina
2525 1884 2860 1940 consuetudo
2885 1883 3075 1941 Graeco
3104 1884 3360 1940 idiomati
3398 1899 3531 1939 non
3560 1899 3771 1954 respui-

2165 1976 2274 2030 det.
2302 1976 2518 2032 Nubere
2545 1976 2693 2031 enim
2726 1976 2945 2047 proprie
2979 1975 3237 2031 dicuntur
3261 1975 3580 2041 mulieres,
3608 1986 3665 2030 et
3690 1976 3772 2030 viri

2164 2080 2361 2121 uxores
2388 2066 2606 2122 ducere.
2632 2064 2741 2121 Sed
2766 2081 2866 2122 nos
2898 2066 3219 2136 simpliciter
3248 2067 3483 2125 dictum
3512 2067 3772 2139 intelliga-

2162 2173 2301 2222 mus,
2333 2159 2477 2229 quod
2496 2159 2706 2215 nubere
2734 2160 2801 2219 de
2833 2159 2983 2225 viris,
3010 2168 3066 2215 et
3091 2157 3218 2215 nubi
3246 2158 3318 2214 de
3344 2158 3645 2215 uxoribus
3666 2160 3773 2214 seri-

2159 2257 2313 2319 ptum
2341 2250 2433 2306 sit.
2461 2248 2521 2304 Si
2553 2250 2608 2304 in
2649 2250 3048 2306 resurrectione
3078 2264 3185 2304 non
3210 2250 3444 2311 nubent
3472 2265 3667 2319 neque
3689 2267 3769 2305 nl-

2159 2343 2382 2407 bentur,
2412 2350 2699 2413 resurgent
2722 2356 2852 2410 ergo
2874 2357 3102 2411 corpora
3124 2357 3248 2411 quae
3279 2350 3545 2412 possunt
3590 2342 3770 2399 nutat

2160 2441 2215 2487 et
2245 2434 2398 2488 nubi.
2429 2432 2599 2488 Nemo
2640 2432 2839 2503 quippe
2878 2432 3010 2489 dicit
3056 2432 3125 2487 de
3155 2431 3340 2502 lapide
3371 2442 3439 2486 et
3462 2433 3707 2493 arbore.
3728 2444 3769 2487 et

2159 2524 2245 2580 bis
2270 2525 2457 2591 rebus,
2478 2540 2599 2595 quae
2632 2540 2743 2581 non
2773 2525 2976 2580 habent
3008 2524 3255 2583 membra
3286 2523 3613 2594 genitalia,
3648 2524 3767 2594 quod

2156 2631 2268 2672 non
2312 2615 2554 2681 nubant,
2585 2631 2761 2687 neque
2797 2614 3092 2681 nubantur,
3129 2614 3225 2669 sed
3262 2613 3332 2669 de
3378 2613 3477 2668 bis
3503 2614 3633 2684 qui,
3663 2630 3767 2668 cun

2155 2708 2365 2779 possint
2393 2710 2618 2774 nubere,
2645 2718 2828 2763 tamen
2856 2707 2963 2762 alia
2984 2706 3193 2763 ratione
3212 2721 3327 2763 non
3347 2705 3616 2761 nubunt.
3633 2705 3764 2772 Quid

2157 2811 2340 2857 autem
2370 2800 2627 2868 infertur,

2226 2891 2330 2948 Sed
2363 2902 2483 2948 sunt
2508 2894 2642 2947 sicut
2664 2890 2837 2963 angeli
2863 2890 2961 2946 Dei
2989 2892 3046 2945 in
3079 2889 3206 2946 male
3243 2889 3479 2962 (nam),

2155 2987 2555 3057 repromittitur
2576 2985 2937 3040 conversatio.
2971 2984 3109 3040 Sunt
3131 2984 3281 3039 enim
3318 2984 3478 3040 sicut
3503 2985 3687 3056 angeli
3713 2986 3755 3038 is

2155 3078 2330 3144 caelis,
2352 3078 2445 3148 qui
2470 3078 2641 3149 gloria
2667 3076 3088 3133 resurrectionis
3116 3078 3390 3142 innovati,
3420 3079 3645 3149 absque
3666 3078 3753 3133 Idle

466 3161 535 3217 ad
568 3169 771 3217 tantam
818 3154 1135 3235 sapientiam
1182 3167 1364 3222 mirati
1412 3176 1568 3233 sunt,
1602 3169 1746 3237 quod
1779 3168 2044 3226 calliditas
2070 3175 2117 3241 α
2147 3171 2340 3227 mortis
2366 3179 2544 3234 metu,
2578 3170 2782 3239 absque
2804 3167 2907 3222 ulla
2955 3167 3074 3223 labe
3104 3168 3494 3238 corruptionis
3514 3210 3535 3233 ,
3562 3170 3753 3239 absque

460 3273 649 3314 eorum
678 3258 969 3314 insidiandi
1000 3274 1105 3315 non
1132 3260 1429 3316 invenisset
1458 3261 1657 3316 locum.

533 3346 625 3415 Et,
659 3347 836 3404 relicto
870 3364 953 3416 eo,
984 3351 1245 3407 abierunt.
1273 3350 1648 3409 lnlldelitatem
1686 3354 1891 3410 pariter
1918 3369 2042 3409 cum

461 3438 727 3494 miraculo
758 3448 1118 3511 reportantes.
1580 3438 1587 3445 ’

535 3526 670 3602 μη]
710 3529 779 3584 In
808 3530 902 3585 illa
931 3532 1014 3587 die
1041 3545 1370 3589 accesserunt
1414 3536 1483 3590 ad
1522 3534 1673 3591 illum
1722 3536 2037 3605 Sadducaai,

460 3623 549 3691 qui
577 3622 757 3675 dicunt
781 3639 886 3677 non
913 3640 1023 3678 esse
1052 3628 1501 3681 resurrectionem.
1530 3622 1662 3683 Duae
1688 3637 1843 3683 erant
1869 3630 2062 3684 Μωρέ

458 3727 546 3767 ses
579 3713 635 3767 in
661 3702 895 3781 Judzeis,
929 3730 1033 3769 una
1083 3715 1481 3773 Pltariszrorum
1522 3726 1577 3774 et
1619 3719 1791 3775 altera
1831 3719 2041 3775 Saddu—

459 3818 714 3861 canorum.
762 3798 1023 3863 Pbariswi
1070 3810 1419 3865 traditionum
1456 3820 1510 3867 et
1556 3813 1995 3869 Observationum
2022 3855 2036 3879 ,

464 3916 601 3970 quas
624 3899 699 3955 illi
728 3908 925 3956 vocant
958 3899 1303 3970 Deuterosis,
1338 3904 1605 3974 justitiam
1647 3906 2037 3978 prazfet‘ebant,

457 3992 599 4047 unde
635 4001 692 4046 et
733 3980 887 4047 divisi
923 3992 1256 4049 vocabantur
1298 4010 1327 4050 a
1365 3994 1579 4071 populo.
1625 3992 1905 4054 Sadducaai
1944 4013 2042 4053 au-

461 4093 587 4149 tem,
622 4084 714 4153 qui
759 4084 1254 4155 interpretabantur
1282 4087 1418 4157 justi
1443 4129 1457 4154 ,
1490 4097 1545 4144 et
1571 4089 1670 4159 ipsi
1694 4090 2040 4146 vindicabant

458 4175 559 4230 sibi
591 4175 734 4243 quod
762 4191 870 4228 non
899 4185 1071 4230 erant.
1094 4177 1372 4233 Prioribus
1402 4185 1457 4232 et
1484 4182 1729 4248 corporis
1761 4191 1817 4236 et
1845 4184 2040 4239 animm

453 4262 910 4319 resurrectionem
957 4266 1333 4334 credentibus,
1358 4270 1846 4342 contitentibusque
1877 4289 2038 4345 ange-

458 4356 538 4411 los
558 4397 572 4423 ,
603 4362 658 4411 et
683 4356 933 4428 spiritus;
964 4368 1252 4430 sequentes
1283 4362 1438 4433 juxta
1477 4362 1612 4418 Acta
1637 4365 2001 4435 apostolorum
2020 4409 2036 4435 ,

456 4448 638 4502 omnia
668 4447 1021 4520 denegabant.
1044 4449 1165 4506 Ista:
1201 4461 1327 4508 sunt
1356 4452 1476 4509 dua:
1513 4456 1723 4522 domus,
1750 4455 1816 4512 de
1839 4459 2035 4527 quibus

450 4538 620 4593 Isaias
651 4538 990 4595 manifestius
1020 4539 1193 4597 docet.

528 4625 593 4682 Et
620 4629 1066 4701 interrogaverunt
1083 4642 1226 4699 eum,
1248 4622 1475 4690 dicentes
1493 4649 1512 4688 :
1531 4630 1805 4707 Magister,
1827 4626 2032 4709 Moyses

454 4720 627 4775 dixit:
664 4721 726 4777 Si
751 4724 867 4793 quis
889 4733 1129 4779 mortuus
1155 4724 1312 4795 fuerit
1361 4742 1466 4781 non
1506 4728 1700 4783 habens
1740 4728 1941 4798 ﬁlium,
1975 4742 2032 4786 ut

451 4812 607 4865 ducat
630 4812 799 4882 frater
824 4814 941 4883 ejus
966 4830 1181 4870 uxorem
1210 4816 1376 4883 illius,
1406 4827 1455 4872 et
1477 4820 1688 4874 suscitet
1710 4836 1885 4876 semen
1913 4822 2027 4892 fra-

450 4903 518 4955 tri
538 4919 656 4957 suo.
686 4901 858 4958 Erant
880 4914 1053 4960 autem
1081 4907 1221 4977 apud
1246 4924 1339 4962 nos
1363 4918 1553 4980 septem
1582 4911 1805 4981 fratres,
1848 4923 1895 4967 et
1926 4916 2037 4984 pri-

450 5010 564 5047 mus
590 5009 752 5047 uxore
786 4993 944 5049 ductu
973 4995 1253 5066 defunctus
1287 5008 1385 5065 est,
1413 5010 1460 5054 et
1490 5017 1593 5054 non
1624 5000 1818 5057 habens
1861 5021 2035 5059 semen

450 5084 657 5155 reliquit
690 5100 907 5140 uxorem
936 5102 1086 5141 suam
1127 5088 1284 5158 fratri
1312 5108 1426 5146 suo.
1464 5091 1719 5149 Similiter
1749 5090 2033 5164 secundus,

450 5184 496 5225 et
526 5175 709 5228 tertius
739 5190 904 5246 usque
932 5178 1000 5230 ad
1041 5180 1336 5246 septimum.
1383 5180 1676 5239 Novissime
1715 5197 1887 5240 autem
1916 5200 2025 5242 om-

448 5263 592 5315 nium
627 5273 672 5318 et
704 5264 892 5320 mulier
915 5266 1164 5336 defuncta
1184 5280 1278 5325 est.
1306 5271 1408 5339 Qui
1436 5276 1880 5331 resurrectionem
1900 5294 2024 5332 cor-

450 5368 641 5425 porum
689 5372 795 5412 non
842 5356 1136 5415 credebant
1188 5363 1397 5420 animas
1440 5366 1746 5437 iudicantes
1798 5370 2022 5426 interire

448 5462 571 5502 cum
615 5453 930 5519 corporibus
963 5458 1111 5511 recte
1154 5456 1457 5514 istiusmodi
1506 5458 1713 5531 lingunt
1747 5460 2017 5530 fabulam,

446 5556 567 5612 quae
596 5542 934 5600 deliranienti
962 5557 1152 5619 arguat
1178 5565 1303 5616 eos,
1331 5552 1421 5621 qui
1458 5554 1905 5608 resurrectionem
1937 5570 2022 5610 as-

443 5642 631 5689 serunt
655 5650 961 5705 corporum.
988 5640 1173 5699 Potest
1201 5651 1381 5699 autem
1414 5646 1527 5700 licri
1549 5654 1607 5700 ut
1634 5659 1758 5700 vero
1789 5646 1840 5700 in
1862 5656 2020 5717 gente

439 5744 628 5784 oorttm
662 5728 765 5784 hoc
798 5731 1074 5789 acciderit.

2147 3261 2256 3317 ullo
2284 3261 2484 3316 terreni
2513 3267 2688 3315 status
2710 3267 2831 3314 actu
2848 3298 2865 3325 ,
2898 3267 3156 3330 perpetua
3182 3258 3281 3314 Dei
3317 3255 3545 3316 visione
3568 3259 3750 3314 fmu-

2146 3360 2252 3406 tur.
2284 3352 2366 3406 Ad
2396 3360 2559 3421 quam
2585 3364 2808 3406 necesse
2826 3359 2911 3405 est
2939 3350 3195 3422 angelica:
3214 3350 3512 3422 dignitatis
3538 3353 3749 3424 equali-

2144 3453 2310 3501 tatem
2356 3443 2604 3514 quisquis
2631 3441 3263 3509 ascenderedesiderat,
3306 3459 3465 3499 nunc
3500 3446 3750 3501 minima

2143 3538 2404 3594 fratribus
2446 3537 2534 3608 pie
2574 3537 2784 3608 agendo
2813 3536 3227 3592 condescendat.
3254 3535 3327 3591 Et
3372 3538 3501 3593 haec
3533 3538 3747 3609 quidem

2143 3631 2620 3688 condescendde
2647 3631 2715 3686 de
2748 3630 3161 3686 resurrectionis
3181 3631 3604 3687 conditionibus
3626 3649 3741 3703 pso-

2139 3727 2330 3796 positae
2356 3724 2587 3781 reddidit
2609 3724 2913 3794 quastioni.
2934 3724 3009 3779 De
3037 3724 3154 3794 ipsa
3177 3738 3312 3782 vero
3339 3727 3740 3782 resurrectione

2142 3817 2430 3872 adversum
2456 3815 2830 3872 inﬁdelitatem
2855 3830 3044 3871 eorum
3072 3815 3147 3870 ita
3171 3815 3387 3872 locutus
3410 3826 3505 3872 est
3531 3836 3547 3871 :

2212 3906 2290 3961 De
2336 3907 2720 3962 resurrectione
2765 3914 2939 3961 autem
2979 3915 3306 3961 mortuorum
3351 3923 3467 3962 non
3514 3907 3733 3980 legistis,

2140 3998 2279 4069 quod
2300 3999 2500 4052 dictum
2524 4006 2601 4053 est
2625 3997 2766 4053 vobis
2794 4014 2829 4051 a
2866 3997 2978 4052 Deo
3018 3994 3221 4052 dicente
3239 4011 3258 4049 :
3287 3996 3413 4069 Ego
3448 4015 3574 4053 sua
3606 3999 3735 4055 Das

2139 4090 2428 4157 Abraham,
2451 4100 2498 4146 et
2530 4090 2671 4145 Deus
2696 4089 2871 4157 Isaac,
2893 4099 2943 4145 et
2964 4090 3106 4146 Deus
3136 4088 3329 4146 Iacob.
3371 4091 3465 4148 Ad
3494 4108 3735 4164 compro-

2140 4183 2374 4238 baudam
2410 4183 2827 4238 resurrectionis
2865 4182 3153 4237 veritatem
3191 4182 3369 4237 multo
3408 4184 3542 4239 aliis
3569 4185 3736 4239 Inani-

2140 4274 2455 4331 festlorilius
2475 4273 2739 4343 exemplis
2767 4272 2845 4327 uti
2876 4273 3069 4343 potuit.
3088 4272 3132 4328 E
3150 4271 3352 4341 quibus
3372 4282 3466 4328 est
3491 4282 3551 4329 et
3570 4274 3732 4329 illud:

2140 4364 2211 4417 Et
2243 4364 2638 4419 suscitabuntur
2660 4364 2874 4428 mortui,
2902 4373 2949 4417 et
2974 4372 3239 4433 resurgent
3273 4364 3369 4432 qui
3390 4366 3449 4417 in
3480 4367 3733 4435 sepulcris

2139 4466 2259 4511 sunt
2306 4454 2489 4528 (Joan.
2523 4454 2600 4525 v).
2635 4454 2703 4508 Et
2728 4453 2783 4508 in
2815 4453 2922 4509 alio
2961 4453 3082 4509 loco
3110 4472 3122 4507 :
3153 4452 3313 4507 Multi
3354 4453 3733 4510 dormientium

2058 4536 2115 4597 D
2139 4546 2204 4601 de
2225 4557 2380 4600 terrm
2401 4545 2607 4615 pulvere
2637 4551 2967 4613 consurgent,
2994 4543 3088 4601 alii
3113 4544 3168 4596 in
3196 4544 3359 4597 vitam
3383 4584 3402 4609 ,
3449 4554 3506 4600 et
3545 4546 3643 4600 alii
3680 4548 3731 4599 is

2142 4636 2475 4708 opprobrium
2494 4643 2543 4689 et
2570 4634 2927 4703 confusionem
2952 4644 3222 4689 internum.
3246 4633 3535 4701 Quaeritur
3554 4639 3731 4710 itaque

2140 4727 2268 4799 quid
2296 4726 2397 4782 sibi
2424 4724 2655 4780 voluerit
2676 4723 2936 4779 Dominus
2956 4723 3060 4780 hoc
3076 4723 3331 4795 proferre
3354 4728 3725 4786 testimonium

2138 4817 2281 4888 quod
2323 4815 2534 4869 videtur
2563 4813 2904 4885 ambiguum,
2945 4812 3031 4869 vel
3067 4829 3175 4869 non
3213 4813 3349 4870 satis
3372 4816 3447 4871 ad
3487 4833 3725 4874 resum-

2132 4902 2326 4970 ctlonis
2344 4909 2578 4979 pertinet
2597 4908 2900 4963 veritatem.
2926 4906 3099 4978 Supra
3126 4908 3368 4965 diximus
3394 4910 3721 4970 Sadducans

2128 5018 2229 5058 nec
2258 5000 2498 5071 angelos,
2531 5014 2631 5054 nec
2661 5000 2936 5070 spiritum,
2979 5015 3079 5056 nec
3106 5003 3575 5061 resurrectionem
3602 5022 3722 5061 eor-

2128 5109 2320 5165 porum
2350 5093 2688 5160 conﬁtentes,
2719 5093 3020 5149 animarum
3040 5110 3257 5165 quoque
3278 5096 3569 5153 interitum
3591 5115 3722 5171 pm-

2135 5187 2362 5240 dicasse.
2402 5183 2465 5238 lli
2502 5186 2740 5255 quinque
2786 5191 2993 5240 tantum
3038 5185 3202 5241 libros
3242 5186 3450 5259 Moysis
3492 5192 3719 5263 recipie-

2133 5279 2296 5343 bant,
2337 5279 2721 5348 prophetarum
2773 5278 3025 5334 vaticinia
3083 5287 3427 5348 respuentes.
3482 5282 3718 5338 Stultum

2130 5385 2261 5441 ergo
2288 5378 2404 5424 erat
2433 5369 2555 5426 inde
2576 5369 2818 5441 proterre
2843 5370 3147 5425 testimonia
3164 5410 3179 5436 ,
3205 5386 3440 5441 quorum
3479 5375 3718 5431 auctori-

2130 5473 2297 5519 tatem
2330 5479 2433 5517 non
2478 5466 2863 5532 sequebantur.
2897 5464 3064 5519 Porro
3102 5465 3171 5519 ad
3204 5467 3575 5522 aeternitatem
3603 5468 3715 5522 ani-

2129 5572 2338 5611 marum
2369 5556 2699 5627 probandam
2731 5558 2882 5626 ponit
2907 5558 3229 5627 exemplum.
3260 5558 3376 5629 Ego
3423 5575 3545 5613 sum
3578 5559 3711 5621 Dens

2127 5649 2389 5702 Abraham
2459 5658 2505 5703 et
2536 5649 2675 5702 Dens
2714 5648 2868 5704 Isaac
2889 5691 2901 5714 ,
2934 5660 2978 5703 et
3012 5649 3150 5704 Deus
3187 5651 3385 5717 Jacob,
3418 5654 3712 5724 statimque

2124 5739 2321 5795 infert:
