  <div class='ocr_page' id='page_1' title='image "/cluster/home/n/w/nwhite01/storage/ocr_20150623/107/hvd.32044015466832/536.png"; bbox 0 0 3898 6440; ppageno 0'>
   <div class='ocr_carea' id='block_1_1' title="bbox 34 255 186 310">
    <p class='ocr_par' dir='ltr' id='par_1_1' title="bbox 34 255 186 310">
     <span class='ocr_line' id='line_1_1' title="bbox 34 255 186 310; baseline 0.013 -2"><span class='ocrx_word' id='word_1_1' title='bbox 34 255 186 310; x_wconf 70' lang='grc'>1061</span> 
     </span>
    </p>
   </div>
   <div class='ocr_carea' id='block_1_2' title="bbox 1042 236 2386 310">
    <p class='ocr_par' dir='ltr' id='par_1_2' title="bbox 1042 236 2386 310">
     <span class='ocr_line' id='line_1_2' title="bbox 1042 236 2386 310; baseline -0.004 -12"><span class='ocrx_word' id='word_1_2' title='bbox 1042 240 1396 298; x_wconf 77' lang='lat' dir='ltr'><strong>COMMENT.</strong></span> <span class='ocrx_word' id='word_1_3' title='bbox 1437 238 1504 293; x_wconf 88' lang='lat' dir='ltr'><strong>IN</strong></span> <span class='ocrx_word' id='word_1_4' title='bbox 1544 236 1982 292; x_wconf 63' lang='lat' dir='ltr'><strong>MATTlleUM.</strong></span> <span class='ocrx_word' id='word_1_5' title='bbox 2020 237 2259 310; x_wconf 29' lang='lat' dir='ltr'><strong>—“LlB.</strong></span> <span class='ocrx_word' id='word_1_6' title='bbox 2300 238 2386 293; x_wconf 84' lang='lat' dir='ltr'><strong>Vl.</strong></span> 
     </span>
    </p>
   </div>
   <div class='ocr_carea' id='block_1_3' title="bbox 3185 240 3328 296">
    <p class='ocr_par' dir='ltr' id='par_1_3' title="bbox 3185 240 3328 296">
     <span class='ocr_line' id='line_1_3' title="bbox 3185 240 3328 296; baseline 0.021 -3"><span class='ocrx_word' id='word_1_7' title='bbox 3185 245 3209 293; x_wconf 78' lang='lat' dir='ltr'><strong>l</strong></span> <span class='ocrx_word' id='word_1_8' title='bbox 3223 240 3328 296; x_wconf 71' lang='lat'><strong>062</strong></span> 
     </span>
    </p>
   </div>
   <div class='ocr_carea' id='block_1_4' title="bbox 124 350 3330 426">
    <p class='ocr_par' dir='ltr' id='par_1_4' title="bbox 124 350 3330 426">
     <span class='ocr_line' id='line_1_4' title="bbox 124 350 3330 426; baseline -0.003 -5"><span class='ocrx_word' id='word_1_9' title='bbox 124 368 260 421; x_wconf 83' lang='lat' dir='ltr'><strong>Non</strong></span> <span class='ocrx_word' id='word_1_10' title='bbox 296 372 370 419; x_wconf 85' lang='lat' dir='ltr'><strong>est</strong></span> <span class='ocrx_word' id='word_1_11' title='bbox 402 363 544 418; x_wconf 88' lang='lat' dir='ltr'><strong>Deus</strong></span> <span class='ocrx_word' id='word_1_12' title='bbox 574 369 933 425; x_wconf 84' lang='lat' dir='ltr'><strong>mortuorum,</strong></span> <span class='ocrx_word' id='word_1_13' title='bbox 960 357 1052 413; x_wconf 89' lang='lat' dir='ltr'><strong>sed</strong></span> <span class='ocrx_word' id='word_1_14' title='bbox 1088 357 1381 411; x_wconf 73' lang='lat' dir='ltr'><strong>viventium.</strong></span> <span class='ocrx_word' id='word_1_15' title='bbox 1414 354 1479 408; x_wconf 83' lang='lat' dir='ltr'><strong>Et</strong></span> <span class='ocrx_word' id='word_1_16' title='bbox 1521 370 1641 407; x_wconf 76' lang='lat' dir='ltr'><strong>cum</strong></span> <span class='ocrx_word' id='word_1_17' title='bbox 1672 358 1721 418; x_wconf 80' lang='grc' dir='ltr'><strong>Λ</strong></span> <span class='ocrx_word' id='word_1_18' title='bbox 1749 364 1969 423; x_wconf 78' lang='lat' dir='ltr'><strong>rogatus</strong></span> <span class='ocrx_word' id='word_1_19' title='bbox 1992 360 2175 408; x_wconf 90' lang='lat' dir='ltr'><strong>nosset</strong></span> <span class='ocrx_word' id='word_1_20' title='bbox 2198 354 2248 407; x_wconf 98' lang='lat' dir='ltr'><strong>id</strong></span> <span class='ocrx_word' id='word_1_21' title='bbox 2272 350 2415 423; x_wconf 89' lang='lat' dir='ltr'><strong>quod</strong></span> <span class='ocrx_word' id='word_1_22' title='bbox 2442 351 2894 422; x_wconf 86' lang='lat' dir='ltr'><strong>interrogabatur,</strong></span> <span class='ocrx_word' id='word_1_23' title='bbox 2909 354 3050 422; x_wconf 89' lang='lat' dir='ltr'><strong>quod</strong></span> <span class='ocrx_word' id='word_1_24' title='bbox 3066 354 3135 409; x_wconf 91' lang='lat' dir='ltr'><strong>sit</strong></span> <span class='ocrx_word' id='word_1_25' title='bbox 3156 356 3330 426; x_wconf 85' lang='lat' dir='ltr'><strong>majus</strong></span> 
     </span>
    </p>
   </div>
   <div class='ocr_carea' id='block_1_5' title="bbox 44 448 1647 530">
    <p class='ocr_par' dir='ltr' id='par_1_5' title="bbox 44 448 1647 530">
     <span class='ocr_line' id='line_1_5' title="bbox 44 448 1647 530; baseline -0.008 -16"><span class='ocrx_word' id='word_1_26' title='bbox 44 457 378 530; x_wconf 80' lang='lat' dir='ltr'><strong>probaverit</strong></span> <span class='ocrx_word' id='word_1_27' title='bbox 406 457 617 510; x_wconf 84' lang='lat' dir='ltr'><strong>animas</strong></span> <span class='ocrx_word' id='word_1_28' title='bbox 657 464 979 523; x_wconf 80' lang='lat' dir='ltr'><strong>permanere</strong></span> <span class='ocrx_word' id='word_1_29' title='bbox 1021 458 1143 521; x_wconf 90' lang='lat' dir='ltr'><strong>post</strong></span> <span class='ocrx_word' id='word_1_30' title='bbox 1174 457 1402 504; x_wconf 88' lang='lat' dir='ltr'><strong>mortem</strong></span> <span class='ocrx_word' id='word_1_31' title='bbox 1451 448 1647 517; x_wconf 86' lang='lat' dir='ltr'><strong>(neque</strong></span> 
     </span>
    </p>
   </div>
   <div class='ocr_carea' id='block_1_6' title="bbox 42 542 1647 621">
    <p class='ocr_par' dir='ltr' id='par_1_6' title="bbox 42 542 1647 621">
     <span class='ocr_line' id='line_1_6' title="bbox 42 542 1647 621; baseline -0.007 -15"><span class='ocrx_word' id='word_1_32' title='bbox 42 552 204 606; x_wconf 87' lang='lat' dir='ltr'><strong>enim</strong></span> <span class='ocrx_word' id='word_1_33' title='bbox 241 556 454 621; x_wconf 89' lang='lat' dir='ltr'><strong>poterat</strong></span> <span class='ocrx_word' id='word_1_34' title='bbox 480 547 621 613; x_wconf 82' lang='lat' dir='ltr'><strong>ﬂeri,</strong></span> <span class='ocrx_word' id='word_1_35' title='bbox 652 554 713 600; x_wconf 92' lang='lat' dir='ltr'><strong>ut</strong></span> <span class='ocrx_word' id='word_1_36' title='bbox 735 554 923 600; x_wconf 88' lang='lat' dir='ltr'><strong>eorum</strong></span> <span class='ocrx_word' id='word_1_37' title='bbox 956 552 1100 599; x_wconf 88' lang='lat' dir='ltr'><strong>esset</strong></span> <span class='ocrx_word' id='word_1_38' title='bbox 1128 545 1289 608; x_wconf 83' lang='lat' dir='ltr'><strong>Deus,</strong></span> <span class='ocrx_word' id='word_1_39' title='bbox 1319 542 1410 612; x_wconf 86' lang='lat' dir='ltr'><strong>qui</strong></span> <span class='ocrx_word' id='word_1_40' title='bbox 1442 556 1647 612; x_wconf 81' lang='lat' dir='ltr'><strong>nequa-</strong></span> 
     </span>
    </p>
   </div>
   <div class='ocr_carea' id='block_1_7' title="bbox 43 631 1652 711">
    <p class='ocr_par' dir='ltr' id='par_1_7' title="bbox 43 631 1652 711">
     <span class='ocr_line' id='line_1_7' title="bbox 43 631 1652 711; baseline -0.007 -14"><span class='ocrx_word' id='word_1_41' title='bbox 43 657 226 711; x_wconf 83' lang='lat' dir='ltr'><strong>quani</strong></span> <span class='ocrx_word' id='word_1_42' title='bbox 258 637 667 709; x_wconf 86' lang='lat' dir='ltr'><strong>subsisterent),</strong></span> <span class='ocrx_word' id='word_1_43' title='bbox 694 644 1089 706; x_wconf 76' lang='lat' dir='ltr'><strong>consequenter</strong></span> <span class='ocrx_word' id='word_1_44' title='bbox 1137 631 1569 688; x_wconf 87' lang='lat' dir='ltr'><strong>introduceretur</strong></span> <span class='ocrx_word' id='word_1_45' title='bbox 1593 638 1652 687; x_wconf 86' lang='lat' dir='ltr'><strong>et</strong></span> 
     </span>
    </p>
   </div>
   <div class='ocr_carea' id='block_1_8' title="bbox 40 724 1653 803">
    <p class='ocr_par' dir='ltr' id='par_1_8' title="bbox 40 724 1653 803">
     <span class='ocr_line' id='line_1_8' title="bbox 40 724 1653 803; baseline -0.009 -14"><span class='ocrx_word' id='word_1_46' title='bbox 40 747 352 803; x_wconf 84' lang='lat' dir='ltr'><strong>corporum</strong></span> <span class='ocrx_word' id='word_1_47' title='bbox 384 729 732 793; x_wconf 77' lang='lat' dir='ltr'><strong>resurrectio,</strong></span> <span class='ocrx_word' id='word_1_48' title='bbox 764 742 884 796; x_wconf 66' lang='lat' dir='ltr'><strong>qua:</strong></span> <span class='ocrx_word' id='word_1_49' title='bbox 914 741 1035 780; x_wconf 81' lang='lat' dir='ltr'><strong>cum</strong></span> <span class='ocrx_word' id='word_1_50' title='bbox 1066 725 1351 779; x_wconf 81' lang='lat' dir='ltr'><strong>animabus</strong></span> <span class='ocrx_word' id='word_1_51' title='bbox 1379 724 1518 778; x_wconf 86' lang='lat' dir='ltr'><strong>bona</strong></span> <span class='ocrx_word' id='word_1_52' title='bbox 1544 736 1653 776; x_wconf 60' lang='lat' dir='ltr'><strong>meo</strong></span> 
     </span>
    </p>
   </div>
   <div class='ocr_carea' id='block_1_9' title="bbox 43 810 1651 892">
    <p class='ocr_par' dir='ltr' id='par_1_9' title="bbox 43 810 1651 892">
     <span class='ocr_line' id='line_1_9' title="bbox 43 810 1651 892; baseline -0.005 -16"><span class='ocrx_word' id='word_1_53' title='bbox 43 824 174 877; x_wconf 67' lang='lat' dir='ltr'><strong>lare</strong></span> <span class='ocrx_word' id='word_1_54' title='bbox 203 828 511 892; x_wconf 79' lang='lat' dir='ltr'><strong>gesserunt.</strong></span> <span class='ocrx_word' id='word_1_55' title='bbox 536 819 690 873; x_wconf 80' lang='lat' dir='ltr'><strong>Hunc</strong></span> <span class='ocrx_word' id='word_1_56' title='bbox 715 818 892 872; x_wconf 90' lang='lat' dir='ltr'><strong>locum</strong></span> <span class='ocrx_word' id='word_1_57' title='bbox 913 816 1124 887; x_wconf 78' lang='lat' dir='ltr'><strong>plenius</strong></span> <span class='ocrx_word' id='word_1_58' title='bbox 1152 810 1475 869; x_wconf 36' lang='lat' dir='ltr'><strong>in’extrema</strong></span> <span class='ocrx_word' id='word_1_59' title='bbox 1495 821 1651 883; x_wconf 79' lang='lat' dir='ltr'><strong>parte</strong></span> 
     </span>
    </p>
   </div>
   <div class='ocr_carea' id='block_1_10' title="bbox 42 910 1651 989">
    <p class='ocr_par' dir='ltr' id='par_1_10' title="bbox 42 910 1651 989">
     <span class='ocr_line' id='line_1_10' title="bbox 42 910 1651 989; baseline -0.005 -19"><span class='ocrx_word' id='word_1_60' title='bbox 42 918 252 987; x_wconf 69' lang='lat' dir='ltr'><strong>primm</strong></span> <span class='ocrx_word' id='word_1_61' title='bbox 272 914 528 989; x_wconf 77' lang='lat' dir='ltr'><strong>Epistulae</strong></span> <span class='ocrx_word' id='word_1_62' title='bbox 554 914 624 969; x_wconf 87' lang='lat' dir='ltr'><strong>ad</strong></span> <span class='ocrx_word' id='word_1_63' title='bbox 644 912 956 968; x_wconf 80' lang='lat' dir='ltr'><strong>Corinthios</strong></span> <span class='ocrx_word' id='word_1_64' title='bbox 969 910 1168 965; x_wconf 79' lang='lat' dir='ltr'><strong>Paulus</strong></span> <span class='ocrx_word' id='word_1_65' title='bbox 1193 910 1475 980; x_wconf 78' lang='lat' dir='ltr'><strong>apostolus</strong></span> <span class='ocrx_word' id='word_1_66' title='bbox 1494 920 1651 963; x_wconf 76' lang='lat' dir='ltr'><strong>exse-</strong></span> 
     </span>
    </p>
   </div>
   <div class='ocr_carea' id='block_1_11' title="bbox 42 1004 741 1077">
    <p class='ocr_par' dir='ltr' id='par_1_11' title="bbox 42 1004 741 1077">
     <span class='ocr_line' id='line_1_11' title="bbox 42 1004 741 1077; baseline -0.007 -15"><span class='ocrx_word' id='word_1_67' title='bbox 42 1008 251 1077; x_wconf 83' lang='lat' dir='ltr'><strong>quitur</strong></span> <span class='ocrx_word' id='word_1_68' title='bbox 278 1005 335 1077; x_wconf 84' lang='grc' dir='ltr'><strong>(Ι</strong></span> <span class='ocrx_word' id='word_1_69' title='bbox 358 1005 482 1061; x_wconf 82' lang='lat' dir='ltr'><strong>Cor.</strong></span> <span class='ocrx_word' id='word_1_70' title='bbox 512 1004 627 1070; x_wconf 70' lang='lat' dir='ltr'><strong>xv).</strong></span> <span class='ocrx_word' id='word_1_71' title='bbox 738 1010 741 1013; x_wconf 78' lang='lat'><em>&#39;</em></span> 
     </span>
    </p>
   </div>
   <div class='ocr_carea' id='block_1_12' title="bbox 122 1091 1648 1159">
    <p class='ocr_par' dir='ltr' id='par_1_12' title="bbox 122 1091 1648 1159">
     <span class='ocr_line' id='line_1_12' title="bbox 122 1091 1648 1159; baseline -0.004 -8"><span class='ocrx_word' id='word_1_72' title='bbox 122 1097 198 1151; x_wconf 84' lang='lat' dir='ltr'><strong>Et</strong></span> <span class='ocrx_word' id='word_1_73' title='bbox 238 1096 513 1151; x_wconf 79' lang='lat' dir='ltr'><strong>audientes</strong></span> <span class='ocrx_word' id='word_1_74' title='bbox 552 1093 719 1153; x_wconf 77' lang='lat' dir='ltr'><strong>turbw</strong></span> <span class='ocrx_word' id='word_1_75' title='bbox 766 1092 1092 1148; x_wconf 76' lang='lat' dir='ltr'><strong>mirabantur</strong></span> <span class='ocrx_word' id='word_1_76' title='bbox 1135 1094 1190 1147; x_wconf 87' lang='lat' dir='ltr'><strong>in</strong></span> <span class='ocrx_word' id='word_1_77' title='bbox 1233 1092 1475 1145; x_wconf 82' lang='lat' dir='ltr'><strong>doctrina</strong></span> <span class='ocrx_word' id='word_1_78' title='bbox 1511 1091 1648 1159; x_wconf 74' lang='lat' dir='ltr'><strong>eius.</strong></span> 
     </span>
    </p>
   </div>
   <div class='ocr_carea' id='block_1_13' title="bbox 45 1181 1651 1261">
    <p class='ocr_par' dir='ltr' id='par_1_13' title="bbox 45 1181 1651 1261">
     <span class='ocr_line' id='line_1_13' title="bbox 45 1181 1651 1261; baseline -0.004 -17"><span class='ocrx_word' id='word_1_79' title='bbox 45 1188 294 1261; x_wconf 53' lang='lat' dir='ltr'><strong>(binum)</strong></span> <span class='ocrx_word' id='word_1_80' title='bbox 325 1188 504 1244; x_wconf 85' lang='lat' dir='ltr'><strong>Turba</strong></span> <span class='ocrx_word' id='word_1_81' title='bbox 548 1195 729 1242; x_wconf 86' lang='lat' dir='ltr'><strong>autem</strong></span> <span class='ocrx_word' id='word_1_82' title='bbox 765 1185 992 1256; x_wconf 72' lang='lat' dir='ltr'><strong>simplex</strong></span> <span class='ocrx_word' id='word_1_83' title='bbox 1014 1224 1028 1248; x_wconf 96' lang='lat'><strong>,</strong></span> <span class='ocrx_word' id='word_1_84' title='bbox 1060 1192 1116 1239; x_wconf 90' lang='lat' dir='ltr'><strong>et</strong></span> <span class='ocrx_word' id='word_1_85' title='bbox 1157 1184 1430 1239; x_wconf 89' lang='lat' dir='ltr'><strong>indoctum</strong></span> <span class='ocrx_word' id='word_1_86' title='bbox 1462 1181 1651 1253; x_wconf 85' lang='lat' dir='ltr'><strong>vulgus</strong></span> 
     </span>
    </p>
   </div>
   <div class='ocr_carea' id='block_1_14' title="bbox 45 1274 1653 1353">
    <p class='ocr_par' dir='ltr' id='par_1_14' title="bbox 45 1274 1653 1353">
     <span class='ocr_line' id='line_1_14' title="bbox 45 1274 1653 1353; baseline -0.006 -17"><span class='ocrx_word' id='word_1_87' title='bbox 45 1297 150 1351; x_wconf 86' lang='lat' dir='ltr'><strong>per</strong></span> <span class='ocrx_word' id='word_1_88' title='bbox 183 1279 513 1335; x_wconf 86' lang='lat' dir='ltr'><strong>humilitatis</strong></span> <span class='ocrx_word' id='word_1_89' title='bbox 541 1278 684 1332; x_wconf 87' lang='lat' dir='ltr'><strong>viam</strong></span> <span class='ocrx_word' id='word_1_90' title='bbox 709 1277 978 1348; x_wconf 85' lang='lat' dir='ltr'><strong>gradiens,</strong></span> <span class='ocrx_word' id='word_1_91' title='bbox 1010 1276 1077 1330; x_wconf 89' lang='lat' dir='ltr'><strong>ad</strong></span> <span class='ocrx_word' id='word_1_92' title='bbox 1108 1276 1433 1331; x_wconf 89' lang='lat' dir='ltr'><strong>credendum</strong></span> <span class='ocrx_word' id='word_1_93' title='bbox 1478 1274 1653 1353; x_wconf 79' lang='lat' dir='ltr'><strong>Domi-</strong></span> 
     </span>
    </p>
   </div>
   <div class='ocr_carea' id='block_1_15' title="bbox 48 1367 1646 1438">
    <p class='ocr_par' dir='ltr' id='par_1_15' title="bbox 48 1367 1646 1438">
     <span class='ocr_line' id='line_1_15' title="bbox 48 1367 1646 1438; baseline -0.005 -11"><span class='ocrx_word' id='word_1_94' title='bbox 48 1389 160 1438; x_wconf 90' lang='lat' dir='ltr'><strong>no,</strong></span> <span class='ocrx_word' id='word_1_95' title='bbox 211 1382 274 1427; x_wconf 87' lang='lat' dir='ltr'><strong>et</strong></span> <span class='ocrx_word' id='word_1_96' title='bbox 322 1370 586 1426; x_wconf 83' lang='lat' dir='ltr'><strong>miracula</strong></span> <span class='ocrx_word' id='word_1_97' title='bbox 629 1370 698 1423; x_wconf 90' lang='lat' dir='ltr'><strong>ab</strong></span> <span class='ocrx_word' id='word_1_98' title='bbox 744 1383 809 1423; x_wconf 84' lang='lat' dir='ltr'><strong>eo</strong></span> <span class='ocrx_word' id='word_1_99' title='bbox 860 1368 1000 1422; x_wconf 84' lang='lat' dir='ltr'><strong>facta</strong></span> <span class='ocrx_word' id='word_1_100' title='bbox 1049 1367 1296 1422; x_wconf 83' lang='lat' dir='ltr'><strong>venerari</strong></span> <span class='ocrx_word' id='word_1_101' title='bbox 1335 1368 1646 1436; x_wconf 73' lang='lat' dir='ltr'><strong>cogebatur.</strong></span> 
     </span>
    </p>
   </div>
   <div class='ocr_carea' id='block_1_16' title="bbox 47 1459 1651 1524">
    <p class='ocr_par' dir='ltr' id='par_1_16' title="bbox 47 1459 1651 1524">
     <span class='ocr_line' id='line_1_16' title="bbox 47 1459 1651 1524; baseline -0.006 -4"><span class='ocrx_word' id='word_1_102' title='bbox 47 1463 328 1520; x_wconf 55' lang='lat' dir='ltr'><strong>Phariam</strong></span> <span class='ocrx_word' id='word_1_103' title='bbox 358 1470 543 1517; x_wconf 86' lang='lat' dir='ltr'><strong>autem</strong></span> <span class='ocrx_word' id='word_1_104' title='bbox 572 1469 627 1516; x_wconf 87' lang='lat' dir='ltr'><strong>et</strong></span> <span class='ocrx_word' id='word_1_105' title='bbox 663 1459 891 1524; x_wconf 60' lang='lat' dir='ltr'><strong>Scriba),</strong></span> <span class='ocrx_word' id='word_1_106' title='bbox 920 1460 1023 1513; x_wconf 82' lang='lat' dir='ltr'><strong>hoc</strong></span> <span class='ocrx_word' id='word_1_107' title='bbox 1068 1466 1473 1512; x_wconf 80' lang='lat' dir='ltr'><strong>contemnentes</strong></span> <span class='ocrx_word' id='word_1_108' title='bbox 1498 1498 1511 1522; x_wconf 96' lang='lat'><strong>,</strong></span> <span class='ocrx_word' id='word_1_109' title='bbox 1542 1470 1651 1512; x_wconf 85' lang='lat' dir='ltr'><strong>non</strong></span> 
     </span>
    </p>
   </div>
   <div class='ocr_carea' id='block_1_17' title="bbox 47 1550 1649 1620">
    <p class='ocr_par' dir='ltr' id='par_1_17' title="bbox 47 1550 1649 1620">
     <span class='ocr_line' id='line_1_17' title="bbox 47 1550 1649 1620; baseline -0.004 -9"><span class='ocrx_word' id='word_1_110' title='bbox 47 1556 234 1611; x_wconf 83' lang='lat' dir='ltr'><strong>solum</strong></span> <span class='ocrx_word' id='word_1_111' title='bbox 269 1568 381 1610; x_wconf 85' lang='lat' dir='ltr'><strong>non</strong></span> <span class='ocrx_word' id='word_1_112' title='bbox 411 1553 780 1616; x_wconf 77' lang='lat' dir='ltr'><strong>crediderunt,</strong></span> <span class='ocrx_word' id='word_1_113' title='bbox 810 1552 918 1605; x_wconf 90' lang='lat' dir='ltr'><strong>imo</strong></span> <span class='ocrx_word' id='word_1_114' title='bbox 945 1551 1109 1605; x_wconf 89' lang='lat' dir='ltr'><strong>etiam</strong></span> <span class='ocrx_word' id='word_1_115' title='bbox 1136 1551 1311 1620; x_wconf 86' lang='lat' dir='ltr'><strong>ipsum</strong></span> <span class='ocrx_word' id='word_1_116' title='bbox 1332 1551 1497 1605; x_wconf 81' lang='lat' dir='ltr'><strong>totius</strong></span> <span class='ocrx_word' id='word_1_117' title='bbox 1522 1550 1649 1604; x_wconf 90' lang='lat' dir='ltr'><strong>boni</strong></span> 
     </span>
    </p>
   </div>
   <div class='ocr_carea' id='block_1_18' title="bbox 46 1641 1648 1701">
    <p class='ocr_par' dir='ltr' id='par_1_18' title="bbox 46 1641 1648 1701">
     <span class='ocr_line' id='line_1_18' title="bbox 46 1641 1648 1701; baseline -0.003 -2"><span class='ocrx_word' id='word_1_118' title='bbox 46 1654 346 1701; x_wconf 77' lang='lat' dir='ltr'><strong>auctorem</strong></span> <span class='ocrx_word' id='word_1_119' title='bbox 373 1643 634 1699; x_wconf 78' lang='lat' dir='ltr'><strong>conviciis</strong></span> <span class='ocrx_word' id='word_1_120' title='bbox 662 1651 720 1697; x_wconf 88' lang='lat' dir='ltr'><strong>et</strong></span> <span class='ocrx_word' id='word_1_121' title='bbox 757 1641 1041 1697; x_wconf 77' lang='lat' dir='ltr'><strong>calumniis</strong></span> <span class='ocrx_word' id='word_1_122' title='bbox 1082 1641 1272 1696; x_wconf 75' lang='lat' dir='ltr'><strong>validis</strong></span> <span class='ocrx_word' id='word_1_123' title='bbox 1304 1641 1648 1695; x_wconf 82' lang='lat' dir='ltr'><strong>insectaban-</strong></span> 
     </span>
    </p>
   </div>
   <div class='ocr_carea' id='block_1_19' title="bbox 1752 444 3327 518">
    <p class='ocr_par' dir='ltr' id='par_1_19' title="bbox 1752 444 3327 518">
     <span class='ocr_line' id='line_1_19' title="bbox 1752 444 3327 518; baseline -0.001 -19"><span class='ocrx_word' id='word_1_124' title='bbox 1752 445 2087 499; x_wconf 84' lang='lat' dir='ltr'><strong>tnandatum.</strong></span> <span class='ocrx_word' id='word_1_125' title='bbox 2125 444 2365 499; x_wconf 86' lang='lat' dir='ltr'><strong>Primum</strong></span> <span class='ocrx_word' id='word_1_126' title='bbox 2419 459 2524 497; x_wconf 91' lang='lat' dir='ltr'><strong>non</strong></span> <span class='ocrx_word' id='word_1_127' title='bbox 2574 444 2640 498; x_wconf 89' lang='lat' dir='ltr'><strong>de</strong></span> <span class='ocrx_word' id='word_1_128' title='bbox 2686 444 2953 498; x_wconf 85' lang='lat' dir='ltr'><strong>mandatis</strong></span> <span class='ocrx_word' id='word_1_129' title='bbox 3001 445 3327 518; x_wconf 82' lang='lat' dir='ltr'><strong>interrogat,</strong></span> 
     </span>
    </p>
   </div>
   <div class='ocr_carea' id='block_1_20' title="bbox 1752 537 3331 608">
    <p class='ocr_par' dir='ltr' id='par_1_20' title="bbox 1752 537 3331 608">
     <span class='ocr_line' id='line_1_20' title="bbox 1752 537 3331 608; baseline 0.001 -15"><span class='ocrx_word' id='word_1_130' title='bbox 1752 538 1843 593; x_wconf 86' lang='lat' dir='ltr'><strong>sed</strong></span> <span class='ocrx_word' id='word_1_131' title='bbox 1864 538 2008 607; x_wconf 88' lang='lat' dir='ltr'><strong>quod</strong></span> <span class='ocrx_word' id='word_1_132' title='bbox 2033 537 2105 591; x_wconf 88' lang='lat' dir='ltr'><strong>sit</strong></span> <span class='ocrx_word' id='word_1_133' title='bbox 2124 537 2437 591; x_wconf 87' lang='lat' dir='ltr'><strong>mandatum</strong></span> <span class='ocrx_word' id='word_1_134' title='bbox 2465 550 2736 605; x_wconf 82' lang='lat' dir='ltr'><strong>magnum,</strong></span> <span class='ocrx_word' id='word_1_135' title='bbox 2764 544 2825 590; x_wconf 91' lang='lat' dir='ltr'><strong>ut</strong></span> <span class='ocrx_word' id='word_1_136' title='bbox 2854 550 2973 592; x_wconf 90' lang='lat' dir='ltr'><strong>cum</strong></span> <span class='ocrx_word' id='word_1_137' title='bbox 2997 538 3176 592; x_wconf 88' lang='lat' dir='ltr'><strong>omnia</strong></span> <span class='ocrx_word' id='word_1_138' title='bbox 3211 554 3331 608; x_wconf 64' lang='lat' dir='ltr'><strong>quzr</strong></span> 
     </span>
    </p>
   </div>
   <div class='ocr_carea' id='block_1_21' title="bbox 1752 625 3333 700">
    <p class='ocr_par' dir='ltr' id='par_1_21' title="bbox 1752 625 3333 700">
     <span class='ocr_line' id='line_1_21' title="bbox 1752 625 3333 700; baseline -0.001 -16"><span class='ocrx_word' id='word_1_139' title='bbox 1752 628 1893 684; x_wconf 71' lang='lat' dir='ltr'><strong>Deus</strong></span> <span class='ocrx_word' id='word_1_140' title='bbox 1916 627 2255 682; x_wconf 85' lang='lat' dir='ltr'><strong>mandaverit</strong></span> <span class='ocrx_word' id='word_1_141' title='bbox 2281 642 2471 697; x_wconf 82' lang='lat' dir='ltr'><strong>magna</strong></span> <span class='ocrx_word' id='word_1_142' title='bbox 2510 627 2653 692; x_wconf 87' lang='lat' dir='ltr'><strong>sint,</strong></span> <span class='ocrx_word' id='word_1_143' title='bbox 2682 625 2942 696; x_wconf 86' lang='lat' dir='ltr'><strong>quidquid</strong></span> <span class='ocrx_word' id='word_1_144' title='bbox 2978 626 3066 699; x_wconf 84' lang='lat' dir='ltr'><strong>ille</strong></span> <span class='ocrx_word' id='word_1_145' title='bbox 3103 642 3333 700; x_wconf 87' lang='lat' dir='ltr'><strong>respon-</strong></span> 
     </span>
    </p>
   </div>
   <div class='ocr_carea' id='block_1_22' title="bbox 1751 716 3334 784">
    <p class='ocr_par' dir='ltr' id='par_1_22' title="bbox 1751 716 3334 784">
     <span class='ocr_line' id='line_1_22' title="bbox 1751 716 3334 784; baseline 0.001 -11"><span class='ocrx_word' id='word_1_146' title='bbox 1751 719 1890 773; x_wconf 86' lang='lat' dir='ltr'><strong>derit</strong></span> <span class='ocrx_word' id='word_1_147' title='bbox 1914 718 2255 773; x_wconf 85' lang='lat' dir='ltr'><strong>occasionem</strong></span> <span class='ocrx_word' id='word_1_148' title='bbox 2280 717 2476 772; x_wconf 84' lang='lat' dir='ltr'><strong>habeat</strong></span> <span class='ocrx_word' id='word_1_149' title='bbox 2502 717 2890 784; x_wconf 87' lang='lat' dir='ltr'><strong>calumniandi,</strong></span> <span class='ocrx_word' id='word_1_150' title='bbox 2912 716 3056 773; x_wconf 85' lang='lat' dir='ltr'><strong>aliud</strong></span> <span class='ocrx_word' id='word_1_151' title='bbox 3084 732 3334 775; x_wconf 83' lang='lat' dir='ltr'><strong>asserens</strong></span> 
     </span>
    </p>
   </div>
   <div class='ocr_carea' id='block_1_23' title="bbox 1752 810 3337 883">
    <p class='ocr_par' dir='ltr' id='par_1_23' title="bbox 1752 810 3337 883">
     <span class='ocr_line' id='line_1_23' title="bbox 1752 810 3337 883; baseline 0.001 -18"><span class='ocrx_word' id='word_1_152' title='bbox 1752 824 2007 883; x_wconf 84' lang='lat' dir='ltr'><strong>magnum</strong></span> <span class='ocrx_word' id='word_1_153' title='bbox 2051 825 2173 867; x_wconf 86' lang='lat' dir='ltr'><strong>esse</strong></span> <span class='ocrx_word' id='word_1_154' title='bbox 2212 811 2279 864; x_wconf 91' lang='lat' dir='ltr'><strong>de</strong></span> <span class='ocrx_word' id='word_1_155' title='bbox 2327 810 2593 879; x_wconf 82' lang='lat' dir='ltr'><strong>pluribus.</strong></span> <span class='ocrx_word' id='word_1_156' title='bbox 2625 810 2946 879; x_wconf 83' lang='lat' dir='ltr'><strong>Quicunque</strong></span> <span class='ocrx_word' id='word_1_157' title='bbox 2983 810 3147 880; x_wconf 80' lang='lat' dir='ltr'><strong>igitur</strong></span> <span class='ocrx_word' id='word_1_158' title='bbox 3185 812 3337 866; x_wconf 75' lang='lat' dir='ltr'><strong>novit</strong></span> 
     </span>
    </p>
   </div>
   <div class='ocr_carea' id='block_1_24' title="bbox 1750 900 3336 973">
    <p class='ocr_par' dir='ltr' id='par_1_24' title="bbox 1750 900 3336 973">
     <span class='ocr_line' id='line_1_24' title="bbox 1750 900 3336 973; baseline 0.001 -17"><span class='ocrx_word' id='word_1_159' title='bbox 1750 910 1805 956; x_wconf 81' lang='lat' dir='ltr'><strong>et</strong></span> <span class='ocrx_word' id='word_1_160' title='bbox 1842 903 2140 972; x_wconf 79' lang='lat' dir='ltr'><strong>interrogat</strong></span> <span class='ocrx_word' id='word_1_161' title='bbox 2178 914 2286 955; x_wconf 90' lang='lat' dir='ltr'><strong>non</strong></span> <span class='ocrx_word' id='word_1_162' title='bbox 2325 908 2451 955; x_wconf 91' lang='lat' dir='ltr'><strong>voto</strong></span> <span class='ocrx_word' id='word_1_163' title='bbox 2480 900 2758 966; x_wconf 86' lang='lat' dir='ltr'><strong>discendi,</strong></span> <span class='ocrx_word' id='word_1_164' title='bbox 2795 902 2889 957; x_wconf 86' lang='lat' dir='ltr'><strong>sed</strong></span> <span class='ocrx_word' id='word_1_165' title='bbox 2920 901 3100 957; x_wconf 83' lang='lat' dir='ltr'><strong>studio</strong></span> <span class='ocrx_word' id='word_1_166' title='bbox 3139 916 3336 973; x_wconf 60' lang='lat' dir='ltr'><strong>cognm</strong></span> 
     </span>
    </p>
   </div>
   <div class='ocr_carea' id='block_1_25' title="bbox 1751 991 3336 1063">
    <p class='ocr_par' dir='ltr' id='par_1_25' title="bbox 1751 991 3336 1063">
     <span class='ocr_line' id='line_1_25' title="bbox 1751 991 3336 1063; baseline 0.001 -17"><span class='ocrx_word' id='word_1_167' title='bbox 1751 993 1959 1058; x_wconf 71' lang='lat' dir='ltr'><strong>scandi,</strong></span> <span class='ocrx_word' id='word_1_168' title='bbox 1984 1004 2051 1047; x_wconf 87' lang='lat' dir='ltr'><strong>an</strong></span> <span class='ocrx_word' id='word_1_169' title='bbox 2074 993 2291 1048; x_wconf 89' lang='lat' dir='ltr'><strong>noverit</strong></span> <span class='ocrx_word' id='word_1_170' title='bbox 2321 991 2433 1058; x_wconf 91' lang='lat' dir='ltr'><strong>ille,</strong></span> <span class='ocrx_word' id='word_1_171' title='bbox 2457 994 2551 1063; x_wconf 91' lang='lat' dir='ltr'><strong>qui</strong></span> <span class='ocrx_word' id='word_1_172' title='bbox 2591 1002 2952 1063; x_wconf 79' lang='lat' dir='ltr'><strong>responsurus</strong></span> <span class='ocrx_word' id='word_1_173' title='bbox 2974 1005 3078 1059; x_wconf 84' lang='lat' dir='ltr'><strong>est,</strong></span> <span class='ocrx_word' id='word_1_174' title='bbox 3110 994 3165 1049; x_wconf 88' lang='lat' dir='ltr'><strong>in</strong></span> <span class='ocrx_word' id='word_1_175' title='bbox 3188 996 3336 1050; x_wconf 83' lang='lat' dir='ltr'><strong>simi-</strong></span> 
     </span>
    </p>
   </div>
   <div class='ocr_carea' id='block_1_26' title="bbox 1750 1081 3335 1157">
    <p class='ocr_par' dir='ltr' id='par_1_26' title="bbox 1750 1081 3335 1157">
     <span class='ocr_line' id='line_1_26' title="bbox 1750 1081 3335 1157; baseline 0.004 -22"><span class='ocrx_word' id='word_1_176' title='bbox 1750 1081 2031 1139; x_wconf 87' lang='lat' dir='ltr'><strong>litudinem</strong></span> <span class='ocrx_word' id='word_1_177' title='bbox 2077 1084 2476 1139; x_wconf 71' lang='lat' dir='ltr'><strong>Pharisazorum</strong></span> <span class='ocrx_word' id='word_1_178' title='bbox 2524 1100 2632 1139; x_wconf 91' lang='lat' dir='ltr'><strong>non</strong></span> <span class='ocrx_word' id='word_1_179' title='bbox 2680 1086 2838 1155; x_wconf 89' lang='lat' dir='ltr'><strong>quasi</strong></span> <span class='ocrx_word' id='word_1_180' title='bbox 2880 1084 3204 1157; x_wconf 81' lang='lat' dir='ltr'><strong>discipulus,</strong></span> <span class='ocrx_word' id='word_1_181' title='bbox 3239 1086 3335 1142; x_wconf 84' lang='lat' dir='ltr'><strong>sed</strong></span> 
     </span>
    </p>
   </div>
   <div class='ocr_carea' id='block_1_27' title="bbox 1751 1174 2425 1243">
    <p class='ocr_par' dir='ltr' id='par_1_27' title="bbox 1751 1174 2425 1243">
     <span class='ocr_line' id='line_1_27' title="bbox 1751 1174 2425 1243; baseline 0 -16"><span class='ocrx_word' id='word_1_182' title='bbox 1751 1174 1902 1243; x_wconf 91' lang='lat' dir='ltr'><strong>quasi</strong></span> <span class='ocrx_word' id='word_1_183' title='bbox 1937 1182 2175 1229; x_wconf 83' lang='lat' dir='ltr'><strong>tentatur</strong></span> <span class='ocrx_word' id='word_1_184' title='bbox 2198 1176 2425 1229; x_wconf 79' lang='lat' dir='ltr'><strong>accedit.</strong></span> 
     </span>
    </p>
   </div>
   <div class='ocr_carea' id='block_1_28' title="bbox 1819 1263 3336 1335">
    <p class='ocr_par' dir='ltr' id='par_1_28' title="bbox 1819 1263 3336 1335">
     <span class='ocr_line' id='line_1_28' title="bbox 1819 1263 3336 1335; baseline 0.004 -17"><span class='ocrx_word' id='word_1_185' title='bbox 1819 1264 1905 1318; x_wconf 79' lang='lat' dir='ltr'><strong>Ait</strong></span> <span class='ocrx_word' id='word_1_186' title='bbox 1930 1264 2009 1319; x_wconf 88' lang='lat' dir='ltr'><strong>illi</strong></span> <span class='ocrx_word' id='word_1_187' title='bbox 2032 1263 2190 1320; x_wconf 84' lang='lat' dir='ltr'><strong>Jesus</strong></span> <span class='ocrx_word' id='word_1_188' title='bbox 2213 1276 2231 1318; x_wconf 86' lang='lat'><strong><em>:</em></strong></span> <span class='ocrx_word' id='word_1_189' title='bbox 2258 1264 2457 1335; x_wconf 88' lang='lat' dir='ltr'><strong>Diliges</strong></span> <span class='ocrx_word' id='word_1_190' title='bbox 2479 1264 2762 1320; x_wconf 84' lang='lat' dir='ltr'><strong>Dominum</strong></span> <span class='ocrx_word' id='word_1_191' title='bbox 2783 1265 2949 1321; x_wconf 81' lang='lat' dir='ltr'><strong>Deum</strong></span> <span class='ocrx_word' id='word_1_192' title='bbox 2972 1276 3120 1322; x_wconf 83' lang='lat' dir='ltr'><strong>tuum</strong></span> <span class='ocrx_word' id='word_1_193' title='bbox 3140 1283 3206 1323; x_wconf 71' lang='lat' dir='ltr'><strong>ea:</strong></span> <span class='ocrx_word' id='word_1_194' title='bbox 3229 1278 3336 1324; x_wconf 84' lang='lat' dir='ltr'><strong>toto</strong></span> 
     </span>
    </p>
   </div>
   <div class='ocr_carea' id='block_1_29' title="bbox 1751 1355 3433 1422">
    <p class='ocr_par' dir='ltr' id='par_1_29' title="bbox 1751 1355 3433 1422">
     <span class='ocr_line' id='line_1_29' title="bbox 1751 1355 3433 1422; baseline 0.002 -12"><span class='ocrx_word' id='word_1_195' title='bbox 1751 1355 1905 1411; x_wconf 84' lang='lat' dir='ltr'><strong>corde</strong></span> <span class='ocrx_word' id='word_1_196' title='bbox 1928 1365 2041 1422; x_wconf 83' lang='lat' dir='ltr'><strong>tuo,</strong></span> <span class='ocrx_word' id='word_1_197' title='bbox 2068 1368 2116 1410; x_wconf 83' lang='lat' dir='ltr'><strong>et</strong></span> <span class='ocrx_word' id='word_1_198' title='bbox 2145 1357 2332 1411; x_wconf 82' lang='lat' dir='ltr'><strong>intota</strong></span> <span class='ocrx_word' id='word_1_199' title='bbox 2354 1357 2534 1409; x_wconf 82' lang='lat' dir='ltr'><strong>anima</strong></span> <span class='ocrx_word' id='word_1_200' title='bbox 2560 1366 2673 1421; x_wconf 84' lang='lat' dir='ltr'><strong>tua,</strong></span> <span class='ocrx_word' id='word_1_201' title='bbox 2702 1358 2827 1411; x_wconf 86' lang='lat' dir='ltr'><strong>etin</strong></span> <span class='ocrx_word' id='word_1_202' title='bbox 2859 1368 2971 1413; x_wconf 83' lang='lat' dir='ltr'><strong>tota</strong></span> <span class='ocrx_word' id='word_1_203' title='bbox 3004 1370 3173 1415; x_wconf 89' lang='lat' dir='ltr'><strong>mente</strong></span> <span class='ocrx_word' id='word_1_204' title='bbox 3202 1370 3293 1416; x_wconf 83' lang='lat' dir='ltr'><strong>tua</strong></span> <span class='ocrx_word' id='word_1_205' title='bbox 3314 1373 3335 1413; x_wconf 87' lang='lat'><strong><em>:</em></strong></span> <span class='ocrx_word' id='word_1_206' title='bbox 3430 1398 3433 1399; x_wconf 49' lang='grc' dir='ltr'><em>ν</em></span> 
     </span>
    </p>
   </div>
   <div class='ocr_carea' id='block_1_30' title="bbox 1752 1446 3341 1517">
    <p class='ocr_par' dir='ltr' id='par_1_30' title="bbox 1752 1446 3341 1517">
     <span class='ocr_line' id='line_1_30' title="bbox 1752 1446 3341 1517; baseline 0.007 -20"><span class='ocrx_word' id='word_1_207' title='bbox 1752 1446 1847 1497; x_wconf 78' lang='lat' dir='ltr'><strong>hoc</strong></span> <span class='ocrx_word' id='word_1_208' title='bbox 1871 1455 1946 1499; x_wconf 86' lang='lat' dir='ltr'><strong>est</strong></span> <span class='ocrx_word' id='word_1_209' title='bbox 1971 1447 2259 1500; x_wconf 77' lang='lat' dir='ltr'><strong>maximum</strong></span> <span class='ocrx_word' id='word_1_210' title='bbox 2283 1456 2333 1500; x_wconf 85' lang='lat' dir='ltr'><strong>et</strong></span> <span class='ocrx_word' id='word_1_211' title='bbox 2358 1447 2584 1517; x_wconf 75' lang='lat' dir='ltr'><strong>primum</strong></span> <span class='ocrx_word' id='word_1_212' title='bbox 2608 1449 2933 1503; x_wconf 84' lang='lat' dir='ltr'><strong>mandatum.</strong></span> <span class='ocrx_word' id='word_1_213' title='bbox 2956 1450 3196 1506; x_wconf 87' lang='lat' dir='ltr'><strong>Primum</strong></span> <span class='ocrx_word' id='word_1_214' title='bbox 3224 1468 3341 1508; x_wconf 90' lang='lat' dir='ltr'><strong>om-</strong></span> 
     </span>
    </p>
   </div>
   <div class='ocr_carea' id='block_1_31' title="bbox 1751 1538 3339 1615">
    <p class='ocr_par' dir='ltr' id='par_1_31' title="bbox 1751 1538 3339 1615">
     <span class='ocr_line' id='line_1_31' title="bbox 1751 1538 3339 1615; baseline 0.006 -24"><span class='ocrx_word' id='word_1_215' title='bbox 1751 1538 1899 1593; x_wconf 87' lang='lat' dir='ltr'><strong>nium</strong></span> <span class='ocrx_word' id='word_1_216' title='bbox 1928 1548 1981 1593; x_wconf 88' lang='lat' dir='ltr'><strong>et</strong></span> <span class='ocrx_word' id='word_1_217' title='bbox 2008 1542 2302 1594; x_wconf 83' lang='lat' dir='ltr'><strong>maximum</strong></span> <span class='ocrx_word' id='word_1_218' title='bbox 2333 1542 2679 1609; x_wconf 86' lang='lat' dir='ltr'><strong>mandatum,</strong></span> <span class='ocrx_word' id='word_1_219' title='bbox 2721 1542 2852 1597; x_wconf 83' lang='lat' dir='ltr'><strong>dicit</strong></span> <span class='ocrx_word' id='word_1_220' title='bbox 2892 1544 2996 1600; x_wconf 86' lang='lat' dir='ltr'><strong>hoc</strong></span> <span class='ocrx_word' id='word_1_221' title='bbox 3032 1552 3151 1611; x_wconf 87' lang='lat' dir='ltr'><strong>est,</strong></span> <span class='ocrx_word' id='word_1_222' title='bbox 3194 1547 3339 1615; x_wconf 87' lang='lat' dir='ltr'><strong>quod</strong></span> 
     </span>
    </p>
   </div>
   <div class='ocr_carea' id='block_1_32' title="bbox 1750 1632 3339 1708">
    <p class='ocr_par' dir='ltr' id='par_1_32' title="bbox 1750 1632 3339 1708">
     <span class='ocr_line' id='line_1_32' title="bbox 1750 1632 3339 1708; baseline 0.006 -26"><span class='ocrx_word' id='word_1_223' title='bbox 1750 1638 1874 1686; x_wconf 83' lang='lat' dir='ltr'><strong>ante</strong></span> <span class='ocrx_word' id='word_1_224' title='bbox 1920 1633 2101 1686; x_wconf 85' lang='lat' dir='ltr'><strong>omnia</strong></span> <span class='ocrx_word' id='word_1_225' title='bbox 2145 1632 2435 1687; x_wconf 81' lang='lat' dir='ltr'><strong>debeamus</strong></span> <span class='ocrx_word' id='word_1_226' title='bbox 2476 1633 2665 1687; x_wconf 89' lang='lat' dir='ltr'><strong>intimo</strong></span> <span class='ocrx_word' id='word_1_227' title='bbox 2694 1633 2748 1687; x_wconf 90' lang='lat' dir='ltr'><strong>in</strong></span> <span class='ocrx_word' id='word_1_228' title='bbox 2775 1634 2938 1690; x_wconf 90' lang='lat' dir='ltr'><strong>corde</strong></span> <span class='ocrx_word' id='word_1_229' title='bbox 2961 1636 3157 1708; x_wconf 75' lang='lat' dir='ltr'><strong>singuli</strong></span> <span class='ocrx_word' id='word_1_230' title='bbox 3184 1637 3339 1707; x_wconf 86' lang='lat' dir='ltr'><strong>quasi</strong></span> 
     </span>
    </p>
   </div>
   <div class='ocr_carea' id='block_1_33' title="bbox 48 1722 2888 1802">
    <p class='ocr_par' dir='ltr' id='par_1_33' title="bbox 48 1722 2888 1802">
     <span class='ocr_line' id='line_1_33' title="bbox 48 1722 2888 1802; baseline -0.004 -12"><span class='ocrx_word' id='word_1_231' title='bbox 48 1745 163 1790; x_wconf 89' lang='lat' dir='ltr'><strong>tur.</strong></span> <span class='ocrx_word' id='word_1_232' title='bbox 201 1733 363 1790; x_wconf 86' lang='lat' dir='ltr'><strong>Unde</strong></span> <span class='ocrx_word' id='word_1_233' title='bbox 391 1733 518 1789; x_wconf 84' lang='lat' dir='ltr'><strong>alibi</strong></span> <span class='ocrx_word' id='word_1_234' title='bbox 539 1734 791 1788; x_wconf 82' lang='lat' dir='ltr'><strong>dicebant</strong></span> <span class='ocrx_word' id='word_1_235' title='bbox 818 1751 829 1785; x_wconf 90' lang='lat'><strong>:</strong></span> <span class='ocrx_word' id='word_1_236' title='bbox 858 1728 1107 1802; x_wconf 83' lang='lat' dir='ltr'><strong>Nunquid</strong></span> <span class='ocrx_word' id='word_1_237' title='bbox 1136 1726 1333 1801; x_wconf 84' lang='lat' dir='ltr'><strong>aliquis</strong></span> <span class='ocrx_word' id='word_1_238' title='bbox 1358 1746 1423 1786; x_wconf 75' lang='lat' dir='ltr'><strong>ex</strong></span> <span class='ocrx_word' id='word_1_239' title='bbox 1449 1732 1651 1800; x_wconf 85' lang='lat' dir='ltr'><strong>princi-</strong></span> <span class='ocrx_word' id='word_1_240' title='bbox 1679 1723 1727 1782; x_wconf 91' lang='lat' dir='ltr'><strong>B</strong></span> <span class='ocrx_word' id='word_1_241' title='bbox 1756 1722 1975 1776; x_wconf 79' lang='lat' dir='ltr'><strong>unicum</strong></span> <span class='ocrx_word' id='word_1_242' title='bbox 2006 1723 2221 1792; x_wconf 77' lang='lat' dir='ltr'><strong>pietatis</strong></span> <span class='ocrx_word' id='word_1_243' title='bbox 2250 1723 2661 1779; x_wconf 81' lang='lat' dir='ltr'><strong>fundamentum</strong></span> <span class='ocrx_word' id='word_1_244' title='bbox 2688 1724 2888 1781; x_wconf 87' lang='lat' dir='ltr'><strong>locare.</strong></span> 
     </span>
    </p>
   </div>
   <div class='ocr_carea' id='block_1_34' title="bbox 46 1822 1658 1899">
    <p class='ocr_par' dir='ltr' id='par_1_34' title="bbox 46 1822 1658 1899">
     <span class='ocr_line' id='line_1_34' title="bbox 46 1822 1658 1899; baseline -0.003 -16"><span class='ocrx_word' id='word_1_245' title='bbox 46 1827 216 1899; x_wconf 89' lang='lat' dir='ltr'><strong>pibus</strong></span> <span class='ocrx_word' id='word_1_246' title='bbox 242 1825 479 1885; x_wconf 83' lang='lat' dir='ltr'><strong>credidit</strong></span> <span class='ocrx_word' id='word_1_247' title='bbox 499 1824 553 1878; x_wconf 90' lang='lat' dir='ltr'><strong>in</strong></span> <span class='ocrx_word' id='word_1_248' title='bbox 574 1824 736 1878; x_wconf 82' lang='lat' dir='ltr'><strong>eum?</strong></span> <span class='ocrx_word' id='word_1_249' title='bbox 758 1822 866 1879; x_wconf 82' lang='lat' dir='ltr'><strong>Sed</strong></span> <span class='ocrx_word' id='word_1_250' title='bbox 892 1825 1049 1879; x_wconf 83' lang='lat' dir='ltr'><strong>turba</strong></span> <span class='ocrx_word' id='word_1_251' title='bbox 1076 1824 1212 1889; x_wconf 75' lang='lat' dir='ltr'><strong>limo,</strong></span> <span class='ocrx_word' id='word_1_252' title='bbox 1240 1836 1359 1893; x_wconf 67' lang='lat' dir='ltr'><strong>quae</strong></span> <span class='ocrx_word' id='word_1_253' title='bbox 1381 1836 1486 1877; x_wconf 89' lang='lat' dir='ltr'><strong>non</strong></span> <span class='ocrx_word' id='word_1_254' title='bbox 1509 1824 1658 1878; x_wconf 87' lang='lat' dir='ltr'><strong>novit</strong></span> 
     </span>
    </p>
   </div>
   <div class='ocr_carea' id='block_1_35' title="bbox 47 1913 1659 1989">
    <p class='ocr_par' dir='ltr' id='par_1_35' title="bbox 47 1913 1659 1989">
     <span class='ocr_line' id='line_1_35' title="bbox 47 1913 1659 1989; baseline -0.002 -17"><span class='ocrx_word' id='word_1_255' title='bbox 47 1918 259 1989; x_wconf 85' lang='lat' dir='ltr'><strong>legem,</strong></span> <span class='ocrx_word' id='word_1_256' title='bbox 298 1916 400 1973; x_wconf 86' lang='lat' dir='ltr'><strong>sub</strong></span> <span class='ocrx_word' id='word_1_257' title='bbox 428 1915 715 1973; x_wconf 83' lang='lat' dir='ltr'><strong>utaledicto</strong></span> <span class='ocrx_word' id='word_1_258' title='bbox 748 1922 890 1970; x_wconf 89' lang='lat' dir='ltr'><strong>sunt.</strong></span> <span class='ocrx_word' id='word_1_259' title='bbox 922 1913 1194 1986; x_wconf 66' lang='lat' dir='ltr'><strong>(Hirtam)</strong></span> <span class='ocrx_word' id='word_1_260' title='bbox 1224 1914 1495 1969; x_wconf 63' lang='lat' dir='ltr'><strong>Praeterea</strong></span> <span class='ocrx_word' id='word_1_261' title='bbox 1519 1930 1659 1985; x_wconf 70' lang='lat' dir='ltr'><strong>quae-</strong></span> 
     </span>
    </p>
   </div>
   <div class='ocr_carea' id='block_1_36' title="bbox 48 2004 1656 2069">
    <p class='ocr_par' dir='ltr' id='par_1_36' title="bbox 48 2004 1656 2069">
     <span class='ocr_line' id='line_1_36' title="bbox 48 2004 1656 2069; baseline -0.001 -2"><span class='ocrx_word' id='word_1_262' title='bbox 48 2010 296 2069; x_wconf 80' lang='lat' dir='ltr'><strong>rendum</strong></span> <span class='ocrx_word' id='word_1_263' title='bbox 319 2004 533 2065; x_wconf 78' lang='lat' dir='ltr'><strong>videtur</strong></span> <span class='ocrx_word' id='word_1_264' title='bbox 554 2024 677 2062; x_wconf 86' lang='lat' dir='ltr'><strong>cum</strong></span> <span class='ocrx_word' id='word_1_265' title='bbox 710 2007 969 2063; x_wconf 81' lang='lat' dir='ltr'><strong>Dominus</strong></span> <span class='ocrx_word' id='word_1_266' title='bbox 998 2008 1141 2062; x_wconf 87' lang='lat' dir='ltr'><strong>dicat</strong></span> <span class='ocrx_word' id='word_1_267' title='bbox 1170 2020 1183 2060; x_wconf 71' lang='grc' dir='ltr'><strong><em>τ</em></strong></span> <span class='ocrx_word' id='word_1_268' title='bbox 1214 2007 1395 2061; x_wconf 84' lang='lat' dir='ltr'><strong>Nolite</strong></span> <span class='ocrx_word' id='word_1_269' title='bbox 1415 2016 1656 2065; x_wconf 79' lang='lat' dir='ltr'><strong>sanctum</strong></span> 
     </span>
    </p>
   </div>
   <div class='ocr_carea' id='block_1_37' title="bbox 47 2100 1658 2172">
    <p class='ocr_par' dir='ltr' id='par_1_37' title="bbox 47 2100 1658 2172">
     <span class='ocr_line' id='line_1_37' title="bbox 47 2100 1658 2172; baseline -0.001 -15"><span class='ocrx_word' id='word_1_270' title='bbox 47 2106 186 2157; x_wconf 78' lang='lat' dir='ltr'><strong>dare</strong></span> <span class='ocrx_word' id='word_1_271' title='bbox 209 2101 473 2167; x_wconf 72' lang='lat' dir='ltr'><strong>canibus,</strong></span> <span class='ocrx_word' id='word_1_272' title='bbox 504 2116 670 2172; x_wconf 75' lang='lat' dir='ltr'><strong>neque</strong></span> <span class='ocrx_word' id='word_1_273' title='bbox 699 2100 925 2154; x_wconf 75' lang='lat' dir='ltr'><strong>mittatis</strong></span> <span class='ocrx_word' id='word_1_274' title='bbox 957 2100 1274 2171; x_wconf 73' lang='lat' dir='ltr'><strong>margaritas</strong></span> <span class='ocrx_word' id='word_1_275' title='bbox 1313 2112 1510 2156; x_wconf 79' lang='lat' dir='ltr'><strong>uestras</strong></span> <span class='ocrx_word' id='word_1_276' title='bbox 1537 2108 1658 2156; x_wconf 81' lang='lat' dir='ltr'><strong>ants</strong></span> 
     </span>
    </p>
   </div>
   <div class='ocr_carea' id='block_1_38' title="bbox 48 2190 1656 2265">
    <p class='ocr_par' dir='ltr' id='par_1_38' title="bbox 48 2190 1656 2265">
     <span class='ocr_line' id='line_1_38' title="bbox 48 2190 1656 2265; baseline 0.001 -17"><span class='ocrx_word' id='word_1_277' title='bbox 48 2210 277 2265; x_wconf 78' lang='lat' dir='ltr'><strong>porcos,</strong></span> <span class='ocrx_word' id='word_1_278' title='bbox 304 2207 406 2248; x_wconf 80' lang='lat' dir='ltr'><strong>cur</strong></span> <span class='ocrx_word' id='word_1_279' title='bbox 434 2194 550 2263; x_wconf 88' lang='lat' dir='ltr'><strong>ipse</strong></span> <span class='ocrx_word' id='word_1_280' title='bbox 573 2192 820 2262; x_wconf 64' lang='lat' dir='ltr'><strong>quaedam</strong></span> <span class='ocrx_word' id='word_1_281' title='bbox 844 2190 931 2245; x_wconf 88' lang='lat' dir='ltr'><strong>vel</strong></span> <span class='ocrx_word' id='word_1_282' title='bbox 970 2191 1058 2246; x_wconf 84' lang='lat' dir='ltr'><strong>hic</strong></span> <span class='ocrx_word' id='word_1_283' title='bbox 1100 2190 1167 2246; x_wconf 89' lang='lat' dir='ltr'><strong>de</strong></span> <span class='ocrx_word' id='word_1_284' title='bbox 1208 2192 1377 2262; x_wconf 87' lang='lat' dir='ltr'><strong>gloria</strong></span> <span class='ocrx_word' id='word_1_285' title='bbox 1409 2206 1656 2249; x_wconf 86' lang='lat' dir='ltr'><strong>resurre-</strong></span> 
     </span>
    </p>
   </div>
   <div class='ocr_carea' id='block_1_39' title="bbox 49 2281 1661 2352">
    <p class='ocr_par' dir='ltr' id='par_1_39' title="bbox 49 2281 1661 2352">
     <span class='ocr_line' id='line_1_39' title="bbox 49 2281 1661 2352; baseline 0 -14"><span class='ocrx_word' id='word_1_286' title='bbox 49 2284 285 2348; x_wconf 70' lang='lat' dir='ltr'><strong>ctionis,</strong></span> <span class='ocrx_word' id='word_1_287' title='bbox 314 2282 400 2339; x_wconf 78' lang='lat' dir='ltr'><strong>uel</strong></span> <span class='ocrx_word' id='word_1_288' title='bbox 433 2282 560 2338; x_wconf 86' lang='lat' dir='ltr'><strong>alibi</strong></span> <span class='ocrx_word' id='word_1_289' title='bbox 596 2284 661 2337; x_wconf 82' lang='lat' dir='ltr'><strong>de</strong></span> <span class='ocrx_word' id='word_1_290' title='bbox 689 2281 1104 2352; x_wconf 76' lang='lat' dir='ltr'><strong>dispensationis</strong></span> <span class='ocrx_word' id='word_1_291' title='bbox 1134 2292 1229 2337; x_wconf 86' lang='lat' dir='ltr'><strong>aut</strong></span> <span class='ocrx_word' id='word_1_292' title='bbox 1259 2284 1422 2338; x_wconf 88' lang='lat' dir='ltr'><strong>etiam</strong></span> <span class='ocrx_word' id='word_1_293' title='bbox 1465 2285 1661 2341; x_wconf 81' lang='lat' dir='ltr'><strong>divini-</strong></span> 
     </span>
    </p>
   </div>
   <div class='ocr_carea' id='block_1_40' title="bbox 52 2372 1659 2445">
    <p class='ocr_par' dir='ltr' id='par_1_40' title="bbox 52 2372 1659 2445">
     <span class='ocr_line' id='line_1_40' title="bbox 52 2372 1659 2445; baseline 0.001 -16"><span class='ocrx_word' id='word_1_294' title='bbox 52 2375 188 2429; x_wconf 80' lang='lat' dir='ltr'><strong>tatis</strong></span> <span class='ocrx_word' id='word_1_295' title='bbox 218 2382 339 2429; x_wconf 63' lang='grc' dir='ltr'><strong>θυαε</strong></span> <span class='ocrx_word' id='word_1_296' title='bbox 371 2373 645 2444; x_wconf 76' lang='lat' dir='ltr'><strong>mysteriis</strong></span> <span class='ocrx_word' id='word_1_297' title='bbox 673 2372 875 2429; x_wconf 68' lang='lat' dir='ltr'><strong>dixisse</strong></span> <span class='ocrx_word' id='word_1_298' title='bbox 900 2374 1187 2437; x_wconf 77' lang='lat' dir='ltr'><strong>invenitur,</strong></span> <span class='ocrx_word' id='word_1_299' title='bbox 1216 2388 1337 2443; x_wconf 73' lang='lat' dir='ltr'><strong>quae</strong></span> <span class='ocrx_word' id='word_1_300' title='bbox 1380 2376 1533 2432; x_wconf 83' lang='lat' dir='ltr'><strong>multi</strong></span> <span class='ocrx_word' id='word_1_301' title='bbox 1566 2377 1659 2445; x_wconf 82' lang='lat' dir='ltr'><strong>qui</strong></span> 
     </span>
    </p>
   </div>
   <div class='ocr_carea' id='block_1_41' title="bbox 51 2465 1661 2532">
    <p class='ocr_par' dir='ltr' id='par_1_41' title="bbox 51 2465 1661 2532">
     <span class='ocr_line' id='line_1_41' title="bbox 51 2465 1661 2532; baseline 0.001 -10"><span class='ocrx_word' id='word_1_302' title='bbox 51 2467 295 2522; x_wconf 80' lang='lat' dir='ltr'><strong>aderant</strong></span> <span class='ocrx_word' id='word_1_303' title='bbox 318 2505 335 2531; x_wconf 89' lang='lat'><strong>,</strong></span> <span class='ocrx_word' id='word_1_304' title='bbox 367 2465 451 2520; x_wconf 76' lang='lat' dir='ltr'><strong>vel</strong></span> <span class='ocrx_word' id='word_1_305' title='bbox 488 2466 789 2520; x_wconf 84' lang='lat' dir='ltr'><strong>resistendo</strong></span> <span class='ocrx_word' id='word_1_306' title='bbox 816 2506 831 2531; x_wconf 93' lang='lat'><strong>,</strong></span> <span class='ocrx_word' id='word_1_307' title='bbox 863 2466 949 2521; x_wconf 82' lang='lat' dir='ltr'><strong>vel</strong></span> <span class='ocrx_word' id='word_1_308' title='bbox 971 2468 1401 2532; x_wconf 87' lang='lat' dir='ltr'><strong>contemnendo,</strong></span> <span class='ocrx_word' id='word_1_309' title='bbox 1435 2485 1543 2524; x_wconf 89' lang='lat' dir='ltr'><strong>non</strong></span> <span class='ocrx_word' id='word_1_310' title='bbox 1572 2484 1661 2524; x_wconf 90' lang='lat' dir='ltr'><strong>ac-</strong></span> 
     </span>
    </p>
   </div>
   <div class='ocr_carea' id='block_1_42' title="bbox 56 2556 1661 2628">
    <p class='ocr_par' dir='ltr' id='par_1_42' title="bbox 56 2556 1661 2628">
     <span class='ocr_line' id='line_1_42' title="bbox 56 2556 1661 2628; baseline 0 -14"><span class='ocrx_word' id='word_1_311' title='bbox 56 2559 368 2628; x_wconf 81' lang='lat' dir='ltr'><strong>ceperunt?</strong></span> <span class='ocrx_word' id='word_1_312' title='bbox 396 2556 513 2613; x_wconf 80' lang='lat' dir='ltr'><strong>Non</strong></span> <span class='ocrx_word' id='word_1_313' title='bbox 554 2559 826 2628; x_wconf 78' lang='lat' dir='ltr'><strong>putandus</strong></span> <span class='ocrx_word' id='word_1_314' title='bbox 851 2568 935 2613; x_wconf 85' lang='lat' dir='ltr'><strong>est</strong></span> <span class='ocrx_word' id='word_1_315' title='bbox 976 2568 1222 2614; x_wconf 84' lang='lat' dir='ltr'><strong>sanctum</strong></span> <span class='ocrx_word' id='word_1_316' title='bbox 1255 2561 1467 2617; x_wconf 84' lang='lat' dir='ltr'><strong>dedisse</strong></span> <span class='ocrx_word' id='word_1_317' title='bbox 1508 2563 1661 2616; x_wconf 83' lang='lat' dir='ltr'><strong>cani-</strong></span> 
     </span>
    </p>
   </div>
   <div class='ocr_carea' id='block_1_43' title="bbox 56 2652 1660 2722">
    <p class='ocr_par' dir='ltr' id='par_1_43' title="bbox 56 2652 1660 2722">
     <span class='ocr_line' id='line_1_43' title="bbox 56 2652 1660 2722; baseline 0.002 -17"><span class='ocrx_word' id='word_1_318' title='bbox 56 2652 182 2717; x_wconf 79' lang='lat' dir='ltr'><strong>bus,</strong></span> <span class='ocrx_word' id='word_1_319' title='bbox 206 2659 310 2706; x_wconf 85' lang='lat' dir='ltr'><strong>aut</strong></span> <span class='ocrx_word' id='word_1_320' title='bbox 354 2652 678 2722; x_wconf 75' lang='lat' dir='ltr'><strong>margaritas</strong></span> <span class='ocrx_word' id='word_1_321' title='bbox 708 2652 920 2706; x_wconf 85' lang='lat' dir='ltr'><strong>misisse</strong></span> <span class='ocrx_word' id='word_1_322' title='bbox 952 2659 1081 2707; x_wconf 83' lang='lat' dir='ltr'><strong>ante</strong></span> <span class='ocrx_word' id='word_1_323' title='bbox 1110 2666 1324 2722; x_wconf 88' lang='lat' dir='ltr'><strong>porcos.</strong></span> <span class='ocrx_word' id='word_1_324' title='bbox 1368 2654 1484 2708; x_wconf 79' lang='lat' dir='ltr'><strong>Non</strong></span> <span class='ocrx_word' id='word_1_325' title='bbox 1514 2656 1660 2708; x_wconf 89' lang='lat' dir='ltr'><strong>enim</strong></span> 
     </span>
    </p>
   </div>
   <div class='ocr_carea' id='block_1_44' title="bbox 55 2742 1660 2815">
    <p class='ocr_par' dir='ltr' id='par_1_44' title="bbox 55 2742 1660 2815">
     <span class='ocr_line' id='line_1_44' title="bbox 55 2742 1660 2815; baseline 0.002 -19"><span class='ocrx_word' id='word_1_326' title='bbox 55 2742 136 2798; x_wconf 85' lang='lat' dir='ltr'><strong>cis</strong></span> <span class='ocrx_word' id='word_1_327' title='bbox 170 2743 327 2801; x_wconf 81' lang='lat' dir='ltr'><strong>dedit</strong></span> <span class='ocrx_word' id='word_1_328' title='bbox 355 2743 450 2813; x_wconf 86' lang='lat' dir='ltr'><strong>qui</strong></span> <span class='ocrx_word' id='word_1_329' title='bbox 483 2755 682 2813; x_wconf 84' lang='lat' dir='ltr'><strong>capere</strong></span> <span class='ocrx_word' id='word_1_330' title='bbox 712 2758 820 2797; x_wconf 82' lang='lat' dir='ltr'><strong>non</strong></span> <span class='ocrx_word' id='word_1_331' title='bbox 843 2751 1130 2813; x_wconf 84' lang='lat' dir='ltr'><strong>poterant,</strong></span> <span class='ocrx_word' id='word_1_332' title='bbox 1155 2746 1249 2799; x_wconf 88' lang='lat' dir='ltr'><strong>sed</strong></span> <span class='ocrx_word' id='word_1_333' title='bbox 1276 2746 1357 2799; x_wconf 89' lang='lat' dir='ltr'><strong>eis</strong></span> <span class='ocrx_word' id='word_1_334' title='bbox 1386 2747 1478 2815; x_wconf 89' lang='lat' dir='ltr'><strong>qui</strong></span> <span class='ocrx_word' id='word_1_335' title='bbox 1504 2755 1660 2815; x_wconf 84' lang='lat' dir='ltr'><strong>pote-</strong></span> 
     </span>
    </p>
   </div>
   <div class='ocr_carea' id='block_1_45' title="bbox 56 2832 1661 2902">
    <p class='ocr_par' dir='ltr' id='par_1_45' title="bbox 56 2832 1661 2902">
     <span class='ocr_line' id='line_1_45' title="bbox 56 2832 1661 2902; baseline 0.002 -17"><span class='ocrx_word' id='word_1_336' title='bbox 56 2842 179 2886; x_wconf 84' lang='lat' dir='ltr'><strong>rant</strong></span> <span class='ocrx_word' id='word_1_337' title='bbox 208 2836 266 2887; x_wconf 74' lang='lat' dir='ltr'><strong>e‘t</strong></span> <span class='ocrx_word' id='word_1_338' title='bbox 291 2832 459 2887; x_wconf 82' lang='lat' dir='ltr'><strong>simul</strong></span> <span class='ocrx_word' id='word_1_339' title='bbox 484 2834 729 2898; x_wconf 76' lang='lat' dir='ltr'><strong>aderant,</strong></span> <span class='ocrx_word' id='word_1_340' title='bbox 761 2847 895 2902; x_wconf 89' lang='lat' dir='ltr'><strong>quos</strong></span> <span class='ocrx_word' id='word_1_341' title='bbox 920 2843 1141 2902; x_wconf 78' lang='lat' dir='ltr'><strong>propter</strong></span> <span class='ocrx_word' id='word_1_342' title='bbox 1172 2835 1402 2889; x_wconf 86' lang='lat' dir='ltr'><strong>aliorum</strong></span> <span class='ocrx_word' id='word_1_343' title='bbox 1427 2836 1661 2889; x_wconf 89' lang='lat' dir='ltr'><strong>immun-</strong></span> 
     </span>
    </p>
   </div>
   <div class='ocr_carea' id='block_1_46' title="bbox 55 2924 1662 2996">
    <p class='ocr_par' dir='ltr' id='par_1_46' title="bbox 55 2924 1662 2996">
     <span class='ocr_line' id='line_1_46' title="bbox 55 2924 1662 2996; baseline 0.001 -16"><span class='ocrx_word' id='word_1_344' title='bbox 55 2925 248 2981; x_wconf 83' lang='lat' dir='ltr'><strong>ditiam</strong></span> <span class='ocrx_word' id='word_1_345' title='bbox 277 2924 481 2996; x_wconf 77' lang='lat' dir='ltr'><strong>negligi</strong></span> <span class='ocrx_word' id='word_1_346' title='bbox 506 2936 613 2980; x_wconf 84' lang='lat' dir='ltr'><strong>non</strong></span> <span class='ocrx_word' id='word_1_347' title='bbox 643 2926 943 2994; x_wconf 85' lang='lat' dir='ltr'><strong>oportebat.</strong></span> <span class='ocrx_word' id='word_1_348' title='bbox 972 2926 1039 2980; x_wconf 81' lang='lat' dir='ltr'><strong>Et</strong></span> <span class='ocrx_word' id='word_1_349' title='bbox 1067 2938 1188 2980; x_wconf 90' lang='lat' dir='ltr'><strong>cum</strong></span> <span class='ocrx_word' id='word_1_350' title='bbox 1214 2940 1337 2980; x_wconf 89' lang='lat' dir='ltr'><strong>eum</strong></span> <span class='ocrx_word' id='word_1_351' title='bbox 1366 2930 1662 2981; x_wconf 85' lang='lat' dir='ltr'><strong>tentatores</strong></span> 
     </span>
    </p>
   </div>
   <div class='ocr_carea' id='block_1_47' title="bbox 58 3017 1660 3088">
    <p class='ocr_par' dir='ltr' id='par_1_47' title="bbox 58 3017 1660 3088">
     <span class='ocr_line' id='line_1_47' title="bbox 58 3017 1660 3088; baseline 0.001 -17"><span class='ocrx_word' id='word_1_352' title='bbox 58 3018 498 3087; x_wconf 76' lang='lat' dir='ltr'><strong>interrogabant,</strong></span> <span class='ocrx_word' id='word_1_353' title='bbox 523 3017 991 3088; x_wconf 81' lang='lat' dir='ltr'><strong>respondebatque</strong></span> <span class='ocrx_word' id='word_1_354' title='bbox 1023 3018 1129 3073; x_wconf 86' lang='lat' dir='ltr'><strong>illis</strong></span> <span class='ocrx_word' id='word_1_355' title='bbox 1153 3018 1257 3084; x_wconf 85' lang='lat' dir='ltr'><strong>ita,</strong></span> <span class='ocrx_word' id='word_1_356' title='bbox 1281 3026 1341 3072; x_wconf 90' lang='lat' dir='ltr'><strong>ut</strong></span> <span class='ocrx_word' id='word_1_357' title='bbox 1366 3019 1494 3087; x_wconf 85' lang='lat' dir='ltr'><strong>quid</strong></span> <span class='ocrx_word' id='word_1_358' title='bbox 1525 3032 1660 3074; x_wconf 76' lang='lat' dir='ltr'><strong>con-</strong></span> 
     </span>
    </p>
   </div>
   <div class='ocr_carea' id='block_1_48' title="bbox 1832 1812 3341 1891">
    <p class='ocr_par' dir='ltr' id='par_1_48' title="bbox 1832 1812 3341 1891">
     <span class='ocr_line' id='line_1_48' title="bbox 1832 1812 3341 1891; baseline 0.006 -23"><span class='ocrx_word' id='word_1_359' title='bbox 1832 1812 2134 1868; x_wconf 77' lang='lat' dir='ltr'><strong>Secundum</strong></span> <span class='ocrx_word' id='word_1_360' title='bbox 2157 1822 2329 1870; x_wconf 80' lang='lat' dir='ltr'><strong>autem</strong></span> <span class='ocrx_word' id='word_1_361' title='bbox 2346 1815 2516 1870; x_wconf 82' lang='lat' dir='ltr'><strong>simile</strong></span> <span class='ocrx_word' id='word_1_362' title='bbox 2537 1826 2609 1871; x_wconf 88' lang='lat' dir='ltr'><strong>est</strong></span> <span class='ocrx_word' id='word_1_363' title='bbox 2637 1817 2759 1871; x_wconf 78' lang='lat' dir='ltr'><strong>huic</strong></span> <span class='ocrx_word' id='word_1_364' title='bbox 2779 1830 2797 1869; x_wconf 89' lang='lat'><strong><em>:</em></strong></span> <span class='ocrx_word' id='word_1_365' title='bbox 2826 1817 3023 1890; x_wconf 71' lang='lat' dir='ltr'><strong>Diliges</strong></span> <span class='ocrx_word' id='word_1_366' title='bbox 3044 1821 3341 1891; x_wconf 74' lang='lat' dir='ltr'><strong>proximum</strong></span> 
     </span>
    </p>
   </div>
   <div class='ocr_carea' id='block_1_49' title="bbox 1756 1905 3343 1979">
    <p class='ocr_par' dir='ltr' id='par_1_49' title="bbox 1756 1905 3343 1979">
     <span class='ocr_line' id='line_1_49' title="bbox 1756 1905 3343 1979; baseline 0.008 -24"><span class='ocrx_word' id='word_1_367' title='bbox 1756 1911 1905 1956; x_wconf 81' lang='lat' dir='ltr'><strong>tuum</strong></span> <span class='ocrx_word' id='word_1_368' title='bbox 1942 1905 2075 1958; x_wconf 81' lang='lat' dir='ltr'><strong>sicut</strong></span> <span class='ocrx_word' id='word_1_369' title='bbox 2112 1906 2355 1974; x_wconf 83' lang='lat' dir='ltr'><strong>teipsum.</strong></span> <span class='ocrx_word' id='word_1_370' title='bbox 2381 1905 2623 1975; x_wconf 85' lang='lat' dir='ltr'><strong>Primum</strong></span> <span class='ocrx_word' id='word_1_371' title='bbox 2650 1920 2782 1979; x_wconf 84' lang='lat' dir='ltr'><strong>ergo</strong></span> <span class='ocrx_word' id='word_1_372' title='bbox 2812 1911 3054 1965; x_wconf 87' lang='lat' dir='ltr'><strong>omnium</strong></span> <span class='ocrx_word' id='word_1_373' title='bbox 3090 1921 3144 1967; x_wconf 89' lang='lat' dir='ltr'><strong>et</strong></span> <span class='ocrx_word' id='word_1_374' title='bbox 3168 1914 3343 1968; x_wconf 85' lang='lat' dir='ltr'><strong>maxi-</strong></span> 
     </span>
    </p>
   </div>
   <div class='ocr_carea' id='block_1_50' title="bbox 1756 1999 3339 2072">
    <p class='ocr_par' dir='ltr' id='par_1_50' title="bbox 1756 1999 3339 2072">
     <span class='ocr_line' id='line_1_50' title="bbox 1756 1999 3339 2072; baseline 0.008 -21"><span class='ocrx_word' id='word_1_375' title='bbox 1756 2008 1905 2051; x_wconf 87' lang='lat' dir='ltr'><strong>mum</strong></span> <span class='ocrx_word' id='word_1_376' title='bbox 1936 1999 2248 2053; x_wconf 88' lang='lat' dir='ltr'><strong>mandatum</strong></span> <span class='ocrx_word' id='word_1_377' title='bbox 2281 2006 2365 2054; x_wconf 90' lang='lat' dir='ltr'><strong>est</strong></span> <span class='ocrx_word' id='word_1_378' title='bbox 2398 2001 2638 2071; x_wconf 84' lang='lat' dir='ltr'><strong>cognitio</strong></span> <span class='ocrx_word' id='word_1_379' title='bbox 2663 2010 2827 2072; x_wconf 87' lang='lat' dir='ltr'><strong>atque</strong></span> <span class='ocrx_word' id='word_1_380' title='bbox 2847 2004 3121 2060; x_wconf 69' lang='lat' dir='ltr'><strong>coitibssio</strong></span> <span class='ocrx_word' id='word_1_381' title='bbox 3141 2003 3339 2063; x_wconf 69' lang='lat' dir='ltr'><strong>divinae</strong></span> 
     </span>
    </p>
   </div>
   <div class='ocr_carea' id='block_1_51' title="bbox 1757 2089 3345 2164">
    <p class='ocr_par' dir='ltr' id='par_1_51' title="bbox 1757 2089 3345 2164">
     <span class='ocr_line' id='line_1_51' title="bbox 1757 2089 3345 2164; baseline 0.008 -21"><span class='ocrx_word' id='word_1_382' title='bbox 1757 2089 2011 2153; x_wconf 86' lang='lat' dir='ltr'><strong>unitatis,</strong></span> <span class='ocrx_word' id='word_1_383' title='bbox 2058 2102 2181 2145; x_wconf 89' lang='lat' dir='ltr'><strong>cum</strong></span> <span class='ocrx_word' id='word_1_384' title='bbox 2214 2092 2565 2147; x_wconf 74' lang='lat' dir='ltr'><strong>exsecutione</strong></span> <span class='ocrx_word' id='word_1_385' title='bbox 2600 2094 2757 2149; x_wconf 75' lang='lat' dir='ltr'><strong>bonze</strong></span> <span class='ocrx_word' id='word_1_386' title='bbox 2800 2098 3151 2164; x_wconf 84' lang='lat' dir='ltr'><strong>operationis.</strong></span> <span class='ocrx_word' id='word_1_387' title='bbox 3195 2100 3345 2155; x_wconf 89' lang='lat' dir='ltr'><strong>Bona</strong></span> 
     </span>
    </p>
   </div>
   <div class='ocr_carea' id='block_1_52' title="bbox 1760 2181 3344 2259">
    <p class='ocr_par' dir='ltr' id='par_1_52' title="bbox 1760 2181 3344 2259">
     <span class='ocr_line' id='line_1_52' title="bbox 1760 2181 3344 2259; baseline 0.007 -24"><span class='ocrx_word' id='word_1_388' title='bbox 1760 2189 1941 2236; x_wconf 85' lang='lat' dir='ltr'><strong>autem</strong></span> <span class='ocrx_word' id='word_1_389' title='bbox 1965 2183 2211 2251; x_wconf 88' lang='lat' dir='ltr'><strong>operatio</strong></span> <span class='ocrx_word' id='word_1_390' title='bbox 2238 2182 2293 2236; x_wconf 88' lang='lat' dir='ltr'><strong>in</strong></span> <span class='ocrx_word' id='word_1_391' title='bbox 2321 2181 2614 2240; x_wconf 86' lang='lat' dir='ltr'><strong>dilectione</strong></span> <span class='ocrx_word' id='word_1_392' title='bbox 2649 2183 2744 2239; x_wconf 87' lang='lat' dir='ltr'><strong>Dei</strong></span> <span class='ocrx_word' id='word_1_393' title='bbox 2774 2194 2830 2240; x_wconf 91' lang='lat' dir='ltr'><strong>et</strong></span> <span class='ocrx_word' id='word_1_394' title='bbox 2860 2188 3090 2256; x_wconf 79' lang='lat' dir='ltr'><strong>proximi</strong></span> <span class='ocrx_word' id='word_1_395' title='bbox 3126 2191 3344 2259; x_wconf 83' lang='lat' dir='ltr'><strong>perlici-</strong></span> 
     </span>
    </p>
   </div>
   <div class='ocr_carea' id='block_1_53' title="bbox 1758 2274 3347 2350">
    <p class='ocr_par' dir='ltr' id='par_1_53' title="bbox 1758 2274 3347 2350">
     <span class='ocr_line' id='line_1_53' title="bbox 1758 2274 3347 2350; baseline 0.008 -23"><span class='ocrx_word' id='word_1_396' title='bbox 1758 2280 1866 2336; x_wconf 84' lang='lat' dir='ltr'><strong>lur,</strong></span> <span class='ocrx_word' id='word_1_397' title='bbox 1891 2286 2055 2343; x_wconf 87' lang='lat' dir='ltr'><strong>quam</strong></span> <span class='ocrx_word' id='word_1_398' title='bbox 2081 2274 2318 2329; x_wconf 83' lang='lat' dir='ltr'><strong>breviter</strong></span> <span class='ocrx_word' id='word_1_399' title='bbox 2344 2274 2463 2329; x_wconf 87' lang='lat' dir='ltr'><strong>aliis</strong></span> <span class='ocrx_word' id='word_1_400' title='bbox 2490 2274 2671 2331; x_wconf 80' lang='lat' dir='ltr'><strong>verbis</strong></span> <span class='ocrx_word' id='word_1_401' title='bbox 2698 2280 3043 2334; x_wconf 87' lang='lat' dir='ltr'><strong>commendat</strong></span> <span class='ocrx_word' id='word_1_402' title='bbox 3058 2279 3347 2350; x_wconf 79' lang='lat' dir='ltr'><strong>Apostolus</strong></span> 
     </span>
    </p>
   </div>
   <div class='ocr_carea' id='block_1_54' title="bbox 1759 2362 3350 2439">
    <p class='ocr_par' dir='ltr' id='par_1_54' title="bbox 1759 2362 3350 2439">
     <span class='ocr_line' id='line_1_54' title="bbox 1759 2362 3350 2439; baseline 0.006 -22"><span class='ocrx_word' id='word_1_403' title='bbox 1759 2363 1946 2418; x_wconf 83' lang='lat' dir='ltr'><strong>dicens</strong></span> <span class='ocrx_word' id='word_1_404' title='bbox 1970 2380 1983 2415; x_wconf 74' lang='grc' dir='ltr'>ε</span> <span class='ocrx_word' id='word_1_405' title='bbox 2006 2362 2075 2416; x_wconf 82' lang='lat' dir='ltr'><strong>&#39;In</strong></span> <span class='ocrx_word' id='word_1_406' title='bbox 2110 2363 2318 2418; x_wconf 77' lang='lat' dir='ltr'><strong>Christo</strong></span> <span class='ocrx_word' id='word_1_407' title='bbox 2363 2366 2500 2419; x_wconf 82' lang='lat' dir='ltr'><strong>enim</strong></span> <span class='ocrx_word' id='word_1_408' title='bbox 2542 2365 2674 2420; x_wconf 82' lang='lat' dir='ltr'><strong>Jesu</strong></span> <span class='ocrx_word' id='word_1_409' title='bbox 2702 2378 2866 2439; x_wconf 83' lang='lat' dir='ltr'><strong>neque</strong></span> <span class='ocrx_word' id='word_1_410' title='bbox 2894 2369 3221 2426; x_wconf 80' lang='lat' dir='ltr'><strong>circumcisio</strong></span> <span class='ocrx_word' id='word_1_411' title='bbox 3250 2373 3350 2427; x_wconf 89' lang='lat' dir='ltr'><strong>ali-</strong></span> 
     </span>
    </p>
   </div>
   <div class='ocr_carea' id='block_1_55' title="bbox 1758 2452 3350 2533">
    <p class='ocr_par' dir='ltr' id='par_1_55' title="bbox 1758 2452 3350 2533">
     <span class='ocr_line' id='line_1_55' title="bbox 1758 2452 3350 2533; baseline 0.009 -28"><span class='ocrx_word' id='word_1_412' title='bbox 1758 2453 1885 2524; x_wconf 81' lang='lat' dir='ltr'><strong>quid</strong></span> <span class='ocrx_word' id='word_1_413' title='bbox 1908 2452 2063 2519; x_wconf 76' lang='lat' dir='ltr'><strong>valet,</strong></span> <span class='ocrx_word' id='word_1_414' title='bbox 2091 2468 2254 2525; x_wconf 79' lang='lat' dir='ltr'><strong>neque</strong></span> <span class='ocrx_word' id='word_1_415' title='bbox 2288 2458 2620 2526; x_wconf 61' lang='lat' dir='ltr'><strong>pra’putium,</strong></span> <span class='ocrx_word' id='word_1_416' title='bbox 2651 2458 2743 2513; x_wconf 82' lang='lat' dir='ltr'><strong>sed</strong></span> <span class='ocrx_word' id='word_1_417' title='bbox 2767 2458 2919 2528; x_wconf 75' lang='lat' dir='ltr'><strong>ﬁdes,</strong></span> <span class='ocrx_word' id='word_1_418' title='bbox 2954 2476 3071 2532; x_wconf 65' lang='lat' dir='ltr'><strong>quis</strong></span> <span class='ocrx_word' id='word_1_419' title='bbox 3095 2474 3190 2533; x_wconf 85' lang='lat' dir='ltr'><strong>per</strong></span> <span class='ocrx_word' id='word_1_420' title='bbox 3218 2463 3350 2519; x_wconf 87' lang='lat' dir='ltr'><strong>dile-</strong></span> 
     </span>
    </p>
   </div>
   <div class='ocr_carea' id='block_1_56' title="bbox 1760 2548 2541 2620">
    <p class='ocr_par' dir='ltr' id='par_1_56' title="bbox 1760 2548 2541 2620">
     <span class='ocr_line' id='line_1_56' title="bbox 1760 2548 2541 2620; baseline 0.006 -20"><span class='ocrx_word' id='word_1_421' title='bbox 1760 2549 1986 2601; x_wconf 80' lang='lat' dir='ltr'><strong>ctionem</strong></span> <span class='ocrx_word' id='word_1_422' title='bbox 2017 2557 2264 2619; x_wconf 74' lang='lat' dir='ltr'><strong>operatur</strong></span> <span class='ocrx_word' id='word_1_423' title='bbox 2294 2548 2439 2620; x_wconf 82' lang='lat' dir='ltr'><strong>(Gal.</strong></span> <span class='ocrx_word' id='word_1_424' title='bbox 2466 2551 2541 2620; x_wconf 74' lang='grc' dir='ltr'><strong>ν).</strong></span> 
     </span>
    </p>
   </div>
   <div class='ocr_carea' id='block_1_57' title="bbox 1836 2634 3344 2718">
    <p class='ocr_par' dir='ltr' id='par_1_57' title="bbox 1836 2634 3344 2718">
     <span class='ocr_line' id='line_1_57' title="bbox 1836 2634 3344 2718; baseline 0.007 -26"><span class='ocrx_word' id='word_1_425' title='bbox 1836 2634 1903 2693; x_wconf 82' lang='lat' dir='ltr'><strong>In</strong></span> <span class='ocrx_word' id='word_1_426' title='bbox 1922 2641 2003 2693; x_wconf 78' lang='lat' dir='ltr'><strong>lt&#39;s</strong></span> <span class='ocrx_word' id='word_1_427' title='bbox 2027 2640 2231 2695; x_wconf 81' lang='lat' dir='ltr'><strong>duobus</strong></span> <span class='ocrx_word' id='word_1_428' title='bbox 2265 2643 2529 2696; x_wconf 73' lang='lat' dir='ltr'><strong>mandatis</strong></span> <span class='ocrx_word' id='word_1_429' title='bbox 2558 2644 2802 2698; x_wconf 84' lang='lat' dir='ltr'><strong>universa</strong></span> <span class='ocrx_word' id='word_1_430' title='bbox 2826 2642 2910 2699; x_wconf 75' lang='lat' dir='ltr'><strong>lex</strong></span> <span class='ocrx_word' id='word_1_431' title='bbox 2935 2646 3118 2715; x_wconf 81' lang='lat' dir='ltr'><strong>pendet</strong></span> <span class='ocrx_word' id='word_1_432' title='bbox 3149 2655 3197 2701; x_wconf 86' lang='lat' dir='ltr'><strong>et</strong></span> <span class='ocrx_word' id='word_1_433' title='bbox 3220 2662 3344 2718; x_wconf 89' lang='lat' dir='ltr'><strong>pro-</strong></span> 
     </span>
    </p>
   </div>
   <div class='ocr_carea' id='block_1_58' title="bbox 1761 2730 3352 2804">
    <p class='ocr_par' dir='ltr' id='par_1_58' title="bbox 1761 2730 3352 2804">
     <span class='ocr_line' id='line_1_58' title="bbox 1761 2730 3352 2804; baseline 0.006 -19"><span class='ocrx_word' id='word_1_434' title='bbox 1761 2731 1950 2801; x_wconf 59' lang='lat' dir='ltr'><strong>phetis.</strong></span> <span class='ocrx_word' id='word_1_435' title='bbox 1979 2730 2164 2802; x_wconf 71' lang='grc' dir='ltr'><strong>(Δίες.)</strong></span> <span class='ocrx_word' id='word_1_436' title='bbox 2202 2731 2408 2787; x_wconf 88' lang='lat' dir='ltr'><strong>Pendet</strong></span> <span class='ocrx_word' id='word_1_437' title='bbox 2438 2733 2594 2799; x_wconf 80' lang='lat' dir='ltr'><strong>dixit,</strong></span> <span class='ocrx_word' id='word_1_438' title='bbox 2634 2735 2688 2790; x_wconf 87' lang='lat' dir='ltr'><strong>id</strong></span> <span class='ocrx_word' id='word_1_439' title='bbox 2718 2741 2834 2801; x_wconf 89' lang='lat' dir='ltr'><strong>est,</strong></span> <span class='ocrx_word' id='word_1_440' title='bbox 2864 2736 2955 2791; x_wconf 89' lang='lat' dir='ltr'><strong>illo</strong></span> <span class='ocrx_word' id='word_1_441' title='bbox 2989 2737 3246 2804; x_wconf 84' lang='lat' dir='ltr'><strong>refertur,</strong></span> <span class='ocrx_word' id='word_1_442' title='bbox 3279 2739 3352 2795; x_wconf 87' lang='lat' dir='ltr'><strong>ibi</strong></span> 
     </span>
    </p>
   </div>
   <div class='ocr_carea' id='block_1_59' title="bbox 1732 2821 3353 2897">
    <p class='ocr_par' dir='ltr' id='par_1_59' title="bbox 1732 2821 3353 2897">
     <span class='ocr_line' id='line_1_59' title="bbox 1732 2821 3353 2897; baseline 0.006 -22"><span class='ocrx_word' id='word_1_443' title='bbox 1732 2822 1927 2887; x_wconf 77' lang='lat' dir='ltr'><strong>liabet</strong></span> <span class='ocrx_word' id='word_1_444' title='bbox 1955 2821 2138 2876; x_wconf 85' lang='lat' dir='ltr'><strong>linem.</strong></span> <span class='ocrx_word' id='word_1_445' title='bbox 2168 2822 2303 2877; x_wconf 84' lang='lat' dir='ltr'><strong>Tota</strong></span> <span class='ocrx_word' id='word_1_446' title='bbox 2344 2823 2432 2878; x_wconf 90' lang='lat' dir='ltr'><strong>lex</strong></span> <span class='ocrx_word' id='word_1_447' title='bbox 2464 2823 2518 2879; x_wconf 92' lang='lat' dir='ltr'><strong>in</strong></span> <span class='ocrx_word' id='word_1_448' title='bbox 2557 2823 2767 2879; x_wconf 88' lang='lat' dir='ltr'><strong>duobus</strong></span> <span class='ocrx_word' id='word_1_449' title='bbox 2811 2828 3096 2897; x_wconf 69' lang='lat' dir='ltr'><strong>prazceptis</strong></span> <span class='ocrx_word' id='word_1_450' title='bbox 3136 2836 3253 2895; x_wconf 89' lang='lat' dir='ltr'><strong>est,</strong></span> <span class='ocrx_word' id='word_1_451' title='bbox 3296 2831 3353 2886; x_wconf 91' lang='lat' dir='ltr'><strong>in</strong></span> 
     </span>
    </p>
   </div>
   <div class='ocr_carea' id='block_1_60' title="bbox 1764 2912 3354 2992">
    <p class='ocr_par' dir='ltr' id='par_1_60' title="bbox 1764 2912 3354 2992">
     <span class='ocr_line' id='line_1_60' title="bbox 1764 2912 3354 2992; baseline 0.006 -24"><span class='ocrx_word' id='word_1_452' title='bbox 1764 2912 2052 2970; x_wconf 85' lang='lat' dir='ltr'><strong>dilectione</strong></span> <span class='ocrx_word' id='word_1_453' title='bbox 2094 2912 2187 2968; x_wconf 88' lang='lat' dir='ltr'><strong>Del</strong></span> <span class='ocrx_word' id='word_1_454' title='bbox 2209 2944 2224 2979; x_wconf 86' lang='lat'><strong>,</strong></span> <span class='ocrx_word' id='word_1_455' title='bbox 2250 2924 2306 2969; x_wconf 86' lang='lat' dir='ltr'><strong>et</strong></span> <span class='ocrx_word' id='word_1_456' title='bbox 2331 2914 2616 2971; x_wconf 86' lang='lat' dir='ltr'><strong>dilectione</strong></span> <span class='ocrx_word' id='word_1_457' title='bbox 2645 2916 2898 2986; x_wconf 73' lang='lat' dir='ltr'><strong>proximi.</strong></span> <span class='ocrx_word' id='word_1_458' title='bbox 2924 2914 3008 2973; x_wconf 80' lang='lat' dir='ltr'><strong>Ad</strong></span> <span class='ocrx_word' id='word_1_459' title='bbox 3034 2921 3141 2974; x_wconf 91' lang='lat' dir='ltr'><strong>duo</strong></span> <span class='ocrx_word' id='word_1_460' title='bbox 3168 2918 3354 2992; x_wconf 89' lang='lat' dir='ltr'><strong>itaque</strong></span> 
     </span>
    </p>
   </div>
   <div class='ocr_carea' id='block_1_61' title="bbox 1768 3006 3355 3084">
    <p class='ocr_par' dir='ltr' id='par_1_61' title="bbox 1768 3006 3355 3084">
     <span class='ocr_line' id='line_1_61' title="bbox 1768 3006 3355 3084; baseline 0.006 -25"><span class='ocrx_word' id='word_1_461' title='bbox 1768 3014 2062 3076; x_wconf 68' lang='lat' dir='ltr'><strong>prazcepta,</strong></span> <span class='ocrx_word' id='word_1_462' title='bbox 2093 3006 2147 3061; x_wconf 91' lang='lat' dir='ltr'><strong>id</strong></span> <span class='ocrx_word' id='word_1_463' title='bbox 2172 3015 2277 3073; x_wconf 86' lang='lat' dir='ltr'><strong>est,</strong></span> <span class='ocrx_word' id='word_1_464' title='bbox 2308 3008 2374 3062; x_wconf 89' lang='lat' dir='ltr'><strong>ad</strong></span> <span class='ocrx_word' id='word_1_465' title='bbox 2400 3008 2743 3064; x_wconf 89' lang='lat' dir='ltr'><strong>dilectionem</strong></span> <span class='ocrx_word' id='word_1_466' title='bbox 2766 3010 2861 3065; x_wconf 89' lang='lat' dir='ltr'><strong>Dei</strong></span> <span class='ocrx_word' id='word_1_467' title='bbox 2890 3018 2948 3066; x_wconf 85' lang='lat' dir='ltr'><strong>et</strong></span> <span class='ocrx_word' id='word_1_468' title='bbox 2972 3011 3204 3082; x_wconf 80' lang='lat' dir='ltr'><strong>proximi</strong></span> <span class='ocrx_word' id='word_1_469' title='bbox 3229 3029 3355 3084; x_wconf 88' lang='lat' dir='ltr'><strong>per-</strong></span> 
     </span>
    </p>
   </div>
   <div class='ocr_carea' id='block_1_62' title="bbox 59 3084 1657 3181">
    <p class='ocr_par' dir='ltr' id='par_1_62' title="bbox 59 3084 1657 3181">
     <span class='ocr_line' id='line_1_62' title="bbox 59 3084 1657 3181; baseline 0.001 -17"><span class='ocrx_word' id='word_1_470' title='bbox 59 3084 401 3165; x_wconf 71' lang='lat' dir='ltr'><strong>tradicerent</strong></span> <span class='ocrx_word' id='word_1_471' title='bbox 450 3123 558 3166; x_wconf 89' lang='lat' dir='ltr'><strong>non</strong></span> <span class='ocrx_word' id='word_1_472' title='bbox 612 3084 917 3176; x_wconf 76' lang='lat' dir='ltr'><strong>baberent,</strong></span> <span class='ocrx_word' id='word_1_473' title='bbox 970 3110 1222 3181; x_wconf 82' lang='lat' dir='ltr'><strong>quamvis</strong></span> <span class='ocrx_word' id='word_1_474' title='bbox 1271 3111 1494 3164; x_wconf 86' lang='lat' dir='ltr'><strong>venenis</strong></span> <span class='ocrx_word' id='word_1_475' title='bbox 1542 3110 1657 3165; x_wconf 87' lang='lat' dir='ltr'><strong>suis</strong></span> 
     </span>
    </p>
   </div>
   <div class='ocr_carea' id='block_1_63' title="bbox 1763 3084 3349 3181">
    <p class='ocr_par' dir='ltr' id='par_1_63' title="bbox 1764 3097 3349 3177">
     <span class='ocr_line' id='line_1_63' title="bbox 1764 3097 3349 3177; baseline 0.007 -26"><span class='ocrx_word' id='word_1_476' title='bbox 1764 3098 1900 3152; x_wconf 88' lang='lat' dir='ltr'><strong>tinet</strong></span> <span class='ocrx_word' id='word_1_477' title='bbox 1931 3104 2075 3153; x_wconf 90' lang='lat' dir='ltr'><strong>totus</strong></span> <span class='ocrx_word' id='word_1_478' title='bbox 2100 3097 2408 3170; x_wconf 81' lang='lat' dir='ltr'><strong>decaiogus.</strong></span> <span class='ocrx_word' id='word_1_479' title='bbox 2442 3101 2525 3157; x_wconf 78' lang='lat' dir='ltr'><strong>Ad</strong></span> <span class='ocrx_word' id='word_1_480' title='bbox 2549 3115 2612 3156; x_wconf 88' lang='lat' dir='ltr'><strong>ea</strong></span> <span class='ocrx_word' id='word_1_481' title='bbox 2641 3102 2916 3171; x_wconf 87' lang='lat' dir='ltr'><strong>pertinent</strong></span> <span class='ocrx_word' id='word_1_482' title='bbox 2937 3113 2991 3158; x_wconf 89' lang='lat' dir='ltr'><strong>et</strong></span> <span class='ocrx_word' id='word_1_483' title='bbox 3018 3105 3199 3160; x_wconf 89' lang='lat' dir='ltr'><strong>omnia</strong></span> <span class='ocrx_word' id='word_1_484' title='bbox 3221 3121 3349 3177; x_wconf 90' lang='lat' dir='ltr'><strong>pro-</strong></span> 
     </span>
    </p>
   </div>
   <div class='ocr_carea' id='block_1_64' title="bbox 58 3201 1656 3272">
    <p class='ocr_par' dir='ltr' id='par_1_64' title="bbox 58 3201 1656 3272">
     <span class='ocr_line' id='line_1_64' title="bbox 58 3201 1656 3272; baseline 0.001 -15"><span class='ocrx_word' id='word_1_485' title='bbox 58 3203 519 3257; x_wconf 78' lang='lat' dir='ltr'><strong>contabescerent</strong></span> <span class='ocrx_word' id='word_1_486' title='bbox 544 3202 726 3272; x_wconf 89' lang='lat' dir='ltr'><strong>potius</strong></span> <span class='ocrx_word' id='word_1_487' title='bbox 748 3212 913 3271; x_wconf 84' lang='lat' dir='ltr'><strong>quam</strong></span> <span class='ocrx_word' id='word_1_488' title='bbox 946 3201 1087 3257; x_wconf 89' lang='lat' dir='ltr'><strong>illius</strong></span> <span class='ocrx_word' id='word_1_489' title='bbox 1115 3202 1237 3256; x_wconf 90' lang='lat' dir='ltr'><strong>cibo</strong></span> <span class='ocrx_word' id='word_1_490' title='bbox 1260 3208 1656 3258; x_wconf 83' lang='lat' dir='ltr'><strong>saturarcntur.</strong></span> 
     </span>
    </p>
   </div>
   <div class='ocr_carea' id='block_1_65' title="bbox 58 3290 1661 3361">
    <p class='ocr_par' dir='ltr' id='par_1_65' title="bbox 58 3290 1661 3361">
     <span class='ocr_line' id='line_1_65' title="bbox 58 3290 1661 3361; baseline 0.001 -16"><span class='ocrx_word' id='word_1_491' title='bbox 58 3290 164 3346; x_wconf 81' lang='lat' dir='ltr'><strong>A‘lii</strong></span> <span class='ocrx_word' id='word_1_492' title='bbox 207 3300 399 3346; x_wconf 85' lang='lat' dir='ltr'><strong>tamen</strong></span> <span class='ocrx_word' id='word_1_493' title='bbox 436 3292 529 3361; x_wconf 89' lang='lat' dir='ltr'><strong>qui</strong></span> <span class='ocrx_word' id='word_1_494' title='bbox 576 3299 827 3360; x_wconf 87' lang='lat' dir='ltr'><strong>poterant</strong></span> <span class='ocrx_word' id='word_1_495' title='bbox 876 3306 942 3345; x_wconf 86' lang='lat' dir='ltr'><strong>ex</strong></span> <span class='ocrx_word' id='word_1_496' title='bbox 987 3290 1130 3346; x_wconf 89' lang='lat' dir='ltr'><strong>illius</strong></span> <span class='ocrx_word' id='word_1_497' title='bbox 1167 3292 1450 3346; x_wconf 85' lang='lat' dir='ltr'><strong>occasione</strong></span> <span class='ocrx_word' id='word_1_498' title='bbox 1491 3292 1661 3346; x_wconf 89' lang='lat' dir='ltr'><strong>multa</strong></span> 
     </span>
    </p>
   </div>
   <div class='ocr_carea' id='block_1_66' title="bbox 58 3382 622 3453">
    <p class='ocr_par' dir='ltr' id='par_1_66' title="bbox 58 3382 622 3453">
     <span class='ocr_line' id='line_1_66' title="bbox 58 3382 622 3453; baseline -0.005 -17"><span class='ocrx_word' id='word_1_499' title='bbox 58 3382 268 3453; x_wconf 72' lang='lat' dir='ltr'><strong>utilith</strong></span> <span class='ocrx_word' id='word_1_500' title='bbox 304 3382 622 3436; x_wconf 74' lang='lat' dir='ltr'><strong>audiebant.</strong></span> 
     </span>
    </p>
   </div>
   <div class='ocr_carea' id='block_1_67' title="bbox 130 3450 1661 3544">
    <p class='ocr_par' dir='ltr' id='par_1_67' title="bbox 130 3450 1661 3544">
     <span class='ocr_line' id='line_1_67' title="bbox 130 3450 1661 3544; baseline 0 -19"><span class='ocrx_word' id='word_1_501' title='bbox 130 3450 275 3544; x_wconf 53' lang='lat' dir='ltr'><strong>[ivi]</strong></span> <span class='ocrx_word' id='word_1_502' title='bbox 300 3452 583 3524; x_wconf 35' lang='lat' dir='ltr'><strong>.Pltariscei</strong></span> <span class='ocrx_word' id='word_1_503' title='bbox 611 3478 786 3523; x_wconf 86' lang='lat' dir='ltr'><strong>autem</strong></span> <span class='ocrx_word' id='word_1_504' title='bbox 814 3477 1083 3523; x_wconf 73' lang='lat' dir='ltr'><strong>audientes</strong></span> <span class='ocrx_word' id='word_1_505' title='bbox 1108 3469 1246 3539; x_wconf 85' lang='lat' dir='ltr'><strong>quod</strong></span> <span class='ocrx_word' id='word_1_506' title='bbox 1273 3468 1538 3524; x_wconf 80' lang='lat' dir='ltr'><strong>silentium</strong></span> <span class='ocrx_word' id='word_1_507' title='bbox 1561 3470 1661 3525; x_wconf 85' lang='lat' dir='ltr'><strong>im-</strong></span> 
     </span>
    </p>
   </div>
   <div class='ocr_carea' id='block_1_68' title="bbox 62 3561 1660 3633">
    <p class='ocr_par' dir='ltr' id='par_1_68' title="bbox 62 3561 1660 3633">
     <span class='ocr_line' id='line_1_68' title="bbox 62 3561 1660 3633; baseline -0.001 -16"><span class='ocrx_word' id='word_1_508' title='bbox 62 3565 324 3633; x_wconf 84' lang='lat' dir='ltr'><strong>posuisset</strong></span> <span class='ocrx_word' id='word_1_509' title='bbox 349 3561 691 3625; x_wconf 74' lang='lat' dir='ltr'><strong>Sadducwis,</strong></span> <span class='ocrx_word' id='word_1_510' title='bbox 718 3568 1065 3613; x_wconf 86' lang='lat' dir='ltr'><strong>convenerunt</strong></span> <span class='ocrx_word' id='word_1_511' title='bbox 1094 3561 1146 3613; x_wconf 89' lang='lat' dir='ltr'><strong>in</strong></span> <span class='ocrx_word' id='word_1_512' title='bbox 1183 3576 1346 3614; x_wconf 87' lang='lat' dir='ltr'><strong>unum</strong></span> <span class='ocrx_word' id='word_1_513' title='bbox 1372 3601 1388 3628; x_wconf 97' lang='lat'><strong>,</strong></span> <span class='ocrx_word' id='word_1_514' title='bbox 1419 3572 1466 3614; x_wconf 89' lang='lat' dir='ltr'><strong>et</strong></span> <span class='ocrx_word' id='word_1_515' title='bbox 1495 3562 1660 3615; x_wconf 89' lang='lat' dir='ltr'><strong>inter-</strong></span> 
     </span>
    </p>
   </div>
   <div class='ocr_carea' id='block_1_69' title="bbox 60 3648 1657 3722">
    <p class='ocr_par' dir='ltr' id='par_1_69' title="bbox 60 3648 1657 3722">
     <span class='ocr_line' id='line_1_69' title="bbox 60 3648 1657 3722; baseline 0.001 -18"><span class='ocrx_word' id='word_1_516' title='bbox 60 3652 265 3722; x_wconf 85' lang='lat' dir='ltr'><strong>rogavit</strong></span> <span class='ocrx_word' id='word_1_517' title='bbox 309 3665 432 3704; x_wconf 88' lang='lat' dir='ltr'><strong>eum</strong></span> <span class='ocrx_word' id='word_1_518' title='bbox 469 3665 607 3702; x_wconf 88' lang='lat' dir='ltr'><strong>unus</strong></span> <span class='ocrx_word' id='word_1_519' title='bbox 654 3665 719 3703; x_wconf 76' lang='lat' dir='ltr'><strong>ex</strong></span> <span class='ocrx_word' id='word_1_520' title='bbox 748 3650 821 3703; x_wconf 88' lang='lat' dir='ltr'><strong>eis</strong></span> <span class='ocrx_word' id='word_1_521' title='bbox 868 3648 994 3719; x_wconf 80' lang='lat' dir='ltr'><strong>legis</strong></span> <span class='ocrx_word' id='word_1_522' title='bbox 1038 3649 1246 3716; x_wconf 83' lang='lat' dir='ltr'><strong>doctor,</strong></span> <span class='ocrx_word' id='word_1_523' title='bbox 1272 3660 1479 3705; x_wconf 84' lang='lat' dir='ltr'><strong>tentans</strong></span> <span class='ocrx_word' id='word_1_524' title='bbox 1518 3668 1657 3706; x_wconf 79' lang='lat' dir='ltr'><strong>eum.</strong></span> 
     </span>
    </p>
   </div>
   <div class='ocr_carea' id='block_1_70' title="bbox 59 3738 1663 3811">
    <p class='ocr_par' dir='ltr' id='par_1_70' title="bbox 59 3738 1663 3811">
     <span class='ocr_line' id='line_1_70' title="bbox 59 3738 1663 3811; baseline 0.002 -17"><span class='ocrx_word' id='word_1_525' title='bbox 59 3739 454 3795; x_wconf 81' lang='lat' dir='ltr'><strong>Convcncrunt</strong></span> <span class='ocrx_word' id='word_1_526' title='bbox 478 3746 537 3792; x_wconf 88' lang='lat' dir='ltr'><strong>ut</strong></span> <span class='ocrx_word' id='word_1_527' title='bbox 569 3738 913 3797; x_wconf 77' lang='lat' dir='ltr'><strong>multitudine</strong></span> <span class='ocrx_word' id='word_1_528' title='bbox 954 3739 1268 3806; x_wconf 82' lang='lat' dir='ltr'><strong>vincerent,</strong></span> <span class='ocrx_word' id='word_1_529' title='bbox 1301 3755 1463 3811; x_wconf 85' lang='lat' dir='ltr'><strong>quem</strong></span> <span class='ocrx_word' id='word_1_530' title='bbox 1498 3743 1663 3797; x_wconf 83' lang='lat' dir='ltr'><strong>ratio-</strong></span> 
     </span>
    </p>
   </div>
   <div class='ocr_carea' id='block_1_71' title="bbox 59 3829 1662 3901">
    <p class='ocr_par' dir='ltr' id='par_1_71' title="bbox 59 3829 1662 3901">
     <span class='ocr_line' id='line_1_71' title="bbox 59 3829 1662 3901; baseline 0.003 -15"><span class='ocrx_word' id='word_1_531' title='bbox 59 3847 129 3886; x_wconf 89' lang='lat' dir='ltr'><strong>ne</strong></span> <span class='ocrx_word' id='word_1_532' title='bbox 160 3845 428 3901; x_wconf 85' lang='lat' dir='ltr'><strong>superare</strong></span> <span class='ocrx_word' id='word_1_533' title='bbox 456 3845 563 3885; x_wconf 86' lang='lat' dir='ltr'><strong>non</strong></span> <span class='ocrx_word' id='word_1_534' title='bbox 590 3838 861 3900; x_wconf 79' lang='lat' dir='ltr'><strong>poterant.</strong></span> <span class='ocrx_word' id='word_1_535' title='bbox 885 3829 926 3889; x_wconf 74' lang='grc' dir='ltr'><strong>Δ</strong></span> <span class='ocrx_word' id='word_1_536' title='bbox 962 3831 1191 3889; x_wconf 86' lang='lat' dir='ltr'><strong>veritate</strong></span> <span class='ocrx_word' id='word_1_537' title='bbox 1226 3832 1401 3889; x_wconf 84' lang='lat' dir='ltr'><strong>nudos</strong></span> <span class='ocrx_word' id='word_1_538' title='bbox 1440 3849 1499 3890; x_wconf 86' lang='lat' dir='ltr'><strong>se</strong></span> <span class='ocrx_word' id='word_1_539' title='bbox 1540 3849 1662 3891; x_wconf 82' lang='lat' dir='ltr'><strong>esse</strong></span> 
     </span>
    </p>
   </div>
   <div class='ocr_carea' id='block_1_72' title="bbox 61 3922 1661 3997">
    <p class='ocr_par' dir='ltr' id='par_1_72' title="bbox 61 3922 1661 3997">
     <span class='ocr_line' id='line_1_72' title="bbox 61 3922 1661 3997; baseline 0.001 -17"><span class='ocrx_word' id='word_1_540' title='bbox 61 3923 298 3997; x_wconf 82' lang='lat' dir='ltr'><strong>professi</strong></span> <span class='ocrx_word' id='word_1_541' title='bbox 342 3930 501 3990; x_wconf 82' lang='lat' dir='ltr'><strong>sunt,</strong></span> <span class='ocrx_word' id='word_1_542' title='bbox 526 3923 618 3993; x_wconf 86' lang='lat' dir='ltr'><strong>qui</strong></span> <span class='ocrx_word' id='word_1_543' title='bbox 648 3922 991 3981; x_wconf 85' lang='lat' dir='ltr'><strong>multitudine</strong></span> <span class='ocrx_word' id='word_1_544' title='bbox 1019 3937 1081 3981; x_wconf 81' lang='lat' dir='ltr'><strong>se</strong></span> <span class='ocrx_word' id='word_1_545' title='bbox 1108 3933 1474 3983; x_wconf 83' lang='lat' dir='ltr'><strong>armaverant.</strong></span> <span class='ocrx_word' id='word_1_546' title='bbox 1506 3926 1661 3982; x_wconf 82' lang='lat' dir='ltr'><strong>Dice-</strong></span> 
     </span>
    </p>
   </div>
   <div class='ocr_carea' id='block_1_73' title="bbox 63 4014 1664 4087">
    <p class='ocr_par' dir='ltr' id='par_1_73' title="bbox 63 4014 1664 4087">
     <span class='ocr_line' id='line_1_73' title="bbox 63 4014 1664 4087; baseline 0.001 -15"><span class='ocrx_word' id='word_1_547' title='bbox 63 4018 197 4072; x_wconf 87' lang='lat' dir='ltr'><strong>bant</strong></span> <span class='ocrx_word' id='word_1_548' title='bbox 221 4015 376 4075; x_wconf 74' lang='lat' dir='ltr'><strong>enim</strong></span> <span class='ocrx_word' id='word_1_549' title='bbox 401 4015 543 4086; x_wconf 80' lang='lat' dir='ltr'><strong>apud</strong></span> <span class='ocrx_word' id='word_1_550' title='bbox 574 4029 672 4073; x_wconf 77' lang='lat' dir='ltr'><strong>se:</strong></span> <span class='ocrx_word' id='word_1_551' title='bbox 703 4015 850 4075; x_wconf 88' lang='lat' dir='ltr'><strong>Unus</strong></span> <span class='ocrx_word' id='word_1_552' title='bbox 885 4014 1141 4085; x_wconf 86' lang='lat' dir='ltr'><strong>loquatur</strong></span> <span class='ocrx_word' id='word_1_553' title='bbox 1166 4032 1268 4087; x_wconf 91' lang='lat' dir='ltr'><strong>pro</strong></span> <span class='ocrx_word' id='word_1_554' title='bbox 1295 4016 1579 4082; x_wconf 86' lang='lat' dir='ltr'><strong>omnibus,</strong></span> <span class='ocrx_word' id='word_1_555' title='bbox 1607 4026 1664 4074; x_wconf 87' lang='lat' dir='ltr'><strong>et</strong></span> 
     </span>
    </p>
   </div>
   <div class='ocr_carea' id='block_1_74' title="bbox 65 4107 1658 4177">
    <p class='ocr_par' dir='ltr' id='par_1_74' title="bbox 65 4107 1658 4177">
     <span class='ocr_line' id='line_1_74' title="bbox 65 4107 1658 4177; baseline 0.002 -15"><span class='ocrx_word' id='word_1_556' title='bbox 65 4122 256 4164; x_wconf 74' lang='lat' dir='ltr'><strong>omnes</strong></span> <span class='ocrx_word' id='word_1_557' title='bbox 305 4110 594 4177; x_wconf 80' lang='lat' dir='ltr'><strong>loquamur</strong></span> <span class='ocrx_word' id='word_1_558' title='bbox 628 4120 727 4176; x_wconf 85' lang='lat' dir='ltr'><strong>per</strong></span> <span class='ocrx_word' id='word_1_559' title='bbox 772 4122 969 4171; x_wconf 79' lang='lat' dir='ltr'><strong>unum.</strong></span> <span class='ocrx_word' id='word_1_560' title='bbox 1019 4115 1077 4161; x_wconf 90' lang='lat' dir='ltr'><strong>ut</strong></span> <span class='ocrx_word' id='word_1_561' title='bbox 1116 4107 1163 4162; x_wconf 91' lang='lat' dir='ltr'><strong>si</strong></span> <span class='ocrx_word' id='word_1_562' title='bbox 1197 4108 1411 4177; x_wconf 86' lang='lat' dir='ltr'><strong>quidem</strong></span> <span class='ocrx_word' id='word_1_563' title='bbox 1437 4108 1658 4176; x_wconf 84' lang='lat' dir='ltr'><strong>vicerit,</strong></span> 
     </span>
    </p>
   </div>
   <div class='ocr_carea' id='block_1_75' title="bbox 66 4197 1662 4269">
    <p class='ocr_par' dir='ltr' id='par_1_75' title="bbox 66 4197 1662 4269">
     <span class='ocr_line' id='line_1_75' title="bbox 66 4197 1662 4269; baseline 0.001 -15"><span class='ocrx_word' id='word_1_564' title='bbox 66 4214 257 4256; x_wconf 87' lang='lat' dir='ltr'><strong>omnes</strong></span> <span class='ocrx_word' id='word_1_565' title='bbox 282 4198 567 4259; x_wconf 74' lang='lat' dir='ltr'><strong>videamur</strong></span> <span class='ocrx_word' id='word_1_566' title='bbox 595 4197 861 4265; x_wconf 83' lang='lat' dir='ltr'><strong>victores;</strong></span> <span class='ocrx_word' id='word_1_567' title='bbox 893 4199 939 4255; x_wconf 83' lang='lat' dir='ltr'><strong>si</strong></span> <span class='ocrx_word' id='word_1_568' title='bbox 967 4207 1150 4259; x_wconf 68' lang='lat' dir='ltr'><strong>eum</strong></span> <span class='ocrx_word' id='word_1_569' title='bbox 1170 4199 1345 4255; x_wconf 77' lang='lat' dir='ltr'><strong>victus</strong></span> <span class='ocrx_word' id='word_1_570' title='bbox 1372 4198 1555 4269; x_wconf 74' lang='lat' dir='ltr'><strong>fuerit,</strong></span> <span class='ocrx_word' id='word_1_571' title='bbox 1578 4209 1662 4262; x_wconf 77' lang='lat' dir='ltr'><strong>vel</strong></span> 
     </span>
    </p>
   </div>
   <div class='ocr_carea' id='block_1_76' title="bbox 69 4288 797 4349">
    <p class='ocr_par' dir='ltr' id='par_1_76' title="bbox 69 4288 797 4349">
     <span class='ocr_line' id='line_1_76' title="bbox 69 4288 797 4349; baseline -0.01 0"><span class='ocrx_word' id='word_1_572' title='bbox 69 4291 214 4349; x_wconf 72' lang='lat' dir='ltr'><strong>solus</strong></span> <span class='ocrx_word' id='word_1_573' title='bbox 244 4290 495 4349; x_wconf 77' lang='lat' dir='ltr'><strong>videatur</strong></span> <span class='ocrx_word' id='word_1_574' title='bbox 521 4288 797 4349; x_wconf 76' lang='lat' dir='ltr'><strong>confusus.</strong></span> 
     </span>
    </p>
   </div>
   <div class='ocr_carea' id='block_1_77' title="bbox 138 4380 1658 4453">
    <p class='ocr_par' dir='ltr' id='par_1_77' title="bbox 138 4380 1658 4453">
     <span class='ocr_line' id='line_1_77' title="bbox 138 4380 1658 4453; baseline 0.002 -17"><span class='ocrx_word' id='word_1_575' title='bbox 138 4380 414 4453; x_wconf 65' lang='lat' dir='ltr'><strong>Magister,</strong></span> <span class='ocrx_word' id='word_1_576' title='bbox 439 4380 579 4452; x_wconf 81' lang='lat' dir='ltr'><strong>quod</strong></span> <span class='ocrx_word' id='word_1_577' title='bbox 598 4388 674 4439; x_wconf 80' lang='lat' dir='ltr'><strong>est</strong></span> <span class='ocrx_word' id='word_1_578' title='bbox 701 4380 1011 4441; x_wconf 77' lang='lat' dir='ltr'><strong>mandatum</strong></span> <span class='ocrx_word' id='word_1_579' title='bbox 1032 4396 1280 4452; x_wconf 63' lang='lat' dir='ltr'><strong>stagnum</strong></span> <span class='ocrx_word' id='word_1_580' title='bbox 1300 4383 1358 4437; x_wconf 82' lang='lat' dir='ltr'><strong>in</strong></span> <span class='ocrx_word' id='word_1_581' title='bbox 1379 4382 1525 4453; x_wconf 83' lang='lat' dir='ltr'><strong>lege?</strong></span> <span class='ocrx_word' id='word_1_582' title='bbox 1546 4384 1658 4439; x_wconf 59' lang='grc' dir='ltr'><strong>λιιι</strong></span> 
     </span>
    </p>
   </div>
   <div class='ocr_carea' id='block_1_78' title="bbox 70 4471 1656 4546">
    <p class='ocr_par' dir='ltr' id='par_1_78' title="bbox 70 4471 1656 4546">
     <span class='ocr_line' id='line_1_78' title="bbox 70 4471 1656 4546; baseline 0.001 -16"><span class='ocrx_word' id='word_1_583' title='bbox 70 4475 296 4546; x_wconf 84' lang='lat' dir='ltr'><strong>gistrum</strong></span> <span class='ocrx_word' id='word_1_584' title='bbox 343 4483 506 4533; x_wconf 76' lang='lat' dir='ltr'><strong>vocat</strong></span> <span class='ocrx_word' id='word_1_585' title='bbox 547 4473 703 4544; x_wconf 84' lang='lat' dir='ltr'><strong>cujus</strong></span> <span class='ocrx_word' id='word_1_586' title='bbox 735 4487 842 4528; x_wconf 86' lang='lat' dir='ltr'><strong>non</strong></span> <span class='ocrx_word' id='word_1_587' title='bbox 878 4471 991 4527; x_wconf 87' lang='lat' dir='ltr'><strong>vult</strong></span> <span class='ocrx_word' id='word_1_588' title='bbox 1028 4488 1150 4529; x_wconf 87' lang='lat' dir='ltr'><strong>esse</strong></span> <span class='ocrx_word' id='word_1_589' title='bbox 1176 4473 1472 4544; x_wconf 85' lang='lat' dir='ltr'><strong>discipulus</strong></span> <span class='ocrx_word' id='word_1_590' title='bbox 1494 4514 1509 4542; x_wconf 93' lang='lat'><strong>,</strong></span> <span class='ocrx_word' id='word_1_591' title='bbox 1549 4492 1656 4531; x_wconf 91' lang='lat' dir='ltr'><strong>non</strong></span> 
     </span>
    </p>
   </div>
   <div class='ocr_carea' id='block_1_79' title="bbox 72 4562 1660 4627">
    <p class='ocr_par' dir='ltr' id='par_1_79' title="bbox 72 4562 1660 4627">
     <span class='ocr_line' id='line_1_79' title="bbox 72 4562 1660 4627; baseline 0.001 -8"><span class='ocrx_word' id='word_1_592' title='bbox 72 4564 210 4620; x_wconf 85' lang='lat' dir='ltr'><strong>scire</strong></span> <span class='ocrx_word' id='word_1_593' title='bbox 248 4564 609 4627; x_wconf 80' lang='lat' dir='ltr'><strong>desiderans.</strong></span> <span class='ocrx_word' id='word_1_594' title='bbox 648 4562 745 4619; x_wconf 81' lang='lat' dir='ltr'><strong>sed</strong></span> <span class='ocrx_word' id='word_1_595' title='bbox 786 4570 1022 4618; x_wconf 72' lang='lat' dir='ltr'><strong>tantane.</strong></span> <span class='ocrx_word' id='word_1_596' title='bbox 1058 4562 1317 4618; x_wconf 82' lang='lat' dir='ltr'><strong>Dominus</strong></span> <span class='ocrx_word' id='word_1_597' title='bbox 1357 4574 1537 4618; x_wconf 75' lang='lat' dir='ltr'><strong>autem</strong></span> <span class='ocrx_word' id='word_1_598' title='bbox 1580 4565 1660 4620; x_wconf 83' lang='lat' dir='ltr'><strong>sic</strong></span> 
     </span>
    </p>
   </div>
   <div class='ocr_carea' id='block_1_80' title="bbox 72 4654 1662 4727">
    <p class='ocr_par' dir='ltr' id='par_1_80' title="bbox 72 4654 1662 4727">
     <span class='ocr_line' id='line_1_80' title="bbox 72 4654 1662 4727; baseline 0.003 -19"><span class='ocrx_word' id='word_1_599' title='bbox 72 4656 380 4724; x_wconf 80' lang='lat' dir='ltr'><strong>respondit,</strong></span> <span class='ocrx_word' id='word_1_600' title='bbox 414 4664 475 4711; x_wconf 86' lang='lat' dir='ltr'><strong>ut</strong></span> <span class='ocrx_word' id='word_1_601' title='bbox 506 4655 949 4727; x_wconf 80' lang='lat' dir='ltr'><strong>interrogationis</strong></span> <span class='ocrx_word' id='word_1_602' title='bbox 993 4654 1111 4724; x_wconf 84' lang='lat' dir='ltr'><strong>ejus</strong></span> <span class='ocrx_word' id='word_1_603' title='bbox 1151 4656 1335 4711; x_wconf 80' lang='lat' dir='ltr'><strong>ﬁctam</strong></span> <span class='ocrx_word' id='word_1_604' title='bbox 1380 4658 1662 4713; x_wconf 75' lang='lat' dir='ltr'><strong>conscien~</strong></span> 
     </span>
    </p>
   </div>
   <div class='ocr_carea' id='block_1_81' title="bbox 72 4744 1663 4820">
    <p class='ocr_par' dir='ltr' id='par_1_81' title="bbox 72 4744 1663 4820">
     <span class='ocr_line' id='line_1_81' title="bbox 72 4744 1663 4820; baseline 0.004 -23"><span class='ocrx_word' id='word_1_605' title='bbox 72 4744 195 4799; x_wconf 84' lang='lat' dir='ltr'><strong>tiam</strong></span> <span class='ocrx_word' id='word_1_606' title='bbox 226 4746 416 4807; x_wconf 77' lang='lat' dir='ltr'><strong>statim</strong></span> <span class='ocrx_word' id='word_1_607' title='bbox 446 4745 626 4816; x_wconf 81' lang='lat' dir='ltr'><strong>primo</strong></span> <span class='ocrx_word' id='word_1_608' title='bbox 644 4760 906 4815; x_wconf 79' lang='lat' dir='ltr'><strong>responso</strong></span> <span class='ocrx_word' id='word_1_609' title='bbox 936 4754 1245 4815; x_wconf 80' lang='lat' dir='ltr'><strong>percuteret</strong></span> <span class='ocrx_word' id='word_1_610' title='bbox 1275 4746 1483 4804; x_wconf 85' lang='lat' dir='ltr'><strong>dicens.</strong></span> <span class='ocrx_word' id='word_1_611' title='bbox 1506 4747 1663 4820; x_wconf 73' lang='lat' dir='ltr'><strong>(Ilie-</strong></span> 
     </span>
    </p>
   </div>
   <div class='ocr_carea' id='block_1_82' title="bbox 73 4836 1662 4910">
    <p class='ocr_par' dir='ltr' id='par_1_82' title="bbox 73 4836 1662 4910">
     <span class='ocr_line' id='line_1_82' title="bbox 73 4836 1662 4910; baseline 0.005 -22"><span class='ocrx_word' id='word_1_612' title='bbox 73 4836 207 4909; x_wconf 76' lang='lat' dir='ltr'><strong>rou.)</strong></span> <span class='ocrx_word' id='word_1_613' title='bbox 236 4838 397 4905; x_wconf 74' lang='lat' dir='ltr'><strong>Quod</strong></span> <span class='ocrx_word' id='word_1_614' title='bbox 425 4847 606 4895; x_wconf 69' lang='lat' dir='ltr'><strong>autem</strong></span> <span class='ocrx_word' id='word_1_615' title='bbox 630 4838 698 4892; x_wconf 84' lang='lat' dir='ltr'><strong>de</strong></span> <span class='ocrx_word' id='word_1_616' title='bbox 716 4837 930 4892; x_wconf 81' lang='lat' dir='ltr'><strong>Herode</strong></span> <span class='ocrx_word' id='word_1_617' title='bbox 950 4846 1005 4892; x_wconf 86' lang='lat' dir='ltr'><strong>et</strong></span> <span class='ocrx_word' id='word_1_618' title='bbox 1021 4837 1214 4893; x_wconf 85' lang='lat' dir='ltr'><strong>Pontio</strong></span> <span class='ocrx_word' id='word_1_619' title='bbox 1233 4838 1409 4892; x_wconf 86' lang='lat' dir='ltr'><strong>Pilato</strong></span> <span class='ocrx_word' id='word_1_620' title='bbox 1432 4838 1662 4910; x_wconf 87' lang='lat' dir='ltr'><strong>legimus</strong></span> 
     </span>
    </p>
   </div>
   <div class='ocr_carea' id='block_1_83' title="bbox 72 4928 1659 4998">
    <p class='ocr_par' dir='ltr' id='par_1_83' title="bbox 72 4928 1659 4998">
     <span class='ocr_line' id='line_1_83' title="bbox 72 4928 1659 4998; baseline 0.004 -17"><span class='ocrx_word' id='word_1_621' title='bbox 72 4928 123 4983; x_wconf 87' lang='lat' dir='ltr'><strong>in</strong></span> <span class='ocrx_word' id='word_1_622' title='bbox 171 4931 386 4987; x_wconf 81' lang='lat' dir='ltr'><strong>Domini</strong></span> <span class='ocrx_word' id='word_1_623' title='bbox 426 4947 561 4988; x_wconf 82' lang='lat' dir='ltr'><strong>nece</strong></span> <span class='ocrx_word' id='word_1_624' title='bbox 595 4947 697 4987; x_wconf 82' lang='lat' dir='ltr'><strong>eos</strong></span> <span class='ocrx_word' id='word_1_625' title='bbox 724 4931 918 4987; x_wconf 71' lang='lat' dir='ltr'><strong>facim</strong></span> <span class='ocrx_word' id='word_1_626' title='bbox 943 4931 1319 4998; x_wconf 82' lang='lat' dir='ltr'><strong>concordiam,</strong></span> <span class='ocrx_word' id='word_1_627' title='bbox 1350 4932 1454 4988; x_wconf 83' lang='lat' dir='ltr'><strong>hoc</strong></span> <span class='ocrx_word' id='word_1_628' title='bbox 1493 4934 1659 4987; x_wconf 84' lang='lat' dir='ltr'><strong>etiam</strong></span> 
     </span>
    </p>
   </div>
   <div class='ocr_carea' id='block_1_84' title="bbox 73 5022 1663 5092">
    <p class='ocr_par' dir='ltr' id='par_1_84' title="bbox 73 5022 1663 5092">
     <span class='ocr_line' id='line_1_84' title="bbox 73 5022 1663 5092; baseline 0.003 -18"><span class='ocrx_word' id='word_1_629' title='bbox 73 5036 209 5077; x_wconf 79' lang='lat' dir='ltr'><strong>nunc</strong></span> <span class='ocrx_word' id='word_1_630' title='bbox 236 5023 303 5078; x_wconf 82' lang='lat' dir='ltr'><strong>de</strong></span> <span class='ocrx_word' id='word_1_631' title='bbox 326 5023 625 5083; x_wconf 65' lang='lat' dir='ltr'><strong>Pharisaois</strong></span> <span class='ocrx_word' id='word_1_632' title='bbox 647 5023 926 5079; x_wconf 85' lang='lat' dir='ltr'><strong>cernimus</strong></span> <span class='ocrx_word' id='word_1_633' title='bbox 960 5032 1016 5077; x_wconf 87' lang='lat' dir='ltr'><strong>et</strong></span> <span class='ocrx_word' id='word_1_634' title='bbox 1040 5022 1374 5088; x_wconf 69' lang='lat' dir='ltr'><strong>Sadducaeis,</strong></span> <span class='ocrx_word' id='word_1_635' title='bbox 1400 5023 1495 5092; x_wconf 82' lang='lat' dir='ltr'><strong>qui</strong></span> <span class='ocrx_word' id='word_1_636' title='bbox 1516 5023 1663 5079; x_wconf 86' lang='lat' dir='ltr'><strong>inter</strong></span> 
     </span>
    </p>
   </div>
   <div class='ocr_carea' id='block_1_85' title="bbox 75 5112 1662 5184">
    <p class='ocr_par' dir='ltr' id='par_1_85' title="bbox 75 5112 1662 5184">
     <span class='ocr_line' id='line_1_85' title="bbox 75 5112 1662 5184; baseline 0.003 -20"><span class='ocrx_word' id='word_1_637' title='bbox 75 5124 131 5164; x_wconf 87' lang='lat' dir='ltr'><strong>se</strong></span> <span class='ocrx_word' id='word_1_638' title='bbox 177 5114 439 5169; x_wconf 79' lang='lat' dir='ltr'><strong>contrarii</strong></span> <span class='ocrx_word' id='word_1_639' title='bbox 488 5124 647 5182; x_wconf 78' lang='lat' dir='ltr'><strong>stult,</strong></span> <span class='ocrx_word' id='word_1_640' title='bbox 702 5114 798 5170; x_wconf 83' lang='lat' dir='ltr'><strong>sed</strong></span> <span class='ocrx_word' id='word_1_641' title='bbox 840 5113 906 5167; x_wconf 84' lang='lat' dir='ltr'><strong>ad</strong></span> <span class='ocrx_word' id='word_1_642' title='bbox 954 5112 1267 5168; x_wconf 83' lang='lat' dir='ltr'><strong>tentandum</strong></span> <span class='ocrx_word' id='word_1_643' title='bbox 1313 5112 1498 5173; x_wconf 70' lang='lat' dir='ltr'><strong>Iesum</strong></span> <span class='ocrx_word' id='word_1_644' title='bbox 1542 5115 1662 5184; x_wconf 84' lang='lat' dir='ltr'><strong>pari</strong></span> 
     </span>
    </p>
   </div>
   <div class='ocr_carea' id='block_1_86' title="bbox 78 5203 1662 5277">
    <p class='ocr_par' dir='ltr' id='par_1_86' title="bbox 78 5203 1662 5277">
     <span class='ocr_line' id='line_1_86' title="bbox 78 5203 1662 5277; baseline 0.003 -20"><span class='ocrx_word' id='word_1_645' title='bbox 78 5214 257 5260; x_wconf 85' lang='lat' dir='ltr'><strong>mente</strong></span> <span class='ocrx_word' id='word_1_646' title='bbox 282 5206 652 5262; x_wconf 77' lang='lat' dir='ltr'><strong>consentiunt.</strong></span> <span class='ocrx_word' id='word_1_647' title='bbox 676 5206 780 5275; x_wconf 77' lang='lat' dir='ltr'><strong>Qui</strong></span> <span class='ocrx_word' id='word_1_648' title='bbox 800 5220 931 5277; x_wconf 77' lang='lat' dir='ltr'><strong>ergo</strong></span> <span class='ocrx_word' id='word_1_649' title='bbox 947 5203 1061 5273; x_wconf 81' lang='lat' dir='ltr'><strong>jam</strong></span> <span class='ocrx_word' id='word_1_650' title='bbox 1084 5219 1247 5275; x_wconf 83' lang='lat' dir='ltr'><strong>supra</strong></span> <span class='ocrx_word' id='word_1_651' title='bbox 1268 5204 1324 5259; x_wconf 88' lang='lat' dir='ltr'><strong>in</strong></span> <span class='ocrx_word' id='word_1_652' title='bbox 1353 5206 1662 5261; x_wconf 77' lang='lat' dir='ltr'><strong>ostensione</strong></span> 
     </span>
    </p>
   </div>
   <div class='ocr_carea' id='block_1_87' title="bbox 83 5293 1661 5369">
    <p class='ocr_par' dir='ltr' id='par_1_87' title="bbox 83 5293 1661 5369">
     <span class='ocr_line' id='line_1_87' title="bbox 83 5293 1661 5369; baseline 0.005 -21"><span class='ocrx_word' id='word_1_653' title='bbox 83 5293 285 5351; x_wconf 79' lang='lat' dir='ltr'><strong>denarii</strong></span> <span class='ocrx_word' id='word_1_654' title='bbox 318 5297 541 5355; x_wconf 74' lang='lat' dir='ltr'><strong>fuerant</strong></span> <span class='ocrx_word' id='word_1_655' title='bbox 574 5298 860 5365; x_wconf 79' lang='lat' dir='ltr'><strong>confutati,</strong></span> <span class='ocrx_word' id='word_1_656' title='bbox 884 5306 940 5353; x_wconf 87' lang='lat' dir='ltr'><strong>et</strong></span> <span class='ocrx_word' id='word_1_657' title='bbox 964 5298 1207 5354; x_wconf 79' lang='lat' dir='ltr'><strong>adversae</strong></span> <span class='ocrx_word' id='word_1_658' title='bbox 1251 5299 1424 5369; x_wconf 88' lang='lat' dir='ltr'><strong>partis</strong></span> <span class='ocrx_word' id='word_1_659' title='bbox 1472 5300 1661 5356; x_wconf 81' lang='lat' dir='ltr'><strong>factio-</strong></span> 
     </span>
    </p>
   </div>
   <div class='ocr_carea' id='block_1_88' title="bbox 84 5387 1658 5459">
    <p class='ocr_par' dir='ltr' id='par_1_88' title="bbox 84 5387 1658 5459">
     <span class='ocr_line' id='line_1_88' title="bbox 84 5387 1658 5459; baseline 0.007 -24"><span class='ocrx_word' id='word_1_660' title='bbox 84 5398 204 5438; x_wconf 84' lang='lat' dir='ltr'><strong>nem</strong></span> <span class='ocrx_word' id='word_1_661' title='bbox 224 5387 474 5447; x_wconf 74' lang='lat' dir='ltr'><strong>viderant</strong></span> <span class='ocrx_word' id='word_1_662' title='bbox 492 5390 834 5458; x_wconf 66' lang='lat' dir='ltr'><strong>subruptum,</strong></span> <span class='ocrx_word' id='word_1_663' title='bbox 850 5387 1149 5443; x_wconf 83' lang='lat' dir='ltr'><strong>debuerant</strong></span> <span class='ocrx_word' id='word_1_664' title='bbox 1163 5390 1412 5459; x_wconf 77' lang='lat' dir='ltr'><strong>exemplo</strong></span> <span class='ocrx_word' id='word_1_665' title='bbox 1429 5393 1658 5459; x_wconf 87' lang='lat' dir='ltr'><strong>moneri,</strong></span> 
     </span>
    </p>
   </div>
   <div class='ocr_carea' id='block_1_89' title="bbox 90 5477 1662 5537">
    <p class='ocr_par' dir='ltr' id='par_1_89' title="bbox 90 5477 1662 5537">
     <span class='ocr_line' id='line_1_89' title="bbox 90 5477 1662 5537; baseline 0.006 -10"><span class='ocrx_word' id='word_1_666' title='bbox 90 5490 153 5529; x_wconf 86' lang='lat' dir='ltr'><strong>ne</strong></span> <span class='ocrx_word' id='word_1_667' title='bbox 178 5477 317 5533; x_wconf 86' lang='lat' dir='ltr'><strong>ultra</strong></span> <span class='ocrx_word' id='word_1_668' title='bbox 344 5480 669 5536; x_wconf 78' lang='lat' dir='ltr'><strong>molirentur</strong></span> <span class='ocrx_word' id='word_1_669' title='bbox 692 5479 933 5535; x_wconf 81' lang='lat' dir='ltr'><strong>insidias.</strong></span> <span class='ocrx_word' id='word_1_670' title='bbox 966 5478 1072 5535; x_wconf 84' lang='lat' dir='ltr'><strong>Sed</strong></span> <span class='ocrx_word' id='word_1_671' title='bbox 1110 5480 1483 5537; x_wconf 82' lang='lat' dir='ltr'><strong>malevolentia</strong></span> <span class='ocrx_word' id='word_1_672' title='bbox 1515 5491 1567 5536; x_wconf 89' lang='lat' dir='ltr'><strong>ct</strong></span> <span class='ocrx_word' id='word_1_673' title='bbox 1598 5483 1662 5537; x_wconf 89' lang='lat' dir='ltr'><strong>li-</strong></span> 
     </span>
    </p>
   </div>
   <div class='ocr_carea' id='block_1_90' title="bbox 93 5572 1660 5647">
    <p class='ocr_par' dir='ltr' id='par_1_90' title="bbox 93 5572 1660 5647">
     <span class='ocr_line' id='line_1_90' title="bbox 93 5572 1660 5647; baseline 0.005 -24"><span class='ocrx_word' id='word_1_674' title='bbox 93 5582 184 5623; x_wconf 85' lang='lat' dir='ltr'><strong>vor</strong></span> <span class='ocrx_word' id='word_1_675' title='bbox 204 5576 373 5629; x_wconf 85' lang='lat' dir='ltr'><strong>nutrit</strong></span> <span class='ocrx_word' id='word_1_676' title='bbox 392 5574 801 5645; x_wconf 80' lang='lat' dir='ltr'><strong>impudentiam.</strong></span> <span class='ocrx_word' id='word_1_677' title='bbox 827 5572 1130 5643; x_wconf 82' lang='lat' dir='ltr'><strong>interrogat</strong></span> <span class='ocrx_word' id='word_1_678' title='bbox 1148 5591 1287 5629; x_wconf 89' lang='lat' dir='ltr'><strong>unus</strong></span> <span class='ocrx_word' id='word_1_679' title='bbox 1312 5590 1377 5631; x_wconf 73' lang='lat' dir='ltr'><strong>ex</strong></span> <span class='ocrx_word' id='word_1_680' title='bbox 1409 5576 1544 5647; x_wconf 80' lang='lat' dir='ltr'><strong>legis</strong></span> <span class='ocrx_word' id='word_1_681' title='bbox 1564 5576 1660 5631; x_wconf 87' lang='lat' dir='ltr'><strong>do-</strong></span> 
     </span>
    </p>
   </div>
   <div class='ocr_carea' id='block_1_91' title="bbox 95 5665 1661 5737">
    <p class='ocr_par' dir='ltr' id='par_1_91' title="bbox 95 5665 1661 5737">
     <span class='ocr_line' id='line_1_91' title="bbox 95 5665 1661 5737; baseline 0.002 -17"><span class='ocrx_word' id='word_1_682' title='bbox 95 5665 347 5733; x_wconf 59' lang='lat' dir='ltr'><strong>ctoribus,</strong></span> <span class='ocrx_word' id='word_1_683' title='bbox 376 5684 481 5724; x_wconf 90' lang='lat' dir='ltr'><strong>non</strong></span> <span class='ocrx_word' id='word_1_684' title='bbox 507 5670 644 5726; x_wconf 83' lang='lat' dir='ltr'><strong>scire</strong></span> <span class='ocrx_word' id='word_1_685' title='bbox 668 5666 1002 5734; x_wconf 86' lang='lat' dir='ltr'><strong>desiderans,</strong></span> <span class='ocrx_word' id='word_1_686' title='bbox 1027 5667 1121 5722; x_wconf 91' lang='lat' dir='ltr'><strong>sed</strong></span> <span class='ocrx_word' id='word_1_687' title='bbox 1146 5676 1383 5737; x_wconf 86' lang='lat' dir='ltr'><strong>tentans,</strong></span> <span class='ocrx_word' id='word_1_688' title='bbox 1407 5684 1475 5724; x_wconf 88' lang='lat' dir='ltr'><strong>an</strong></span> <span class='ocrx_word' id='word_1_689' title='bbox 1502 5670 1661 5724; x_wconf 84' lang='lat' dir='ltr'><strong>inter-</strong></span> 
     </span>
    </p>
   </div>
   <div class='ocr_carea' id='block_1_92' title="bbox 1760 3190 3353 3268">
    <p class='ocr_par' dir='ltr' id='par_1_92' title="bbox 1760 3190 3353 3268">
     <span class='ocr_line' id='line_1_92' title="bbox 1760 3190 3353 3268; baseline 0.006 -24"><span class='ocrx_word' id='word_1_690' title='bbox 1760 3191 2049 3261; x_wconf 77' lang='lat' dir='ltr'><strong>plietarum</strong></span> <span class='ocrx_word' id='word_1_691' title='bbox 2074 3190 2368 3247; x_wconf 86' lang='lat' dir='ltr'><strong>volumina.</strong></span> <span class='ocrx_word' id='word_1_692' title='bbox 2393 3190 2524 3247; x_wconf 77' lang='lat' dir='ltr'><strong>Nam</strong></span> <span class='ocrx_word' id='word_1_693' title='bbox 2552 3192 2673 3250; x_wconf 88' lang='lat' dir='ltr'><strong>ideo</strong></span> <span class='ocrx_word' id='word_1_694' title='bbox 2700 3195 2817 3250; x_wconf 79' lang='lat' dir='ltr'><strong>duae</strong></span> <span class='ocrx_word' id='word_1_695' title='bbox 2844 3194 3040 3252; x_wconf 68' lang='lat' dir='ltr'><strong>tabula:</strong></span> <span class='ocrx_word' id='word_1_696' title='bbox 3062 3196 3195 3268; x_wconf 77' lang='lat' dir='ltr'><strong>legis</strong></span> <span class='ocrx_word' id='word_1_697' title='bbox 3214 3199 3353 3253; x_wconf 64' lang='lat' dir='ltr'><strong>datae</strong></span> 
     </span>
    </p>
   </div>
   <div class='ocr_carea' id='block_1_93' title="bbox 1762 3280 3347 3359">
    <p class='ocr_par' dir='ltr' id='par_1_93' title="bbox 1762 3280 3347 3359">
     <span class='ocr_line' id='line_1_93' title="bbox 1762 3280 3347 3359; baseline 0.004 -20"><span class='ocrx_word' id='word_1_698' title='bbox 1762 3292 1906 3340; x_wconf 84' lang='lat' dir='ltr'><strong>sunt.</strong></span> <span class='ocrx_word' id='word_1_699' title='bbox 1952 3280 2093 3338; x_wconf 83' lang='lat' dir='ltr'><strong>Deus</strong></span> <span class='ocrx_word' id='word_1_700' title='bbox 2117 3284 2266 3340; x_wconf 89' lang='lat' dir='ltr'><strong>enim</strong></span> <span class='ocrx_word' id='word_1_701' title='bbox 2307 3284 2508 3342; x_wconf 75' lang='lat' dir='ltr'><strong>famulo</strong></span> <span class='ocrx_word' id='word_1_702' title='bbox 2552 3300 2652 3342; x_wconf 90' lang='lat' dir='ltr'><strong>suo</strong></span> <span class='ocrx_word' id='word_1_703' title='bbox 2694 3286 2863 3359; x_wconf 85' lang='lat' dir='ltr'><strong>Moysi</strong></span> <span class='ocrx_word' id='word_1_704' title='bbox 2898 3288 2952 3343; x_wconf 89' lang='lat' dir='ltr'><strong>in</strong></span> <span class='ocrx_word' id='word_1_705' title='bbox 2992 3294 3174 3345; x_wconf 86' lang='lat' dir='ltr'><strong>monte</strong></span> <span class='ocrx_word' id='word_1_706' title='bbox 3209 3289 3347 3346; x_wconf 88' lang='lat' dir='ltr'><strong>duas</strong></span> 
     </span>
    </p>
   </div>
   <div class='ocr_carea' id='block_1_94' title="bbox 1763 3374 3355 3450">
    <p class='ocr_par' dir='ltr' id='par_1_94' title="bbox 1763 3374 3355 3450">
     <span class='ocr_line' id='line_1_94' title="bbox 1763 3374 3355 3450; baseline 0.005 -21"><span class='ocrx_word' id='word_1_707' title='bbox 1763 3374 1978 3430; x_wconf 80' lang='lat' dir='ltr'><strong>tabulas</strong></span> <span class='ocrx_word' id='word_1_708' title='bbox 2012 3375 2187 3440; x_wconf 88' lang='lat' dir='ltr'><strong>dedit,</strong></span> <span class='ocrx_word' id='word_1_709' title='bbox 2213 3376 2264 3429; x_wconf 89' lang='lat' dir='ltr'><strong>in</strong></span> <span class='ocrx_word' id='word_1_710' title='bbox 2287 3374 2483 3446; x_wconf 88' lang='lat' dir='ltr'><strong>quibus</strong></span> <span class='ocrx_word' id='word_1_711' title='bbox 2516 3377 2727 3433; x_wconf 87' lang='lat' dir='ltr'><strong>duabus</strong></span> <span class='ocrx_word' id='word_1_712' title='bbox 2767 3378 2969 3434; x_wconf 84' lang='lat' dir='ltr'><strong>tabulis</strong></span> <span class='ocrx_word' id='word_1_713' title='bbox 3010 3381 3174 3435; x_wconf 74' lang='lat' dir='ltr'><strong>verba</strong></span> <span class='ocrx_word' id='word_1_714' title='bbox 3207 3382 3355 3450; x_wconf 87' lang='lat' dir='ltr'><strong>pacti</strong></span> 
     </span>
    </p>
   </div>
   <div class='ocr_carea' id='block_1_95' title="bbox 1761 3468 3355 3543">
    <p class='ocr_par' dir='ltr' id='par_1_95' title="bbox 1761 3468 3355 3543">
     <span class='ocr_line' id='line_1_95' title="bbox 1761 3468 3355 3543; baseline 0.003 -20"><span class='ocrx_word' id='word_1_715' title='bbox 1761 3468 2071 3537; x_wconf 78' lang='lat' dir='ltr'><strong>conscripta</strong></span> <span class='ocrx_word' id='word_1_716' title='bbox 2089 3476 2264 3525; x_wconf 86' lang='lat' dir='ltr'><strong>erant.</strong></span> <span class='ocrx_word' id='word_1_717' title='bbox 2297 3468 2489 3522; x_wconf 87' lang='lat' dir='ltr'><strong>Decem</strong></span> <span class='ocrx_word' id='word_1_718' title='bbox 2527 3469 2712 3537; x_wconf 89' lang='lat' dir='ltr'><strong>utique</strong></span> <span class='ocrx_word' id='word_1_719' title='bbox 2733 3479 3008 3542; x_wconf 62' lang='lat' dir='ltr'><strong>praecepta</strong></span> <span class='ocrx_word' id='word_1_720' title='bbox 3031 3471 3183 3542; x_wconf 87' lang='lat' dir='ltr'><strong>legis,</strong></span> <span class='ocrx_word' id='word_1_721' title='bbox 3208 3473 3355 3543; x_wconf 89' lang='lat' dir='ltr'><strong>quod</strong></span> 
     </span>
    </p>
   </div>
   <div class='ocr_carea' id='block_1_96' title="bbox 1762 3560 3356 3631">
    <p class='ocr_par' dir='ltr' id='par_1_96' title="bbox 1762 3560 3356 3631">
     <span class='ocr_line' id='line_1_96' title="bbox 1762 3560 3356 3631; baseline 0.001 -15"><span class='ocrx_word' id='word_1_722' title='bbox 1762 3569 1843 3616; x_wconf 87' lang='lat' dir='ltr'><strong>est</strong></span> <span class='ocrx_word' id='word_1_723' title='bbox 1874 3560 2194 3631; x_wconf 84' lang='lat' dir='ltr'><strong>psalterium</strong></span> <span class='ocrx_word' id='word_1_724' title='bbox 2240 3560 2424 3615; x_wconf 88' lang='lat' dir='ltr'><strong>decem</strong></span> <span class='ocrx_word' id='word_1_725' title='bbox 2468 3560 2815 3627; x_wconf 88' lang='lat' dir='ltr'><strong>chordarum,</strong></span> <span class='ocrx_word' id='word_1_726' title='bbox 2841 3561 2907 3616; x_wconf 88' lang='lat' dir='ltr'><strong>de</strong></span> <span class='ocrx_word' id='word_1_727' title='bbox 2934 3577 3039 3631; x_wconf 90' lang='lat' dir='ltr'><strong>quo</strong></span> <span class='ocrx_word' id='word_1_728' title='bbox 3066 3562 3356 3617; x_wconf 87' lang='lat' dir='ltr'><strong>Psalmista</strong></span> 
     </span>
    </p>
   </div>
   <div class='ocr_carea' id='block_1_97' title="bbox 1763 3650 3354 3724">
    <p class='ocr_par' dir='ltr' id='par_1_97' title="bbox 1763 3650 3354 3724">
     <span class='ocr_line' id='line_1_97' title="bbox 1763 3650 3354 3724; baseline 0.002 -19"><span class='ocrx_word' id='word_1_729' title='bbox 1763 3653 1879 3706; x_wconf 89' lang='lat' dir='ltr'><strong>ait:</strong></span> <span class='ocrx_word' id='word_1_730' title='bbox 1911 3651 2073 3715; x_wconf 86' lang='lat' dir='ltr'><strong>Deus,</strong></span> <span class='ocrx_word' id='word_1_731' title='bbox 2098 3651 2357 3704; x_wconf 85' lang='lat' dir='ltr'><strong>canticum</strong></span> <span class='ocrx_word' id='word_1_732' title='bbox 2382 3666 2569 3704; x_wconf 87' lang='lat' dir='ltr'><strong>novum</strong></span> <span class='ocrx_word' id='word_1_733' title='bbox 2598 3650 2819 3704; x_wconf 84' lang='lat' dir='ltr'><strong>cantabo</strong></span> <span class='ocrx_word' id='word_1_734' title='bbox 2841 3652 2957 3718; x_wconf 86' lang='lat' dir='ltr'><strong>tibi,</strong></span> <span class='ocrx_word' id='word_1_735' title='bbox 3006 3653 3060 3705; x_wconf 88' lang='lat' dir='ltr'><strong>in</strong></span> <span class='ocrx_word' id='word_1_736' title='bbox 3103 3651 3354 3724; x_wconf 79' lang='lat' dir='ltr'><strong>psalterio</strong></span> 
     </span>
    </p>
   </div>
   <div class='ocr_carea' id='block_1_98' title="bbox 1762 3741 3354 3816">
    <p class='ocr_par' dir='ltr' id='par_1_98' title="bbox 1762 3741 3354 3816">
     <span class='ocr_line' id='line_1_98' title="bbox 1762 3741 3354 3816; baseline 0.001 -19"><span class='ocrx_word' id='word_1_737' title='bbox 1762 3743 1936 3797; x_wconf 85' lang='lat' dir='ltr'><strong>decem</strong></span> <span class='ocrx_word' id='word_1_738' title='bbox 1988 3742 2305 3796; x_wconf 85' lang='lat' dir='ltr'><strong>chordarum</strong></span> <span class='ocrx_word' id='word_1_739' title='bbox 2342 3741 2569 3811; x_wconf 70' lang='lat' dir='ltr'><strong>psallam</strong></span> <span class='ocrx_word' id='word_1_740' title='bbox 2612 3743 2709 3797; x_wconf 75' lang='lat' dir='ltr'><strong>tibi</strong></span> <span class='ocrx_word' id='word_1_741' title='bbox 2761 3741 2944 3816; x_wconf 83' lang='lat' dir='ltr'><strong>(Psal.</strong></span> <span class='ocrx_word' id='word_1_742' title='bbox 2990 3744 3185 3816; x_wconf 74' lang='lat' dir='ltr'><strong>xxx&quot;).</strong></span> <span class='ocrx_word' id='word_1_743' title='bbox 3226 3744 3354 3800; x_wconf 87' lang='lat' dir='ltr'><strong>Tria</strong></span> 
     </span>
    </p>
   </div>
   <div class='ocr_carea' id='block_1_99' title="bbox 1763 3835 3355 3906">
    <p class='ocr_par' dir='ltr' id='par_1_99' title="bbox 1763 3835 3355 3906">
     <span class='ocr_line' id='line_1_99' title="bbox 1763 3835 3355 3906; baseline -0.001 -7"><span class='ocrx_word' id='word_1_744' title='bbox 1763 3848 1998 3906; x_wconf 75' lang='lat' dir='ltr'><strong>namque</strong></span> <span class='ocrx_word' id='word_1_745' title='bbox 2024 3843 2296 3905; x_wconf 55' lang='lat' dir='ltr'><strong>pracepta</strong></span> <span class='ocrx_word' id='word_1_746' title='bbox 2323 3835 2379 3889; x_wconf 85' lang='lat' dir='ltr'><strong>in</strong></span> <span class='ocrx_word' id='word_1_747' title='bbox 2407 3849 2512 3889; x_wconf 88' lang='lat' dir='ltr'><strong>una</strong></span> <span class='ocrx_word' id='word_1_748' title='bbox 2540 3835 2721 3893; x_wconf 78' lang='lat' dir='ltr'><strong>tabula</strong></span> <span class='ocrx_word' id='word_1_749' title='bbox 2748 3836 2815 3893; x_wconf 75' lang='lat' dir='ltr'><strong>ad</strong></span> <span class='ocrx_word' id='word_1_750' title='bbox 2837 3836 3005 3895; x_wconf 85' lang='lat' dir='ltr'><strong>Deum</strong></span> <span class='ocrx_word' id='word_1_751' title='bbox 3029 3836 3355 3906; x_wconf 71' lang='lat' dir='ltr'><strong>pertinentis</strong></span> 
     </span>
    </p>
   </div>
   <div class='ocr_carea' id='block_1_100' title="bbox 1762 3926 3352 3997">
    <p class='ocr_par' dir='ltr' id='par_1_100' title="bbox 1762 3926 3352 3997">
     <span class='ocr_line' id='line_1_100' title="bbox 1762 3926 3352 3997; baseline 0.001 -16"><span class='ocrx_word' id='word_1_752' title='bbox 1762 3929 1937 3997; x_wconf 85' lang='lat' dir='ltr'><strong>posita</strong></span> <span class='ocrx_word' id='word_1_753' title='bbox 1965 3926 2193 3991; x_wconf 81' lang='lat' dir='ltr'><strong>fuerant,</strong></span> <span class='ocrx_word' id='word_1_754' title='bbox 2226 3934 2430 3996; x_wconf 86' lang='lat' dir='ltr'><strong>septem</strong></span> <span class='ocrx_word' id='word_1_755' title='bbox 2452 3926 2506 3979; x_wconf 86' lang='lat' dir='ltr'><strong>in</strong></span> <span class='ocrx_word' id='word_1_756' title='bbox 2532 3926 2705 3982; x_wconf 71' lang='lat' dir='ltr'><strong>altera</strong></span> <span class='ocrx_word' id='word_1_757' title='bbox 2734 3926 2914 3983; x_wconf 80' lang='lat' dir='ltr'><strong>tabula</strong></span> <span class='ocrx_word' id='word_1_758' title='bbox 2937 3929 3003 3982; x_wconf 89' lang='lat' dir='ltr'><strong>ad</strong></span> <span class='ocrx_word' id='word_1_759' title='bbox 3023 3928 3352 3997; x_wconf 85' lang='lat' dir='ltr'><strong>proximum.</strong></span> 
     </span>
    </p>
   </div>
   <div class='ocr_carea' id='block_1_101' title="bbox 1763 4015 3358 4097">
    <p class='ocr_par' dir='ltr' id='par_1_101' title="bbox 1763 4015 3358 4097">
     <span class='ocr_line' id='line_1_101' title="bbox 1763 4015 3358 4097; baseline 0 -24"><span class='ocrx_word' id='word_1_760' title='bbox 1763 4019 1822 4073; x_wconf 90' lang='lat' dir='ltr'><strong>in</strong></span> <span class='ocrx_word' id='word_1_761' title='bbox 1846 4019 2025 4088; x_wconf 83' lang='lat' dir='ltr'><strong>priore</strong></span> <span class='ocrx_word' id='word_1_762' title='bbox 2054 4030 2183 4088; x_wconf 80' lang='lat' dir='ltr'><strong>ergo</strong></span> <span class='ocrx_word' id='word_1_763' title='bbox 2208 4015 2391 4071; x_wconf 76' lang='lat' dir='ltr'><strong>tabula</strong></span> <span class='ocrx_word' id='word_1_764' title='bbox 2423 4017 2688 4089; x_wconf 85' lang='lat' dir='ltr'><strong>scriptum</strong></span> <span class='ocrx_word' id='word_1_765' title='bbox 2711 4022 2829 4072; x_wconf 88' lang='lat' dir='ltr'><strong>erat</strong></span> <span class='ocrx_word' id='word_1_766' title='bbox 2870 4019 3105 4097; x_wconf 84' lang='lat' dir='ltr'><strong>primum</strong></span> <span class='ocrx_word' id='word_1_767' title='bbox 3153 4028 3358 4089; x_wconf 56' lang='lat' dir='ltr'><strong>pitecu-</strong></span> 
     </span>
    </p>
   </div>
   <div class='ocr_carea' id='block_1_102' title="bbox 1762 4100 3419 4187">
    <p class='ocr_par' dir='ltr' id='par_1_102' title="bbox 1762 4100 3419 4187">
     <span class='ocr_line' id='line_1_102' title="bbox 1762 4100 3419 4187; baseline -0.001 -25"><span class='ocrx_word' id='word_1_768' title='bbox 1762 4118 1915 4181; x_wconf 87' lang='lat' dir='ltr'><strong>ptum</strong></span> <span class='ocrx_word' id='word_1_769' title='bbox 1950 4128 1961 4161; x_wconf 93' lang='lat'>:</span> <span class='ocrx_word' id='word_1_770' title='bbox 1992 4102 2106 4178; x_wconf 80' lang='lat' dir='ltr'><strong>Ego</strong></span> <span class='ocrx_word' id='word_1_771' title='bbox 2134 4123 2250 4162; x_wconf 86' lang='lat' dir='ltr'><strong>sum</strong></span> <span class='ocrx_word' id='word_1_772' title='bbox 2272 4100 2528 4161; x_wconf 85' lang='lat' dir='ltr'><strong>Dominus</strong></span> <span class='ocrx_word' id='word_1_773' title='bbox 2554 4106 2695 4161; x_wconf 83' lang='lat' dir='ltr'><strong>Deus</strong></span> <span class='ocrx_word' id='word_1_774' title='bbox 2725 4118 2866 4171; x_wconf 87' lang='lat' dir='ltr'><strong>tuus,</strong></span> <span class='ocrx_word' id='word_1_775' title='bbox 2898 4110 2989 4180; x_wconf 83' lang='lat' dir='ltr'><strong>qui</strong></span> <span class='ocrx_word' id='word_1_776' title='bbox 3016 4109 3174 4164; x_wconf 71' lang='lat' dir='ltr'><strong>eduxi</strong></span> <span class='ocrx_word' id='word_1_777' title='bbox 3204 4119 3253 4163; x_wconf 91' lang='lat' dir='ltr'><strong>te</strong></span> <span class='ocrx_word' id='word_1_778' title='bbox 3291 4108 3356 4161; x_wconf 86' lang='lat' dir='ltr'><strong>de</strong></span> <span class='ocrx_word' id='word_1_779' title='bbox 3414 4182 3419 4187; x_wconf 27' lang='grc' dir='ltr'><strong><em>ι</em></strong></span> 
     </span>
    </p>
   </div>
   <div class='ocr_carea' id='block_1_103' title="bbox 1763 4201 3355 4273">
    <p class='ocr_par' dir='ltr' id='par_1_103' title="bbox 1763 4201 3355 4273">
     <span class='ocr_line' id='line_1_103' title="bbox 1763 4201 3355 4273; baseline 0.002 -17"><span class='ocrx_word' id='word_1_780' title='bbox 1763 4215 1903 4258; x_wconf 80' lang='lat' dir='ltr'><strong>terra</strong></span> <span class='ocrx_word' id='word_1_781' title='bbox 1926 4202 2255 4273; x_wconf 49' lang='lat' dir='ltr'><strong>{Egyptinle</strong></span> <span class='ocrx_word' id='word_1_782' title='bbox 2294 4201 2448 4255; x_wconf 85' lang='lat' dir='ltr'><strong>domo</strong></span> <span class='ocrx_word' id='word_1_783' title='bbox 2489 4201 2771 4256; x_wconf 69' lang='lat' dir='ltr'><strong>seruitutis.</strong></span> <span class='ocrx_word' id='word_1_784' title='bbox 2819 4201 2945 4258; x_wconf 70' lang='lat' dir='ltr'><strong>Non</strong></span> <span class='ocrx_word' id='word_1_785' title='bbox 2981 4203 3195 4258; x_wconf 71' lang='lat' dir='ltr'><strong>habebis</strong></span> <span class='ocrx_word' id='word_1_786' title='bbox 3231 4202 3355 4260; x_wconf 72' lang='lat' dir='ltr'><strong>deos</strong></span> 
     </span>
    </p>
   </div>
   <div class='ocr_carea' id='block_1_104' title="bbox 1763 4292 3355 4367">
    <p class='ocr_par' dir='ltr' id='par_1_104' title="bbox 1763 4292 3355 4367">
     <span class='ocr_line' id='line_1_104' title="bbox 1763 4292 3355 4367; baseline 0.003 -18"><span class='ocrx_word' id='word_1_787' title='bbox 1763 4295 1961 4350; x_wconf 82' lang='lat' dir='ltr'><strong>alienos</strong></span> <span class='ocrx_word' id='word_1_788' title='bbox 1988 4293 2196 4367; x_wconf 74' lang='lat' dir='ltr'><strong>(Exod.</strong></span> <span class='ocrx_word' id='word_1_789' title='bbox 2222 4292 2372 4365; x_wconf 83' lang='lat' dir='ltr'><strong>xx),</strong></span> <span class='ocrx_word' id='word_1_790' title='bbox 2400 4301 2458 4348; x_wconf 84' lang='lat' dir='ltr'><strong>et</strong></span> <span class='ocrx_word' id='word_1_791' title='bbox 2502 4294 2731 4362; x_wconf 79' lang='lat' dir='ltr'><strong>reliqua.</strong></span> <span class='ocrx_word' id='word_1_792' title='bbox 2782 4292 2919 4361; x_wconf 80' lang='lat' dir='ltr'><strong>Quia</strong></span> <span class='ocrx_word' id='word_1_793' title='bbox 2956 4294 3207 4350; x_wconf 79' lang='lat' dir='ltr'><strong>Christus</strong></span> 
     </span>
    </p>
   </div>
   <div class='ocr_carea' id='block_1_105' title="bbox 1764 4382 3351 4453">
    <p class='ocr_par' dir='ltr' id='par_1_105' title="bbox 1764 4382 3351 4453">
     <span class='ocr_line' id='line_1_105' title="bbox 1764 4382 3351 4453; baseline 0.001 -14"><span class='ocrx_word' id='word_1_794' title='bbox 1764 4385 1933 4440; x_wconf 86' lang='lat' dir='ltr'><strong>Filius</strong></span> <span class='ocrx_word' id='word_1_795' title='bbox 1955 4401 2078 4440; x_wconf 89' lang='lat' dir='ltr'><strong>cum</strong></span> <span class='ocrx_word' id='word_1_796' title='bbox 2100 4385 2262 4437; x_wconf 85' lang='lat' dir='ltr'><strong>Patre</strong></span> <span class='ocrx_word' id='word_1_797' title='bbox 2282 4391 2338 4438; x_wconf 88' lang='lat' dir='ltr'><strong>et</strong></span> <span class='ocrx_word' id='word_1_798' title='bbox 2374 4384 2582 4453; x_wconf 85' lang='lat' dir='ltr'><strong>Spiritu</strong></span> <span class='ocrx_word' id='word_1_799' title='bbox 2628 4392 2820 4438; x_wconf 83' lang='lat' dir='ltr'><strong>saneto</strong></span> <span class='ocrx_word' id='word_1_800' title='bbox 2867 4392 3006 4438; x_wconf 86' lang='lat' dir='ltr'><strong>unus</strong></span> <span class='ocrx_word' id='word_1_801' title='bbox 3056 4392 3145 4438; x_wconf 84' lang='lat' dir='ltr'><strong>est</strong></span> <span class='ocrx_word' id='word_1_802' title='bbox 3190 4382 3351 4442; x_wconf 80' lang='lat' dir='ltr'><strong>Deus.</strong></span> 
     </span>
    </p>
   </div>
   <div class='ocr_carea' id='block_1_106' title="bbox 1763 4471 3356 4531">
    <p class='ocr_par' dir='ltr' id='par_1_106' title="bbox 1763 4471 3356 4531">
     <span class='ocr_line' id='line_1_106' title="bbox 1763 4471 3356 4531; baseline -0.001 -1"><span class='ocrx_word' id='word_1_803' title='bbox 1763 4475 1967 4530; x_wconf 85' lang='lat' dir='ltr'><strong>Deinde</strong></span> <span class='ocrx_word' id='word_1_804' title='bbox 2013 4473 2253 4531; x_wconf 83' lang='lat' dir='ltr'><strong>additum</strong></span> <span class='ocrx_word' id='word_1_805' title='bbox 2291 4481 2375 4527; x_wconf 84' lang='lat' dir='ltr'><strong>est</strong></span> <span class='ocrx_word' id='word_1_806' title='bbox 2421 4490 2433 4526; x_wconf 87' lang='lat'><strong>:</strong></span> <span class='ocrx_word' id='word_1_807' title='bbox 2476 4471 2600 4527; x_wconf 84' lang='lat' dir='ltr'><strong>Non</strong></span> <span class='ocrx_word' id='word_1_808' title='bbox 2640 4484 2874 4527; x_wconf 74' lang='lat' dir='ltr'><strong>assumes</strong></span> <span class='ocrx_word' id='word_1_809' title='bbox 2917 4482 3102 4528; x_wconf 71' lang='lat' dir='ltr'><strong>nomen</strong></span> <span class='ocrx_word' id='word_1_810' title='bbox 3142 4472 3356 4528; x_wconf 83' lang='lat' dir='ltr'><strong>Domini</strong></span> 
     </span>
    </p>
   </div>
   <div class='ocr_carea' id='block_1_107' title="bbox 1762 4563 3359 4620">
    <p class='ocr_par' dir='ltr' id='par_1_107' title="bbox 1762 4563 3359 4620">
     <span class='ocr_line' id='line_1_107' title="bbox 1762 4563 3359 4620; baseline -0.001 0"><span class='ocrx_word' id='word_1_811' title='bbox 1762 4567 1836 4620; x_wconf 84' lang='lat' dir='ltr'><strong>tui</strong></span> <span class='ocrx_word' id='word_1_812' title='bbox 1858 4566 1913 4619; x_wconf 85' lang='lat' dir='ltr'><strong>in</strong></span> <span class='ocrx_word' id='word_1_813' title='bbox 1942 4579 2130 4619; x_wconf 78' lang='lat' dir='ltr'><strong>uanum</strong></span> <span class='ocrx_word' id='word_1_814' title='bbox 2167 4579 2186 4616; x_wconf 68' lang='grc' dir='ltr'><em>ς</em></span> <span class='ocrx_word' id='word_1_815' title='bbox 2217 4576 2309 4617; x_wconf 82' lang='lat' dir='ltr'><strong>nec</strong></span> <span class='ocrx_word' id='word_1_816' title='bbox 2363 4563 2501 4617; x_wconf 81' lang='lat' dir='ltr'><strong>enim</strong></span> <span class='ocrx_word' id='word_1_817' title='bbox 2559 4564 2764 4618; x_wconf 78' lang='lat' dir='ltr'><strong>habebit</strong></span> <span class='ocrx_word' id='word_1_818' title='bbox 2804 4563 3060 4618; x_wconf 80' lang='lat' dir='ltr'><strong>insontem</strong></span> <span class='ocrx_word' id='word_1_819' title='bbox 3095 4563 3359 4620; x_wconf 73' lang='lat' dir='ltr'><strong>Dominus</strong></span> 
     </span>
    </p>
   </div>
   <div class='ocr_carea' id='block_1_108' title="bbox 1764 4655 3347 4727">
    <p class='ocr_par' dir='ltr' id='par_1_108' title="bbox 1764 4655 3347 4727">
     <span class='ocr_line' id='line_1_108' title="bbox 1764 4655 3347 4727; baseline 0 -15"><span class='ocrx_word' id='word_1_820' title='bbox 1764 4674 1902 4722; x_wconf 85' lang='lat' dir='ltr'><strong>eum,</strong></span> <span class='ocrx_word' id='word_1_821' title='bbox 1927 4657 2016 4727; x_wconf 89' lang='lat' dir='ltr'><strong>qui</strong></span> <span class='ocrx_word' id='word_1_822' title='bbox 2042 4656 2383 4725; x_wconf 70' lang='lat' dir='ltr'><strong>desumpserit</strong></span> <span class='ocrx_word' id='word_1_823' title='bbox 2412 4670 2598 4709; x_wconf 79' lang='lat' dir='ltr'><strong>nomen</strong></span> <span class='ocrx_word' id='word_1_824' title='bbox 2620 4655 2835 4709; x_wconf 81' lang='lat' dir='ltr'><strong>Domini</strong></span> <span class='ocrx_word' id='word_1_825' title='bbox 2863 4656 2949 4709; x_wconf 79' lang='lat' dir='ltr'><strong>sui</strong></span> <span class='ocrx_word' id='word_1_826' title='bbox 2976 4657 3347 4726; x_wconf 73' lang='lat' dir='ltr'><strong>(rustra.Quia</strong></span> 
     </span>
    </p>
   </div>
   <div class='ocr_carea' id='block_1_109' title="bbox 1764 4745 3356 4817">
    <p class='ocr_par' dir='ltr' id='par_1_109' title="bbox 1764 4745 3356 4817">
     <span class='ocr_line' id='line_1_109' title="bbox 1764 4745 3356 4817; baseline -0.001 -14"><span class='ocrx_word' id='word_1_827' title='bbox 1764 4763 1871 4803; x_wconf 87' lang='lat' dir='ltr'><strong>non</strong></span> <span class='ocrx_word' id='word_1_828' title='bbox 1902 4748 2063 4802; x_wconf 83' lang='lat' dir='ltr'><strong>debet</strong></span> <span class='ocrx_word' id='word_1_829' title='bbox 2096 4760 2127 4799; x_wconf 89' lang='lat' dir='ltr'><strong>a</strong></span> <span class='ocrx_word' id='word_1_830' title='bbox 2154 4745 2309 4800; x_wconf 68' lang='lat' dir='ltr'><strong>uoltis</strong></span> <span class='ocrx_word' id='word_1_831' title='bbox 2330 4758 2530 4800; x_wconf 79' lang='lat' dir='ltr'><strong>nomen</strong></span> <span class='ocrx_word' id='word_1_832' title='bbox 2548 4745 2753 4801; x_wconf 79' lang='lat' dir='ltr'><strong>Christi</strong></span> <span class='ocrx_word' id='word_1_833' title='bbox 2773 4745 2943 4817; x_wconf 86' lang='lat' dir='ltr'><strong>accipi</strong></span> <span class='ocrx_word' id='word_1_834' title='bbox 2970 4746 3024 4799; x_wconf 87' lang='lat' dir='ltr'><strong>in</strong></span> <span class='ocrx_word' id='word_1_835' title='bbox 3050 4758 3273 4813; x_wconf 86' lang='lat' dir='ltr'><strong>vanum,</strong></span> <span class='ocrx_word' id='word_1_836' title='bbox 3297 4754 3356 4802; x_wconf 89' lang='lat' dir='ltr'><strong>ut</strong></span> 
     </span>
    </p>
   </div>
   <div class='ocr_carea' id='block_1_110' title="bbox 1764 4836 3355 4910">
    <p class='ocr_par' dir='ltr' id='par_1_110' title="bbox 1764 4836 3355 4910">
     <span class='ocr_line' id='line_1_110' title="bbox 1764 4836 3355 4910; baseline -0.002 -17"><span class='ocrx_word' id='word_1_837' title='bbox 1764 4848 2014 4910; x_wconf 80' lang='lat' dir='ltr'><strong>putemus</strong></span> <span class='ocrx_word' id='word_1_838' title='bbox 2048 4851 2170 4893; x_wconf 86' lang='lat' dir='ltr'><strong>eum</strong></span> <span class='ocrx_word' id='word_1_839' title='bbox 2226 4836 2449 4903; x_wconf 80' lang='lat' dir='ltr'><strong>factum,</strong></span> <span class='ocrx_word' id='word_1_840' title='bbox 2498 4837 2555 4892; x_wconf 82' lang='lat' dir='ltr'><strong>id</strong></span> <span class='ocrx_word' id='word_1_841' title='bbox 2596 4842 2703 4902; x_wconf 85' lang='lat' dir='ltr'><strong>est,</strong></span> <span class='ocrx_word' id='word_1_842' title='bbox 2739 4845 3046 4891; x_wconf 85' lang='lat' dir='ltr'><strong>creaturam</strong></span> <span class='ocrx_word' id='word_1_843' title='bbox 3093 4836 3355 4907; x_wconf 86' lang='lat' dir='ltr'><strong>aliquam,</strong></span> 
     </span>
    </p>
   </div>
   <div class='ocr_carea' id='block_1_111' title="bbox 1764 4929 3358 5002">
    <p class='ocr_par' dir='ltr' id='par_1_111' title="bbox 1764 4929 3358 5002">
     <span class='ocr_line' id='line_1_111' title="bbox 1764 4929 3358 5002; baseline 0 -18"><span class='ocrx_word' id='word_1_844' title='bbox 1764 4945 1861 5002; x_wconf 80' lang='lat' dir='ltr'><strong>per</strong></span> <span class='ocrx_word' id='word_1_845' title='bbox 1880 4944 2044 5001; x_wconf 74' lang='lat' dir='ltr'><strong>quem</strong></span> <span class='ocrx_word' id='word_1_846' title='bbox 2065 4931 2208 4985; x_wconf 78' lang='lat' dir='ltr'><strong>facta</strong></span> <span class='ocrx_word' id='word_1_847' title='bbox 2229 4938 2357 4985; x_wconf 83' lang='lat' dir='ltr'><strong>sunt</strong></span> <span class='ocrx_word' id='word_1_848' title='bbox 2376 4930 2579 4996; x_wconf 88' lang='lat' dir='ltr'><strong>omnia,</strong></span> <span class='ocrx_word' id='word_1_849' title='bbox 2601 4930 2729 5001; x_wconf 86' lang='lat' dir='ltr'><strong>quia</strong></span> <span class='ocrx_word' id='word_1_850' title='bbox 2754 4944 2883 4985; x_wconf 86' lang='lat' dir='ltr'><strong>vero</strong></span> <span class='ocrx_word' id='word_1_851' title='bbox 2908 4929 3023 5000; x_wconf 86' lang='lat' dir='ltr'><strong>ipse</strong></span> <span class='ocrx_word' id='word_1_852' title='bbox 3050 4942 3191 4983; x_wconf 90' lang='lat' dir='ltr'><strong>unus</strong></span> <span class='ocrx_word' id='word_1_853' title='bbox 3214 4930 3358 4984; x_wconf 79' lang='lat' dir='ltr'><strong>Deus</strong></span> 
     </span>
    </p>
   </div>
   <div class='ocr_carea' id='block_1_112' title="bbox 1765 5019 3358 5091">
    <p class='ocr_par' dir='ltr' id='par_1_112' title="bbox 1765 5019 3358 5091">
     <span class='ocr_line' id='line_1_112' title="bbox 1765 5019 3358 5091; baseline -0.002 -15"><span class='ocrx_word' id='word_1_854' title='bbox 1765 5022 1927 5078; x_wconf 86' lang='lat' dir='ltr'><strong>Pater</strong></span> <span class='ocrx_word' id='word_1_855' title='bbox 1945 5030 2123 5089; x_wconf 86' lang='lat' dir='ltr'><strong>est,et</strong></span> <span class='ocrx_word' id='word_1_856' title='bbox 2138 5021 2330 5087; x_wconf 71' lang='lat' dir='ltr'><strong>Filius,</strong></span> <span class='ocrx_word' id='word_1_857' title='bbox 2347 5028 2403 5076; x_wconf 88' lang='lat' dir='ltr'><strong>et</strong></span> <span class='ocrx_word' id='word_1_858' title='bbox 2416 5021 2651 5091; x_wconf 80' lang='lat' dir='ltr'><strong>Spiritus</strong></span> <span class='ocrx_word' id='word_1_859' title='bbox 2671 5029 2913 5087; x_wconf 88' lang='lat' dir='ltr'><strong>sanctus,</strong></span> <span class='ocrx_word' id='word_1_860' title='bbox 2937 5022 2991 5075; x_wconf 92' lang='lat' dir='ltr'><strong>in</strong></span> <span class='ocrx_word' id='word_1_861' title='bbox 3006 5019 3212 5091; x_wconf 78' lang='lat' dir='ltr'><strong>Spiritu</strong></span> <span class='ocrx_word' id='word_1_862' title='bbox 3235 5034 3358 5075; x_wconf 85' lang='lat' dir='ltr'><strong>san-</strong></span> 
     </span>
    </p>
   </div>
   <div class='ocr_carea' id='block_1_113' title="bbox 1765 5111 3351 5184">
    <p class='ocr_par' dir='ltr' id='par_1_113' title="bbox 1765 5111 3351 5184">
     <span class='ocr_line' id='line_1_113' title="bbox 1765 5111 3351 5184; baseline -0.006 -11"><span class='ocrx_word' id='word_1_863' title='bbox 1765 5124 1877 5184; x_wconf 87' lang='lat' dir='ltr'><strong>cto,</strong></span> <span class='ocrx_word' id='word_1_864' title='bbox 1906 5116 1960 5171; x_wconf 88' lang='lat' dir='ltr'><strong>id</strong></span> <span class='ocrx_word' id='word_1_865' title='bbox 1982 5123 2084 5178; x_wconf 85' lang='lat' dir='ltr'><strong>est,</strong></span> <span class='ocrx_word' id='word_1_866' title='bbox 2121 5113 2176 5167; x_wconf 86' lang='lat' dir='ltr'><strong>in</strong></span> <span class='ocrx_word' id='word_1_867' title='bbox 2200 5114 2360 5168; x_wconf 83' lang='lat' dir='ltr'><strong>domu</strong></span> <span class='ocrx_word' id='word_1_868' title='bbox 2399 5113 2495 5168; x_wconf 89' lang='lat' dir='ltr'><strong>Dei</strong></span> <span class='ocrx_word' id='word_1_869' title='bbox 2539 5112 2758 5181; x_wconf 73' lang='lat' dir='ltr'><strong>requies</strong></span> <span class='ocrx_word' id='word_1_870' title='bbox 2818 5112 2974 5165; x_wconf 87' lang='lat' dir='ltr'><strong>nobis</strong></span> <span class='ocrx_word' id='word_1_871' title='bbox 3024 5111 3351 5179; x_wconf 83' lang='lat' dir='ltr'><strong>sempiterna</strong></span> 
     </span>
    </p>
   </div>
   <div class='ocr_carea' id='block_1_114' title="bbox 1763 5201 3355 5281">
    <p class='ocr_par' dir='ltr' id='par_1_114' title="bbox 1763 5201 3355 5281">
     <span class='ocr_line' id='line_1_114' title="bbox 1763 5201 3355 5281; baseline -0.006 -18"><span class='ocrx_word' id='word_1_872' title='bbox 1763 5206 2114 5281; x_wconf 80' lang='lat' dir='ltr'><strong>promittitur.</strong></span> <span class='ocrx_word' id='word_1_873' title='bbox 2150 5203 2303 5260; x_wconf 86' lang='lat' dir='ltr'><strong>Unde</strong></span> <span class='ocrx_word' id='word_1_874' title='bbox 2330 5203 2578 5260; x_wconf 86' lang='lat' dir='ltr'><strong>subditur</strong></span> <span class='ocrx_word' id='word_1_875' title='bbox 2606 5221 2619 5257; x_wconf 91' lang='lat'><strong>:</strong></span> <span class='ocrx_word' id='word_1_876' title='bbox 2646 5202 2907 5257; x_wconf 71' lang='lat' dir='ltr'><strong>Memento</strong></span> <span class='ocrx_word' id='word_1_877' title='bbox 2956 5206 3013 5255; x_wconf 83' lang='lat' dir='ltr'><strong>ut</strong></span> <span class='ocrx_word' id='word_1_878' title='bbox 3054 5202 3191 5254; x_wconf 78' lang='lat' dir='ltr'><strong>diem</strong></span> <span class='ocrx_word' id='word_1_879' title='bbox 3238 5201 3355 5254; x_wconf 82' lang='lat' dir='ltr'><strong>sab-</strong></span> 
     </span>
    </p>
   </div>
   <div class='ocr_carea' id='block_1_115' title="bbox 1767 5292 3352 5367">
    <p class='ocr_par' dir='ltr' id='par_1_115' title="bbox 1767 5292 3352 5367">
     <span class='ocr_line' id='line_1_115' title="bbox 1767 5292 3352 5367; baseline -0.005 -12"><span class='ocrx_word' id='word_1_880' title='bbox 1767 5302 1875 5355; x_wconf 79' lang='lat' dir='ltr'><strong>bati</strong></span> <span class='ocrx_word' id='word_1_881' title='bbox 1904 5298 2230 5367; x_wconf 77' lang='lat' dir='ltr'><strong>sanctiﬁces;</strong></span> <span class='ocrx_word' id='word_1_882' title='bbox 2252 5313 2343 5351; x_wconf 62' lang='lat' dir='ltr'><strong>sese</strong></span> <span class='ocrx_word' id='word_1_883' title='bbox 2369 5297 2548 5350; x_wconf 80' lang='lat' dir='ltr'><strong>diebus</strong></span> <span class='ocrx_word' id='word_1_884' title='bbox 2571 5294 2887 5366; x_wconf 77' lang='lat' dir='ltr'><strong>operaberis,</strong></span> <span class='ocrx_word' id='word_1_885' title='bbox 2913 5303 2961 5348; x_wconf 80' lang='lat' dir='ltr'><strong>et</strong></span> <span class='ocrx_word' id='word_1_886' title='bbox 2986 5293 3153 5363; x_wconf 73' lang='lat' dir='ltr'><strong>facies</strong></span> <span class='ocrx_word' id='word_1_887' title='bbox 3176 5292 3352 5347; x_wconf 73' lang='lat' dir='ltr'><strong>omnia</strong></span> 
     </span>
    </p>
   </div>
   <div class='ocr_carea' id='block_1_116' title="bbox 1762 5380 3353 5462">
    <p class='ocr_par' dir='ltr' id='par_1_116' title="bbox 1762 5380 3353 5462">
     <span class='ocr_line' id='line_1_116' title="bbox 1762 5380 3353 5462; baseline -0.006 -17"><span class='ocrx_word' id='word_1_888' title='bbox 1762 5407 1923 5462; x_wconf 78' lang='lat' dir='ltr'><strong>opera</strong></span> <span class='ocrx_word' id='word_1_889' title='bbox 1951 5400 2065 5456; x_wconf 77' lang='lat' dir='ltr'><strong>tua,</strong></span> <span class='ocrx_word' id='word_1_890' title='bbox 2096 5389 2314 5459; x_wconf 76' lang='lat' dir='ltr'><strong>septimo</strong></span> <span class='ocrx_word' id='word_1_891' title='bbox 2342 5397 2515 5441; x_wconf 69' lang='lat' dir='ltr'><strong>autem</strong></span> <span class='ocrx_word' id='word_1_892' title='bbox 2545 5386 2629 5439; x_wconf 85' lang='lat' dir='ltr'><strong>die</strong></span> <span class='ocrx_word' id='word_1_893' title='bbox 2652 5384 2855 5440; x_wconf 81' lang='lat' dir='ltr'><strong>sabbati</strong></span> <span class='ocrx_word' id='word_1_894' title='bbox 2892 5383 3105 5438; x_wconf 77' lang='lat' dir='ltr'><strong>Domini</strong></span> <span class='ocrx_word' id='word_1_895' title='bbox 3134 5380 3233 5437; x_wconf 85' lang='lat' dir='ltr'><strong>Dei</strong></span> <span class='ocrx_word' id='word_1_896' title='bbox 3274 5381 3353 5436; x_wconf 83' lang='lat' dir='ltr'><strong>tui</strong></span> 
     </span>
    </p>
   </div>
   <div class='ocr_carea' id='block_1_117' title="bbox 1762 5472 3352 5551">
    <p class='ocr_par' dir='ltr' id='par_1_117' title="bbox 1762 5472 3352 5551">
     <span class='ocr_line' id='line_1_117' title="bbox 1762 5472 3352 5551; baseline -0.008 -13"><span class='ocrx_word' id='word_1_897' title='bbox 1762 5498 1863 5538; x_wconf 87' lang='lat' dir='ltr'><strong>non</strong></span> <span class='ocrx_word' id='word_1_898' title='bbox 1889 5481 2047 5551; x_wconf 77' lang='lat' dir='ltr'><strong>facies</strong></span> <span class='ocrx_word' id='word_1_899' title='bbox 2072 5494 2221 5534; x_wconf 84' lang='lat' dir='ltr'><strong>omne</strong></span> <span class='ocrx_word' id='word_1_900' title='bbox 2248 5494 2376 5548; x_wconf 84' lang='lat' dir='ltr'><strong>opus</strong></span> <span class='ocrx_word' id='word_1_901' title='bbox 2414 5488 2579 5543; x_wconf 81' lang='lat' dir='ltr'><strong>tumn,</strong></span> <span class='ocrx_word' id='word_1_902' title='bbox 2609 5487 2666 5531; x_wconf 86' lang='lat' dir='ltr'><strong>tu</strong></span> <span class='ocrx_word' id='word_1_903' title='bbox 2690 5487 2736 5531; x_wconf 82' lang='lat' dir='ltr'><strong>et</strong></span> <span class='ocrx_word' id='word_1_904' title='bbox 2771 5474 2914 5545; x_wconf 71' lang='lat' dir='ltr'><strong>ﬁlius</strong></span> <span class='ocrx_word' id='word_1_905' title='bbox 2959 5484 3104 5540; x_wconf 80' lang='lat' dir='ltr'><strong>tuus,</strong></span> <span class='ocrx_word' id='word_1_906' title='bbox 3155 5482 3202 5527; x_wconf 83' lang='lat' dir='ltr'><strong>et</strong></span> <span class='ocrx_word' id='word_1_907' title='bbox 3238 5472 3352 5542; x_wconf 75' lang='lat' dir='ltr'><strong>ﬁlia</strong></span> 
     </span>
    </p>
   </div>
   <div class='ocr_carea' id='block_1_118' title="bbox 1761 5568 3349 5641">
    <p class='ocr_par' dir='ltr' id='par_1_118' title="bbox 1761 5568 3349 5641">
     <span class='ocr_line' id='line_1_118' title="bbox 1761 5568 3349 5641; baseline -0.009 -14"><span class='ocrx_word' id='word_1_908' title='bbox 1761 5584 1875 5638; x_wconf 82' lang='lat' dir='ltr'><strong>tua,</strong></span> <span class='ocrx_word' id='word_1_909' title='bbox 1903 5580 1957 5627; x_wconf 91' lang='lat' dir='ltr'><strong>et</strong></span> <span class='ocrx_word' id='word_1_910' title='bbox 1981 5572 2206 5641; x_wconf 84' lang='lat' dir='ltr'><strong>reliqua.</strong></span> <span class='ocrx_word' id='word_1_911' title='bbox 2240 5570 2296 5624; x_wconf 92' lang='lat' dir='ltr'><strong>ln</strong></span> <span class='ocrx_word' id='word_1_912' title='bbox 2331 5570 2501 5623; x_wconf 89' lang='lat' dir='ltr'><strong>altera</strong></span> <span class='ocrx_word' id='word_1_913' title='bbox 2541 5583 2670 5623; x_wconf 87' lang='lat' dir='ltr'><strong>vero</strong></span> <span class='ocrx_word' id='word_1_914' title='bbox 2721 5568 2904 5622; x_wconf 84' lang='lat' dir='ltr'><strong>tabula</strong></span> <span class='ocrx_word' id='word_1_915' title='bbox 2946 5568 3181 5638; x_wconf 81' lang='lat' dir='ltr'><strong>primum</strong></span> <span class='ocrx_word' id='word_1_916' title='bbox 3219 5571 3302 5618; x_wconf 89' lang='lat' dir='ltr'><strong>est</strong></span> <span class='ocrx_word' id='word_1_917' title='bbox 3331 5574 3349 5614; x_wconf 74' lang='grc' dir='ltr'><em>τ</em></span> 
     </span>
    </p>
   </div>
   <div class='ocr_carea' id='block_1_119' title="bbox 1760 5652 3347 5734">
    <p class='ocr_par' dir='ltr' id='par_1_119' title="bbox 1760 5652 3347 5734">
     <span class='ocr_line' id='line_1_119' title="bbox 1760 5652 3347 5734; baseline -0.01 -15"><span class='ocrx_word' id='word_1_918' title='bbox 1760 5662 1983 5719; x_wconf 84' lang='lat' dir='ltr'><strong>Honora</strong></span> <span class='ocrx_word' id='word_1_919' title='bbox 2001 5673 2201 5734; x_wconf 81' lang='lat' dir='ltr'><strong>patrem</strong></span> <span class='ocrx_word' id='word_1_920' title='bbox 2228 5672 2393 5724; x_wconf 86' lang='lat' dir='ltr'><strong>tuum,</strong></span> <span class='ocrx_word' id='word_1_921' title='bbox 2442 5668 2489 5713; x_wconf 91' lang='lat' dir='ltr'><strong>et</strong></span> <span class='ocrx_word' id='word_1_922' title='bbox 2546 5669 2765 5713; x_wconf 82' lang='lat' dir='ltr'><strong>matrem</strong></span> <span class='ocrx_word' id='word_1_923' title='bbox 2806 5667 2987 5724; x_wconf 81' lang='lat' dir='ltr'><strong>tuam;</strong></span> <span class='ocrx_word' id='word_1_924' title='bbox 3027 5652 3347 5718; x_wconf 84' lang='lat' dir='ltr'><strong>secundum,</strong></span> 
     </span>
    </p>
   </div>
  </div>
