3898 6490
506 334 644 392 1065

1070 303 1076 311 ’
1152 332 1213 386 B.
1254 330 1506 387 nsum
1542 328 1762 386 usus!
1795 328 2115 386 ARCHIEP.
2154 325 2462 386 uocum.
2503 323 2788 382 OPERUM
2826 323 3005 381 PARS
3043 324 3083 381 ι.

3664 329 3785 385 1064

502 448 624 503 Νοη
666 447 1038 513 nnechaberis;
1082 445 1321 508 tertium,
1369 444 1493 498 Non
1523 443 1756 508 occides;
1805 451 2077 512 quartum,
2106 451 2160 509 Α
2185 441 2415 496 dendam
2442 439 2880 509 interrogationis
2908 440 3193 496 veritatem
3224 441 3425 499 frivola
3460 445 3647 499 multa
3678 461 3786 502 con-

502 536 628 592 Non
654 536 947 606 furaberis;
972 535 1240 604 quintum,
1273 533 1389 586 Non
1413 534 1606 604 falsum
1632 534 1982 587 testimonium
2007 532 2087 586 die

504 644 590 682 ces
612 645 630 692 ;
655 635 881 689 sextum,
916 625 1038 680 Non
1070 626 1397 694 concupisces
1442 640 1656 678 uxorem
1704 623 1929 694 proximi
1969 623 2084 688 tui;

502 720 816 791 septimum,
862 717 984 772 Non
1006 719 1336 786 concupisces
1384 733 1490 771 rem
1538 715 1765 785 proximi
1816 715 1913 769 tui.
1960 714 2086 770 Ilaec

498 812 787 884 iungamus
816 811 924 866 illis
945 811 1117 865 tribus
1146 811 1212 863 ad
1251 809 1613 864 dilectionem
1636 808 1731 862 Dei
1770 807 2086 878 pertinenti-

500 905 623 970 bus,
658 913 713 960 et
734 913 1016 960 cantemus
1053 903 1107 957 in
1139 902 1394 974 psalterio
1423 902 1608 957 decem
1650 902 2001 967 chordarum,
2040 901 2089 956 si

499 978 751 1051 volumus
803 1004 1027 1050 cantare
1080 994 1348 1049 canticum
1398 1007 1594 1047 novum
1644 991 1892 1046 homines
1937 990 2086 1057 novi,

497 1088 696 1161 quibus
722 1088 970 1145 Salvator
992 1088 1307 1143 mandatum
1326 1085 1474 1141 dedit
1501 1100 1700 1141 novum
1723 1092 1785 1139 ut
1804 1083 2089 1155 diligamus

499 1166 755 1250 invicem,
786 1184 924 1239 sicut
944 1184 1055 1253 ipse
1078 1181 1264 1237 dilexit
1288 1195 1404 1235 nos.

503 1321 509 1328 .
575 1274 913 1347 Congregatis
935 1285 1111 1329 autem
1137 1272 1425 1327 Pharisceis
1451 1269 1793 1339 interrogavit
1822 1284 1908 1322 eos
1934 1267 2089 1322 Jesus

500 1372 676 1426 dicens
707 1384 725 1422 :
757 1370 895 1436 Quid
920 1370 1063 1424 vobis
1085 1369 1289 1423 videtur
1339 1366 1403 1419 de
1454 1362 1698 1418 Christo?
1751 1361 1901 1433 cujus
1946 1359 2090 1430 ﬁlius

501 1474 576 1519 est
601 1464 625 1517 γ
646 1464 842 1518 Dicunt
872 1464 919 1517 ei
944 1477 961 1515 :
994 1460 1187 1516 David.
1214 1461 1301 1514 Ait
1326 1457 1431 1512 illis
1455 1473 1473 1511 :
1503 1453 1775 1520 Quomodo
1805 1470 1925 1523 ergo
1975 1452 2090 1506 Da-

500 1560 590 1614 vid
619 1553 674 1607 in
706 1552 910 1622 Spiritu
931 1560 1076 1606 vocat
1103 1566 1222 1604 eum
1247 1548 1551 1610 Dominum,
1576 1546 1751 1599 dicens
1775 1558 1794 1597 :
1817 1542 1964 1596 Dixit
1985 1540 2094 1596 Do-

504 1650 677 1704 minus
711 1644 934 1699 Domino
958 1654 1112 1695 meo:
1147 1639 1283 1695 Sede
1308 1656 1340 1692 a
1366 1637 1564 1692 dextris
1596 1635 1746 1700 meis,
1786 1633 1948 1688 donec
2000 1649 2094 1702 po-

509 1756 633 1795 nam
660 1736 900 1792 inimicos
930 1740 1047 1785 tuos
1071 1728 1355 1784 scabellum
1377 1726 1566 1797 pedum
1596 1734 1804 1779 tuorum
1855 1721 2089 1793 (Psalm.

2186 536 2414 607 ﬁngunt,
2467 533 2817 589 vernaculum
2850 532 3076 588 Abrahae
3130 545 3473 599 asserentes,
3523 537 3691 606 cujus
3739 542 3787 594 5-

2186 631 2292 686 lius
2311 629 2474 684 fuerit
2506 630 2802 684 Damascus
2834 628 3063 695 Eliezer,
3110 638 3166 685 et
3211 644 3278 684 ex
3330 629 3522 699 ipsius
3568 643 3785 697 pet-sua

2185 738 2283 793 per
2307 723 2567 792 scriptum
2598 722 2886 793 psalmum,
2927 723 3071 791 quod
3117 731 3240 792 post
3284 722 3507 778 caedem
3559 723 3787 792 quinque

2188 828 2375 883 regum
2403 814 2652 869 dominus
2675 813 2817 868 Deus
2838 813 3066 868 Domino
3086 828 3186 868 suo
3224 813 3437 869 dixerit
3460 812 3746 867 Abraham
3772 834 3783 867 :

2188 903 2325 960 Sede
2346 905 2415 958 ad
2436 904 2699 959 dexteram
2720 920 2913 968 meam,
2935 904 3098 958 donec
3116 920 3311 974 ponam
3340 919 3541 957 omnes

2188 1004 2304 1050 tuos
2328 993 2615 1049 scabellum
2656 994 2847 1065 pedum
2888 1003 3120 1048 tuorum.
3184 992 3335 1061 Quos
3386 993 3789 1063 interrogem

2188 1085 2456 1157 quomodo
2489 1085 2631 1140 Deus
2669 1084 2870 1140 dixerit
2898 1085 3128 1139 Abrahae
3165 1099 3231 1140 ea
3257 1099 3387 1154 qua:
3439 1092 3785 1153 sequam:

2193 1176 2379 1233 Tecum
2394 1178 2709 1248 principium
2733 1178 2787 1231 in
2811 1177 2895 1232 die
2918 1178 3123 1232 virtutis
3146 1188 3272 1243 tum,
3309 1178 3371 1231 in
3419 1176 3786 1247 splendoritu

2189 1279 2514 1334 sanctorum,
2541 1285 2606 1323 ea:
2635 1278 2784 1324 utero
2804 1279 2926 1324 ante
2973 1269 3252 1339 luciferum
3289 1270 3465 1340 genui
3496 1278 3571 1323 te.
3598 1268 3786 1324 lutei-'8

2190 1352 2446 1415 Dominus
2461 1368 2510 1415 et
2531 1377 2637 1415 non
2662 1361 2925 1431 paenitebit
2947 1369 3173 1425 eum,'tu
3198 1377 3253 1414 es
3274 1360 3551 1415 sacerdos
3581 1362 3639 1413 in
3664 1372 3786 1413 aer.

2191 1467 2315 1505 num
2337 1450 2623 1506 secundum
2648 1450 2884 1506 ordinem
2912 1449 3316 1505 Melchisedech.
3347 1450 3422 1505 Et
3470 1452 3786 1520 restium:

2190 1556 2285 1597 eos
2308 1556 2583 1613 cogamus,
2611 1542 2878 1611 quomodo
2898 1541 3172 1596 Abraham
3203 1550 3335 1596 ante
3382 1540 3689 1596 luciferum
3715 1556 3787 1611 εει

2191 1639 2338 1693 nitus
2358 1637 2450 1703 sit,
2480 1646 2535 1693 et
2560 1638 2811 1692 sacerdos
2840 1635 3001 1691 fuerit
3025 1636 3327 1692 secundum
3371 1635 3644 1690 ordinem
3687 1634 3785 1689 Iei-

2193 1729 2504 1795 chisedech,
2533 1729 2621 1799 qui
2654 1727 3045 1784 Melchisedech
3071 1727 3334 1783 obtulerit
3382 1742 3605 1798 panem
3636 1738 3689 1783 et
3725 1730 3784 1782 ri-

504 1827 624 1900 clx)
641 1866 655 1881 .
680 1824 739 1881 Si
765 1840 885 1895 ergo
909 1821 1079 1876 David
1107 1829 1255 1874 vocat
1276 1835 1395 1872 eum
1421 1816 1724 1881 Dominum,
1754 1813 2011 1886 quomodo
2030 1813 2096 1883 [ῖ-
2122 1821 2170 1880 Β
2198 1831 2436 1887 ηοω,οθι
2460 1836 2491 1875 a
2518 1836 2626 1891 quo
2653 1821 2895 1877 decimas
2917 1819 3111 1890 pracda:
3141 1821 3430 1891 acceperit
3475 1818 3653 1892 (Gen.
3680 1822 3782 1887 nr).

502 1921 606 1977 lius
634 1921 748 1992 ejus
770 1917 888 1972 est?
916 1914 1017 1983 Qui
1038 1914 1105 1969 ad
1128 1910 1441 1967 tentandum
1474 1907 1659 1963 Jesum
1706 1905 1920 1961 fuerant
1966 1920 2096 1961 con-

504 2012 735 2085 gregati,
766 2019 822 2066 et
849 2007 1136 2063 veritatem
1165 2001 1503 2057 fraudulenta
1542 1998 1964 2069 interrogatione
2007 2012 2098 2052 ca-

506 2119 638 2174 pere
666 2101 978 2158 nitebantur
1001 2095 1344 2151 occasionem
1373 2092 1723 2163 prazbuerunt
1768 2088 2095 2145 confutatio-

505 2195 593 2249 nis
614 2207 744 2255 suae,
782 2189 1291 2258 interroganturque
1317 2184 1382 2238 de
1409 2181 1624 2238 Christo
1646 2180 1802 2251 cujus
1827 2178 1968 2235 ﬁlius
2003 2178 2092 2234 sit.

508 2280 868 2352 Interrogatio
892 2279 1020 2334 Jesu
1051 2275 1208 2332 nobis
1235 2272 1454 2344 proﬁcit
1475 2287 1646 2342 usque
1701 2271 1860 2327 hodie
1906 2278 2096 2326 contra

506 2373 738 2429 Judaeos.
764 2371 832 2427 Et
856 2370 910 2426 hi
942 2368 1085 2424 enim
1138 2367 1229 2438 qui
1272 2364 1601 2421 conﬁtentur
1646 2362 1923 2419 Christum
1976 2374 2098 2417 esse

506 2474 796 2521 venturum
839 2462 1110 2517 hominem
1161 2458 1481 2526 simplicem,
1532 2465 1589 2511 et
1630 2462 1876 2512 sanctum
1919 2452 2095 2509 virum

510 2564 761 2612 asserunt
792 2555 857 2609 de
884 2565 1081 2624 genere
1104 2551 1306 2616 David;
1338 2550 1734 2618 interrogemus
1756 2562 1850 2602 eos
1872 2546 2017 2602 docti
2065 2561 2098 2600 a

510 2647 775 2703 Domino:
803 2643 862 2699 Si
887 2643 1114 2712 simplex
1139 2641 1301 2696 homo
1328 2648 1432 2706 est,
1464 2647 1520 2695 et
1554 2646 1764 2694 tantum
1794 2637 1937 2693 ﬁlius
1988 2639 2097 2693 Da-

512 2736 625 2803 vid,
659 2734 928 2806 quomodo
942 2733 1109 2789 David
1135 2740 1289 2788 vocet
1310 2746 1435 2786 eum
1456 2730 1742 2786 Dominum
1764 2728 1959 2785 suum?
1980 2727 2098 2784 Non

509 2829 715 2887 erroris
748 2829 956 2884 incerto
986 2841 1086 2882 nec
1113 2825 1332 2895 propria
1379 2822 1678 2888 voluntate,
1726 2820 1820 2877 sed
1873 2821 1931 2875 in
1978 2818 2100 2891 Spi-

510 2923 619 2976 ritu
646 2929 855 2976 sancto.
886 2918 1277 2976 Testimonium
1301 2924 1481 2972 autem
1507 2914 1651 2987 quod
1667 2915 1867 2986 posuit,
1894 2914 1960 2969 de
1980 2929 2101 2969 cen-

510 3011 706 3066 tesimo
732 3025 877 3067 nono
904 3010 1113 3081 psalmo
1142 3016 1414 3077 sumptum
1459 3014 1561 3062 est.
1623 3005 1883 3061 Dominus
1934 3004 2100 3075 igitur

512 3102 682 3159 David
706 3110 929 3156 vocatur
950 3115 1058 3155 non
1088 3099 1380 3155 secundum
1400 3098 1454 3153 id
1474 3097 1617 3167 quod
1637 3097 1704 3152 de
1725 3110 1791 3152 eo
1814 3102 1974 3152 natus
1993 3102 2095 3162 est,

2266 1912 2335 1967 Et
2372 1929 2520 1967 nemo
2545 1922 2741 1984 peterat
2771 1911 3078 1983 respondere
3104 1913 3154 1966 ei
3173 1912 3426 1976 verbum,
3456 1928 3639 1981 neque
3656 1929 3784 1967 aut

2196 2008 2297 2078 fuit
2316 2006 2592 2077 quisquam
2627 2020 2692 2059 ea:
2732 2003 2827 2059 illa
2872 2005 2958 2060 die
3008 2021 3126 2059 eum
3168 2004 3410 2076 amplius
3461 2005 3786 2075 interrogare.

2195 2100 2456 2157 Pharisaei
2482 2107 2538 2154 et
2563 2097 2841 2155 Sadducaei
2873 2109 3175 2171 quaerentes
3197 2099 3582 2156 occasionem
3616 2098 3788 2154 ω

2196 2191 2320 2257 nias,
2347 2198 2404 2246 et
2431 2190 2655 2246 verbum
2675 2189 2891 2260 aliquod
2923 2190 3166 2246 invenire
3211 2191 3369 2261 quod
3413 2196 3648 2260 pateret
3687 2189 3788 2243 iisi-

2197 2282 2321 2348 diis,
2344 2281 2469 2352 quia
2508 2281 2565 2336 in
2600 2281 2939 2337 sermonibus
2984 2280 3251 2338 confutati
3300 2290 3469 2347 sunt,
3518 2281 3673 2336 ultra
3711 2296 3790 2335 sua

2197 2373 2555 2445 interrogant,
2576 2372 2671 2428 sed
2692 2372 3033 2444 apertissime
3052 2373 3539 2444 comprehensum
3570 2371 3790 2427 Bm

2199 2463 2417 2518 tradunt
2442 2463 2712 2533 potestati.
2742 2462 2822 2518 Ex
2851 2479 2959 2534 quo
2994 2463 3351 2535 intelligimus
3409 2478 3643 2520 venena
3687 2464 3792 2518 isti-

2198 2554 2301 2609 diae
2325 2569 2485 2624 posse
2516 2554 2733 2626 quidem
2775 2554 3041 2625 superari,
3097 2553 3194 2609 sed
3235 2552 3541 2609 diﬂicilius
3576 2556 3792 2623 comic-

2199 2660 2371 2701 scere.
2409 2644 2519 2700 Nos
2546 2652 2726 2700 autem
2752 2660 2860 2700 non
2884 2660 3006 2699 cum
3033 2643 3239 2700 Scribis
3280 2653 3342 2700 et
3371 2644 3685 2700 Phariszis
3720 2646 3793 2699 ini-

2201 2752 2303 2805 que
2328 2737 2648 2807 cogitantes,
2696 2744 2753 2790 et
2794 2735 2979 2792 dolose
3020 2735 3314 2792 Dominum
3377 2737 3790 2808 interrogantes.

2201 2836 2363 2898 atque
2384 2835 2674 2893 tentantes,
2708 2826 2804 2882 sed
2824 2826 3053 2897 simplici
3081 2828 3242 2883 corde
3277 2836 3337 2884 et
3385 2830 3491 2898 pia
3542 2830 3792 2883 devotione

2201 2934 2326 2974 cum
2345 2918 2651 2974 humilitate
2671 2917 2990 2973 accedamus
3014 2918 3081 2972 ad
3116 2917 3293 2984 illum,
3317 2927 3388 2974 ut
3420 2918 3788 2981 illuminent,

2201 3019 2257 3066 et
2279 3009 2456 3065 vultus
2478 3010 2649 3066 nostri
2677 3026 2787 3066 non
2820 3012 3165 3077 erubescens,
3188 3012 3336 3067 sicut
3366 3011 3539 3068 deeo
3562 3014 3789 3083 scripta:

2201 3110 2285 3158 est
2313 3121 2326 3156 :
2355 3101 2618 3169 Quoniam
2647 3101 2907 3157 invenitur
2926 3104 2991 3156 ab
3012 3101 3116 3167 his,
3145 3102 3234 3173 qui
3270 3119 3387 3157 non
3410 3113 3629 3158 tantum
3652 3102 3786 3163 ilia,

426 3238 431 3243 .
513 3194 609 3250 sed
632 3193 791 3263 juxta
811 3193 865 3248 id
894 3192 1036 3263 quod
1064 3200 1223 3247 natus
1246 3208 1313 3247 ex
1337 3190 1499 3246 Patre
1546 3203 1760 3259 semper
1809 3188 1913 3243 fuit
1959 3202 2098 3260 prae-
2123 3202 2170 3267 c
2201 3202 2414 3268 apparet
2446 3205 2619 3250 autem
2645 3195 2744 3263 eis,
2761 3195 2852 3266 qui
2872 3193 3030 3264 ﬁdem
3052 3194 3239 3251 habent
3263 3195 3323 3250 in
3350 3195 3525 3251 illum
3548 3194 3784 3268 (εφη

512 3284 758 3351 veniens,
787 3284 963 3355 ipsum
991 3283 1171 3339 carnis
1199 3298 1310 3339 sua:
1356 3290 1591 3353 patrem,
1642 3279 1813 3337 Judaei
1838 3280 1905 3335 ad
1952 3280 2098 3336 delu-

514 3409 3756 3439 mm

1634 3515 1937 3596 LIBER
2013 3513 2561 3593 SEPTIMUS.

1974 3676 2306 3695 Α*

1083 3750 1313 3814 CAPUT
1345 3751 1531 3811 XXIII.

517 3873 739 3931 Instruit
772 3870 1029 3926 Dominus
1069 3868 1247 3922 turbas
1288 3874 1339 3921 et
1384 3864 1665 3935 discipulos
1700 3866 1765 3921 de
1809 3865 2009 3923 Scribis
2054 3877 2105 3923 et

588 3942 919 4006 Phariswis;
951 3942 1186 4009 increpat
1230 3936 1444 4009 scribas
1494 3946 1541 3990 et
1577 3936 1877 4009 Pharisreos
1926 3936 2103 3993 multis

586 4014 758 4069 modis
782 4006 1106 4080 increpando
1128 4006 1236 4062 γω.
1268 4006 1565 4080 Επρνοῡνᾳι
1580 4006 1874 4080 Jerusalem
1897 4009 2109 4063 occisio-

588 4100 705 4141 nem
726 4078 1115 4153 prOphetarum,
1141 4088 1190 4133 et
1216 4078 1452 4149 praedicit
1481 4078 1595 4148 ejus
1617 4078 1902 4133 interitum.

591 4212 818 4275 Scribis,
854 4220 911 4265 et
935 4208 1243 4272 Pharisaeis,
1290 4216 1453 4277 atque
1486 4207 1795 4265 Sadducaeis
1830 4211 2105 4271 tentatori—

519 4304 624 4362 bus
648 4300 870 4369 Christi,
919 4314 1019 4373 per
1052 4299 1225 4369 ipsam
1265 4299 1673 4369 responsionem
1718 4300 1984 4367 veritatis,
2032 4303 2106 4358 ita

2206 3757 2352 3814 illius
2370 3759 2487 3831 quis
2514 3756 2769 3815 intellexit
2780 3757 2807 3813 .’
2827 3755 2976 3813 Unus
2988 3764 3063 3814 est
3080 3756 3388 3814 Altissimus
3412 3769 3631 3816 creator
3647 3763 3780 3828 alsi-

2207 3859 2407 3923 potens,
2435 3867 2528 3906 res;
2546 3860 2728 3922 potens
2769 3860 2821 3906 et
2848 3850 3152 3906 metuendus
3198 3851 3380 3919 nimis,
3430 3852 3623 3908 sedens
3655 3870 3782 3923 squ

2210 3950 2455 3999 thronum
2476 3943 2620 3999 illius
2639 3953 2690 3999 et
2710 3942 2988 3999 dominans
3000 3942 3165 3998 Deus.
3191 3942 3315 4016 Ipse
3337 3947 3548 4000 creavit
3582 3946 3713 4000 ills-
3740 3948 3781 3997 is

2213 4034 2420 4106 Spiritu
2449 4044 2647 4099 sancto,
2671 4044 2719 4088 et
2740 4035 2887 4101 vidit,
2909 4046 2957 4088 et
2979 4034 3349 4100 dinumeravit,
3373 4044 3429 4088 et
3450 4051 3664 4091 mensus
3702 4046 3780 4089 ea.

2214 4126 2283 4184 Et
2309 4128 2493 4197 eﬁ'udit
2508 4126 2655 4180 illum
2676 4142 2833 4196 super
2854 4127 3029 4180 omnia
3051 4141 3206 4196 opera
3230 4142 3355 4192 sua,
3406 4135 3465 4181 et
3510 4143 3669 4197 super
3693 4142 3782 4180 σι-

2210 4234 2328 4273 nem
2353 4234 2562 4272 carnem
2587 4217 2870 4271 secundum
2893 4216 3073 4269 datum
3096 4232 3269 4281 suum,
3294 4225 3347 4270 et
3381 4217 3619 4295 praebuit
3664 4215 3781 4268 illa

2211 4307 2545 4379 diligentibus
2563 4309 2618 4362 se
2659 4305 2859 4379 (Eccli.
2885 4307 2959 4378 ι).
3006 4305 3300 4376 Diligentes
3341 4307 3500 4362 enim
3548 4306 3711 4362 Dum
3742 4314 3783 4360 et

520 4400 585 4447 ιιι
636 4390 858 4461 dignum
909 4397 1048 4455 δι’δι’
1102 4386 1342 4443 contus“
1383 4403 1448 4442 ac
1490 4388 1803 4458 Υθυυάίθῑίεν
1854 4390 2107 4461 impletur
2213 4398 2482 4453 mandatis
2508 4397 2653 4452 illius
2673 4397 2985 4452 obedientes
3022 4396 3303 4452 desursum
3330 4397 3784 4467 percipiuntur:

520 4482 655 4541 illud
676 4481 990 4553 Sapientiae,
1019 4481 1164 4552 quod
1179 4479 1294 4549 jam
1322 4481 1452 4536 olim
1475 4482 1677 4537 dictum
1700 4491 1806 4551 est,
1834 4486 1960 4555 quia
1987 4502 2106 4557 per-
2128 4468 2184 4528 Ῑ)
2209 4488 2486 4559 sapientiae
2511 4496 2748 4558 gustum,
2784 4495 2839 4541 et
2863 4485 2980 4556 ejus
3004 4486 3269 4541 suavitate
3284 4483 3504 4557 iugiter
3532 4487 3785 4542 delectan—

519 4590 684 4632 verste
704 4574 1044 4644 cogitationes
1073 4581 1317 4646 separant
1346 4589 1380 4626 a
1405 4571 1537 4639 Deo,
1564 4574 1784 4643 probata
1807 4587 1982 4631 autem
2003 4578 2106 4632 vir-

523 4675 606 4722 tus
640 4664 854 4736 corripit
898 4665 1219 4735 insipientes.
1271 4663 1533 4729 Quoniam
1558 4666 1613 4718 in
1641 4665 1949 4721 malevolam
1993 4669 2111 4722 ani-

520 4774 663 4812 mam
685 4773 789 4810 non
814 4755 1031 4810 intrabit
1055 4753 1335 4825 sapientia,
1359 4769 1450 4808 nec
1476 4753 1788 4809 inhabitabit
1813 4757 1869 4810 in
1894 4774 2109 4827 corpore

522 4847 729 4902 subdito
755 4846 976 4916 peccatis
1006 4860 1024 4899 :
1048 4843 1279 4915 Spiritus
1300 4845 1438 4898 enim
1457 4856 1670 4899 sanctus
1693 4845 1984 4918 disciplinae
2030 4849 2110 4918 ef-

523 4939 688 5011 fugiet
728 4937 931 5007 ﬁctum,
958 4946 1006 4990 et
1029 4936 1228 5004 auferet
1252 4952 1306 4990 se
1327 4953 1361 4989 a
1384 4937 1784 5007 cogitationibus
1829 4955 1946 5011 qua:
1987 4949 2109 4994 sunt

523 5031 637 5088 sine
664 5026 929 5083 intellectu
952 5024 1114 5098 (Sap.
1138 5024 1210 5098 1).
1238 5026 1306 5080 Et
1324 5026 1448 5095 quia
1482 5026 1615 5082 tales
1636 5044 1745 5083 non
1797 5039 2112 5085 meruerunt

525 5119 762 5177 divinam
793 5117 1114 5188 sapientiam
1145 5117 1409 5186 accipere,
1445 5133 1673 5187 quorum
1707 5133 1801 5174 cor
1827 5121 2111 5175 constabat

525 5227 735 5269 veneno
766 5211 983 5267 invidiae
1010 5224 1130 5265 esse
1166 5208 1449 5280 repletum.
1500 5208 1601 5277 Qui
1651 5211 1759 5266 sint
1807 5220 1987 5267 autem
2035 5212 2109 5266 illi

528 5319 760 5373 quorum
784 5310 992 5359 mentes
1012 5302 1192 5356 divina
1231 5300 1494 5371 largiente
1522 5302 1693 5372 gratia
1716 5318 1835 5358 eam
1864 5304 2111 5375 recipere

528 5394 757 5464 possint,
782 5394 914 5449 alibi
935 5391 1315 5447 manifestatur
1342 5408 1465 5446 cum
1510 5391 1743 5447 dicitur:
1770 5392 1916 5448 Fons
1968 5397 2113 5466 sapi-

529 5484 686 5539 entiae
704 5485 912 5538 verbum
957 5484 1051 5539 Dei
1071 5485 1125 5537 in
1145 5482 1381 5549 excelsis,
1403 5493 1450 5537 et
1470 5483 1732 5554 ingressus
1777 5483 1920 5538 illius
1958 5501 2111 5540 man-

529 5573 659 5630 data
684 5581 898 5628 (eterna.
922 5573 1100 5628 Radix
1118 5573 1388 5642 sapientia:
1413 5574 1496 5627 cui
1528 5572 1753 5627 revelata
1772 5583 1870 5639 est,
1898 5584 1945 5628 et
1969 5584 2113 5628 astu-

530 5666 635 5723 tias
655 5663 799 5718 illius
816 5665 931 5734 quis
954 5666 1155 5737 agnovit
1173 5664 1501 5735 ?Disciplina
1522 5665 1790 5735 sapientia:
1842 5666 1926 5718 cui
1970 5681 2113 5719 reve-

531 5756 648 5815 lata
667 5766 763 5829 est,
789 5763 837 5813 et
862 5758 1231 5839 manifestata“?
1254 5768 1301 5817 et
1331 5757 1817 5830 multiplicationem
1850 5758 2112 5828 ingressus

2208 4588 2310 4644 tes,
2340 4593 2447 4633 non
2477 4593 2536 4633 se
2565 4577 2689 4632 inde
2738 4577 2793 4632 in
2823 4576 3111 4632 elationem
3138 4574 3432 4642 extollunt,
3469 4575 3569 4632 sed
3597 4575 3787 4631 humili-

2206 4679 2291 4725 ter
2315 4669 2607 4725 sentientes
2628 4677 2884 4739 tanquam
2923 4668 3133 4739 parvuli
3179 4669 3233 4722 in
3277 4668 3619 4724 innocentiae
3662 4668 3787 4738 plri-

2206 4769 2318 4816 tate
2346 4761 2661 4831 persistunt.
2702 4759 2809 4814 Pro
2842 4760 3037 4829 quibus
3057 4760 3172 4829 ipsa
3191 4759 3409 4813 Veritas
3436 4760 3496 4813 in
3517 4758 3787 4830 Εηιιεώ

2209 4850 2277 4905 ad
2312 4849 2528 4904 Patrem
2559 4848 2782 4918 loquens
2808 4849 2883 4903 ita
2906 4848 2984 4901 ait
3010 4864 3023 4901 :
3051 4845 3319 4917 Conﬁteor
3332 4846 3458 4912 tibi,
3490 4844 3787 4910 Paculla-

2209 4940 2346 4994 mine
2369 4939 2482 4994 caeli
2504 4949 2551 4994 et
2576 4949 2751 5005 teme,
2774 4941 2898 5011 quia
2920 4937 3236 4993 abscondisti
3272 4937 3388 4992 hac
3414 4955 3449 4991 a
3484 4938 3787 5007 sapientibus

2209 5038 2257 5083 et
2282 5028 2642 5099 prudentibus,
2662 5037 2709 5081 et
2729 5025 2966 5081 revelasti
2988 5042 3050 5080 ea
3072 5023 3331 5096 parvulis.
3345 5023 3461 5091 Ita,
3477 5022 3789 5095 Pater,qu-

2208 5121 2353 5173 niam
2379 5121 2453 5174 sic
2477 5119 2577 5189 fuit
2602 5118 2851 5189 placitum
2875 5127 2995 5172 ante
3017 5127 3067 5172 te
3105 5116 3267 5187 (Luc.
3300 5116 3393 5190 ι).
3431 5116 3627 5174 Placet
3662 5119 3789 5173 enin

2210 5209 2322 5267 Deo
2349 5210 2517 5277 Patri,
2547 5211 2724 5280 placet
2746 5218 2801 5265 et
2832 5209 2987 5277 Filio,
3019 5209 3197 5278 placet
3236 5218 3294 5265 et
3337 5208 3573 5281 Spiritui
3618 5220 3790 5267 sancti

2211 5302 2304 5356 uni
2327 5301 2436 5355 Deo
2461 5299 2834 5371 omnipotenti,
2863 5298 3031 5369 utqui
3069 5298 3125 5353 in
3146 5299 3318 5355 oculis
3356 5300 3473 5356 suis
3515 5315 3715 5373 parvus
3743 5314 3791 5355 se

2213 5406 2332 5448 esse
2358 5392 2715 5462 conspiciunt,
2743 5406 2927 5446 coram
2941 5390 3112 5445 oculis
3133 5389 3228 5445 Dei
3250 5390 3305 5445 in
3328 5392 3548 5462 magnis
3565 5391 3792 5446 enha-

2213 5494 2324 5549 tur,
2354 5491 2408 5539 et
2435 5499 2465 5537 a
2487 5484 2839 5553 reproborum
2868 5481 3139 5536 consortio
3170 5481 3429 5550 separati,
3450 5482 3549 5551 qui
3568 5496 3671 5551 pro
3682 5495 3791 5551 per

2215 5582 2459 5629 calorum
2480 5587 2701 5627 suorum
2730 5570 2967 5625 tenebris
2990 5578 3193 5623 aeterno
3212 5581 3436 5624 carcere
3460 5569 3788 5624 infernarum

2215 5665 2504 5721 damnandi
2534 5663 2812 5733 sunt;ipsi
2857 5677 2985 5716 vero
3025 5660 3227 5716 lumine
3272 5661 3468 5718 divina:
3525 5661 3789 5732 sapienti:

2213 5758 2599 5830 perpetualiter
2618 5755 2973 5812 illustrantur.
2999 5753 3123 5810 ldeo
3149 5753 3411 5812 Dominus
3434 5755 3636 5828 spretis
3656 5752 3788 5810 Sosi-
