3898 6468
106 477 235 536 1065

1036 464 1390 525 COMMENT.
1429 463 1499 521 IN
1535 461 1975 521 MATTHIEUM.
2015 491 2087 504 —
2121 461 2250 518 LIB.
2293 462 2404 521 VII.

3218 464 3357 521 {066

103 590 282 651 barum
307 597 363 644 et
386 585 780 643 Pharisaeorum
817 583 1016 641 dolosis
1043 580 1429 655 quaestionibus
1480 595 1673 638 conse-
1699 581 1753 642 Α
1775 578 2026 636 videlicet
2050 594 2159 635 non
2191 587 2252 634 ut
2272 576 2534 635 facientes
2561 585 2671 635 smt
2698 577 2853 648 justi,
2879 575 2973 633 sed
3010 583 3071 632 ut
3117 575 3361 633 dicentes

104 689 318 753 quenter
352 679 421 735 ad
456 677 769 749 discipulos,
796 684 852 731 et
876 677 943 732 ad
965 675 1224 747 populum
1252 687 1561 730 sermonem
1588 672 1671 727 in-

103 772 402 833 structionis
423 770 713 837 convertit,
744 776 806 823 ut
840 768 898 823 hi
918 767 1010 838 qui
1055 765 1235 821 idonei
1285 772 1412 821 sunt
1454 764 1669 836 capiant

102 866 165 921 de
195 878 288 919 ore
313 862 432 934 ejus
447 860 673 918 verbum
699 858 905 915 salutis.
957 856 1215 929 Sequitur
1237 854 1586 929 evangelista,
1616 863 1672 911 et

102 956 241 1014 dicit:

168 1048 307 1104 Tunc
331 1046 490 1103 Iesus
518 1045 721 1101 locutus
752 1054 828 1100 est
863 1043 932 1099 ad
968 1043 1171 1110 turbas,
1205 1053 1254 1097 et
1281 1042 1351 1097 ad
1387 1040 1672 1115 discipulos

94 1156 231 1206 suos,
257 1138 433 1192 dicens
454 1153 473 1192 :
500 1135 670 1207 Super
694 1133 992 1189 cathedram
1020 1132 1191 1203 Moysi
1218 1122 1674 1188 sederunt'scribie

93 1243 140 1289 et
160 1230 457 1295 Pharisazi;
484 1228 664 1284 omnia
684 1244 806 1299 ergo
824 1242 1148 1300 quaecunque
1176 1227 1407 1282 dixerint
1428 1226 1569 1282 vobis
1587 1226 1674 1296 fa—

94 1328 189 1381 cite
212 1335 260 1380 et
281 1332 478 1380 seruate
492 1339 512 1390 ;
532 1321 821 1378 secundum
842 1337 1001 1392 opera
1021 1336 1138 1376 vero
1164 1337 1345 1375 eorum
1381 1319 1541 1376 nolite
1585 1319 1672 1390 fa-

92 1428 249 1472 cere‘:
279 1417 460 1471 dicunt
482 1415 622 1469 enim
651 1422 700 1468 et
721 1429 826 1469 non
850 1412 1072 1483 faciunt.
1132 1411 1274 1481 Quid
1315 1410 1673 1477 mansuetius,

93 1508 220 1578 quid
255 1505 541 1578 benignius
570 1503 834 1562 Domino?
854 1504 1120 1560 Tentatur
1143 1519 1173 1559 a
1204 1502 1514 1570 Pharisazis,
1541 1518 1673 1558 con-

90 1597 396 1668 fringuntur
417 1596 626 1653 insidia:
655 1611 859 1662 eorum,
888 1604 942 1652 et
963 1610 1061 1666 per
1086 1593 1447 1666 psalmistam,
1472 1594 1677 1666 sagitta:

89 1687 424 1760 parvulorum
454 1690 608 1761 [astte
634 1697 753 1745 sunt
783 1687 953 1760 plagae
974 1704 1154 1742 eorum
1183 1684 1370 1760 (Psal.
1398 1685 1596 1760 Lxm);
1623 1695 1679 1742 et

89 1783 440 1840 nihilominus
461 1791 686 1854 propter
716 1781 1074 1837 sacerdotium
1105 1789 1161 1837 et
1181 1781 1415 1837 nominis
1445 1780 1678 1852 dignita-

92 1882 197 1929 tem
210 1875 531 1931 exhortatur
546 1873 771 1944 populos
783 1880 842 1928 ut
866 1872 981 1943 subj
991 1872 1225 1929 iciantur
1243 1873 1343 1939 eis,
1377 1888 1485 1928 non
1512 1886 1678 1943 opera

86 1966 181 2021 sed
208 1966 511 2023 doctrinam
534 1965 960 2021 considerantes.
993 1964 1146 2032 Quod
1165 1972 1343 2021 autem
1367 1966 1443 2020 ait
1468 1984 1480 2019 :
1507 1963 1680 2036 Super

84 2057 393 2112 cathedram
442 2056 614 2128 Moysi
656 2056 899 2111 sederunt
939 2056 1124 2111 scriba:
1161 2066 1208 2111 et
1251 2053 1534 2124 Pharisazi,
1583 2072 1682 2127 per

84 2151 406 2207 cathedram
430 2150 732 2205 doctrinam
760 2149 895 2222 legis
915 2150 1170 2206 ostendit.
1224 2148 1414 2223 (Joan.
1457 2148 1680 2223 Chrys.)

82 2241 231 2313 Ergo
256 2251 313 2297 et
335 2241 483 2306 illud,
513 2241 656 2312 quod
686 2241 884 2297 dicitur
934 2240 990 2295 in
1038 2240 1283 2311 psalmo:
1318 2239 1385 2295 In
1432 2241 1682 2295 cathedra

79 2330 396 2402 pestilentia:
422 2348 527 2386 non
547 2333 689 2387 stetit
711 2330 898 2404 (Psal.
928 2332 982 2404 ι)
1002 2374 1016 2398 ,
1065 2341 1111 2386 et
1138 2332 1412 2388 cathedras
1454 2333 1680 2388 venden-

80 2425 215 2477 tium
248 2423 521 2478 columbas
545 2424 746 2488 evertit,
774 2424 1073 2480 doctrinam
1104 2424 1364 2480 debemus
1409 2424 1679 2495 accipere.

80 2513 151 2568 Et
197 2514 325 2570 ideo
377 2514 637 2570 Dominus
674 2512 742 2568 ad
779 2529 907 2570 suos
935 2514 1206 2570 convertit
1239 2529 1571 2583 sermonem,
1624 2522 1685 2570 ut

78 2602 337 2661 confusio
380 2606 682 2661 scribarum
720 2612 776 2661 et
821 2604 1217 2661 Pharisaeorum
1268 2606 1486 2663 illorum
1529 2607 1686 2664 ﬁeret

78 2697 395 2769 disciplina.
423 2696 821 2753 lnfructuosum
853 2714 1089 2770 namque
1118 2707 1204 2755 est
1237 2701 1483 2769 verbum,
1508 2701 1561 2755 in
1577 2716 1684 2772 quo

77 2788 157 2843 sic
183 2786 329 2843 alter
364 2787 735 2855 confunditur,
761 2796 821 2842 ut
844 2788 980 2844 alter
999 2804 1109 2845 non
1131 2790 1431 2846 erudiatur.
1460 2789 1595 2845 Nam
1631 2800 1683 2847 et

76 2878 224 2935 Deus
253 2895 370 2935 non
399 2888 624 2951 propter
650 2879 821 2935 malos
855 2880 1265 2951 castigationem
1280 2896 1456 2957 super
1482 2890 1687 2936 terram

74 2973 431 3041 transmittit,
454 2973 547 3029 sed
573 2982 795 3045 propter
814 2973 987 3029 bonos
1016 2990 1029 3026 :
1060 2974 1163 3029 scit
1204 2974 1349 3028 enim
1396 2974 1523 3044 quia
1573 2990 1687 3030 ma-

74 3066 161 3123 los
195 3067 415 3140 ﬂagella
459 3083 569 3124 non
629 3068 928 3139 corrigunt.
962 3066 1071 3123 Sed
1108 3065 1279 3123 malos
1325 3068 1575 3139 castigat,
1628 3076 1690 3123 ut

74 3159 329 3231 corrigat
357 3159 549 3225 bonos,
585 3159 711 3230 quia
758 3158 935 3214 bonus
986 3157 1091 3213 nisi
1136 3156 1446 3213 admonitus
1498 3155 1685 3224 fuerit,

74 3264 178 3319 per
205 3248 599 3321 negligentiam
623 3247 917 3304 evanescit.
947 3245 1039 3303 Sic
1068 3255 1125 3302 et
1158 3233 1408 3303 Christus
1443 3248 1687 3318 nunquid

76 3359 192 3397 non
222 3342 405 3412 potuit
429 3356 619 3395 eorum
651 3341 1100 3411 interrogationes
1143 3340 1524 3396 contemnere?
1574 3339 1685 3395 Sed

75 3434 257 3489 voluit
283 3434 540 3505 indignos
564 3431 784 3502 indigne
810 3431 1025 3498 docere,
1054 3439 1117 3486 ut
1144 3431 1333 3503 dignos
1376 3430 1535 3501 digne
1557 3431 1686 3485 aedi-

76 3523 298 3578 ﬁcaret.
1054 3540 1060 3547 ο

152 3612 403 3685 Alligant
430 3622 605 3668 autem
628 3628 788 3667 onera
820 3611 1002 3683 gravia
1033 3618 1081 3665 et
1111 3608 1489 3682 importabilia,
1518 3617 1567 3663 et
1590 3610 1688 3662 im-

70 3714 291 3777 ponunt
318 3706 376 3759 in
398 3706 641 3760 humeros
671 3706 978 3769 hominum;
998 3702 1160 3774 digito
1186 3711 1362 3757 autem
1382 3718 1477 3757 suo
1505 3699 1689 3756 nolunt

69 3816 137 3851 ea
162 3813 399 3852 movere.
424 3798 444 3869 (
468 3796 725 3868 Venant.)
750 3795 863 3851 Non
884 3802 1112 3866 possunt
1130 3809 1261 3866 ergo
1280 3795 1453 3850 turba:
1464 3793 1691 3849 etdisci-

69 3888 195 3961 puli
221 3888 445 3944 Domini
469 3903 637 3945 onera
656 3888 793 3960 legis
821 3896 1060 3959 portare,
1094 3900 1160 3942 eo
1185 3887 1348 3941 modo
1366 3900 1475 3956 quo
1495 3883 1689 3940 scribae

66 3994 129 4042 et
167 3984 444 4040 Pharisaei
467 3985 585 4040 haec
610 3984 960 4055 imponebant
987 3980 1318 4038 hominibus.
1349 3979 1504 4036 Unde
1543 3986 1690 4034 recte

72 4079 325 4135 audiunt
345 4077 489 4148 quod
517 4078 764 4133 sarcinas
787 4078 935 4147 ipsas
962 4093 1072 4132 uno
1101 4076 1272 4149 digito
1293 4090 1392 4130 suo
1420 4088 1528 4129 non
1572 4081 1691 4127 tan-

70 4180 283 4245 gerent
315 4187 329 4225 :
361 4170 464 4226 hoc
486 4179 589 4237 est,
618 4186 688 4225 ne
720 4170 775 4225 in
795 4170 1036 4225 minimis
1059 4169 1275 4239 quidem
1298 4182 1418 4224 eam
1459 4164 1690 4238 perﬁce-

70 4272 227 4328 rent,
264 4276 438 4332 quam
466 4276 528 4318 se
551 4269 740 4317 contra
794 4276 1003 4317 morem
1050 4268 1267 4331 patrum
1315 4259 1433 4315 sine
1483 4257 1589 4313 ﬁde
1636 4264 1692 4313 et

70 4356 263 4427 gratia
292 4352 425 4409 Jesu
448 4352 678 4418 Christi,
710 4360 763 4408 et
798 4367 1016 4407 servare
1045 4362 1100 4406 et
1126 4350 1447 4407 servandam
1477 4350 1692 4405 tradere

66 4445 516 4520 praesumebant.
558 4444 734 4515 Atque
770 4444 890 4499 ideo
924 4445 1113 4515 jugum
1164 4441 1368 4497 Christi
1403 4456 1588 4504 suave,
1639 4450 1694 4495 et

65 4539 369 4596 sarcinam
394 4535 511 4606 ejus
535 4535 707 4608 levem
734 4533 960 4605 (Matth.
976 4535 1066 4606 x1)
1087 4573 1102 4597 ,
1128 4533 1217 4588 ubi
1242 4531 1455 4601 requies
1473 4537 1558 4585 est
1576 4530 1694 4584 ani-

1773 679 2069 742 appareant
2089 669 2245 741 justi.
2292 667 2451 726 Tales
2470 678 2596 726 sunt
2620 677 2676 726 et
2703 666 2798 740 qui
2818 682 2981 740 grave
3017 668 3228 739 pondus
3271 683 3364 724 ve-

1774 761 2048 818 nientibus
2062 761 2130 817 ad
2146 762 2523 833 paenitentiam
2545 772 2786 833 ponunt:
2808 760 2948 829 Quia
2972 761 3235 827 dicunt,et
3258 778 3367 818 non

1772 852 1997 923 faciunt.
2026 852 2098 907 Et
2117 853 2198 909 sic
2220 852 2349 908 dum
2374 868 2531 923 pinna
2557 853 2893 925 poenitentia:
2919 853 3204 925 praesentis
3230 852 3366 927 fugi-

1772 957 1883 1018 tur,
1915 949 2281 1005 contemnitur
2305 965 2466 1023 poena
2500 950 2711 1020 peccati
2738 948 2926 1005 futuri.
2982 948 3041 1005 Si
3089 948 3236 1005 enim
3280 947 3365 1002 fa-

1773 1055 1920 1096 scem
1942 1055 2106 1110 super
2134 1041 2391 1097 humeros
2418 1040 2979 1112 adolescentis,quem
3027 1055 3137 1096 non
3188 1046 3371 1110 potest

1772 1129 2016 1200 baiulare
2029 1132 2276 1203 posueris
2291 1146 2516 1189 necesse
2530 1133 2714 1200 habet,
2737 1139 2797 1188 ut
2808 1139 2903 1187 aut
2914 1130 3121 1187 fascem
3134 1130 3365 1202 rejiciat,

1775 1233 1869 1280 aut
1886 1226 1987 1281 sub
2008 1226 2259 1297 pondere
2273 1225 2647 1299 confringatur
2670 1245 2683 1281 :
2710 1227 2790 1283 sic
2804 1238 2861 1283 et
2875 1224 3086 1283 homini
3101 1225 3190 1281 cui
3205 1239 3371 1296 grave

1773 1318 1985 1391 pondus
2012 1317 2347 1389 paenitentia:
2370 1318 2547 1389 ponis,
2579 1332 2804 1374 necesse
2825 1325 2909 1374 est
2945 1324 3007 1373 ut
3056 1324 3150 1372 aut
3195 1315 3371 1386 ι)ωηί-

1778 1409 2001 1466 tentiam
2030 1409 2263 1482 rejiciat,
2288 1418 2383 1465 aut
2402 1409 2702 1479 suscipiens
2727 1409 2856 1465 dum
2879 1407 3023 1464 ferre
3039 1425 3148 1487 non
3168 1416 3369 1478 potest,

1775 1501 2174 1558 scandalizatus
2200 1502 2430 1574 amplius
2461 1511 2667 1574 peccet.
2697 1501 2903 1558 Deinde
2934 1510 2989 1557 et
3035 1502 3082 1557 si
3124 1516 3373 1558 erramus

1776 1593 2041 1649 modicam
2062 1593 2437 1664 paenitentiam
2466 1594 2821 1665 imponentes,
2850 1607 3030 1650 nonne
3053 1593 3250 1650 melius
3290 1599 3376 1650 est

1774 1694 2000 1757 propter
2023 1685 2454 1742 misericordiam
2485 1686 2618 1744 dare
2644 1686 2912 1743 rationem
2935 1701 3100 1757 quam
3151 1693 3377 1759 pr0pter

1777 1776 2174 1832 crudelitatem.
2500 1843 2507 1849 _

1852 1867 2045 1925 Omnia
2066 1886 2191 1925 vero
2211 1886 2370 1941 opera
2391 1887 2490 1926 sua
2511 1871 2712 1941 faciunt
2733 1881 2791 1926 ut
2815 1871 3093 1928 videantur
3116 1872 3182 1928 ab
3201 1872 3374 1927 homi-

1705 1949 1754 2010 B
1782 1960 1897 2018 bus.
1956 1960 2113 2019 Nunc
2149 1971 2331 2019 autem
2372 1962 2488 2018 vult
2531 1961 2816 2020 ostendere
2867 1979 3107 2032 causam,
3154 1971 3379 2035 propter

1784 2069 1947 2124 quam
1979 2067 2089 2108 non
2119 2061 2373 2125 poterant
2393 2053 2616 2110 credere
2655 2053 2907 2122 Domino,
2955 2057 3059 2112 hoc
3101 2064 3206 2123 est,
3249 2055 3378 2128 quia

1784 2143 1966 2200 omnia
1991 2142 2198 2199 faciunt
2221 2152 2281 2199 ut
2310 2145 2379 2200 ab
2406 2144 2717 2200 hominibus
2764 2145 3067 2202 videantur.
3118 2144 3377 2216 lmpossl-i

1784 2235 1893 2291 bile
1922 2243 2008 2292 est
2030 2237 2175 2292 enim
2202 2244 2263 2291 ut
2290 2236 2479 2292 credat
2501 2235 2720 2293 Christo
2762 2238 3003 2294 coelestia
3040 2240 3379 2311 praedicanti,

1785 2330 1877 2399 qui
1905 2328 2131 2401 gloriam
2162 2330 2442 2385 hominum
2467 2330 2804 2401 concupiscit
2830 2337 3125 2386 terrenam.
3163 2329 3234 2389 Et
3258 2330 3380 2386 ideo

1785 2423 2099 2494 quicunque
2120 2424 2196 2478 ita
2217 2423 2349 2479 facit
2372 2438 2539 2493 opera
2560 2439 2657 2479 sua
2683 2432 2744 2478 ut
2770 2424 3056 2480 videantur
3089 2424 3159 2481 ab
3204 2424 3381 2482 homi-

1786 2513 1964 2578 nibus,
1989 2512 2180 2568 similis
2200 2512 2393 2570 scribis
2412 2521 2469 2568 et
2487 2512 2779 2570 Pharisaeis
2805 2523 2908 2570 est.

1856 2606 2095 2662 Dilatant
2126 2608 2263 2662 enim
2302 2606 2627 2678 phylacteria
2654 2625 2775 2675 sua,
2804 2617 2855 2663 et
2878 2608 3219 2680 magniﬁcam
3262 2608 3385 2677 ﬁm-

1788 2700 2172 2767 brias.,Amant
2198 2708 2374 2753 autem
2396 2700 2594 2769 primas
2624 2701 2887 2755 recubitus
2907 2702 2963 2755 in
2994 2701 3173 2767 ctenis,
3205 2710 3253 2755 et
3278 2701 3388 2772 pri-

1788 2808 1901 2845 mas
1929 2790 2204 2845 cathedras
2230 2791 2287 2844 in
2307 2790 2604 2861 synagogis,
2629 2799 2679 2845 et
2710 2790 3053 2846 salutationes
3082 2793 3138 2846 in
3162 2792 3302 2861 foro,
3337 2800 3387 2846 et

1787 2884 1964 2938 vocari
1996 2883 2060 2937 ab
2091 2883 2408 2949 hominibus,
2440 2881 2627 2937 Rabbi.
2671 2881 2964 2955 (Hieron.)
3004 2884 3097 2939 Va:
3138 2884 3246 2939 illis
3288 2884 3389 2938 mi-

1788 2974 1927 3031 seris
1955 2976 2022 3030 ad
2059 2974 2430 3047 quos'scilicet
2455 2974 2857 3031 Pharisaeorum
2900 2976 3029 3030 vitia
3077 2981 3382 3031 transeunt.

1790 3065 2052 3122 Dominus
2099 3083 2221 3123 cum
2256 3067 2493 3123 dedisset
2526 3067 2779 3123 mandata
2826 3067 2961 3139 legis
2999 3082 3097 3139 per
3144 3067 3383 3140 Moysen,

1793 3156 1859 3212 ad
1887 3165 2191 3213 extremum
2230 3157 2410 3213 intulit
2436 3176 2447 3211 :
2476 3157 2687 3229 Ligabis
2705 3175 2768 3212 ea
2792 3159 2849 3212 in
2876 3175 3038 3213 manu
3069 3168 3183 3225 tua,
3207 3169 3256 3214 et
3279 3159 3386 3213 sint

1791 3248 2007 3302 immota
2027 3258 2147 3303 ante
2177 3249 2354 3304 oculos
2378 3259 2495 3303 tuos
2547 3247 2759 3321 (Exod.
2806 3265 3013 3315 xxvm;
3068 3249 3226 3304 Deut.
3271 3249 3385 3320 vl).

1788 3339 1953 3410 Cujus
1978 3341 2099 3396 talis
2125 3349 2210 3396 est
2236 3356 2462 3397 sensus:
2493 3341 2772 3413 Praecepta
2800 3357 2921 3397 mea
2951 3342 3059 3397 sint
3106 3342 3163 3398 in
3213 3357 3383 3399 manu

1789 3446 1900 3503 tua,
1935 3445 1997 3492 ut
2027 3453 2191 3508 Opere
2212 3437 2615 3507 compleantur;
2645 3437 2754 3492 sint
2774 3445 2898 3492 ante
2931 3436 3120 3492 oculos
3151 3445 3292 3504 tuos,
3320 3445 3383 3492 ut

1788 3529 1876 3585 die
1893 3545 1958 3585 ac
1982 3537 2141 3586 nocte
2156 3530 2437 3585 mediteris
2449 3529 2503 3584 in
2520 3530 2617 3585 eis.
2642 3529 2756 3586 Hoc
2774 3530 3037 3586 Pharisaei
3058 3530 3197 3586 male
3222 3530 3390 3587 inter-

1787 3628 2065 3693 pretantes
2076 3621 2389 3677 scribebant
2401 3621 2453 3676 in
2471 3621 2857 3677 membranulis
2869 3620 3183 3694 decalogum
3195 3620 3387 3695 Moysi,

1791 3712 1843 3767 id
1858 3720 1961 3779 est,
1978 3713 2165 3769 decem
2176 3710 2344 3767 verba
2358 3711 2491 3783 legis
2502 3712 2843 3783 plicantes.ea
2857 3711 3152 3786 etligantes
3166 3714 3220 3769 in
3232 3713 3387 3769 fron-

1794 3814 1867 3874 te,
1883 3818 1938 3862 et
1958 3807 2114 3878 quasi
2139 3821 2394 3863 coronam
2418 3808 2582 3878 capiti
2610 3805 2895 3874 facientes,
2933 3817 2995 3862 ut
3020 3822 3236 3878 semper
3261 3815 3391 3864 ante

1792 3890 1977 3955 oculos
2000 3907 2348 3956 moverentur
2376 3917 2389 3953 :
2416 3900 2560 3970 quod
2585 3913 2758 3968 usque
2781 3898 3081 3955 hodieinde
3105 3898 3393 3971 Babylonii

1794 3991 2019 4058 faciunt,
2036 3991 2193 4061 etqui
2207 3991 2311 4046 hoc
2335 3989 2586 4045 habuerit
2608 3990 2763 4060 quasi
2788 3989 3072 4062 religiosus
3096 3990 3154 4044 in
3179 3989 3393 4061 populis

1787 4084 2082 4154 jndicatur.
2130 4080 2381 4139 Iusserat
2406 4097 2621 4154 quoque
2661 4081 2807 4138 aliud
2833 4081 3046 4155 Moyses
3071 4090 3132 4137 ut
3175 4082 3230 4138 in
3259 4097 3394 4153 qua-

1794 4186 1919 4232 tuor
1947 4175 2159 4248 angulis
2199 4175 2487 4247 palliorum
2530 4176 2913 4247 hiacynthinas
2969 4175 3214 4233 ﬁmbrias
3242 4175 3390 4233 face-

1794 4275 1935 4333 rent,
1994 4268 2062 4323 ad
2090 4265 2304 4323 lsraelis
2344 4265 2600 4338 populum
2652 4266 3099 4339 dignoscendum,
3149 4274 3211 4321 ut
3254 4281 3390 4337 quo-

1794 4358 1954 4413 modo
1981 4358 2036 4411 in
2054 4356 2373 4427 corporibus
2401 4357 2745 4413 circumcisio
2768 4358 2980 4429 signum
3001 4355 3239 4412 Judaicae
3267 4371 3395 4427 gen-

1796 4448 1867 4501 tis
1890 4448 2067 4512 daret,
2092 4447 2167 4501 ita
2197 4454 2253 4501 et
2285 4447 2455 4501 vestis
2481 4446 2706 4501 haberet
2734 4447 2971 4518 aliquam
3006 4445 3387 4501 diﬁ‘erentiam.

1799 4538 2171 4608 Superstitiosi
2220 4537 2466 4608 magistri
2505 4546 2790 4607 captantes
2836 4553 3024 4623 auram
3054 4537 3388 4608 popularem,

68 4645 334 4694 marum,
377 4625 565 4697 Procul
602 4623 838 4694 ablicel'e
869 4633 923 4679 εί
951 4623 1315 4679 “lemmate
1359 4621 1642 4675 tentabant
1672 4636 1684 4673 ε
1716 4666 1770 4729 D
1799 4637 1961 4699 atque
1986 4644 2053 4683 ex
2079 4627 2413 4683 mulierculis
2440 4637 2717 4683 sectantes
2742 4628 2892 4684 lucra
2924 4628 3198 4689 faciebant
3220 4645 3388 4701 gran-

65 4737 207 4777 cum
232 4719 513 4789 scriptum
544 4718 632 4783 sit,
650 4717 830 4787 justus
873 4733 938 4771 ea:
972 4715 1079 4785 ﬁde
1107 4716 1226 4770 vivit
1276 4712 1472 4785 (Hebr.
1503 4712 1567 4786 ι)
1587 4754 1601 4780 ,
1635 4722 1694 4768 et
1716 4712 1766 4729 ⁸¹
1795 4720 1889 4776 des
1914 4718 2175 4785 ﬁmbrias,
2209 4726 2262 4772 et
2288 4718 2628 4774 acutissimas
2651 4720 2704 4773 in
2730 4720 2812 4775 eis
2834 4722 3018 4789 spinas
3044 4721 3303 4792 ligabant,
3332 4730 3394 4775 ut

66 4813 382 4885 apostolus
407 4810 600 4865 Petrus
621 4810 724 4877 his,
754 4809 846 4880 qui
870 4809 1156 4865 credentes
1184 4823 1251 4863 ex
1286 4807 1537 4879 gentibus
1579 4806 1691 4861 cir-

68 4904 335 4963 cumcidi
380 4902 665 4969 docebant,
709 4909 1060 4972 protestetur,
1111 4907 1167 4954 et
1213 4899 1401 4955 dicat:
1436 4897 1693 4969 Nunquid

67 4998 312 5053 tentatis
341 4993 533 5059 Deum,
556 4995 820 5065 imponere
831 4994 1023 5064 jugum
1043 5007 1199 5062 super
1238 4992 1483 5046 cervicem
1534 4990 1696 5045 disci-

68 5090 374 5163 pulorum,
395 5088 533 5160 quod
572 5103 734 5159 neque
774 5096 948 5158 patres
989 5085 1174 5150 nostri,
1218 5101 1380 5156 neque
1398 5101 1493 5138 nos
1522 5085 1697 5155 potui-

67 5200 206 5238 mus
238 5181 506 5254 portare?
529 5179 635 5235 Sed
669 5195 761 5250 per
784 5179 1008 5250 gratiam
1042 5176 1250 5230 Domini
1280 5176 1409 5230 Jesu
1437 5176 1697 5229 credimus

70 5277 326 5342 salvari,
370 5274 808 5347 quemadmodum
830 5282 877 5327 et
904 5272 984 5326 illi
1034 5270 1185 5344 (Act.
1213 5279 1348 5343 xv).
1400 5269 1699 5344 [Hieron.]

66 5370 416 5428 Notandum
445 5383 575 5439 ergo
604 5368 745 5437 quod
774 5368 888 5423 haec
916 5369 1186 5424 sententia
1232 5367 1442 5423 Domini
1472 5382 1697 5438 genera-

69 5466 217 5521 liter
232 5463 537 5518 adversum
562 5474 752 5515 omnes
780 5461 1087 5531 magistros,
1118 5461 1211 5533 qui
1240 5462 1465 5533 grandia
1482 5462 1694 5533 jubent,

70 5567 133 5614 et
150 5557 391 5614 minora
404 5551 609 5608 faciunt
619 5551 791 5623 accipi
804 5561 996 5623 potest.
1014 5552 1246 5609 Maxime
1259 5570 1382 5610 cum
1396 5562 1452 5609 et
1462 5555 1695 5623 humeri,

72 5657 136 5705 et
162 5642 363 5717 digiti,
395 5651 450 5700 et
469 5658 636 5700 onera
665 5649 721 5697 et
744 5640 958 5697 vincula
982 5642 1176 5713 quibus
1198 5643 1487 5718 alligantur
1510 5660 1695 5713 onera,

71 5735 433 5812 Spiritaliter
488 5734 835 5807 intelligenda
884 5734 1012 5790 sint.
1065 5732 1320 5807 (σὴν-με.)
1366 5735 1526 5792 Tales
1574 5743 1702 5791 sunt

72 5834 276 5890 etiam
317 5844 461 5885 nunc
481 5828 759 5886 indiscreti
786 5827 1112 5892 sacerdotes,
1143 5828 1235 5896 qui
1281 5845 1497 5884 omnem
1540 5827 1704 5898 justi-

74 5927 234 5983 tiam
270 5922 478 5994 populo
497 5922 777 5987 mandant,
800 5928 856 5976 et
880 5918 983 5991 ipsi
1011 5934 1112 5977 nec
1144 5919 1415 5977 modicum
1460 5928 1698 5985 servant,

442 6016 724 6080 Parnon.
763 6012 955 6077 CVII.

1795 4808 2047 4864 videlicet
2067 4806 2409 4864 ambulantes
2436 4816 2492 4864 et
2518 4810 2771 4864 sedentes
2796 4809 3066 4865 interdum
3087 4825 3390 4881 pungeren-

1797 4910 1909 4966 tur,
1932 4910 1986 4958 et
2010 4901 2166 4971 quasi
2197 4903 2299 4957 hac
2319 4902 2743 4959 commonitione
2780 4902 3193 4958 retraherentur
3220 4902 3290 4957 ad
3309 4902 3391 4959 of?

1800 4995 1921 5051 ﬁcia
1963 4995 2093 5061 Dei,
2139 5002 2196 5049 et
2236 4995 2540 5050 ministeria
2582 4996 2862 5079 servitutis
2906 4994 3042 5065 ejus.
3088 4994 3225 5063 Quia
3262 5009 3393 5066 ergo

1801 5089 2013 5145 dixerat
2052 5087 2343 5155 Dominus,
2382 5086 2577 5142 Omnia
2600 5104 2757 5160 opera
2795 5104 2894 5141 sua
2929 5087 3162 5157 faciunt,
3211 5093 3270 5140 ut
3311 5086 3392 5140 ui-

1802 5180 2027 5234 deantur
2049 5178 2112 5233 ab
2139 5178 2452 5245 hominibus,
2495 5178 2641 5249 quod
2671 5178 2996 5248 generaliter
3016 5184 3391 5243 accusaverat,

1805 5288 1949 5327 nunc
1981 5272 2035 5325 in
2063 5280 2246 5341 partes
2278 5271 2486 5325 dividit.
2534 5268 2804 5341 (Hist-on.)
2850 5268 3133 5325 Pictatiola
3182 5267 3269 5322 illa
3294 5268 3390 5324 de-

1802 5363 1975 5435 calogi
2024 5362 2357 5435 phylacteria
2402 5361 2700 5425 vocabant,
2751 5360 2894 5431 quod
2944 5361 3255 5430 quicunque
3290 5358 3391 5414 ha-

1804 5453 2048 5508 buissent
2067 5466 2151 5518 ea,
2175 5452 2329 5523 quasi
2365 5450 2435 5507 ob
2460 5449 2759 5506 custodiam
2781 5457 2839 5506 et
2882 5450 3279 5505 munimentum
3307 5447 3393 5504 sui

1804 5545 2132 5611 habuerunt,
2178 5560 2285 5599 non
2324 5540 2749 5613 intelligentibus
2778 5538 3070 5597 Pharisaais
3105 5540 3249 5611 quod
3275 5541 3395 5595 haec

1808 5640 1863 5695 in
1899 5640 2060 5696 corde
2096 5638 2361 5709 portanda
2390 5634 2519 5701 sint,
2542 5651 2651 5691 non
2676 5636 2733 5689 in
2757 5649 2985 5704 corpore
3014 5651 3027 5688 :
3058 5632 3299 5702 alioquin
3337 5637 3395 5685 et

1809 5732 2056 5791 armaria.
2072 5740 2129 5787 et
2169 5745 2309 5786 arca:
2337 5728 2539 5784 habent
2565 5728 2755 5794 libros,
2786 5734 2842 5783 et
2878 5726 2975 5783 Dei
3008 5726 3257 5782 notitiam
3289 5737 3397 5779 non

1812 5828 2031 5883 habent.
2075 5824 2264 5881 Nonne
2286 5825 2401 5880 haec
2447 5805 2588 5894 apud
2625 5822 2835 5892 aliquos
2863 5818 3253 5891 superstitiose
3279 5830 3400 5871 mu-

1811 5918 2049 5975 liercula:
2084 5920 2137 5974 in
2163 5916 2435 5988 parabolis
2466 5913 2745 5987 Evangelii
2779 5912 2910 5987 (AL,
2945 5907 3188 5983 parvulis
3209 5906 3394 5964 Evan—
