3898 6448
469 456 611 514 1067

1110 453 1171 508 Β.
1211 448 1469 506 RABANI
1503 444 1725 505 MAURI
1762 443 2086 504 ARCHIEPa
2126 435 2764 503 HOGUNTpOPERUM
2799 444 2980 501 PARS
3017 443 3061 500 Ι.

3625 438 3759 504 tuas

466 566 644 641 geliis]
665 607 680 635 ,
726 570 865 624 etin
892 564 1068 619 crucis
1091 560 1269 633 ligno,
1308 569 1365 616 et
1411 561 1467 616 in
1518 558 1820 616 Istiusmodi
1867 556 2051 623 rebus,
2081 558 2136 620 Α
2158 556 2233 611 ita
2257 565 2311 612 et
2343 568 2482 612 unus
2515 564 2675 628 pater
2700 562 2755 611 et
2798 552 3060 629 magier
3103 570 3211 613 non
3247 548 3585 628 Μηδίου
3618 557 3759 629 aliis,

469 676 590 732 qua:
613 658 812 715 habent
831 656 1048 727 quidem
1078 654 1259 710 zelum
1280 653 1399 721 Dei,
1428 644 1525 710 sed
1567 664 1674 709 non
1700 652 1852 724 juxta
1884 651 2059 706 scien-

470 754 602 808 tiam
628 758 801 819 usque
828 747 990 803 hodie
1015 746 1265 802 factitant
1282 784 1299 811 ,
1339 744 1567 802 culicem
1603 745 1874 815 liquantes
1895 751 1951 799 et
1968 756 2061 799 ca-

470 843 668 899 melum
697 840 1029 914 glutientes?
1062 837 1369 895 Istiusmodi
1397 843 1520 893 erat
1564 836 1775 893 ﬁmbria
1800 848 1975 906 parva
2003 842 2061 890 et

466 933 650 988 brevis
679 942 747 988 ex
783 930 923 1003 legis
952 938 1241 1001 praecepto,
1292 940 1456 1000 quam
1486 936 1542 985 et
1566 922 1760 983 mulier
1785 927 1895 994 illa,
1940 938 2063 997 quae

467 1024 731 1097 sanguine
754 1022 974 1089 ﬂuebat,
1023 1023 1201 1095 tetigit
1250 1023 1305 1077 in
1351 1022 1516 1093 pallio
1542 1013 1755 1078 Domini
1781 1038 1796 1087 ;
1825 1023 1921 1077 sed
1949 1035 2059 1077 non

466 1127 552 1176 est
579 1125 900 1190 compuncta
930 1116 1322 1188 superstitiosis
1361 1115 1608 1171 sentibus
1640 1115 2055 1179 Pharismorum,

467 1211 750 1282 magisque
793 1216 984 1264 sanata
1014 1208 1082 1263 ad
1110 1215 1314 1263 tactum
1344 1205 1483 1276 ejus.
1517 1204 1761 1276 Cumque
1786 1205 2057 1276 superﬂue

467 1302 697 1358 dilatent
718 1299 1053 1371 phylacteria
1076 1312 1196 1364 sua;
1223 1306 1279 1354 et
1300 1309 1523 1368 magnas
1554 1295 1759 1352 faciant
1796 1297 2058 1363 ﬁmbrias,

468 1393 698 1465 gloriam
727 1399 1011 1463 captantes
1036 1391 1108 1446 ab
1138 1389 1477 1455 hominibus,
1527 1396 1831 1460 arguuntur
1860 1387 1915 1442 in
1937 1387 2063 1441 reli-

468 1488 613 1559 quis,
636 1498 735 1541 eur
758 1493 1005 1555 quaerant
1032 1484 1237 1555 primos
1267 1483 1549 1539 accubitus
1569 1482 1622 1536 in
1655 1482 1848 1547 omnis,
1876 1489 1931 1535 et
1955 1480 2065 1550 pri-

468 1594 587 1635 mas
611 1579 899 1635 cathedras
946 1578 1001 1633 in
1030 1578 1335 1650 synagogis,
1374 1577 1508 1631 etin
1529 1574 1745 1646 publico
1773 1576 1952 1647 gulam
1982 1589 2064 1631 se-

469 1680 687 1729 ‘ctentur
714 1680 771 1728 et
790 1673 1043 1746 gloriam,
1069 1679 1126 1727 et
1148 1677 1409 1725 vocentur
1436 1668 1605 1723 Rabbi
1638 1670 1707 1724 ab
1727 1666 2061 1734 hominibus,

467 1766 610 1836 quod
629 1765 822 1820 Latino
849 1777 1099 1819 sermone
1128 1763 1377 1832 magister
1401 1760 1619 1815 dicitur.
1652 1758 1833 1832 (ΚΑΒ.)
1860 1758 2065 1813 Notan-

467 1860 594 1913 dum
629 1864 834 1922 tamen,
856 1857 1001 1926 quod
1035 1870 1141 1910 non
1166 1850 1392 1909 salutari
1434 1853 1489 1907 in
1520 1852 1669 1918 foro,
1709 1868 1817 1909 non
1855 1853 2061 1923 primos

465 1950 677 2017 sedere,
712 1949 794 2004 vel
822 1920 1180 2005 discumbere
1207 1955 1361 2002 vetat
1403 1960 1519 2008 eos,
1544 1942 1762 2017 quibus
1780 1920 1883 2001 hoc
1902 1944 2061 2001 oiiicii
2086 1920 2137 1983 Β

464 2043 658 2098 ordine
688 2042 966 2113 competit,
1008 2042 1105 2097 sed
1130 2054 1225 2096 eos
1249 2038 1506 2094 nimirum
1536 2038 1629 2109 qui
1663 2038 1779 2094 haec
1817 2037 1933 2094 sive
1965 2038 2064 2092 ha-

464 2132 601 2200 bita,
629 2146 723 2191 seu
752 2142 901 2190 certe
930 2149 1036 2188 non
1063 2132 1250 2189 habita
1298 2130 1540 2188 indebite
1576 2139 1782 2198 amant,
1832 2146 1863 2186 a
1893 2130 2067 2187 ﬁdeli-

465 2228 568 2284 bus
594 2229 922 2299 quibusque,
956 2227 1110 2298 quasi
1151 2226 1426 2298 improbos
1451 2226 1607 2283 docet
1634 2238 1753 2282 esse
1774 2224 2062 2297 cavendas,

465 2321 705 2377 animum
756 2321 1011 2377 videlicet
1069 2336 1179 2376 non
1233 2320 1459 2392 gradum
1512 2317 1662 2389 justa
1722 2318 2066 2375 distinctione

465 2414 819 2483 redarguens.
871 2413 1131 2480 Quamvis
1172 2419 1228 2467 et
1272 2413 1375 2468 hoc
1422 2412 1579 2483 culpa
1622 2427 1729 2467 non
1773 2420 1977 2477 careat,
2015 2410 2066 2469 si

466 2503 629 2559 iidem
660 2504 717 2557 in
743 2503 866 2558 foro
902 2503 1087 2559 litibus
1108 2504 1393 2568 interesse,
1422 2505 1514 2574 qui
1537 2503 1591 2558 in
1617 2503 1868 2558 cathedra
1897 2501 2066 2574 Moysi

466 2606 754 2665 synagogae
801 2594 1044 2666 magistri
1097 2595 1321 2665 cupiunt
1350 2594 1635 2665 appellari.
1676 2594 1883 2665 Duplici
1933 2608 2065 2650 sane

464 2686 678 2741 ratione
706 2700 738 2740 a
783 2700 938 2742 vanae
984 2686 1167 2758 gloria:
1205 2687 1415 2757 cupidis
1469 2686 1750 2743 attendere
1789 2685 2061 2757 jubemur,

461 2794 531 2835 ne
552 2780 761 2838 scilicet
788 2798 980 2838 eorum
1009 2780 1094 2837 vel
1144 2781 1488 2838 simulatione
1536 2781 1860 2838 seducamur
1882 2822 1896 2847 ,
1922 2781 2066 2836 aesti-

463 2880 677 2928 mantes
714 2874 854 2929 bona
883 2888 1003 2930 esse
1039 2888 1159 2944 qua:
1199 2873 1442 2939 faciunt,
1496 2873 1582 2930 vel
1607 2874 1951 2930 aemulatione
1978 2876 2063 2928 in-

461 2960 804 3019 ﬂammemur
833 2965 1038 3021 frustra
1069 2965 1367 3038 gaudentes
1408 2965 1463 3020 in
1491 2964 1653 3026 bonis
1678 2964 1911 3030 laudari,
1943 2976 2065 3034 quae

461 3053 745 3111 simulant.
783 3055 1027 3127 Denique
1051 3058 1301 3128 sequitur
1328 3074 1342 3112 :

545 3194 649 3251 Vos
688 3205 865 3251 autem
902 3194 1065 3253 nolite
1108 3198 1285 3251 vocari
1314 3236 1330 3262 ,
1378 3194 1550 3251 Rabbi
1577 3210 1596 3248 :
1640 3212 1777 3250 unus
1805 3204 1881 3250 est
1924 3196 2065 3250 enim

461 3289 711 3360 magister
728 3297 911 3345 vester.
942 3286 1137 3344 Omnes
1153 3298 1329 3345 autem
1347 3305 1436 3345 vos
1455 3287 1647 3360 fratres
1665 3289 1809 3344 estis.
1825 3285 2062 3360 (Chrys.)
2090 3286 2135 3355 C

458 3380 519 3436 ιιι
538 3392 651 3446 est,
680 3396 748 3436 ne
784 3381 931 3453 quod
958 3381 1070 3437 Deo
1101 3382 1330 3438 debetur
1357 3381 1513 3436 vobis
1558 3382 1921 3451 praesumatis,
1969 3395 2064 3436 ne-

460 3487 567 3543 que
595 3472 729 3528 alios
753 3473 958 3531 vocetis
988 3472 1186 3541 Rabhi,
1226 3489 1295 3529 ne
1331 3472 1591 3533 divinum,
1606 3473 1868 3529 honorem
1890 3472 2064 3529 homi-

462 3563 623 3618 nibus
656 3562 953 3621 iel'eratis:
1000 3580 1141 3620 unus
1173 3573 1259 3622 est
1297 3565 1443 3620 enim
1483 3564 1747 3637 magister
1796 3565 2064 3631 omnium,

463 3654 558 3726 qui
606 3670 799 3710 omnes
849 3655 1175 3711 naturaliter
1218 3655 1400 3721 docet,
1450 3654 1592 3710 sicut
1633 3654 1899 3724 scriptum
1936 3662 2062 3708 est:

464 3745 595 3800 Erat
621 3746 714 3800 lux
741 3764 885 3814 vera,
907 3764 1025 3819 qua:
1046 3746 1311 3802 illuminat
1344 3762 1550 3802 omnem
1574 3746 2081 3803 ItominemrenienJ

463 3849 565 3894 tem
584 3841 639 3895 in
660 3841 800 3895 hunc
825 3841 1081 3895 mundum
1110 3840 1293 3912 (Joan.
1325 3838 1390 3910 1).
1424 3839 1597 3896 Homo
1615 3839 1762 3895 enim
1786 3855 1893 3895 non
1913 3838 2067 3894 intel-

463 3930 663 3989 lectum
690 3933 895 3989 homini
924 3942 1146 4005 prastat
1176 3932 1439 3999 docendo,
1472 3932 1571 3990 sed
1594 3947 1627 3988 a
1670 3930 1785 3988 Deo
1813 3932 2065 4004 spiritum

462 4039 560 4095 per
583 4025 1012 4081 admonitionem
1039 4032 1277 4079 exercet.

536 4156 607 4210 Et
634 4154 838 4226 patrem
868 4155 1027 4209 nolite
1058 4172 1240 4209 vocare
1282 4157 1426 4211 vobis
1464 4170 1624 4227 super
1644 4167 1842 4211 terram
1868 4173 1886 4210 :
1927 4173 2064 4213 unus

465 4254 541 4302 est
566 4243 733 4299 Pater
753 4254 938 4309 vester,
970 4244 1060 4316 qui
1096 4246 1151 4299 in
1178 4245 1320 4299 caelis
1352 4255 1448 4301 est.
1497 4246 1610 4303 Nec
1628 4250 1878 4303 vocemini
1899 4252 2065 4321 magi-

464 4337 562 4392 stri
580 4376 596 4404 ,
623 4336 751 4409 quia
774 4338 1024 4408 magister
1048 4346 1211 4391 vester
1240 4353 1375 4391 unus
1395 4348 1469 4392 est
1499 4336 1758 4395 Christus.
1791 4339 2063 4413 (Ηξενοη.)

467 4428 580 4486 Nec
619 4428 897 4499 magister,
952 4444 1051 4484 nec
1086 4434 1243 4499 pater
1289 4432 1565 4486 vocandus
1610 4444 1694 4488 est
1746 4434 1902 4499 alius,
1959 4434 2064 4489 nisi

404 4561 417 4577 .
465 4523 609 4578 Deus
626 4520 789 4578 Pater
810 4530 865 4577 et
885 4522 1147 4577 Dominus
1180 4530 1364 4577 noster
1400 4522 1558 4579 Jcsus
1584 4524 1850 4580 Christus.
1902 4525 2064 4580 Pater

2159 657 2221 704 ut
2249 649 2471 705 abusive
2498 649 2834 721 appellentur
2860 658 3044 721 patres
3065 656 3121 705 et
3141 649 3408 721 magistri.

2229 743 2335 811 Qui
2358 746 2533 816 major
2553 756 2629 800 est
2652 754 2901 811 vestrum,
2930 745 3028 800 erit
3048 744 3284 799 minister
3304 750 3495 800 vester.
3537 743 3761 801 Obru-

2159 836 2300 893 tibus
2325 838 2391 893 de
2426 838 2669 907 prioratu
2700 837 2983 908 discipulis
3007 877 3023 903 ,
3054 844 3116 891 ut
3158 836 3333 893 Lucas
3382 836 3597 899 refert,
3643 839 3760 908 pius

2156 930 2419 1003 magister
2446 946 2540 986 eos
2568 945 2676 986 non
2705 930 2853 985 inita:
2885 929 3243 985 contentionis
3268 929 3480 1000 arguit,
3531 930 3636 985 sed
3662 928 3763 985 for-

2157 1032 2301 1077 mum
2345 1022 2507 1093 quam
2536 1024 2841 1093 sequantur
2884 1018 3205 1077 humilitatis
3246 1021 3508 1076 modesta
3555 1020 3761 1077 ratione

2112 1149 2119 1157 -
2158 1115 2412 1172 describit
2437 1115 2589 1189 (Luc.
2620 1114 2778 1187 nn).
2810 1114 2869 1170 in
2894 1128 2999 1185 qua
3026 1121 3205 1170 tamen
3234 1113 3417 1169 forma
3457 1112 3759 1169 obtinenda

2158 1210 2392 1280 majores
2421 1213 2477 1263 et
2506 1218 2888 1278 praecessores,
2940 1207 2993 1262 id
3043 1211 3159 1273 est,
3208 1206 3476 1262 doctores
3507 1205 3762 1260 Sedeas

2159 1316 2265 1356 non
2294 1299 2514 1355 minima
2563 1299 2891 1355 discretione
2934 1310 3070 1369 opus
3098 1297 3344 1362 habent,
3392 1308 3471 1351 ne
3516 1295 3764 1351 videbat

2159 1408 2343 1465 regum
2371 1391 2649 1464 gentilium
2677 1391 2853 1446 instar
2880 1389 3151 1444 dominari
3173 1386 3471 1458 subjectis,
3512 1387 3763 1456 sequeab

2158 1486 2238 1541 eis
2275 1484 2546 1556 gaudeant
2585 1481 2937 1554 supervacuis
2983 1476 3235 1536 laudibus
3277 1478 3517 1543 attolli,
3582 1469 3681 1532 sed
3708 1476 3763 1531 ad

2161 1577 2463 1650 exemplum
2513 1575 2656 1648 regis
2696 1574 2921 1640 aeterni,
2972 1572 3129 1643 quasi
3153 1570 3412 1641 iuniores
3451 1569 3549 1624 eis
3589 1569 3764 1638 quibus

2163 1669 2415 1741 regendis
2445 1674 2689 1738 praesunt
2727 1665 3031 1721 etiiciantur
3055 1679 3119 1719 ac
3160 1660 3433 1717 ministri.
3485 1659 3641 1727 Qui:
3664 1660 3765 1728 qu?-

2164 1776 2376 1831 cunque
2396 1760 2510 1814 vult
2538 1759 2761 1813 fratrem
2806 1755 3112 1827 praevenire
3135 1754 3448 1824 regnando,
3492 1752 3663 1821 prius
3692 1765 3766 1805 Ie-

2165 1866 2317 1909 cesse
2341 1858 2427 1907 est
2443 1858 2504 1905 ut
2533 1848 2683 1904 illutn
2710 1848 3007 1917 praeveniat
3032 1844 3415 1914 obsequendo,
3461 1842 3624 1897 sicut
3648 1842 3767 1911 Apo-

2165 1946 2334 2002 stolus
2362 1945 2440 1999 ait
2468 1960 2481 1998 :
2526 1942 2742 1997 Honore
2780 1941 3001 1997 invicem
3025 1939 3415 2011 prweenientes
3440 1934 3637 2009 (Rom.

2164 2041 2358 2097 Vincat
2408 2050 2532 2096 eum
2570 2035 2796 2105 ciliciis,
2844 2045 2906 2093 ut
2952 2036 3122 2109 possit
3169 2036 3405 2090 vincere
3462 2034 3764 2089 sanctitate.

2166 2128 2370 2204 (Greg.)
2418 2133 2668 2186 Attamen
2712 2142 2937 2186 necesse
2963 2136 3047 2184 est
3075 2134 3136 2182 ut
3176 2128 3259 2182 sic
3306 2126 3465 2182 bene
3497 2127 3771 2198 agentibus

2162 2232 2262 2293 per
2308 2220 2669 2278 humilitatem
2702 2223 2813 2277 sint
2851 2221 3015 2288 socii,
3058 2229 3327 2293 quatenus
3370 2226 3589 2276 contra
3619 2220 3769 2275 ἀῶ·

2164 2315 2443 2385 quentium
2480 2315 2611 2370 vitia
2648 2326 2747 2386 per
2772 2315 2945 2370 zelum
2967 2312 3195 2383 iustitiae
3231 2310 3348 2367 sint
3394 2311 3612 2377 erecti,
3648 2317 3771 2365 utet

2162 2407 2321 2463 bonis
2358 2408 2411 2462 in
2438 2406 2584 2461 nullo
2607 2422 2667 2462 se
2702 2405 3014 2476 praeferant,
3050 2415 3106 2460 et
3128 2406 3252 2460 eum
3280 2410 3612 2473 pravorum
3643 2401 3771 2471 cum

2164 2498 2333 2567 exigit
2374 2504 2697 2568 potestatem
2729 2496 2976 2567 protinus
3010 2495 3093 2551 Qui
3132 2495 3427 2565 prioratus
3460 2501 3770 2565 agitan

2165 2589 2243 2646 Ne
2278 2591 2420 2645 enim
2451 2591 2795 2660 prrcsidentis
2833 2590 3044 2645 animus
3082 2590 3149 2644 ad
3192 2587 3513 2644 elationem
3554 2598 3773 2659 potate

2165 2684 2237 2740 tis
2262 2698 2374 2738 suae
2409 2682 2768 2738 delectatione
2804 2682 3047 2751 rapiatur
3072 2722 3088 2747 ,
3130 2688 3280 2737 recte
3326 2697 3443 2752 per
3494 2682 3775 2752 Quendam

2165 2775 2465 2846 sapientem
2504 2772 2737 2827 dicitur:
2784 2770 2979 2825 Ducem
3017 2782 3065 2826 te
3100 2772 3535 2838 constituerunt,
3568 2773 3674 2825 noli
3695 2790 3772 2827 cz-

2166 2866 2298 2933 tolli,
2320 2866 2411 2920 sed
2426 2874 2533 2919 esto
2554 2863 2758 2937 inhillis,
2784 2865 2935 2935 quasi
2954 2880 3089 2918 unus
3116 2879 3181 2919 ea:
3206 2863 3317 2919 illis
3345 2865 3563 2937 (Ereti.
3595 2868 3769 2935 nm).

2164 2957 2301 3013 Hinc
2344 2957 2510 3012 etiam
2556 2953 2751 3010 Petrus
2793 2956 2870 3009 ait
2907 2973 2921 3008 :
2977 2953 3101 3009 Non
3137 2954 3490 3009 dontinantes
3526 2957 3591 3009 in
3629 2957 3768 3022 dere,

2162 3051 2253 3106 sed
2289 3048 2463 3121 forma
2501 3049 2630 3120 facti
2658 3049 2800 3120 gregi
2831 3046 2886 3119 (1
2912 3046 3059 3103 Petr.
3099 3047 3177 3121 v).
3212 3047 3286 3103 Et
3308 3056 3510 3103 tamen
3536 3062 3769 3105 nonum-

2134 3158 2325 3213 .quam
2360 3142 2576 3214 gravius
2613 3140 2974 3211 delinquitur,
3031 3140 3080 3197 si
3123 3140 3267 3196 inter
3302 3155 3615 3212 perversos
3666 3142 3767 3212 plus

2166 3231 2447 3303 aequalitas
2484 3246 2646 3303 quam
2700 3230 2985 3302 disciplina
3041 3232 3372 3287 custoditur.
3443 3231 3593 3300 Quia
3638 3233 3763 3287 enim

2166 3325 2300 3382 falsa
2335 3324 2538 3396 pietate
2561 3331 2850 3395 superatus
2876 3320 3041 3377 ferire
3068 3320 3185 3377 Heli
3208 3322 3614 3394 delinquentes
3639 3322 3764 3377 ilics

2164 3420 2373 3486 noluit,
2430 3417 2570 3489 apud
2616 3417 2920 3473 districtum
2970 3416 3208 3487 judicent
3244 3416 3621 3486 semetipsmn
3654 3430 3759 3470 an

2166 3512 2290 3567 ﬁliis
2327 3510 2531 3567 crudeli
2569 3508 2917 3565 damnatione
2945 3507 3214 3579 percussit
3253 3506 3308 3578 (I
3324 3507 3467 3580 Reg.
3495 3508 3585 3580 ιι).
3627 3506 3760 3564 Uade

2166 3621 2387 3663 necesse
2406 3612 2489 3661 est
2521 3611 2582 3658 ut
2618 3612 2885 3659 rectorem
2922 3610 2976 3657 et
3003 3608 3231 3657 matrem
3258 3601 3449 3672 pietas
3475 3611 3531 3657 et
3568 3610 3758 3672 patrem

2166 3696 2418 3754 exhibeat
2452 3694 2734 3766 disciplina
2763 3712 2778 3761 ;
2841 3690 3002 3764 atque
3049 3692 3194 3748 inter
3228 3692 3350 3749 hmo
3396 3693 3636 3749 sollicita
3669 3694 3757 3749 tir-

2166 3790 2564 3863 cumspectione
2602 3788 3017 3862 providendum,
3055 3803 3125 3844 ne
3162 3797 3255 3844 aut
3279 3786 3567 3844 districtio
3605 3789 3754 3861 right

2166 3896 2259 3942 aut
2282 3885 2457 3956 pietas
2497 3885 2568 3940 sit
2602 3883 2855 3940 remissa.

2237 3977 2341 4044 Qui
2374 3985 2548 4030 autem
2583 3974 2891 4031 excitaverit
2926 3992 2981 4031 se
3002 4017 3017 4043 ,
3064 3973 3476 4041 humiliabitur,
3524 3987 3575 4029 et
3601 3978 3683 4045 qui
3709 3989 3755 4027 se

2166 4067 2516 4123 humiliaverit
2552 4066 2890 4122 excitabitur.
2933 4064 3211 4140 (Verrunt)
3240 4064 3438 4137 Neque
3470 4068 3620 4122 enim
3648 4080 3755 4119 nm

2165 4156 2341 4214 Omnis
2379 4159 2471 4229 'qui
2521 4170 2580 4214 se
2614 4170 2798 4214 coram
2849 4159 3157 4214 hominibus
3206 4156 3418 4213 exultat
3462 4158 3756 4214 humiliati-

2168 4258 2287 4316 tur,
2344 4257 2438 4305 aut
2488 4252 2580 4320 qui
2620 4265 2680 4305 se
2718 4250 2770 4305 in
2821 4260 3113 4320 conspectu
3161 4248 3454 4304 hominum
3498 4249 3753 4314 hnnuﬁat,

2167 4344 2492 4401 exaltabitur
2537 4346 2606 4400 ab
2643 4345 2764 4410 eis;
2825 4343 2921 4399 sed
2967 4358 2997 4397 e
3045 4342 3321 4398 contrario
3368 4340 3755 4413 nonnunqua-

2168 4436 2256 4506 qui
2297 4450 2356 4490 se
2400 4435 2484 4489 vel
2535 4436 2587 4489 in
2630 4436 2782 4505 apice
2820 4435 3099 4506 dignitatis
3145 4435 3228 4491 vel
3256 4436 3311 4490 in
3361 4437 3479 4491 alia
3527 4437 3755 4507 qualiltt

2168 4524 2493 4596 acquircnda
2524 4524 2692 4596 gloria
2732 4526 2998 4593 sublevat,
3040 4542 3209 4597 usque
3245 4527 3300 4581 in
3338 4526 3515 4582 ﬁnem
3538 4530 3755 4583 exaltari

464 4618 590 4689 quia
619 4632 687 4671 ex
717 4617 836 4687 ipso
868 4622 995 4670 sunt
1036 4614 1263 4679 omnia;
1297 4614 1557 4684 magister
1583 4614 1709 4683 quia
1754 4630 1855 4685 per
1886 4616 2058 4686 ipsum
2086 4648 2140 4712 Β
2167 4634 2271 4671 non
2311 4624 2506 4673 cessat.
2566 4616 2829 4673 Similiter
2866 4634 2930 4674 ac
2968 4620 3189 4675 humilis
3224 4619 3461 4690 quilibet
3509 4640 3575 4679 ac
3618 4640 3758 4679 vere

404 4700 407 4703 ’
463 4719 591 4766 sunt
612 4710 795 4765 omnia
825 4728 837 4763 :
884 4708 971 4763 vel
998 4709 1255 4779 quoniam
1299 4722 1395 4777 per
1440 4709 1895 4780 dispensationem
1935 4726 2059 4765 car-
2086 4700 2134 4712 ”’
2166 4708 2370 4762 cundus
2399 4708 2451 4761 in
2482 4722 2586 4777 qua
2618 4716 2902 4763 contentus
2916 4718 2999 4764 cst
3025 4724 3194 4780 usque
3218 4709 3284 4764 ad
3314 4710 3446 4766 vita:
3474 4716 3756 4769 terminum

394 4800 403 4805 ’
465 4805 550 4859 nis
578 4804 825 4859 homines
854 4802 1189 4858 reconciliati
1221 4817 1409 4857 sumus
1436 4801 1566 4857 Deo.
1599 4801 1870 4869 Quaeritur
1889 4818 2060 4872 quare

465 4894 750 4949 adversum
780 4895 884 4949 hoc
911 4894 1241 4963 prteceptum
1273 4894 1550 4948 doctorem
1580 4893 1819 4964 gentium
1843 4902 2061 4965 aposto—

464 4986 549 5041 lus
596 5001 717 5042 esse
761 5001 821 5041 se
846 4985 1088 5051 dixerit;
1123 4993 1217 5039 aut
1262 4986 1535 5055 quomodo
1568 4986 1783 5057 vulgato
1811 5001 2060 5043 sermone

465 5079 703 5135 maxime
729 5078 1098 5134 inPalzestinse
1123 5085 1179 5133 et
1201 5078 1418 5151 Egypti
1456 5079 1802 5135 monasteriis
1835 5096 1894 5135 se
1921 5080 2060 5136 invi-

464 5185 583 5224 cem
610 5170 799 5227 Patres
840 5180 1055 5227 vocent.
1112 5170 1267 5238 Quod
1308 5171 1387 5227 sic
1432 5172 1705 5228 solvitur:
1751 5172 1910 5229 Aliud
1935 5190 2056 5231 esse

466 5269 659 5316 natura
712 5269 925 5333 patrem
975 5262 1058 5318 vel
1106 5263 1447 5334 magistrum,
1502 5265 1647 5320 aliud
1696 5266 2049 5340 indulgentia.

467 5350 578 5405 Nos
598 5352 643 5407 si
671 5353 944 5410 hominem
973 5361 1180 5423 patrem
1205 5369 1484 5421 vocamus,
1510 5354 1767 5412 honorem
1798 5361 1941 5414 :etati
1966 5361 2057 5416 de-

469 5441 692 5499 ferimus
715 5462 818 5501 non
846 5455 1119 5502 auctorem
1145 5455 1342 5501 nostra!
1364 5448 1697 5505 ostendimus
1726 5428 1888 5519 vitm;
1926 5454 2053 5523 quia

467 5548 569 5588 nec
593 5533 803 5588 initium
833 5536 957 5591 vita:
976 5552 1042 5591 ex
1071 5536 1150 5591 eis
1180 5536 1459 5600 habemus,
1493 5540 1586 5593 sed
1619 5540 1903 5596 transitum
1933 5544 2055 5599 vita:

465 5640 565 5695 per
584 5640 678 5681 eos
705 5626 1020 5696 accipimus.
1068 5627 1322 5699 Magister
1353 5642 1568 5700 quoque
1613 5632 1811 5687 dicitur
1834 5650 1899 5689 ex
1926 5651 2054 5691 con-

464 5716 635 5772 sortio
654 5716 771 5772 veri
797 5717 1061 5789 magistri,
1091 5726 1146 5773 et
1158 5733 1227 5773 ne
1246 5719 1453 5775 infinita
1482 5721 1756 5792 replicem,
1781 5726 2055 5793 quomodo

466 5826 603 5866 unus
630 5826 727 5884 per
767 5816 1018 5865 naturam
1044 5812 1189 5866 Deus
1212 5820 1267 5867 et
1293 5828 1431 5867 unus
1459 5813 1627 5869 Filius
1660 5830 1764 5869 non
1793 5815 2049 5886 praejudi-

470 5912 554 5958 cat
579 5904 806 5973 caeteris,
856 5918 926 5961 ne
948 5918 1048 5975 per
1067 5904 1409 5973 adoptionem
1445 5906 1517 5961 dii
1554 5917 1814 5965 vocentur
1850 5918 1903 5966 et
1930 5911 2048 5978 ﬁlii,

2164 4798 2539 4853 mediocritate
2586 4810 2946 4867 perseverat;
3003 4808 3056 4854 et
3114 4799 3237 4855 ideo
3284 4798 3451 4869 juxta
3510 4804 3758 4859 Veritatis

2164 4891 2483 4945 sententiam
2522 4892 2697 4946 omnis
2726 4892 2816 4960 qui
2853 4906 2910 4946 se
2938 4891 3151 4947 incaute
3193 4894 3259 4949 de
3288 4896 3512 4952 meritis
3548 4898 3754 4961 alimt,

2161 4982 2531 5038 humiliabitur
2563 4996 2593 5037 a
2623 4982 2878 5049 Domino,
2919 4990 2974 5038 et
3010 4984 3103 5054 qui
3141 4986 3365 5056 provide
3401 5003 3472 5043 se
3504 4990 3576 5044 de
3604 4992 3755 5046 bene-

2159 5074 2319 5131 factis
2357 5074 2626 5141 humiliat,
2657 5074 2982 5130 exaltabitur
3014 5076 3083 5131 ab
3115 5092 3200 5131 eo.

2232 5164 2342 5239 [il]
2388 5164 2478 5221 Vm
2495 5168 2654 5233 vobis,
2694 5168 2878 5222 scriba:
2910 5177 2957 5222 et
2986 5165 3249 5224 Pharisa’t'
3286 5166 3611 5241 hypocrita',
3643 5178 3755 5245 quis

2158 5257 2403 5312 clauditis
2443 5274 2656 5330 regnum
2703 5257 2946 5312 caelorum
3002 5268 3124 5312 ante
3167 5260 3444 5314 homines:
3490 5280 3585 5318 eos
3622 5266 3753 5316 eaeis

2158 5368 2261 5406 non
2291 5352 2498 5406 intratis
2533 5364 2625 5404 nec
2662 5352 2976 5405 introeunte:
3013 5351 3181 5406 sinitis
3199 5353 3443 5407 introire.
3481 5354 3756 5427 (Πὶττυπ.)

2158 5442 2369 5499 Habent
2422 5445 2614 5499 scribae
2660 5451 2716 5498 et
2768 5443 3021 5499 Pharisaei
3064 5445 3195 5516 legis
3252 5446 3754 5519 prophetammqae

2156 5536 2429 5600 notitiam,
2470 5535 2651 5589 sciunt
2687 5534 2959 5590 Christum
2986 5548 3106 5591 esse
3146 5535 3339 5591 Filium
3370 5537 3498 5593 Dei.
3527 5538 3755 5612 (Ηῐῖατ.)

2159 5629 2274 5685 Non
2323 5631 2571 5701 ignorant
2608 5636 2796 5685 natum
2839 5646 2959 5687 esse
2991 5633 3058 5688 de
3088 5633 3335 5703 virgine:
3373 5634 3474 5689 sed
3501 5634 3638 5688 dum
3667 5632 3757 5687 ad-

2154 5731 2373 5776 ventum
2408 5719 2524 5789 ejus
2555 5734 2872 5792 corporeum
2910 5739 2938 5777 a
2961 5723 3239 5794 prophetis
3269 5725 3640 5795 {indicatum
3665 5724 3754 5778 tle-

2153 5816 2341 5871 ctrinat
2376 5813 2719 5869 simulatione
2746 5816 3105 5882 abscondunt,
3133 5824 3189 5873 et
3223 5817 3471 5888 praedam
3509 5817 3577 5872 de
3618 5816 3749 5871 sub-

2146 5910 2292 5980 jecta
2330 5909 2431 5965 sibi
2454 5907 2606 5979 plebe
2635 5912 2914 5981 appetunt,
2947 5922 3045 5968 nec
3072 5910 3174 5983 ipsi
3197 5910 3558 5969 introeth
3581 5920 3751 5981 res!!!
