3898 6462
148 549 266 611 1069

1073 548 1422 607 conamur.
1461 550 1526 604 lN
1566 529 1998 606 nummum.
2043 579 2115 592 --
2147 552 2274 606 ue.
2321 551 2428 606 vn.

3209 552 3364 608 1070-

139 671 392 732 coelorum,
435 665 535 723 nec
571 682 664 723 eos
691 669 783 738 qui
807 676 1051 739 poterant
1098 667 1300 721 intrare
1342 665 1675 735 permittunt.
1706 673 1757 727 Α
1783 680 1906 719 nem
1929 661 2110 735 gloria:
2139 665 2449 734 quaerebant
2475 662 2645 728 lucra,
2693 666 2770 720 sic
2795 664 2898 719 alia
2925 667 3229 722 traditionis
3265 668 3368 722 in:

139 763 235 818 lloc
260 769 335 816 est
368 761 509 830 quod
558 763 611 815 in
641 761 776 816 Osca
807 761 1064 832 propheta
1103 761 1360 814 Dominus
1387 760 1560 829 arguit
1597 759 1679 813 di-

135 835 276 908 cens:
302 837 687 905 Absconderunt
709 851 997 904 sacerdotes
1022 851 1172 911 viam,
1212 847 1684 917 interfeceruntﬁi-

133 943 282 996 cliima
311 941 606 1013 [Particeps
649 941 984 996 sacerdotum
1024 942 1076 994 in
1126 941 1210 993 tia
1249 936 1681 995 interﬁciendum

129 1041 391 1105 pergentes
416 1032 482 1087 de
508 1031 744 1103 Sichem]
774 1031 963 1103 (Oscis.
995 1032 1090 1101 γι).
1123 1029 1188 1085 Et
1212 1039 1453 1086 rursuI'n:
1492 1029 1681 1084 Sacer-

127 1128 255 1178 doles
283 1144 380 1180 non
411 1126 652 1180 dixerunt
677 1145 696 1184 :
725 1122 824 1180 Ubi
847 1136 922 1180 est
949 1123 1240 1180 Dominus?
1269 1125 1361 1181 Vel
1387 1133 1535 1180 certe
1563 1139 1679 1178 om-

124 1219 199 1273 nis
221 1221 489 1289 magister,
527 1216 620 1288 qul
643 1217 808 1274 verbo
845 1217 1091 1281 aediﬁcat,
1132 1226 1186 1272 et
1209 1217 1540 1272 scandalizat
1569 1231 1682 1269 ma-

125 1308 182 1362 lis
204 1309 446 1378 operibus
471 1309 756 1380 discipulus
784 1324 931 1376 suos,
971 1309 1172 1365 claudit
1190 1321 1314 1364 ante
1343 1319 1435 1364 eos
1458 1321 1679 1379 regnum

120 1397 386 1454 oculorum.

195 1487 277 1542 Vw
302 1490 460 1556 vobis,
498 1490 680 1545 scribta
713 1499 761 1543 et
799 1487 1060 1543 Phariswi
1095 1489 1396 1559 hypocritre,
1421 1490 1544 1558 quia
1580 1487 1682 1540 cir-

116 1579 260 1634 cuitis
287 1597 428 1635 mare
453 1593 498 1635 et
530 1583 754 1647 aridam,
795 1591 849 1635 ut
893 1582 1101 1651 faciatis
1137 1597 1298 1636 unum
1326 1575 1678 1650 prose/ytam;

114 1677 158 1720 et
195 1686 306 1724 cum
343 1671 501 1740 fuerit
525 1673 716 1742 factus,
753 1671 929 1740 facitis
955 1688 1071 1725 cum
1109 1671 1278 1740 ﬁlium
1311 1671 1556 1741 gehenna:
1583 1670 1682 1722 du-

112 1760 192 1828 plo
224 1777 376 1832 quam
407 1779 510 1818 vos.
544 1762 660 1818 Non
685 1777 750 1817 eo
776 1764 953 1818 smdio
976 1773 1255 1818 servamus
1295 1763 1543 1832 qumsita,
1573 1773 1679 1831 quo

111 1855 411 1924 quatrimus.
455 1855 660 1909 Scriba:
689 1863 742 1909 et
778 1851 1035 1910 Pharisaai
1073 1864 1241 1909 totum
1266 1855 1558 1908 lustrantes
1593 1867 1676 1908 or-

111 1944 227 1998 bem
263 1954 480 2014 propter
505 1947 896 2016 negotiationes
931 1953 986 2000 et
1021 1946 1234 2001 diversa
1271 1946 1446 2010 lucra,
1498 1951 1608 1998 tam
1647 1957 1676 1997 a

1785 763 1941 810 venta
1981 757 2199 824 stropha
2226 755 2516 824 impietatis
2543 756 2718 824 arguit
2745 763 3122 825 praeceptores.
3147 755 3205 810 Si
3230 759 3353 827 quis

1784 847 1839 901 in
1878 845 2236 911 contentione,
2285 860 2379 900 seu
2427 845 2481 898 in
2512 845 2690 914 aliquo
2725 843 2933 915 iurgio,
2982 845 3064 900 vel
3092 846 3147 900 in
3176 861 3365 902 causae.

1785 935 2287 1006 ambiguojurasset
2317 937 2370 989 in
2394 936 2610 1006 templo,
2649 946 2702 991 et
2743 945 2926 1006 postea
2960 939 3238 993 convictus
3264 954 3351 994 es-

1785 1035 1865 1082 set
1890 1030 2176 1095 mendacii,
2212 1044 2314 1084 non
2338 1030 2620 1083 tenebatur
2637 1029 2878 1085 criminis
2915 1044 3056 1095 reus,
3087 1032 3131 1084 si
3172 1039 3351 1086 autem

1775 1118 2011 1188 jurasset
2046 1121 2098 1174 in
2126 1136 2256 1174 auro
2277 1128 2331 1174 et
2364 1122 2588 1189 pecunia
2630 1135 2750 1190 quae
2782 1121 2835 1174 in
2869 1120 3064 1190 templo
3104 1123 3355 1176 sacerdo-

1785 1211 1926 1266 tibus
1963 1210 2288 1266 offerebatur
2313 1253 2327 1275 ,
2369 1212 2548 1265 statim
2589 1213 2641 1264 in
2676 1225 2783 1280 quo
2809 1209 3085 1278 juraverat
3123 1212 3352 1282 cogeba-

1783 1307 1871 1355 tur
1911 1301 2209 1355 exsolvere.
2272 1300 2504 1355 Rursum
2552 1301 2596 1355 si
2641 1302 2761 1370 quis
2795 1298 3032 1370 iurasset
3071 1302 3126 1355 in
3173 1302 3353 1365 altari,

1781 1391 2000 1461 perju'rii
2027 1409 2180 1448 reum
2218 1409 2374 1447 nemo
2406 1394 2654 1459 tenebat;
2706 1395 2786 1447 sin
2819 1401 2998 1448 autem
3028 1394 3358 1464 perjurasset

1780 1483 1836 1539 in
1874 1485 2034 1548 dono,
2061 1485 2146 1540 vel
2171 1485 2227 1539 in
2248 1485 2627 1550 oblationibus,
2669 1485 2721 1540 id
2748 1493 2850 1549 est,
2887 1487 2940 1539 in
2968 1487 3162 1550 hostia,
3195 1488 3250 1540 in
3278 1488 3358 1541 vi-

1782 1576 1981 1640 ctimis,
2009 1575 2062 1629 in
2101 1576 2274 1630 simila
2302 1617 2316 1642 ,
2347 1584 2401 1631 et
2429 1577 2638 1631 caeteris
2665 1591 2782 1645 quae
2810 1575 3108 1631 oﬁ‘eruntur
3134 1577 3244 1632 Deo
3267 1593 3358 1632 su-

1777 1677 1878 1738 per
1926 1668 2133 1734 altare,
2188 1670 2304 1724 haec
2351 1669 2740 1724 studiosissime
2780 1670 3108 1741 repetebant.
3166 1671 3359 1740 Arguit

1777 1775 1910 1830 ergo
1947 1777 2040 1815 eos
2089 1761 2364 1825 Dominus,
2425 1769 2479 1815 et
2537 1761 2812 1823 stultitiae,
2861 1768 2917 1815 et
2956 1759 3350 1826 fraudulentiae,

1781 1849 1922 1919 quod
1962 1850 2130 1904 umlto
2167 1849 2338 1920 majus
2376 1849 2446 1905 sit
2474 1851 2729 1920 templum
2767 1867 2928 1921 quam
2972 1853 3162 1905 aur‘um
3210 1853 3354 1921 quod

1782 1943 2152 1996 sanctiﬁcatur
2192 1957 2221 1995 a
2254 1942 2471 2012 templo,
2516 1951 2569 1997 et
2606 1943 2777 1999 altare
2821 1958 2982 2013 quam
3021 1945 3212 1998 hostiae
3237 1957 3358 2013 quae

107 2036 375 2105 discipulis
413 2038 674 2106 captanda
713 2053 873 2107 quam
896 2052 992 2106 per
1021 2037 1308 2108 imaginem
1353 2037 1674 2099 sanctitatis,
1706 2035 1753 2095 B
1780 2031 2183 2088 sanetilicantur
2237 2033 2307 2087 ab
2355 2033 2530 2088 altari.
2590 2028 2782 2088 Totum
2838 2043 3018 2090 autem
3065 2035 3354 2100 faciebant,

107 2127 158 2182 id
192 2136 292 2194 est,
343 2128 502 2183 studii
549 2131 818 2185 habebant
849 2129 917 2184 de
942 2131 1191 2201 geminas
1227 2130 1408 2187 facere
1441 2131 1684 2204 prosely-

103 2225 238 2285 tum,
270 2217 321 2273 id
347 2227 449 2286 est,
481 2222 744 2275 advenam
783 2229 836 2275 et
877 2215 1308 2278 incircumcisum
1338 2223 1563 2278 miscere
1588 2238 1682 2292 po-

99 2312 225 2380 pulo
265 2311 377 2365 Dei.
422 2310 527 2367 Sed
567 2314 658 2382 qui
696 2317 822 2368 ante
858 2313 982 2367 dum
1020 2322 1164 2368 esset
1193 2315 1441 2370 ethnicus
1477 2314 1681 2384 simpli-

96 2402 230 2456 citer
257 2403 486 2466 errabat,
529 2407 582 2458 et
622 2407 738 2458 erat
781 2403 948 2458 semel
1002 2404 1141 2461 ﬁlius
1175 2407 1454 2477 gehennae,
1490 2407 1680 2462 videns

97 2493 478 2564 magistrorum
516 2496 664 2560 vitia,
704 2504 759 2549 et
787 2495 1089 2566 intelligens
1126 2499 1400 2552 destruere
1426 2511 1520 2552 eos
1547 2511 1678 2566 ope-

95 2584 242 2638 ribus
281 2583 425 2655 quod
460 2586 637 2640 verbis
679 2580 967 2652 docebant,
1014 2585 1306 2642 revertitur
1328 2590 1394 2644 ad
1418 2590 1678 2643 Vomitum

89 2688 270 2740 suum,
306 2683 365 2728 et
398 2677 612 2746 gentilis
649 2677 823 2733 factus
870 2679 1024 2748 quasi
1057 2680 1443 2748 praevaricator
1485 2678 1677 2750 majori

87 2779 248 2824 paena
276 2766 469 2837 dignus
505 2769 625 2823 erit.

159 2857 348 2930 (ΗΑΒ.)
377 2860 572 2932 Typice
603 2873 780 2918 autem
830 2865 997 2919 maris
1027 2873 1080 2920 et
1112 2873 1272 2919 terra:
1297 2865 1676 2936 peragratione

83 2950 362 3019 signiﬁcat
395 2953 447 3006 in
488 2955 650 3009 totius
697 2957 842 3011 orbis
874 2957 1067 3012 ﬁnibus
1106 2972 1200 3012 eos
1234 2973 1352 3013 esse
1387 2953 1677 3030 Evangelio

81 3039 506 3099 obtrectaturos.
551 3045 810 3118 Prosclyti
857 3049 1000 3102 enim
1054 3059 1180 3104 sunt
1220 3064 1286 3103 ex
1341 3050 1587 3120 gentibus
1620 3049 1674 3103 in

82 3150 418 3209 synagogam
446 3143 663 3210 recepti,
690 3157 915 3211 quorum
936 3141 1239 3196 futurorum
1265 3143 1461 3197 raritas
1490 3143 1544 3195 in
1569 3157 1674 3196 uno

81 3226 384 3283 indicatur.
425 3225 606 3301 Neque
657 3235 798 3288 enim
839 3245 958 3304 post
989 3234 1188 3289 Christi
1235 3233 1672 3304 praedicationem

81 3315 352 3373 doctrina:
390 3336 574 3374 eormn
603 3324 734 3377 lldes
771 3325 960 3378 relicta
983 3333 1093 3391 est;
1136 3327 1230 3380 sed
1259 3327 1488 3395 quisque
1511 3325 1673 3380 fuerit

1782 2144 1886 2181 non
1914 2130 1982 2181 ob
2013 2129 2105 2182 Dei
2130 2129 2397 2192 timorem,
2432 2130 2524 2182 sed
2553 2129 2622 2183 ob
2646 2129 2955 2183 divitiarum
2985 2129 3353 2199 cupiditatem.

1781 2218 2062 2286 Templum
2101 2219 2242 2271 enim
2275 2219 2360 2273 vel
2394 2218 2563 2273 altare
2606 2219 2672 2272 ad
2716 2219 2940 2291 gloriam
2975 2209 3070 2274 Dei
3103 2221 3354 2289 pertinet,

1780 2313 1836 2366 ct
1861 2311 1927 2364 ad
1971 2311 2245 2365 hominum
2284 2311 2604 2381 Spiritalium
2651 2313 2917 2376 salutem;
2960 2319 3149 2366 aurum
3178 2322 3356 2366 autem

1781 2403 1920 2471 quod
1957 2410 2039 2456 est
2079 2402 2133 2455 in
2189 2403 2404 2471 templo,
2450 2403 2532 2457 vel
2574 2404 2770 2456 donum
2799 2405 2939 2472 quod
2977 2410 3061 2459 est
3093 2419 3255 2473 super
3283 2404 3360 2457 al-

1780 2497 1917 2557 tare,
1965 2493 2032 2544 ad
2069 2492 2294 2561 gloriam
2321 2493 2536 2561 quidem
2568 2495 2660 2547 Dei
2695 2496 2994 2563 pertinent,
3031 2503 3085 2549 et
3121 2496 3234 2566 ipsa
3279 2503 3360 2550 ta-

1779 2599 1901 2639 men
1944 2599 2134 2638 aurum
2165 2586 2246 2638 vel
2280 2585 2474 2640 donum
2505 2588 2674 2657 magis
2719 2588 2785 2641 ad
2827 2585 3234 2644 delectationem
3264 2595 3359 2645 ho-

1779 2675 1985 2731 minum
2013 2687 2069 2732 et
2115 2680 2180 2731 ad
2226 2679 2516 2734 utilitatem
2553 2681 2894 2738 sacerdmum
2932 2682 3153 2738 oli'ertur
3196 2687 3359 2756 Super

1778 2768 1968 2824 altare.
2001 2767 2168 2824 Judaei
2208 2785 2334 2841 ergo
2371 2787 2560 2826 aurum
2588 2789 2695 2843 quo
2722 2774 2822 2844 ipsi
2854 2775 3276 2844 delectabantur,
3306 2788 3361 2834 et

1779 2859 1917 2912 dona
1963 2859 2158 2928 quibus
2197 2861 2295 2929 ipsi
2332 2863 2710 2930 pascebantur,
2762 2865 3032 2920 sanctiora
3066 2882 3185 2921 esse
3214 2869 3360 2924 dice-

1777 2949 1942 3013 bant,
1994 2967 2152 3020 quam
2200 2953 2374 3022 ipsum
2404 2953 2657 3025 templum
2692 2965 2748 3011 et
2779 2955 2966 3024 altare,
3019 2961 3075 3012 ut
3115 2959 3358 3016 homines

1776 3041 2133 3110 promptiores
2164 3041 2353 3097 ﬁerent
2376 3045 2441 3098 ad
2467 3045 2737 3100 offerenda
2763 3048 2924 3114 dona,
2955 3058 3116 3119 quam
3147 3051 3213 3105 ad
3237 3066 3358 3120 pre-

1775 3146 1866 3186 ces
1883 3131 2176 3190 fundendas
2199 3136 2250 3188 in
2265 3137 2478 3206 templo,
2495 3146 2586 3191 aut
2602 3137 3140 3206 justitiasfaciendas.
3165 3142 3358 3197 Totum

1776 3233 1955 3278 autem
1978 3223 2242 3280 faciebant
2269 3243 2373 3281 non
2407 3229 2476 3283 ob
2499 3230 2590 3284 Dei
2622 3230 2888 3297 timorem,
2922 3234 3014 3288 sed
3039 3236 3108 3290 Ob
3139 3235 3356 3290 divitia-

1775 3327 1894 3366 rum
1926 3317 2295 3386 cupiditatem,
2334 3329 2392 3374 ut
2430 3322 2588 3390 paulo
2625 3327 2754 3378 ante
2797 3325 2999 3378 dictum
3029 3333 3130 3382 est.
3180 3325 3358 3397 Spiri-

77 3413 388 3480 acquisitus
420 3415 485 3469 ad
516 3415 722 3484 plebem
773 3419 914 3473 [mus
952 3419 1021 3473 δη
1058 3419 1332 3490 gehennae,
1369 3435 1543 3491 ρωηευ
1580 3435 1670 3475 εο-
1699 3394 1745 3458 C
1779 3407 1959 3461 taliter
1988 3418 2166 3464 autem
2197 3414 2336 3482 quod
2359 3413 2616 3469 Dominus
2643 3415 2776 3470 dixit
2807 3433 2819 3468 :
2854 3417 2995 3482 Quid
3021 3421 3157 3472 enim
3180 3394 3356 3490 majus

76 3502 259 3567 boles,
304 3513 357 3557 et
386 3507 571 3559 mterni
594 3508 778 3577 judicii
821 3510 1150 3565 haereditas:
1200 3512 1322 3580 quia‘
1355 3511 1568 3582 adoptio
1607 3527 1674 3566 ex

73 3596 344 3664 gentibus
382 3596 612 3651 Abrahae
655 3598 912 3655 familiam
961 3601 1169 3656 factura
1205 3603 1294 3657 sit.
1336 3603 1458 3656 ldeo
1495 3611 1675 3656 autem

73 3699 264 3754 poeme
295 3683 574 3754 duplicata:
599 3688 703 3741 erit
740 3689 903 3755 filius,
929 3691 1052 3759 quia
1090 3706 1267 3761 neque
1301 3692 1674 3746 remissionem

69 3785 440 3846 peccatorum
463 3780 532 3833 sit
553 3781 788 3853 gentium
804 3792 1144 3848 consecutus,
1170 3783 1551 3840 etsocictatcm
1579 3791 1672 3837 eo-

68 3877 202 3922 rum
219 3869 321 3939 qui
341 3869 610 3926 Christum
629 3875 894 3944 persecuti
913 3875 1125 3930 fuerant
1147 3877 1216 3930 sit
1237 3887 1474 3930 secutus.
1504 3874 1674 3930 Filius

53 3975 266 4018 autem
301 3975 524 4020 vocatur
550 3968 826 4037 gehennaz,
866 3971 1132 4038 quomodo
1161 3969 1300 4024 ﬁlius
1333 3968 1669 4038 perditionis,

64 4066 121 4111 et
145 4057 306 4111 ﬁlius
337 4058 493 4128 hujus
525 4060 742 4124 saeculi;
790 4070 1010 4115 vocatur
1048 4062 1189 4115 filius
1222 4063 1479 4132 gehennae
1517 4061 1584 4114 ad
1609 4059 1672 4114 il-

59 4151 177 4204 lam
212 4164 577 4222 pracparatus,
607 4170 709 4208 non
738 4171 804 4210 ex
830 4157 919 4210 illa
947 4165 1267 4228 generatus:
1301 4157 1672 4228 unusquisque

57 4243 216 4296 enim
254 4241 415 4309 cujus
443 4260 603 4314 opera
628 4245 736 4316 agit
767 4245 884 4315 ejus
913 4249 1053 4303 lilius
1080 4249 1399 4318 appellatur.

147 4332 246 4387 Va?
287 4335 454 4399 vobis,
487 4337 640 4389 duces
672 4339 793 4391 ειεθί
814 4379 827 4403 ,
856 4339 978 4408 quia
1005 4340 1174 4393 dicitis
1207 4356 1223 4392 :
1250 4340 1554 4409 Quicunque
1575 4338 1670 4408 ju-

53 4426 268 4478 νηυσί-ξι
304 4442 400 4494 per
421 4428 683 4496 templum,
723 4431 852 4482 nihil
872 4441 986 4495 est;
1019 4434 1107 4500 qui
1138 4443 1308 4484 autent
1331 4433 1588 4500 jurarerit
1615 4432 1668 4485 in

51 4531 197 4567 auro
245 4514 454 4583 templi,
493 4516 657 4569 debet.
692 4515 847 4570 Stulti
893 4531 939 4572 et
981 4521 1104 4572 ca’ci
1126 4561 1140 4584 ,
1177 4521 1300 4590 quid
1335 4521 1469 4573 enim
1498 4519 1667 4588 majus

47 4617 154 4670 est,
189 4621 422 4668 aurum,
459 4624 527 4658 an
554 4608 799 4676 templum
821 4610 958 4679 quod
995 4611 1285 4679 sanctiﬁcat
1322 4611 1554 4664 aurum?
1599 4610 1666 4664 Et

47 4701 379 4768 quicunque
414 4697 669 4766 juraverit
703 4701 758 4752 in
799 4698 985 4765 altari,
1052 4703 1182 4756 nihil
1220 4713 1330 4768 est;
1379 4705 1665 4773 quicunque

47 4802 242 4843 autent
267 4790 541 4860 juraverit
580 4792 633 4842 in
670 4791 806 4844 dono
847 4792 986 4862 quod
1018 4801 1091 4846 est
1126 4810 1280 4862 super
1313 4792 1464 4857 illud,
1497 4794 1660 4846 debet.

47 4880 201 4935 C(cci
223 4922 240 4946 ,
275 4878 412 4950 quid
451 4881 584 4932 enim
631 4882 804 4950 majus
831 4892 925 4946 est,
975 4883 1192 4948 donum,
1227 4901 1293 4937 an
1324 4883 1491 4937 altare
1527 4885 1665 4953 quod

47 4971 382 5041 sanctiﬁcat
411 4970 600 5024 donum
627 4971 651 5024 ?
678 4970 780 5036 Qui
821 4987 941 5044 ergo
962 4974 1114 5044 jurat
1144 4976 1199 5028 in
1227 4975 1401 5040 altari,
1437 4975 1586 5044 jurat
1610 4977 1664 5029 in

47 5080 105 5117 eo
141 5074 194 5117 et
231 5063 296 5117 in
339 5062 576 5115 omnibus
613 5079 728 5133 qua:
761 5075 877 5117 sunt
902 5063 1055 5136 super
1076 5063 1227 5118 illud.
1260 5065 1327 5118 Et
1349 5067 1666 5136 quijurave-

47 5158 116 5208 cit
161 5157 228 5209 in
251 5155 472 5224 templo,
495 5156 643 5226 jurat
665 5158 718 5211 in
746 5157 858 5223 illo,
885 5166 932 5211 et
968 5159 1021 5211 in
1051 5175 1108 5211 eo
1132 5159 1217 5228 qui
1234 5157 1429 5211 habitat
1454 5159 1504 5210 in
1530 5159 1659 5228 ipso.

47 5244 120 5299 Et
157 5248 268 5318 qui
288 5247 448 5317 jurat
483 5249 538 5302 in
569 5249 857 5319 cwlojurat
881 5250 934 5303 in
959 5251 1143 5303 throno
1172 5249 1288 5312 Dei,
1333 5250 1459 5304 etin
1496 5267 1554 5302 eo
1575 5250 1664 5320 qui

47 5342 204 5395 sedet
245 5355 416 5409 super
436 5357 572 5394 eum.
609 5339 800 5410 Supra,
843 5352 900 5395 ut
936 5343 1110 5396 visum
1159 5341 1313 5396 nobis
1359 5351 1471 5406 est,
1499 5357 1666 5411 expo-

47 5431 291 5484 suimus
345 5431 471 5498 quid
511 5429 838 5500 significaret
873 5431 1091 5486 traditio
1137 5432 1550 5494 Pharisaeorum,
1586 5433 1664 5485 di-

47 5522 322 5576 :entium
349 5539 360 5574 :
403 5521 609 5575 Donum
635 5523 974 5593 quodcunque
1009 5535 1084 5578 est
1113 5531 1176 5578 ea:
1203 5541 1304 5588 me,
1351 5524 1443 5576 tibi
1477 5524 1664 5594 prode-

47 5615 136 5666 rit.
200 5610 377 5666 Nunc
411 5610 603 5681 duplex
639 5620 693 5667 et
722 5612 787 5666 ad
832 5629 992 5666 unam
1036 5617 1374 5670 occasionem
1422 5617 1663 5671 avaritiae

47 5707 313 5760 :rahens
340 5703 730 5760 Pharisaeorum
761 5707 996 5762 conditio
1024 5708 1432 5775 condemnatur,
1481 5718 1539 5763 ut
1577 5725 1663 5764 ar-

47 5805 323 5869 guantur
351 5806 538 5853 cuncta
560 5813 659 5869 pro
688 5799 836 5854 lucro
874 5797 1072 5864 facere,
1119 5808 1174 5854 et
1204 5817 1307 5854 non
1333 5817 1431 5870 pro
1471 5802 1662 5856 timore

47 5891 170 5945 Dei.
228 5887 397 5945 Sicut
425 5891 566 5946 enim
598 5894 650 5947 in
698 5893 1042 5964 plIyIacteriis
1085 5902 1140 5948 et
1168 5893 1395 5950 ﬁmbriis
1427 5895 1663 5950 dilatatis

48 5982 256 6051 ipinio
306 5984 606 6042 sanctitatis
630 5987 873 6055 captabat
924 5985 1171 6057 gloriam,
1213 5993 1265 6038 ct
1286 5998 1384 6054 per
1425 5985 1664 6040 occasio-

1691 4743 1745 4802 D

1775 3506 1852 3551 est
1889 3515 2078 3553 aurum
2116 3519 2184 3556 an
2211 3506 2474 3574 templum,
2505 3509 2642 3579 quod
2671 3510 2963 3578 sanctiﬁcat
3003 3523 3188 3564 aurum
3215 3512 3240 3565 Ρ
3289 3512 3358 3566 Et

1775 3590 1973 3645 iterum
2005 3593 2139 3646 dixit
2167 3613 2178 3646 :
2213 3595 2351 3660 Quid
2384 3600 2520 3650 enim
2546 3591 2716 3669 majus
2737 3607 2811 3653 est
2839 3600 3052 3667 donum,
3086 3617 3155 3656 an
3191 3602 3358 3658 altare

1773 3683 1912 3752 quod
1931 3687 2224 3753 sanctiﬁcat
2252 3688 2447 3743 donum
2472 3691 2497 3743 ?
2522 3691 2594 3746 ita
2621 3690 3022 3765 intelligendum
3052 3703 3134 3751 est
3166 3713 3179 3751 :
3214 3705 3352 3752 tem-

1759 3770 1920 3840 plum
1967 3783 2021 3827 et
2056 3777 2225 3831 altare
2257 3779 2429 3848 ipsum
2460 3781 2734 3837 ChriStum
2763 3826 2777 3849 ,
2837 3799 3026 3840 aurum
3057 3796 3110 3841 et
3152 3788 3353 3843 donum

1775 3861 1962 3917 laudes
1990 3875 2042 3919 et
2073 3868 2339 3922 sacriﬁcia
2377 3885 2619 3938 precum,
2653 3889 2772 3943 qua:
2811 3875 2862 3928 in
2890 3893 2956 3931 eo
2993 3879 3090 3947 per
3118 3892 3241 3932 eum
3273 3878 3354 3932 of-

1773 3955 1999 4011 ferimus
2029 3976 2041 4014 :
2090 3975 2196 4013 non
2225 3961 2370 4016 enim
2403 3964 2487 4020 ille
2514 3980 2612 4034 per
2638 3966 2777 4028 haec.
2817 3970 2911 4024 sed
2942 3953 3045 4025 ista
3079 3985 3178 4042 per
3203 3968 3352 4027 illum

1771 4048 2195 4104 sanctiﬁcantur.
2399 4065 2402 4067 '

1854 4139 1944 4193 Vw
1971 4143 2132 4206 vobis,
2163 4145 2346 4199 scribae
2377 4155 2423 4199 et
2469 4145 2731 4204 Pharisazi
2763 4151 3065 4222 hypocritw,
3103 4156 3226 4224 quia
3263 4155 3352 4210 de-

1772 4232 1977 4285 cimatis
2012 4246 2256 4300 menlam,
2306 4246 2352 4288 et
2386 4247 2626 4306 anetum,
2668 4252 2714 4294 et
2747 4245 3005 4312 cyminum
3046 4255 3092 4299 et
3140 4247 3351 4318 reliqui-

1770 4330 1863 4382 stis
1889 4348 2004 4400 qua,
2032 4331 2271 4401 graviora
2319 4343 2460 4396 sunt,
2492 4333 2776 4403 judicium,
2830 4348 2875 4388 et
2914 4337 3348 4404 misericordiam,

1770 4429 1818 4472 et
1847 4420 2002 4486 [idem
2032 4437 2049 4473 :
2087 4423 2196 4473 Iure
2240 4425 2467 4491 Oportuit
2512 4425 2703 4492 facere,
2751 4433 2798 4478 et
2829 4425 2920 4478 illa
2949 4441 3062 4479 non
3095 4429 3348 4482 omittere.

1771 4507 2038 4581 (Hieron.)
2067 4510 2228 4564 Multa
2252 4513 2302 4565 in
2333 4512 2448 4582 lege
2470 4525 2734 4583 pr:ecepta
2763 4523 2884 4569 sunt
2908 4532 3027 4586 qua:
3055 4526 3208 4588 typos
3233 4535 3354 4589 pro-

1768 4599 1947 4654 ferunt
1971 4603 2292 4656 futurorum.
2345 4605 2462 4658 Alia
2491 4621 2620 4659 vero
2642 4623 2759 4676 qua:
2781 4617 2963 4676 aperta
3003 4621 3128 4665 sunt
3154 4618 3207 4666 et
3232 4612 3353 4665 illu-

1771 4696 1975 4748 minant
1996 4697 2178 4751 oculos
2194 4697 2345 4766 juxta
2371 4698 2700 4766 psalmistam
2723 4700 3017 4755 dicentem:
3038 4700 3351 4756 Mandatum

1771 4790 1982 4843 Domini
2033 4790 2302 4855 Incidunt,
2367 4791 2672 4846 il'luminans
2719 4793 2936 4860 oculos,
2997 4811 3114 4863 qu:e
3165 4796 3348 4850 statim

1768 4897 1931 4951 opera
1986 4881 2324 4947 desiderant;
2368 4883 2515 4936 verbi
2567 4885 2785 4953 gratia:
2838 4885 2962 4939 Non
3003 4885 3346 4952 adulterabis,

1769 4988 1871 5024 non
1924 4973 2118 5040 furtum
2171 4973 2349 5040 facies,
2401 4991 2502 5027 non
2549 4973 2741 5043 falsum
2789 4977 3137 5030 testimonium
3185 4979 3347 5044 dices,

1766 5071 1869 5117 etc.
1900 5063 2069 5133 (Psal.
2109 5065 2279 5126 XVIII).
2331 5064 2584 5119 Pharisari
2612 5074 2818 5132 autem,
2865 5068 2988 5136 quia
3017 5079 3345 5137 pneceperat

1766 5154 2032 5209 Dominus
2081 5157 2316 5224 (interim
2366 5167 2423 5211 ut
2475 5158 2774 5214 intellectus
2815 5162 3067 5231 mysticus
3107 5161 3345 5218 dimitta-

1768 5246 1910 5317 mus)
1937 5255 2155 5315 propter
2186 5247 2494 5301 alimoniam
2543 5251 2878 5304 sacerdotum
2928 5257 2981 5307 et
3011 5250 3342 5320 chitarum,

1767 5353 1997 5408 quorum
2027 5353 2152 5406 pars
2182 5347 2299 5393 erat
2348 5340 2626 5406 Domitius,
2663 5344 2899 5397 omnium
2937 5359 3114 5400 rerum
3162 5347 3345 5402 oﬁ'crri

1767 5429 1823 5483 in
1855 5427 2049 5498 templo
2094 5429 2350 5495 decimas,
2405 5431 2508 5486 hoc
2539 5447 2702 5486 unum
2750 5435 3020 5489 habebant
3061 5439 3245 5504 studii,
3291 5442 3348 5493 ut

1765 5516 2048 5588 quazjussa
2076 5518 2288 5573 fuerant
2309 5531 2794 5590 comportarentur.
2819 5526 3023 5579 Caetera
3053 5543 3171 5597 quae
3192 5538 3346 5584 erant

1769 5613 1994 5681 majora,
2016 5622 2196 5667 utrum
2219 5614 2338 5682 quis
2362 5614 2584 5680 faceret,
2606 5631 2672 5669 an
2696 5633 2823 5681 non,
2849 5621 2998 5687 parvi
3018 5623 3342 5690 pendebant.

1769 5703 1837 5757 Et
1860 5721 1926 5758 ex
1956 5705 2059 5759 hoc
2093 5705 2275 5774 itaque
2319 5707 2553 5776 capitulo
2579 5711 2756 5780 arguit
2789 5725 2903 5777 eos,
2938 5717 3078 5783 quod
3109 5716 3344 5771 studiose

1767 5799 1930 5853 etiam
1957 5799 2137 5853 vilium
2167 5799 2369 5853 olerum
2398 5801 2633 5856 decimas
2656 5803 2892 5875 exigant,
2933 5816 2986 5862 et
3006 5809 3263 5878 judicium
3289 5809 3341 5862 in

1769 5890 2154 5959 disceptatione
2181 5893 2531 5961 negotiorum,
2567 5895 3094 5964 misericordiamque
3126 5897 3175 5951 in
3207 5916 3340 5970 pau-

1765 5997 1922 6052 peres
1973 5982 2196 6050 pupillos
2242 5993 2295 6037 et
2337 5987 2539 6050 viduas,
2594 5995 2646 6040 et
2696 5988 2852 6041 ﬁdem
2884 5988 2938 6041 in
2981 5987 3169 6057 Deum,
3225 6007 3341 6060 qua:
