3898 6448
490 528 628 587 1071

1141 521 1203 576 Β.
1246 517 1500 576 ΒΑΒΑΝΙ
1537 513 1761 572 MAUR!
1799 511 2076 570 ABCHIEI

2185 511 2472 570 IOGUNT.
2513 509 2800 570 OPERUM
2838 508 3020 566 PARS
3058 509 3100 564 l.

3667 510 3806 566 1073

487 654 685 714 magna
729 644 884 703 sunt,
934 633 1375 705 praetermittam.
1432 629 1615 704 (Aug.)
1668 626 1830 694 Haec,
1886 625 2080 696 inquit,
2109 629 2163 690 Α
2188 635 2472 696 utramque
2507 625 2788 680 hominum
2837 631 3086 678 naturam
3118 620 3263 685 fecit,
3294 631 3612 692 utramque
3646 638 3806 678 mun-

485 731 716 805 oportuit
755 729 948 799 facere,
981 726 1035 780 id
1076 733 1159 780 est
1199 723 1486 794 judicium,
1539 718 1994 783 misericordiam,
2025 724 2081 772 et

485 823 670 888 ﬁdem,
709 829 770 875 ut
793 828 849 874 et
868 832 969 872 nos
996 815 1264 872 veraciter
1292 815 1357 870 de
1388 820 1572 868 nostra
1604 811 1824 866 miseria
1842 808 2088 879 judican-

487 925 588 982 ωε,
612 924 668 970 et
691 913 784 968 Dei
817 911 1141 966 charitatem
1169 923 1331 978 quam
1383 905 1600 961 donavit
1625 905 1741 974 ipse
1777 902 2082 972 diligentes,

483 1007 572 1076 pic
600 1013 860 1073 recteque
889 1001 1136 1056 vivamus
1153 997 1358 1070 justum
1376 996 1638 1064 judicium
1664 995 1780 1064 ejus
1816 993 2081 1048 confiten-

485 1106 568 1152 tes
597 1112 708 1166 quo
732 1094 918 1149 miseri
957 1091 1134 1148 effecti
1186 1105 1391 1145 sumus.
1441 1088 1516 1142 De
1548 1104 1655 1158 quo
1691 1086 1823 1141 dicit
1858 1085 2085 1155 Aposto-

483 1180 568 1244 lus
593 1207 606 1242 :
643 1187 679 1240 Ι
684 1186 916 1241 udicium
941 1184 1152 1257 quidem
1173 1198 1237 1236 ea:
1259 1198 1361 1234 uno
1393 1181 1448 1233 in
1474 1177 1957 1232 condemnationem
1979 1193 1997 1240 ;
2036 1185 2085 1228 et

483 1292 688 1347 magna:
715 1274 964 1329 charitati
998 1273 1114 1343 ejus
1151 1271 1352 1342 gratias
1406 1279 1614 1340 agentes
1669 1266 1844 1338 (Rom.
1888 1265 1966 1338 v).
2009 1264 2085 1319 De

408 1351 419 1437 ί
485 1386 590 1440 qua
639 1369 785 1423 idem
812 1367 926 1436 ipse
969 1365 1098 1420 dicit
1134 1364 1319 1433 gratiae
1355 1362 1708 1432 praedicator:
1742 1356 2084 1413 Commendat

404 1520 410 1528 ,
484 1472 660 1517 autem
700 1476 853 1514 suam
878 1459 1187 1512 charitatem
1222 1455 1362 1508 Deus
1393 1455 1447 1507 in
1474 1453 1642 1519 nobis,
1686 1451 1935 1522 quoniam
1965 1466 2082 1503 cum

411 1539 414 1542 i
485 1554 659 1608 adhuc
709 1560 1005 1623 peccatores
1041 1565 1301 1614 essemus,
1345 1546 1586 1601 Christus
1625 1563 1718 1616 pro
1761 1545 1906 1599 nobis
1943 1561 2086 1599 mor-

482 1652 606 1697 tuus
635 1650 730 1697 est.
773 1640 1022 1710 Oportuit
1051 1648 1106 1694 et
1136 1639 1223 1692 illa
1257 1655 1364 1694 non
1394 1638 1664 1703 omittere,
1706 1636 1760 1691 id
1791 1643 1892 1702 est,
1936 1636 2081 1692 elec-

483 1747 742 1804 mosynas
775 1731 1048 1786 fructuum
1084 1739 1444 1784 terrenorum.
1487 1728 1604 1783 Non
1626 1743 1756 1797 ergo
1784 1743 1841 1784 se
1874 1728 2080 1795 fallant,

481 1823 574 1893 qui
599 1837 698 1894 per
735 1821 1102 1893 eleemosynas
1131 1821 1401 1890 quaslibet
1447 1819 1780 1890 largissimas
1811 1818 2083 1874 fructuum

482 1931 731 1980 suorum,
775 1913 1035 1983 cujusque
1088 1912 1332 1982 pecuniae
1369 1912 1743 1982 impunitatem
1795 1927 1852 1967 se
1899 1926 2083 1966 emere

481 2007 794 2063 existimant
829 2007 882 2060 in
911 2005 1212 2061 facinorum
1241 2005 1582 2062 immanitate
1603 2047 1618 2074 ,
1659 2021 1723 2061 ac
1751 2004 2079 2078 ﬂagitiorum
2107 1998 2155 2059 B

482 2097 722 2168 nequitia
750 2096 1122 2167 permanendi.

552 2187 722 2241 Duces
748 2187 873 2240 eieci
895 2185 1190 2240 excolantes
1219 2185 1458 2252 culicem,
1486 2187 1742 2242 camelum
1764 2198 1938 2243 autem
1964 2187 2079 2258 glu-

421 2283 430 2286 “
481 2279 682 2334 tientes.
730 2277 1007 2335 Camelum
1036 2286 1167 2347 puto
1193 2293 1313 2332 esse
1334 2276 1492 2346 juxta
1547 2295 1765 2334 sensum
1798 2280 2080 2348 pra-sentis

481 2369 584 2425 loci
609 2379 665 2425 et
686 2370 1112 2442 magnitudinem
1142 2379 1558 2440 praeceptorum,
1588 2370 1873 2440 judicium,
1907 2379 1961 2426 et
1987 2371 2081 2425 mi-

481 2460 869 2528 sericordiam,
943 2468 999 2515 et
1053 2460 1258 2528 fidem;
1331 2462 1558 2517 culicem
1611 2474 1792 2517 autem
1842 2462 2080 2518 decimas

480 2563 696 2621 mentae,
749 2563 805 2608 et
832 2554 1010 2619 aneti,
1066 2562 1122 2608 et
1154 2555 1376 2624 cymini,
1417 2563 1472 2610 et
1526 2555 1854 2626 reliquorum
1890 2555 2078 2610 vilium

481 2647 712 2703 olerum.
762 2645 886 2700 Haec
931 2654 1120 2701 contra
1147 2656 1418 2717 praecepta
1451 2647 1570 2713 Dei,
1597 2663 1717 2717 qua:
1753 2648 1911 2719 digna
1955 2656 2082 2703 sunt

478 2737 802 2793 devoramus
854 2745 1015 2808 atque
1045 2738 1386 2810 negligimus,
1435 2749 1492 2795 et
1519 2741 1772 2812 opinione
1803 2741 2078 2813 religionis

478 2831 533 2885 in
558 2830 740 2899 parvis
761 2844 880 2901 qua:
908 2829 1119 2884 lucrum
1147 2831 1350 2886 habent
1380 2831 1711 2903 diligentiam
1737 2833 2078 2888 demonstra-

478 2933 618 2973 mus.
648 2915 832 2991 (Aug.)
878 2917 1115 2974 Possunt
1166 2928 1345 2976 tamen
1373 2922 1489 2976 haec
1528 2937 1626 2992 per
1667 2921 1980 2994 allegoriam
2010 2923 2078 2978 ad

475 3010 690 3067 Judaaos
718 3010 928 3066 referri.
961 3011 1100 3080 Quia
1122 3013 1444 3069 dimiserunt
1478 3013 1806 3082 Barrabam,
1841 3016 1934 3087 qui
1969 3030 2076 3070 non

477 3103 710 3159 solverat
735 3104 1018 3160 sabbatum
1035 3147 1050 3172 ,
1081 3107 1226 3176 quod
1255 3122 1450 3178 magna
1475 3108 1756 3179 diligentia
1783 3108 2079 3164 carnaliter

475 3196 857 3264 observabant,
878 3187 1194 3255 occiderunt
1223 3210 1405 3256 autem
1435 3201 1721 3256 Dominum
1753 3201 2074 3273 spiritaliter

476 3289 762 3344 sabbatum
804 3289 1190 3357 insinuantem,
1232 3291 1636 3362 perjudicium,
1664 3301 1719 3348 et
1763 3293 2076 3348 misericor-

2187 716 2305 772 dari
2334 716 2624 771 desiderat.
2681 714 2796 770 Hoc
2818 722 3008 770 contra
3039 712 3385 778 Manichaaos,
3421 713 3525 782 qui
3558 713 3804 769 animus

2188 815 2398 861 tantum
2427 821 2458 860 a
2488 805 2617 871 Deo,
2671 820 2887 860 carnem
2916 820 3048 860 vero
3072 812 3263 874 putant
3303 821 3333 859 a
3386 803 3624 859 diabolo
3656 820 3804 861 crea-

2187 887 2316 952 tam.
2355 895 2469 952 Hoc.
2495 905 2684 952 contra
2708 896 2850 961 illos,
2878 897 2968 966 qui
2995 895 3295 967 corporalia
3325 906 3598 967 peccata,
3639 895 3805 952 forni-

2187 989 2454 1044 cationem
2481 987 2754 1054 videlicet,
2784 989 3203 1054 immunditiam,
3233 987 3557 1051 libidinem,
3577 986 3800 1055 furtum,

2187 1080 2456 1150 rapinam,
2493 1091 2548 1134 et
2575 1088 2771 1135 caztera
2801 1079 2927 1134 talia
2952 1079 3107 1149 quasi
3149 1079 3484 1150 gravissima
3519 1079 3799 1134 detestan-

2189 1188 2294 1245 tur,
2325 1178 2592 1249 spiritalia
2614 1193 2763 1243 vero,
2793 1194 2913 1248 quae
2949 1192 3055 1231 non
3085 1177 3266 1231 minus
3292 1175 3537 1230 damnat
3578 1177 3800 1245 Aposto-

2186 1271 2290 1338 lus,
2348 1271 2450 1328 hoc
2479 1279 2585 1337 est,
2628 1269 3081 1344 amaritudinem,
3130 1269 3291 1333 iram,
3326 1268 3798 1338 indignationem,

2185 1363 2497 1429 clamorem,
2528 1362 2943 1432 blasphemiam,
2985 1361 3294 1432 superbiam
3319 1401 3333 1425 ,
3393 1374 3455 1415 et
3487 1360 3797 1424 avaritiam,

2185 1471 2306 1526 quae
2330 1455 2598 1511 idolorum
2625 1465 2710 1510 est
2740 1455 2994 1521 servitus,
3042 1463 3103 1508 ut
3123 1452 3266 1508 levia
3295 1462 3707 1508 contemnunt.

2269 1546 2357 1603 γω
2380 1549 2544 1614 vobis,
2576 1547 2759 1602 scriba:
2787 1557 2833 1600 et
2857 1545 3120 1601 Pharisaei
3141 1546 3466 1616 hypocriten,
3501 1546 3642 1614 quia
3669 1545 3796 1597 sini-

2185 1639 2259 1696 les
2287 1640 2409 1695 estis
2429 1639 2680 1711 sepulcris
2707 1637 2988 1704 dealbatis,
3035 1654 3154 1709 qua:
3178 1655 3210 1690 a
3244 1637 3387 1707 foris
3423 1647 3624 1706 patent
3655 1638 3799 1689 honi-

2187 1733 2338 1787 nibus
2365 1731 2620 1803 speciosa,
2649 1731 2789 1784 intus
2817 1746 2933 1785 vero
2958 1728 3112 1800 plena
3137 1737 3259 1782 sunt
3301 1728 3531 1782 ossibus
3587 1736 3798 1779 momo-

2187 1841 2326 1890 rum,
2349 1835 2397 1878 et
2434 1824 2574 1878 omni
2598 1824 2874 1894 spurcitia.
2924 1819 3012 1876 Sic
3043 1829 3090 1875 et
3118 1836 3204 1875 vos
3246 1837 3280 1872 a
3304 1819 3453 1888 foris
3480 1818 3706 1888 quidem
3726 1836 3797 1888 ps-

2187 1920 2309 1974 retis
2347 1918 2641 1972 hominibus
2661 1918 2818 1988 justi,
2840 1917 2981 1970 intus
3007 1925 3182 1969 autem
3210 1913 3355 1984 pleni
3386 1913 3526 1966 estis
3557 1912 3797 1981 hypocrisi

2183 2021 2231 2066 et
2261 2013 2554 2081 iniquitate.
2601 2009 2875 2079 Sepulcris
2903 2022 3119 2079 quoque
3158 2021 3256 2062 eos
3281 2005 3676 2074 comparavit,
3704 2019 3797 2074 qua:

2181 2101 2420 2155 humano
2447 2114 2613 2169 opere
2638 2098 2895 2168 cultuque
2923 2096 3287 2167 splendentia,
3322 2103 3699 2149 mortuorum
3726 2108 3795 2146 os—

2181 2189 2333 2245 sibus
2358 2197 2414 2243 et
2433 2189 2760 2244 cadaverum
2787 2186 3145 2242 immunditiis
3170 2186 3420 2240 interius
3449 2185 3792 2239 sordescant;

2180 2280 2474 2352 prazferant
2501 2281 2708 2336 scilicet
2738 2280 2987 2335 inanibus
3010 2279 3194 2334 verbis
3215 2277 3466 2347 iustitia:
3489 2278 3792 2347 speciosiu-

2183 2381 2322 2437 tem,
2353 2371 2590 2426 habeant
2611 2385 2742 2426 vero
2786 2370 2927 2424 intra
2956 2368 3392 2424 se'conscientizn
3434 2382 3562 2422 suae
3595 2366 3790 2420 mentis-

2181 2478 2286 2534 que
2309 2463 2558 2518 fetorem.
2603 2463 2742 2518 Hinc
2780 2462 2908 2517 illud
2955 2461 3098 2533 quod
3127 2462 3182 2516 in
3213 2460 3396 2516 calice
3427 2468 3487 2515 et
3529 2460 3790 2530 paropsis

2182 2572 2342 2626 supra
2374 2555 2800 2620 demonstrabat,
2841 2569 2907 2609 eo
2946 2554 3089 2623 quod
3122 2553 3260 2608 foris
3303 2553 3410 2608 loti
3443 2564 3647 2608 essent
3670 2554 3790 2607 etin-

2181 2646 2450 2701 trinsecus
2474 2646 2697 2712 sordidi,
2731 2645 2833 2700 hoc
2860 2661 3003 2700 nunc
3042 2660 3140 2715 per
3165 2645 3498 2715 exemplum
3544 2659 3789 2714 seputcro-

2181 2753 2300 2792 rum
2326 2737 2584 2808 replicat:
2611 2738 2755 2808 quod
2779 2737 3051 2807 quomodo
3081 2736 3332 2806 sepulcra
3365 2736 3690 2792 forinsecus
3713 2736 3787 2790 lita

2183 2839 2308 2888 sunt
2338 2832 2504 2899 calce,
2528 2840 2585 2888 et
2607 2841 2800 2888 ornata
2828 2831 3207 2896 marmoribus,
3250 2839 3308 2885 et
3335 2845 3489 2885 auro
3511 2831 3785 2885 coloribus-

2182 2937 2287 2992 que
2318 2924 2594 2990 distincta,
2643 2923 2789 2978 intus
2836 2932 3020 2978 autem
3046 2923 3204 2994 plena
3232 2932 3367 2978 sunt
3408 2923 3645 2978 ossibus
3670 2938 3784 2976 mr-

2185 3026 2433 3073 tuorum:
2463 3019 2545 3073 sic
2582 3027 2637 3073 et
2665 3018 2906 3088 perversi
2946 3017 3215 3085 magistri,
3249 3019 3386 3087 quia
3446 3017 3566 3072 alia
3595 3020 3780 3072 docent.

2180 3119 2236 3163 et
2261 3109 2364 3163 alia
2390 3109 2614 3174 faciunt,
2639 3109 2958 3164 munditiam
2981 3109 3167 3164 habitu
3189 3109 3392 3173 vestis,
3426 3118 3487 3164 et
3515 3111 3780 3164 verborum

2181 3199 2484 3254 humilitate
2520 3201 2998 3264 demonstrarent,
3053 3199 3201 3254 intus
3229 3209 3426 3254 autem
3479 3199 3634 3270 pleni
3684 3207 3780 3252 sunt

2178 3291 2326 3345 omni
2358 3292 2644 3361 spurcitia,
2667 3300 2723 3346 et
2750 3292 2998 3357 avaritia,
3032 3299 3089 3346 et
3115 3290 3361 3345 libidine.
3404 3291 3664 3361 Denique
3689 3306 3777 3344 ina-

476 3381 644 3448 diam,
673 3390 728 3437 et
759 3382 940 3450 fidem,
965 3400 1085 3455 qua:
1112 3385 1189 3439 illi
1215 3361 1452 3441 maxime
1474 3389 1910 3443 contemnebant.
1939 3386 2075 3441 Nam
2104 3361 2149 3424 Ο
2182 3381 2433 3438 nifestius
2466 3383 2570 3438 hoc
2601 3383 2776 3452 ipsum
2805 3382 3061 3452 exprimit
3089 3381 3330 3438 inferens
3360 3384 3453 3438 sic
3479 3431 3486 3436 .
3543 3383 3617 3437 Et
3646 3398 3732 3436 vos
3755 3395 3775 3433 ι

477 3481 532 3526 et
557 3472 750 3529 culicis
799 3476 1018 3532 nomine
1047 3491 1156 3530 non
1209 3478 1445 3533 absurde
1497 3478 1757 3550 figuratur
1785 3478 2078 3534 seditiosus

476 3565 772 3633 homicida,
807 3568 934 3638 quia
969 3569 1073 3623 hoc
1103 3569 1336 3635 animal,
1385 3578 1440 3625 et
1476 3570 1765 3640 strependo
1788 3569 2075 3639 inquietat,

479 3663 534 3712 et
563 3657 1197 3728 sanguinedelectatur;
1245 3670 1300 3717 et
1341 3661 1532 3717 cameli
1588 3663 1807 3717 nomine
1854 3673 2078 3734 propter

480 3746 856 3803 humiliantem
906 3765 964 3805 se
1009 3749 1075 3804 ad
1105 3752 1383 3807 subeunda
1421 3767 1588 3808 onera
1626 3753 2074 3824 magnitudinem,

479 3848 843 3911 congruenter
869 3841 1192 3914 intelligitur
1215 3843 1497 3901 Dominus.

561 3927 650 3984 Va:
675 3932 836 3998 vobis,
867 3933 1053 3987 scriba:
1079 3942 1128 3987 et
1159 3931 1423 3991 Phariswi
1449 3936 1756 4006 hypocrita,
1789 3937 1878 4007 qui
1925 3953 2080 3990 mun-

478 4019 640 4085 datis,
671 4021 810 4091 quod
858 4022 924 4076 de
953 4022 1083 4092 foris
1113 4033 1190 4078 est
1218 4025 1397 4080 calicis
1427 4043 1445 4093 ;
1491 4036 1539 4082 et
1580 4029 1908 4098 paropsidis,
1936 4029 2079 4083 intus

478 4118 654 4163 autem
673 4110 812 4181 pleni
835 4114 958 4166 estis
989 4116 1176 4182 rapina
1205 4125 1252 4169 et
1281 4117 1613 4170 immunditia
1638 4118 1662 4170 1’
1696 4118 1935 4174 Diversis
1953 4134 2076 4174 ver-

478 4197 564 4253 bis
594 4199 785 4254 eodem
809 4215 918 4272 quo
939 4217 1100 4273 supra
1132 4219 1295 4260 sensu
1323 4206 1502 4276 arguit
1525 4205 1828 4263 Pharisaeos
1859 4209 2079 4266 simula-

483 4289 648 4345 tionis
673 4296 835 4360 atque
858 4293 1157 4361 mendacii,
1185 4297 1329 4366 quod
1357 4295 1502 4352 aliud
1527 4298 1816 4354 ostendant
1847 4301 2079 4356 homini-

475 4379 580 4436 bus
609 4380 782 4450 foris,
826 4383 968 4439 aliud
1014 4387 1158 4441 domi
1210 4396 1392 4459 agant.
1441 4388 1558 4445 Non
1607 4391 1749 4460 quod
1808 4393 1861 4447 in
1911 4393 2078 4451 calice

477 4489 664 4530 eorum
701 4483 755 4530 et
779 4478 1065 4548 paropside
1096 4481 1411 4549 superstitio
1441 4491 1764 4549 moraretur,
1807 4484 1898 4539 sed
1934 4485 2077 4555 quod

477 4567 788 4622 hominibus
827 4571 1175 4625 ostenderent
1203 4573 1547 4628 sanctitatem
1571 4575 1626 4628 in
1655 4575 1863 4641 habitu,
1888 4578 1942 4630 in
1965 4593 2078 4632 ser-

479 4676 658 4726 mone,
691 4661 745 4715 in
774 4657 1144 4733 phylacteriis,
1178 4667 1230 4720 in
1260 4666 1510 4732 fimbriis,
1542 4668 1596 4723 in
1630 4670 1938 4724 orationum
1961 4671 2078 4726 lon-

2182 3473 2315 3529 foris
2343 3474 2560 3543 quidem
2589 3476 2795 3544 paretis
2838 3475 3148 3530 hominibus
3181 3473 3363 3543 justi,
3418 3476 3579 3531 intus
3624 3486 3772 3530 ante:

2181 3567 2322 3636 pleni
2352 3567 2483 3622 estis
2514 3568 2787 3638 hypocrisi
2819 3576 2874 3622 et
2899 3568 3202 3638 iniquitate.

2265 3657 2355 3712 Vw
2384 3659 2543 3725 vobis,
2575 3659 2760 3713 scriba:
2785 3671 2834 3713 et
2876 3659 3133 3714 Phariscei
3159 3660 3483 3731 hypocrita,
3513 3663 3648 3733 quia
3671 3661 3769 3715 edi-

2180 3751 2353 3819 ﬁcatis
2391 3749 2630 3820 sepulcra
2669 3751 3076 3820 prophetarum,
3122 3761 3170 3806 et
3209 3754 3422 3806 ornatis
3454 3763 3763 3807 suam

2174 3843 2465 3912 justorum,
2505 3851 2554 3897 et
2585 3842 2760 3896 dicitis
2792 3859 2809 3896 :
2840 3842 2903 3899 Si
2947 3843 3227 3912 fuissemus
3258 3844 3317 3897 in
3363 3845 3562 3898 diebus
3590 3857 3758 3913 pars:

2182 3945 2504 4000 nostrorum,
2537 3951 2642 3988 non
2669 3951 2898 3989 essemus
2922 3936 3049 3989 socii
3071 3951 3250 3990 eorum
3276 3935 3333 3988 in
3363 3937 3637 4006 sanguine
3663 3949 3758 4002 pre-

2178 4025 2476 4096 phetarum.
2507 4024 2696 4095 Itaque
2745 4025 3038 4080 testimonio
3084 4026 3206 4079 estis
3249 4025 3643 4093 nobismetipsis
3664 4039 3759 4092 qm

2180 4115 2279 4184 ﬁlii
2299 4117 2424 4171 estis
2464 4133 2644 4170 eorum
2672 4117 2762 4189 qui
2787 4118 3062 4188 prophetas
3102 4117 3432 4171 occiderunt.
3475 4117 3760 4171 Prudentis-

2181 4208 2320 4264 simo
2350 4207 2660 4279 syllogismo
2707 4210 2888 4280 arguit
2914 4224 3008 4264 eos
3035 4208 3175 4265 filios
3198 4224 3321 4264 esse
3352 4209 3757 4264 homicidarum.

2181 4301 2307 4357 dum
2354 4301 2455 4372 ipsi
2489 4303 2744 4373 Opinione
2775 4304 3035 4359 bonitatis
3068 4312 3123 4358 et
3149 4302 3336 4374 gloria:
3378 4304 3440 4357 in
3479 4303 3674 4374 populo
3695 4317 3758 4355 se-

2179 4393 2363 4465 pulcra
2411 4395 2681 4450 aedificant
2709 4397 3095 4466 prophetarum
3115 4437 3129 4462 ,
3161 4411 3298 4465 quos
3325 4395 3573 4464 majores
3601 4411 3758 4449 eorum

2181 4487 2568 4543 interfecerunt
2591 4497 2645 4544 et
2667 4490 2886 4545 dicunt:
2913 4489 2971 4545 Si
2999 4489 3288 4545 fuissemus
3315 4490 3370 4543 in
3399 4489 3494 4544 illo
3519 4501 3755 4560 tempore.

2180 4594 2288 4634 non
2318 4578 2636 4636 fecissemus
2671 4597 2735 4636 ea
2765 4598 2886 4652 qua:
2925 4581 3171 4638 fecerunt
3218 4594 3406 4654 patres
3436 4586 3634 4639 nostri.
3665 4583 3755 4637 Hoc

2180 4669 2396 4724 etiamsi
2427 4686 2679 4727 sermone
2702 4688 2809 4727 non
2840 4673 3049 4737 dicunt,
3081 4687 3243 4742 opere
3275 4672 3606 4742 loquuntur,
3627 4689 3686 4727 ex
3709 4689 3758 4724 es

478 4753 738 4823 gitudine,
769 4764 823 4808 et
849 4755 902 4808 in
929 4758 1138 4812 caeteris
1177 4759 1507 4825 istiusmodi,
1539 4761 1866 4818 intrinsecus
1889 4773 2071 4820 autem

2185 4763 2326 4832 quod
2373 4763 2660 4818 ambitiose
2713 4772 2768 4819 et
2819 4737 3433 4830 tnagnilice-tndifica-nt
3487 4737 3756 4820 memorias

477 4852 660 4899 essent
685 4845 937 4900 vitiorum
975 4850 1224 4906 sordibus
1262 4851 1426 4922 pleni.
1459 4851 1655 4908 Calicis
1682 4871 1915 4927 namque
1944 4874 2074 4914 usus

478 4937 704 4992 interior
731 4947 833 5004 est,
871 4941 960 5009 qui
989 4942 1034 4995 si
1072 4944 1434 5010 obsorduerit,
1467 4946 1596 5015 quid
1635 4948 1883 5017 proficiet
1931 4949 2072 5006 lotus

477 5027 762 5082 exterius?
801 5028 1028 5102 (Hilar.)
1058 5033 1234 5102 Atque
1277 5033 1397 5088 ideo
1426 5035 1700 5092 interioris
1728 5040 2074 5096 conscientia:

477 5119 623 5174 nitor
650 5127 733 5176 ost
753 5123 1108 5191 obtinendus,
1140 5135 1200 5179 ut
1233 5141 1297 5180 ea
1331 5143 1451 5196 qua:
1479 5131 1721 5198 corporis
1750 5140 1877 5186 sunt
1905 5131 2072 5187 forin-

377 5207 386 5214 ’
479 5227 637 5267 secus
667 5213 948 5271 laventur?

553 5301 822 5361 Phariswe
849 5324 1004 5375 caece,
1029 5311 1231 5366 munda
1270 5314 1415 5383 prius
1444 5316 1583 5385 quod
1615 5325 1757 5371 intus
1785 5327 1860 5371 est
1889 5318 2070 5374 calicis

479 5404 528 5450 et
567 5401 879 5468 paropsidis,
910 5411 968 5455 ut
1009 5404 1104 5472 ﬁat
1143 5413 1190 5459 et
1213 5404 1269 5459 id
1298 5406 1437 5476 quod
1466 5406 1662 5477 deforis
1687 5419 1762 5462 est
1789 5412 2064 5466 mundum.

478 5487 596 5544 Hoc
615 5498 717 5553 est,
746 5494 946 5548 munda
969 5495 1119 5565 prius
1158 5512 1252 5551 cor
1280 5505 1336 5552 et
1353 5497 1738 5553 conscientiam
1762 5516 1791 5552 a
1817 5503 2068 5571 concupi-

476 5580 686 5636 scentia
710 5591 765 5635 et
793 5586 974 5653 pravis
1003 5587 1308 5653 desideriis,
1337 5607 1367 5644 a
1399 5590 1585 5648 fraude
1627 5601 1684 5646 et
1726 5591 1868 5659 dolo,
1904 5604 1959 5649 et
1989 5595 2067 5651 sic

477 5671 613 5728 foris
640 5686 736 5742 per
766 5688 929 5742 opera
959 5680 1210 5734 ostendes
1243 5682 1513 5738 veraciter
1538 5683 1902 5739 sanctitatem.
1957 5685 2066 5741 No-

479 5761 704 5817 tandum
743 5770 923 5817 autem
953 5768 1093 5834 quod
1128 5769 1266 5838 apud
1300 5769 1500 5828 Lucam
1547 5774 1620 5828 ita
1653 5774 1912 5843 scriptum
1943 5784 2063 5830 est:

479 5849 664 5917 Stulti,
708 5869 880 5908 nonne
928 5855 1018 5922 qui
1061 5855 1181 5924 fecit
1230 5860 1370 5929 quod
1421 5862 1618 5932 deforis
1659 5872 1757 5928 est,
1805 5864 1961 5918 etiam
2011 5866 2067 5918 id

477 5942 615 6007 quod
656 5944 794 5998 intus
825 5953 898 5999 est
932 5945 1098 6014 fecit?
1137 5945 1289 6018 (Luc.
1326 5954 1428 6022 χι.)
1486 5952 1667 6025 [Rau]
1710 5951 1834 6022 Qui,
1865 5953 2062 6026 inquit,

2181 4852 2506 4916 occisorum,
2537 4869 2673 4923 quos
2699 4870 2730 4907 a
2767 4855 3010 4922 patribus
3033 4854 3145 4910 suis
3191 4854 3471 4926 jugulatos
3510 4873 3632 4911 esse
3667 4871 3752 4908 nec

2182 4956 2398 5018 negant.
2425 4947 2650 5019 (ΜΑωι.)
2690 4948 2805 5002 Non
2832 4949 2976 5004 enim
3005 4957 3227 5018 propter
3255 4965 3500 5004 amorem
3529 4949 3752 5004 veritatis

2181 5047 2237 5094 et
2266 5039 2485 5109 pietatis
2511 5038 2613 5094 hoc
2635 5038 2905 5094 fecerunt:
2956 5039 3051 5094 sed
3089 5046 3312 5110 propter
3343 5037 3596 5094 favorem
3625 5055 3751 5092 van:

2183 5132 2353 5186 -audis
2404 5132 2699 5202 hypocrita:
2749 5130 2932 5185 omnia
2982 5129 3252 5186 fallaciter
3293 5129 3595 5187 faciebant.
3645 5129 3750 5200 (Fc-

2185 5223 2352 5294 nant.)
2385 5223 2460 5277 Ac
2485 5224 2603 5278 ideo
2631 5239 2737 5276 non
2764 5231 3112 5277 monumenta
3133 5223 3525 5293 prophetarum
3558 5235 3748 5278 onum.

2179 5314 2273 5368 sed
2302 5313 2677 5368 interfectores
2713 5313 3100 5383 prophetarum
3145 5313 3362 5378 imitari,
3391 5313 3626 5369 sceleris
3669 5323 3747 5364 est.

2178 5403 2347 5459 Judzei
2370 5419 2498 5473 ergo
2521 5405 2906 5475 prophetarum
2931 5417 3276 5462 monumenta
3303 5407 3649 5469 aedificando,
3671 5419 3748 5474 p3-

2181 5503 2322 5550 trum
2357 5510 2574 5551 suorum
2612 5496 2754 5550 facta
2791 5497 2884 5567 qui
2938 5497 3038 5552 hos
3073 5497 3387 5551 occiderunt
3445 5500 3745 5567 arguebant.

2182 5585 2289 5643 Sed
2336 5597 2559 5657 paterna
2605 5587 2854 5644 facinora
2905 5588 3242 5654 simulando,
3299 5587 3429 5643 dum
3489 5588 3746 5644 Christum

2179 5677 2557 5748 apostolosque
2583 5677 2728 5734 illius
2757 5679 3243 5750 insequuntur,,in
3293 5679 3504 5751 seipsos
3547 5691 3744 5737 sentcn-

2180 5770 2306 5824 tiam
2330 5771 2736 5839 retorquehant,
2754 5771 2943 5826 eadem
2967 5769 3215 5826 videlicet
3234 5771 3337 5840 ipsi
3359 5788 3482 5841 qua
3504 5771 3558 5826 in
3573 5787 3744 5844 paren-

2176 5862 2320 5917 tibus
2360 5863 2688 5918 damnabant
2742 5873 2983 5937 agentes.
3039 5863 3379 5920 Simulabant
3429 5865 3649 5936 quidem
3696 5878 3744 5917 se

2174 5954 2244 6008 ob
2265 5953 2508 6011 favorem
2528 5955 2670 6026 vulgi
2695 5957 3019 6028 captandum
3043 5965 3256 6030 patrum
3278 5973 3503 6013 suorum
3538 5956 3743 6012 horren
