3898 6472
140 414 274 475 1075

1095 394 1446 457 COMMENT.
1483 391 1553 451 IN
1594 386 2033 449 MATTHAEUM.
2071 417 2142 430 —
2177 385 2308 444 LIB.
2349 383 2460 442 VII.

3273 375 3419 433 1074

137 530 435 611 perﬁdiam,
458 527 749 585 memorias
771 524 1158 597 prophetarum
1187 519 1281 590 qui
1322 518 1391 574 ab
1426 513 1712 573 eis-occisi
1738 510 1795 573 Α
1817 508 2269 611 ξὶΞιΓςέ-οωίιιθηι
2509 502 2647 575 legis
2669 507 2725 611 et
2768 499 3187 573 prophetarum,
3240 492 3410 551 alium

140 607 265 686 sunt
285 620 568 695 magniﬁce
592 618 861 683 ornando,
896 619 992 673 sed
1020 615 1329 685 ipso'opere
1350 607 1715 665 testiﬁcantur

140 727 398 794 quantum
428 722 666 787 paterna:
708 709 964 781 nequitiae
1005 704 1367 769 consentiam,
1402 701 1711 764 Dominum,

139 792 319 887 quiab
349 808 556 866 eisdem
583 802 865 877 prophetis
911 807 996 858 est
1036 797 1429 870 praenuntiatus
1446 835 1463 862 ,
1504 792 1717 887 injuriis

140 885 362 981 agendo.
404 901 509 960 Ubi
539 915 597 957 se
621 897 828 971 pariter
869 902 925 950 et
948 892 1089 949 ﬁlios
1117 887 1533 954 homicidarum,
1563 893 1621 942 et
1648 885 1716 941 ad

141 979 249 1056 suae
291 991 653 1053 damnationis
691 994 1040 1062 augmentum
1092 983 1328 1041 scientes
1364 993 1594 1052 peccare
1627 979 1720 1035 de-

141 1091 365 1148 clarant.

208 1202 279 1258 Et
304 1218 393 1257 vos
418 1199 627 1272 implete
649 1212 947 1253 mensuram
976 1204 1187 1267 patrum
1221 1199 1531 1248 vestrorum.
1562 1184 1717 1259 (Hie-

140 1295 278 1367 ron.)
322 1293 571 1349 Probatis
616 1289 984 1362 superioribus
1011 1287 1189 1352 dictis,
1213 1285 1358 1355 quod
1399 1282 1495 1337 ﬁlii
1539 1287 1723 1336 essent

139 1386 534 1443 homicidarum
563 1392 619 1440 et
662 1398 849 1439 eorum
897 1381 991 1453 qui
1042 1379 1334 1450 prophetas
1363 1375 1719 1441 occiderunt,

139 1496 282 1535 nunc
332 1477 603 1535 concludit
638 1476 783 1548 quod
824 1474 1087 1536 voluerat,
1120 1482 1175 1527 et
1215 1470 1372 1542 quasi
1422 1476 1722 1526 extremam

138 1571 433 1645 syllogismi
453 1577 666 1640 partem
692 1567 862 1639 ponit.
892 1565 961 1620 Et
989 1582 1099 1631 vos,
1128 1563 1326 1634 inquit,
1353 1560 1560 1633 implete
1580 1577 1724 1615 men-

137 1680 317 1718 suram
358 1670 567 1733 patrum
597 1671 904 1724 vestrorum,
931 1659 1035 1714 hoc
1074 1664 1179 1723 est,
1209 1655 1352 1725 quod
1378 1654 1484 1710 illis
1528 1652 1719 1721 defuit,

137 1772 281 1813 nunc
304 1756 541 1827 implete.
571 1756 651 1810 illi
679 1754 1067 1810 interfecerunt
1085 1766 1289 1817 servos,
1314 1765 1410 1806 vos
1434 1748 1723 1804 Dominum

137 1847 475 1918 cruciﬁgitc;
512 1846 589 1901 illi
629 1847 945 1916 prophetas,
985 1858 1082 1898 vos
1104 1857 1228 1897 eum
1255 1841 1345 1912 qui
1376 1856 1406 1894 a
1445 1838 1725 1911 prophetis

136 1939 425 2010 praedictus
453 1947 555 1995 est.
585 1936 698 1993 Non
716 1938 873 2008 jubet
903 1945 1082 1992 tamen
1112 1935 1215 1991 illis
1246 1944 1306 1989 ut
1330 1934 1549 2001 faciant,

138 2030 333 2086 facturi
360 2045 465 2085 non
494 2038 651 2085 erant
677 2028 781 2084 nisi
802 2018 1071 2101 iussisset,
1099 2027 1195 2084 sed
1222 2027 1459 2083 ostendit
1478 2025 1621 2097 quod
1642 2041 1729 2082 es-

139 2131 261 2177 sent
283 2121 500 2177 facturi.

212 2234 489 2307 Serpentes
511 2274 529 2302 ,
577 2233 843 2306 progenies
900 2234 1215 2304 viperarum.
1273 2232 1390 2289 Hoc
1448 2233 1625 2304 ipsum
1676 2239 1735 2287 et

136 2325 377 2382 Joannes
421 2326 663 2396 Baptista
707 2325 920 2381 dixerat
978 2349 990 2378 :
1051 2324 1202 2381 Sicut
1246 2340 1377 2397 ergo
1418 2325 1486 2380 de
1530 2323 1733 2395 viperis

136 2424 437 2473 nascuntur
472 2417 688 2486 viperae,
721 2415 800 2470 sic
830 2416 897 2471 de
931 2415 1216 2472 homicidis
1240 2413 1487 2485 patribus
1514 2428 1630 2474 vos,
1653 2413 1735 2468 in-

137 2508 276 2581 quit,
299 2510 414 2565 nati
440 2510 574 2566 estis
594 2508 906 2567 homicidae.

209 2624 487 2691 Quomodo
536 2624 748 2696 fugietis
793 2643 827 2680 a
862 2625 1069 2695 judicio
1124 2624 1411 2697 gehennae?
1463 2622 1732 2697 (Chrys.)

136 2715 394 2786 Nunquid
438 2714 689 2784 sepulcra
730 2724 1041 2771 sanctorum
1071 2714 1423 2781 aediﬁcantes,
1455 2730 1524 2769 an
1554 2715 1735 2785 potius

134 2823 166 2863 a
188 2807 406 2862 malitia
439 2806 608 2862 corda
632 2813 818 2862 vestra
847 2807 1206 2873 mundantes;
1258 2806 1502 2876 nunquid
1530 2806 1611 2861 sic
1649 2806 1738 2876 ju-

131 2900 278 2956 dicat
301 2898 474 2966 Deus,
511 2898 784 2968 quomodo
802 2896 1010 2967 iudicat
1037 2899 1233 2954 homo?
1257 2897 1432 2954 Homo
1459 2898 1736 2954 hominem

126 2988 344 3059 judicat'.
364 2990 420 3046 in
436 3005 620 3061 opere,
636 2989 781 3046 Deus
801 2999 985 3046 autem
1011 2990 1068 3046 in
1086 2991 1269 3046 corde.
1298 2989 1430 3058 Quae
1453 2998 1535 3046 est
1557 2999 1737 3046 autem

136 3081 243 3137 ista
267 3079 482 3150 iustitia
508 3088 726 3137 sanctos
756 3081 966 3148 colere,
993 3089 1051 3137 et
1080 3090 1432 3138 contemnere
1483 3082 1740 3137 sanctita-

1818 598 1952 656 Novi
1982 598 2317 654 Testamenti
2343 598 2514 652 Deum
2543 594 2869 665 praedicare.

1889 688 1961 744 Ut
1986 691 2157 745 veniat
2173 705 2330 760 super
2342 703 2430 744 vos
2453 685 2625 741 omnis
2650 684 2865 756 sanguis
2879 683 3084 755 justus,
3096 682 3188 755 qui
3213 681 3416 752 elusus

1819 792 1894 841 est
1907 798 2064 853 super
2078 790 2272 835 terram
2288 775 2806 852 ?(Venant.)Veniat
2828 791 2984 847 super
2997 791 3085 830 vos
3106 773 3274 829 omnis
3292 776 3420 828 ‘san-

1819 878 1935 949 guis
1961 876 2133 945 iustus
2168 873 2315 940 dicit,
2341 872 2397 929 id
2422 880 2523 937 est,
2541 870 2782 927 vindicta
2809 867 2973 939 justte
2996 866 3420 937 ultionis,quam

1819 986 1921 1042 pro
1967 968 2138 1025 eﬂ‘uso
2178 969 2442 1041 sanguine
2463 967 2735 1039 justorum
2775 971 3109 1021 meruerunt.
3150 961 3423 1029 Quarritur

1819 1076 1952 1133 ergo
1971 1061 2239 1132 quomodo
2259 1058 2480 1131 sanguis
2492 1058 2733 1113 omnium
2746 1050 3145 1127 prophetarum
3161 1060 3323 1123 atque
3339 1050 3424 1122 ju-

1820 1162 2028 1210 storum
2044 1154 2111 1210 ab
2126 1169 2233 1208 una
2247 1152 2555 1209 Judaeorum
2570 1150 2924 1223 generatione
2948 1148 3281 1219 requiratur,
3297 1162 3422 1203 cum

1823 1256 1880 1306 et
1901 1247 2056 1304 multi
2080 1255 2392 1303 sanctorum
2409 1246 2523 1301 sive
2546 1254 2673 1300 ante
2698 1243 3151 1307 incarnationem,
3175 1257 3272 1297 seu
3301 1248 3426 1313 post

1823 1349 2077 1405 mortem,
2100 1338 2671 1408 resurrectionemque
2708 1336 3030 1400 Salvatoris,
3061 1336 3128 1389 ab
3156 1332 3276 1389 aliis
3301 1340 3429 1389 sunt

1824 1434 2135 1490 nationibus
2164 1430 2507 1501 interempti,
2543 1438 2598 1485 et
2642 1430 2760 1500 ipse
2786 1428 3047 1484 Dominus
3074 1426 3275 1482 Iudaeis
3300 1426 3429 1481 licet

1826 1523 2269 1588 acclamantibus,
2313 1539 2344 1577 a
2376 1522 2622 1577 Romano
2656 1528 2834 1575 tamen
2870 1519 3104 1591 praeside
3136 1518 3429 1573 Romanis-

1826 1638 1932 1695 que
1960 1623 2033 1678 sit
2069 1623 2331 1679 militibus
2361 1619 2676 1677 cruciﬁxus.
2722 1618 2830 1674 Sed
2861 1618 3030 1673 moris
3068 1624 3153 1672 est
3183 1614 3430 1685 Scriptu-

1825 1731 2008 1772 rarum
2035 1716 2168 1771 duas
2201 1729 2343 1785 saepe
2388 1711 2768 1784 generationes
2813 1709 3115 1775 hominum,
3159 1707 3427 1762 bonorum

1827 1810 2036 1867 scilicet
2065 1809 2440 1878 malorumque
2484 1815 2823 1880 computare,
2847 1805 2951 1859 hoc
2977 1813 3061 1858 est
3104 1816 3297 1856 eorum
3332 1797 3425 1868 qui

1752 1906 1803 1969 Β
1830 1918 1935 1957 non
1969 1918 2035 1956 ex
2059 1900 2422 1972 sanguinibus,
2466 1913 2628 1969 neque
2657 1913 2722 1951 ex
2767 1894 3035 1949 voluntate
3069 1893 3201 1958 viri,
3235 1890 3324 1946 sed
3364 1905 3431 1944 ea;

1845 1994 1880 2004 -ι
2067 1996 2077 2004 .
2216 2003 2219 2004 ν
2273 1991 2324 2004 ,.
2506 1990 2518 2004 .
2626 1998 2636 2004 ,
2957 2003 2972 2004 η
3193 1984 3387 2004 _,,_,.___
3412 2000 3425 2004 Α

1834 1994 1944 2049 Deo
1966 1996 2077 2049 nati
2103 2003 2223 2048 sunt
2267 1991 2449 2065 (Joan.
2484 1990 2558 2061 ι),
2588 1998 2644 2044 et
2694 2003 2901 2053 eorum,
2945 1986 3140 2057 quibus
3187 1984 3426 2039 dicitur:

1840 2086 1944 2142 Vos
1969 2103 2035 2141 ea:
2061 2097 2210 2158 patre
2236 2082 2446 2139 diabolo
2474 2082 2597 2137 estis
2622 2081 2803 2153 (Joan.
2828 2078 2949 2152 vm)
2972 2121 2987 2146 ,
3019 2087 3075 2134 et
3115 2076 3244 2133 alibi
3268 2119 3282 2143 ,
3309 2073 3432 2131 Ser-

1831 2189 2030 2251 pentes,
2068 2179 2334 2250 generatio
2382 2176 2701 2248 viperarum.
2746 2172 3000 2230 Omnium
3043 2171 3189 2226 enim
3220 2169 3434 2238 iniquo-

1832 2293 1976 2344 rum,
2003 2287 2059 2332 et
2080 2281 2515 2347 persecutorum,
2540 2280 2596 2325 et
2620 2268 3017 2325 homicidarum
3048 2282 3079 2321 a
3099 2264 3233 2321 Cain
3260 2275 3432 2332 usque

1836 2372 1903 2427 ad
1949 2373 2113 2426 hnem
2145 2366 2326 2423 saeculi
2364 2381 2470 2421 una
2512 2363 2950 2436 generatioest;
3000 2366 3053 2413 et
3080 2358 3125 2413 si
3166 2372 3276 2412 non
3306 2360 3435 2410 sunt

1832 2478 2021 2519 omnes
2044 2462 2097 2516 in
2120 2469 2368 2529 tempore
2403 2472 2544 2523 uno,
2574 2469 2764 2510 omnes
2794 2461 2977 2507 tamen
3004 2464 3205 2520 corpus
3235 2443 3435 2501 diaboli

1833 2566 1890 2613 et
1912 2556 2105 2611 civitas
2134 2551 2449 2625 Babylonia,
2496 2550 2680 2614 idest,
2724 2545 3059 2602 confusionis
3106 2559 3137 2598 a
3179 2538 3430 2596 ﬁdelibus

1837 2645 2197 2718 appellantur.

1908 2736 1953 2789 Α
1984 2734 2239 2806 sanguine
2278 2730 2407 2786 Abel
2438 2731 2573 2800 justi
2599 2746 2762 2801 usque
2790 2726 2860 2781 ad
2888 2725 3196 2797 sanguinem
3225 2719 3439 2776 Zacha-

1839 2829 1937 2883 τίω
1979 2826 2080 2897 ﬁlii
2106 2824 2407 2890 Barac/tite,
2452 2839 2605 2894 quem
2636 2820 2898 2875 occidistis
2930 2826 3067 2872 mter
3110 2813 3360 2885 templum
3390 2821 3440 2866 et

1840 2918 2051 2974 altare?
2077 2917 2259 2985 Quare
2292 2931 2325 2970 a
2356 2914 2621 2986 sanguine
2648 2911 2804 2977 Abel,
2830 2910 2923 2981 qui
2969 2908 3180 2980 primus
3230 2912 3440 2974 marty-

1840 3010 1984 3067 rium
2005 3024 2203 3082 passus
2226 3015 2331 3072 est,
2355 3006 2553 3061 mirum
2584 3019 2692 3059 non
2715 3010 2828 3067 est;
2861 3000 2957 3056 sed
2999 3012 3172 3070 quare
3199 2994 3443 3065 adusque

1843 3104 2164 3176 sanguinem
2207 3100 2489 3157 Zachariae
2520 3098 2873 3170 quaerendum
2904 3104 3018 3159 est,
3050 3106 3176 3148 cum
3203 3098 3260 3146 et
3282 3088 3443 3144 multi

141 3175 287 3231 tem?
310 3175 529 3231 Primus
552 3175 752 3245 gradus
773 3183 857 3232 est
880 3175 1099 3246 pietatis
1129 3175 1474 3231 sanctitatem
1494 3174 1736 3248 diligere,

1845 3174 1969 3272 post
1992 3214 2117 3255 eum
2140 3211 2313 3268 usque
2357 3195 2426 3250 ad
2457 3193 2799 3248 nativitatem
2823 3187 3048 3254 Christi,
3079 3193 3134 3241 et
3166 3185 3285 3256 ipso
3315 3196 3443 3238 mox

143 3266 339 3321 deinde
384 3274 637 3330 sanctos,
689 3267 817 3335 quia
855 3282 963 3322 non
1010 3267 1183 3322 sancti
1215 3274 1340 3322 ante
1392 3267 1737 3323 sanctitatem
1764 3260 1811 3325 C
1841 3260 1970 3348 ξηιιο
1998 3260 2319 3347 Innocen'tes
2358 3288 2415 3342 in
2456 3285 2732 3342 Bethleem
2772 3282 2927 3355 puer;
2967 3280 3077 3337 sim
3105 3280 3172 3335 ab
3202 3279 3305 3334 hac
3351 3290 3444 3349 ge-

142 3356 378 3423 fuerunt,
412 3358 508 3414 sed
547 3359 807 3414 sanctitas
835 3365 961 3414 ante
991 3367 1229 3415 sanctos.
1260 3358 1389 3414 Sine
1409 3373 1577 3415 causa
1605 3373 1738 3430 ergo

137 3449 319 3518 iustos
348 3452 602 3518 honorat,
628 3452 721 3524 qui
751 3451 1022 3522 justitiam
1067 3452 1295 3524 spernit.
1339 3451 1621 3519 Quomodo
1649 3452 1737 3506 fu-

145 3543 340 3614 gietis?
384 3542 636 3614 Nunquid
663 3545 972 3601 liberabant
997 3560 1095 3601 vos
1123 3545 1331 3612 sancti,
1355 3560 1586 3615 quorum
1615 3561 1737 3603 mo-

144 3642 408 3689 numenta
428 3636 674 3691 ornatis?
698 3634 815 3692 Non
836 3645 1064 3708 possunt
1083 3637 1258 3694 sancti
1292 3637 1453 3693 amici
1481 3652 1602 3693 esse
1622 3636 1740 3693 illo-

150 3740 297 3792 rum,
319 3726 515 3795 quibus
539 3725 684 3783 Deus
703 3736 789 3783 est
814 3728 1093 3784 inimicus.

221 3838 353 3895 Ideo
398 3842 634 3914 ecce'ego
666 3845 815 3898 mitto
853 3844 924 3898 ad
957 3861 1044 3899 vos
1070 3845 1366 3917 prophetas,
1391 3853 1437 3899 et
1459 3845 1738 3915 sapientes,

150 3939 199 3983 et
228 3932 448 3997 scribas,
480 3942 529 3987 et
566 3949 632 3988 ea:
658 3933 764 3989 illis
798 3935 1078 4001 occidetis,
1110 3945 1161 3990 et
1200 3936 1537 4007 cruciﬁgetis,
1586 3946 1634 3991 et
1677 3953 1742 3991 ea:

149 4024 225 4077 eis
251 4023 587 4094 ﬂagellabitis
625 4026 680 4080 in
725 4027 1002 4098 synagogis
1042 4029 1247 4093 vestris,
1274 4036 1323 4082 et
1356 4020 1741 4100 ‘persequemini

151 4114 216 4169 de
245 4117 451 4171 civitate
488 4117 546 4171 in
593 4102 871 4173 civitatem.
912 4117 1026 4174 Hoc
1064 4121 1208 4188 quod
1238 4127 1362 4174 ante
1392 4120 1739 4175 dixeramus:

154 4203 371 4275 Implete
418 4222 715 4261 mensuram
761 4217 971 4279 patrum
1007 4217 1313 4275 vestrorum,
1341 4210 1409 4264 ad
1452 4224 1742 4280 personam

153 4294 366 4352 Domini
394 4298 687 4368 pertinere,
719 4312 786 4353 eo
809 4300 953 4368 quod
997 4299 1327 4355 occidendus
1352 4307 1498 4355 esset
1536 4300 1603 4355 ab
1640 4300 1737 4365 eis,

146 4397 333 4458 potest
360 4397 416 4443 et
440 4390 508 4445 ad
548 4390 841 4461 discipulos
864 4390 982 4459 ejus
1023 4391 1240 4459 referri,
1268 4392 1335 4447 de
1373 4393 1571 4462 quibus
1599 4406 1744 4447 nunc

144 4480 274 4536 dicit
305 4500 331 4536 :
381 4481 516 4537 Ecce
553 4484 704 4537 mitto
743 4486 812 4538 ad
842 4500 929 4538 vos
959 4486 1257 4556 prophetas,
1296 4494 1345 4539 et
1387 4486 1668 4555 sapientes,
1694 4492 1744 4539 et

142 4575 375 4639 scribas,
413 4585 461 4629 et
485 4592 551 4630 ea:
574 4575 682 4630 illis
703 4576 972 4645 occidetis,
999 4586 1048 4632 et
1070 4578 1404 4650 crueiﬁgetis,
1431 4586 1480 4632 et
1499 4576 1743 4648 ﬂagella-

143 4667 260 4722 bitis
287 4669 361 4722 in
401 4671 678 4740 synagogis
714 4671 894 4725 vestris
915 4712 930 4737 ,
972 4680 1021 4724 et
1048 4671 1425 4742 persequamini
1449 4671 1515 4724 de
1542 4671 1748 4726 civitate

141 4762 197 4816 in
254 4763 555 4828 ciuitatem,
597 4771 653 4816 ut
680 4763 940 4833 impleatis
979 4779 1284 4819 mensuram
1317 4773 1529 4835 patrum
1555 4773 1750 4819 vestro-

144 4867 280 4908 rum.
312 4850 608 4922 Simulque
627 4854 855 4908 observa
889 4853 1044 4925 juxta
1068 4854 1385 4925 Apostolum
1421 4855 1748 4911 scribentem

148 4940 214 4995 ad
233 4941 581 5008 Corinthios,
617 4942 769 4997 varia
796 4958 919 4999 esse
943 4945 1085 5000 dona
1106 4944 1497 5017 discipulorum
1525 4944 1748 5014 Christi,

150 5032 284 5090 alios
302 5034 627 5106 prophetas,
652 5034 745 5106 qui
770 5043 995 5091 ventura
1020 5037 1347 5106 praedicant;
1378 5037 1512 5094 alios
1541 5039 1755 5109 sapien-

153 5134 258 5192 tes,
304 5126 408 5196 qui
436 5128 687 5183 noverint
722 5129 940 5198 quando
974 5129 1204 5185 debeant
1249 5130 1496 5201 proferre
1543 5146 1751 5188 sermo-

159 5234 316 5288 nem;
354 5218 490 5275 alios
528 5222 736 5277 scribas
773 5223 829 5278 in
877 5222 995 5295 lege
1039 5224 1402 5291 doctissimos,
1432 5240 1500 5280 ex
1553 5225 1751 5298 quibus

164 5310 435 5382 lapidatus
459 5319 544 5367 est
563 5311 891 5385 Stephanus,
918 5315 1122 5375 Paulus
1144 5317 1377 5384 occisus,
1410 5316 1601 5372 Petrus
1626 5332 1751 5372 cru-

166 5405 383 5472 ciﬁxus,
426 5404 678 5477 ﬂagellati
704 5406 760 5462 in
801 5408 1028 5464 Actibus
1059 5409 1425 5480 apostolorum
1468 5408 1746 5481 discipuli;

169 5505 221 5552 et
241 5497 513 5567 persecuti
539 5512 634 5554 eos
660 5508 787 5554 sunt
812 5499 877 5554 de
898 5500 1117 5557 civitate
1145 5502 1199 5557 in
1236 5501 1537 5566 civitatem,
1564 5500 1750 5570 expel-

171 5588 345 5645 lentes
364 5590 432 5646 de
450 5589 654 5657 Judaza,
685 5599 747 5646 ut
766 5593 833 5648 ad
853 5593 1095 5663 gentium
1120 5594 1377 5665 populum
1400 5594 1756 5665 transmigra-

172 5689 299 5735 rent
323 5683 390 5738 ad
417 5683 871 5740 disseminandum
911 5684 1261 5756 Evangelium
1282 5684 1484 5740 Christi
1507 5682 1645 5755 (Act.
1679 5684 1756 5756 v).

1836 3385 2116 3442 neratione
2167 3381 2431 3455 perempti
2488 3399 2500 3434 :
2555 3378 2660 3434 nisi
2718 3376 2858 3431 forte
2902 3378 3029 3453 quia
3068 3371 3203 3428 Abel
3254 3378 3444 3443 pastor

1836 3477 2019 3534 ovium
2040 3475 2195 3549 (Gen.
2226 3474 2299 3547 tv)
2319 3516 2333 3541 ,
2363 3472 2657 3528 Zacharias
2706 3468 2963 3525 sacerdos
3003 3464 3136 3531 fuit;
3177 3472 3232 3519 et
3263 3464 3352 3518 hit:
3385 3462 3444 3517 in

1838 3584 2051 3642 campo,
2100 3568 2190 3623 ille
2232 3567 2286 3621 in
2323 3565 2463 3621 atrio
2498 3562 2683 3634 templi
2728 3568 2957 3617 necatus
2998 3565 3101 3623 est,
3153 3556 3441 3627 utriusque

1839 3664 2037 3734 gradus
2082 3668 2351 3731 martyres
2384 3665 2440 3713 et
2484 3655 2612 3711 laici
2656 3653 2895 3719 scilicet,
2925 3659 2981 3708 et
3023 3647 3214 3705 altaris
3260 3645 3438 3703 oﬁicio

1839 3754 2136 3825 mancipati
2195 3753 2295 3807 sub
2362 3764 2552 3807 eorum
2602 3746 2774 3802 voluit
2839 3744 3099 3799 intimare
3152 3737 3436 3801 vocabulo.

1841 3846 2113 3920 (Hieron.)
2141 3844 2301 3902 Juxta
2330 3844 2567 3899 litteram
2590 3855 2720 3895 vero
2759 3839 2827 3895 de
2868 3836 3001 3892 Abel
3029 3833 3174 3889 nulla
3200 3841 3287 3889 est
3317 3846 3437 3887 am-

1838 3938 2075 4010 biguitas
2102 3936 2233 4007 quin
2272 3935 2342 3990 sit
2379 3933 2591 4005 justus,
2623 3945 2785 4002 quem
2826 3927 2958 3984 Cain
2996 3926 3164 3982 frater
3187 3923 3304 3994 ejus
3348 3938 3443 3980 oc-

1842 4030 2002 4096 cidit;
2041 4029 2220 4100 juslus
2247 4035 2427 4081 autem
2453 4039 2563 4080 non
2600 4023 2775 4078 solum
2806 4036 2875 4075 ex
2902 4016 3115 4074 Domini
3142 4029 3287 4071 nunc
3318 4027 3443 4070 sen-

1844 4122 2032 4188 tentia,
2063 4121 2157 4178 sed
2183 4136 2251 4175 ex
2277 4118 2553 4176 Geneseos
2574 4114 2886 4172 testimonio
2913 4110 3320 4183 comprobatur,
3350 4106 3446 4164 ubi

1844 4206 2065 4284 accepta
2090 4213 2206 4282 ejus
2234 4226 2263 4264 a
2290 4209 2519 4264 Domino
2540 4214 2836 4263 narrantur
2858 4219 3104 4260 munera.
3136 4200 3443 4269 Quaerimus

1845 4305 1967 4374 quis
1993 4303 2064 4358 sit
2097 4302 2201 4356 iste
2216 4299 2513 4355 Zacharias
2534 4298 2681 4352 ﬁlius
2698 4296 2995 4360 Barachiaa,
3015 4294 3138 4365 quia
3164 4292 3362 4347 multos
3376 4290 3449 4346 le.

1846 4396 2025 4465 gimus
2046 4392 2360 4447 Zacharias.
2377 4390 2444 4444 Et
2465 4404 2534 4444 ne
2552 4389 2724 4443 libera
2751 4386 2907 4441 nobis
2940 4385 3217 4439 tribuatur
3239 4381 3447 4437 erroris

1847 4485 2095 4548 facultas,
2134 4483 2376 4537 additum
2405 4489 2489 4536 est
2513 4498 2525 4533 :
2555 4478 2722 4544 Quem
2750 4476 3013 4531 occidistis
3038 4476 3176 4529 inter
3196 4473 3445 4545 templum

1849 4586 1898 4631 et
1924 4575 2110 4631 altare.
2125 4573 2184 4628 ln
2208 4572 2439 4627 diversis
2458 4570 2670 4625 diversa
2685 4568 2812 4640 legi,
2827 4575 2884 4622 et
2908 4566 3080 4622 debeo
3109 4564 3444 4637 singulorum

1850 4666 2136 4738 opiniones
2160 4676 2384 4735 ponere.
2399 4661 2505 4715 Alii
2530 4652 2852 4715 Zachariam
2875 4656 3043 4712 ﬁlium
3063 4655 3343 4711 Barachia:
3360 4655 3445 4710 di-

1851 4767 2002 4825 cunt,
2048 4757 2143 4829 qui
2190 4756 2246 4810 in
2276 4753 2559 4810 duodecim
2606 4750 2886 4823 prophetis
2935 4748 3179 4805 decimus
3202 4755 3313 4811 est,
3350 4762 3447 4818 pa-

1852 4849 2060 4919 trisque
2082 4861 2281 4903 nomen
2319 4846 2373 4901 in
2402 4860 2468 4902 eo
2509 4843 2846 4909 consentiat;
2881 4840 2976 4897 sed
3015 4839 3106 4895 ubi
3134 4839 3348 4895 occisus
3375 4839 3445 4893 sit

1853 4940 1997 5010 inmr
2034 4935 2291 5008 templum
2332 4944 2389 4992 et
2441 4935 2633 5001 altare,
2692 4931 2973 5002 Scriptura
3017 4944 3129 4985 non
3179 4928 3442 4999 loquitur,

1855 5033 2091 5088 maxime
2116 5045 2241 5085 cum
2270 5026 2605 5098 temporibus
2624 5024 2761 5096 ejus,
2785 5023 2876 5078 vix
2902 5021 3073 5076 ruinae
3114 5017 3300 5090 templi
3325 5015 3444 5072 fuen

1854 5125 1986 5180 rint.
2009 5121 2115 5176 Alii
2135 5119 2461 5176 Zachariam
2483 5126 2697 5188 patrem
2730 5111 2956 5169 Joannis
2985 5108 3209 5179 intelligi
3233 5107 3443 5175 volunt,

1855 5232 1923 5272 ex
1971 5213 2294 5286 quibusdam
2352 5210 2781 5281 apocryphorum
2837 5202 2993 5258 libris
3041 5199 3441 5272 approbantes,

1857 5310 2001 5381 quod
2027 5316 2315 5379 propterea
2342 5305 2555 5360 occisus
2584 5301 2675 5368 sit,
2700 5300 2827 5372 quia
2861 5297 3161 5360 Salvatoris
3177 5296 3445 5367 praedica—

1856 5403 1998 5460 verit
2041 5401 2353 5457 adventurm.
2385 5395 2500 5452 Hoc
2526 5394 2651 5465 quia
2698 5393 2765 5448 de
2806 5389 3103 5461 Scripturis
3136 5404 3244 5444 non
3281 5389 3444 5444 habet

1858 5492 2258 5557 auctoritatem,
2281 5488 2471 5544 eadem
2494 5484 2751 5540 facilitate
2792 5480 3155 5536 contemnitur
3182 5494 3287 5550 qua
3319 5491 3446 5550 pro-

1858 5586 2037 5642 batur.
2074 5583 2179 5637 Alii
2204 5581 2364 5636 istum
2387 5578 2574 5633 volunt
2601 5589 2721 5630 esse
2748 5569 3089 5636 Zachariam,
3113 5570 3205 5640 qui
3232 5567 3446 5624 occisus

1862 5678 1982 5734 sita
2010 5676 2136 5733 Joas
2155 5688 2278 5746 rege
2299 5670 2497 5728 Judaeae
2535 5669 2679 5722 inter
2724 5663 2981 5736 templum
3010 5671 3066 5718 et
3106 5661 3308 5725 altare,
3340 5658 3446 5714 sic-

177 5770 237 5826 Si
286 5780 465 5830 autem
491 5775 635 5831 idem
662 5773 828 5831 Filius
854 5774 950 5831 Dei
996 5749 1308 5846 prophetas,
1356 5775 1449 5847 qui
1484 5749 1759 5845 apostolos
1861 5781 1923 5827 ut
1960 5770 2166 5840 Regum
2201 5771 2392 5820 narrat
2439 5761 2687 5818 historia.
2723 5756 2832 5815 Sed
2871 5752 3267 5847 observandum
3295 5749 3446 5847 quod

179 5862 350 5930 misit.
375 5874 591 5924 cessent
606 5866 851 5926 haretici
874 5839 1177 5923 Christo-ex
1199 5839 1407 5935 virgine
1431 5839 1762 5937 principium
1866 5863 1956 5920 ille
2010 5839 2308 5915 Zacharias
2356 5869 2466 5911 non
2507 5853 2577 5909 sit
2624 5851 2767 5907 ﬁlius
2801 5846 3079 5905 Barachiae
3100 5883 3118 5911 ,
3158 5841 3253 5898 sed
3297 5839 3444 5898 ﬁlius
