3898 6438
192 368 329 439 1017

1152 374 1503 438 COMMENT.
1544 377 1613 434 IN
1647 362 2083 435 ΜΑΤΊἮᾹΞΙΙΜ.
2121 406 2195 421 —
2227 379 2355 439 LIB.
2397 380 2505 439 Vll.

3291 382 3450 442 ’1078

191 497 363 564 sime,
414 503 474 551 ut
501 493 616 552 solo
643 504 1042 566 corequaretur;
1079 496 1223 570 quod
1265 499 1429 554 etiam
1469 497 1630 554 modo
1656 512 1771 552 am-
1797 499 1846 560 Α
1872 506 2011 551 ctum
2044 506 2120 551 est
2157 496 2291 552 nihil
2326 497 2508 571 [Ιοαη.
2550 496 2699 579 ι]).ἰη
2727 498 2977 554 omnibus
3015 492 3194 554 autem
3246 506 3452 569 tempo-

192 589 337 646 bitus
356 603 654 655 murorum,
686 588 778 658 qui
816 589 990 659 ipsum
1035 589 1210 645 locum
1246 589 1567 656 circumdat,
1606 597 1770 646 testa-

192 690 300 748 tur,
335 694 458 737 cum
486 676 663 736 locum
690 678 948 738 Calvarize
969 681 1060 738 ubi
1089 683 1348 739 Dominus
1369 693 1522 740 extra
1559 693 1772 756 portam

190 788 382 845 passus
430 780 527 835 est,
562 770 701 828 infra
749 788 933 829 muros
983 773 1343 845 amplectitur.
1373 775 1611 850 (MAUR.)
1666 774 1771 833 Sed

192 868 419 939 mystice
444 867 730 923 recedente
758 866 984 923 Domino
1035 868 1102 923 de
1155 869 1355 940 templo
1407 871 1586 926 omnia
1636 870 1771 941 legis

192 958 416 1015 aedilicia
462 967 517 1013 et
565 959 885 1029 compositio
935 961 1315 1016 mandatorum
1368 962 1441 1017 ita
1498 964 1770 1019 destructa

192 1056 303 1113 est,
335 1056 395 1103 ut
420 1048 551 1104 nihil
579 1064 609 1103 a
654 1048 854 1105 Iudaeis
900 1051 1069 1121 possit
1101 1052 1342 1123 impleri,
1390 1062 1444 1109 et
1475 1056 1646 1123 capite
1676 1072 1770 1111 su.

191 1142 335 1197 blato
361 1143 609 1198 universa
639 1143 782 1197 inter
816 1159 874 1199 se
902 1151 1143 1199 membra
1169 1156 1547 1219 compugnant.
1568 1146 1770 1202 Divini-

191 1241 278 1288 tus
303 1242 483 1289 autem
535 1243 882 1307 procuratum
912 1242 1017 1312 est,
1048 1244 1106 1291 ut
1130 1238 1401 1307 patefacta
1451 1254 1549 1309 per
1584 1239 1769 1293 orbem

192 1324 316 1379 ﬁdei
369 1324 690 1396 evangelica:
741 1326 914 1396 gratia
961 1327 1215 1396 templum
1270 1329 1441 1397 ipsum
1501 1330 1770 1398 quondam

190 1423 499 1485 augustum,
531 1428 654 1469 cum
697 1416 812 1470 suis
857 1417 1192 1472 cmremouiis
1221 1417 1521 1484 tolleretur,
1558 1434 1626 1473 ne
1651 1421 1771 1491 quis

190 1508 331 1561 forte
371 1506 547 1561 adhuc
587 1506 843 1576 parvulus
874 1521 939 1561 ac
984 1507 1193 1563 lactans
1239 1508 1291 1562 in
1339 1510 1461 1575 ﬁde,
1488 1510 1532 1564 si
1564 1512 1771 1566 videret

188 1597 276 1651 illa
305 1612 622 1668 permanere
648 1612 765 1666 quae
794 1614 823 1652 a
859 1600 1137 1669 prophetis
1162 1602 1365 1656 sanctis
1404 1602 1564 1667 facta,
1594 1617 1712 1672 quae
1742 1618 1772 1657 a

187 1688 419 1743 Domino
437 1698 565 1744 sunt
594 1690 861 1756 instituta,
879 1691 1194 1748 admirando
1220 1702 1463 1749 sanctum
1495 1696 1769 1762 saeculare,

187 1783 448 1852 paulatim
488 1798 517 1836 a
562 1784 876 1840 sinceritate
905 1785 1051 1853 lidei,
1076 1802 1194 1857 quae
1238 1797 1321 1843 est
1351 1790 1403 1843 in
1442 1787 1656 1845 Christo
1684 1787 1773 1846 Je-

1869 589 2019 645 ribus
2044 589 2208 644 etiam
2230 590 2346 646 dies
2374 590 2560 659 judicii
2594 592 2685 657 sit,
2716 606 2821 661 qua
2850 589 3238 660 consequentia
3267 599 3451 660 potest

1867 680 1983 751 ejus
2032 680 2281 751 ignorare
2329 690 2562 753 partem,
2612 678 2764 751 cujus
2813 688 2989 737 totum
3041 681 3296 736 noverit?
3326 683 3439 738 Hoc

1868 787 2083 843 quoque
2111 773 2399 830 dicendum
2427 783 2549 829 est:
2590 774 2727 842 Quid
2773 781 2857 830 est
2907 773 3083 846 majus
3126 772 3320 829 notitia
3347 772 3450 829 Pa-

1869 864 1990 930 tris,
2022 880 2090 920 an
2112 864 2346 935 judicii?
2383 863 2442 921 Si
2470 863 2642 934 maius
2692 865 2861 932 novit,
2919 865 3189 936 quomodo
3236 863 3452 937 ignorat

1870 956 2015 1026 quod
2079 957 2254 1011 minus
2298 957 2422 1012 est?
2452 956 2726 1027 Scriptum
2773 957 3045 1030 legimus:
3102 956 3294 1012 Omnia
3328 970 3446 1029 qum

1870 1044 2051 1102 Patris
2104 1058 2247 1113 sunt,
2283 1048 2410 1101 mihi
2464 1050 2657 1102 tradita
2696 1058 2816 1103 sunt
2852 1049 3003 1121 (Luc.
3042 1048 3123 1123 x).
3161 1048 3221 1104 Si
3269 1049 3451 1105 omnia

1869 1137 2048 1193 Patris
2098 1138 2220 1193 Filii
2266 1149 2408 1204 sunt,
2439 1156 2547 1211 qua
2600 1131 2990 1197 ratione’unius
3038 1141 3145 1197 diei
3176 1140 3280 1198 sibi
3309 1142 3451 1197 noti-

1870 1228 2003 1283 tiam
2030 1230 2344 1297 reservavit,
2396 1240 2452 1286 et
2502 1232 2673 1286 noluit
2723 1248 2841 1287 eam
2893 1232 3297 1289 communicare
3327 1246 3453 1288 cum

1869 1318 2027 1375 Filio.
2059 1318 2165 1374 Sed
2193 1327 2248 1375 et
2274 1321 2378 1376 hoc
2405 1321 2744 1377 inferendum
2779 1342 2791 1377 :
2822 1322 2880 1379 Si
2918 1323 3274 1378 novissimum
3306 1323 3452 1378 diem

1872 1419 2176 1482 temporum
2199 1413 2436 1485 ignorat,
2461 1423 2515 1469 et
2537 1414 2892 1484 penultimum
2919 1423 2975 1471 et
3009 1421 3309 1471 retrorsum
3338 1428 3457 1469 om-

1871 1518 1987 1559 nes.
2021 1503 2139 1559 Non
2168 1503 2313 1559 enim
2361 1513 2539 1576 potest
2571 1505 2709 1570 fieri,
2738 1514 2801 1559 ut
2827 1506 2919 1576 qui
2955 1506 3189 1577 primum
3219 1505 3454 1577 ignorat,

1870 1596 2009 1650 sciat
2060 1595 2188 1664 quid
2236 1597 2531 1650 secundum
2582 1599 2669 1651 sit.
2721 1595 2891 1666 Igitur
2935 1595 3062 1664 quia
3105 1593 3459 1663 probavimus

1871 1704 1978 1743 non
2036 1689 2286 1759 ignorare
2339 1689 2531 1744 Filium
2559 1687 3038 1743 consummationis
3091 1685 3255 1752 diem,
3292 1697 3458 1739 causa

1873 1780 2143 1835 reddenda
2171 1787 2256 1835 est
2291 1794 2389 1834 cur
2420 1781 2671 1852 ignorare
2716 1779 2947 1834 dicatur.
2978 1776 3270 1847 Apostolus
3295 1791 3458 1846 super

188 1893 282 1944 su,
315 1878 383 1933 ad
426 1878 700 1934 carnalem
749 1879 1021 1934 laberetur
1071 1878 1428 1936 Judaismum.
1480 1883 1777 1941 Providens

1884 1871 2169 1926 Salvatore
2193 1872 2410 1941 scripsit
2438 1889 2450 1924 :
2480 1870 2549 1924 In
2581 1885 2684 1941 quo
2721 1878 2843 1924 sunt
2877 1883 3055 1923 omnes
3100 1867 3333 1921 thesauri
3365 1880 3457 1920 sa-

188 1982 319 2041 ergo
354 1969 497 2026 Deus
547 1968 847 2025 inﬁrmitati
901 1978 1121 2037 nostrae,
1168 1979 1225 2026 et
1270 1972 1565 2028 Ecclesiam
1621 1990 1774 2029 suam

188 2061 537 2134 multiplicari
567 2060 905 2127 desiderans,
936 2063 1117 2118 omnia
1150 2061 1237 2116 illa
1282 2064 1520 2119 subverti
1557 2064 1686 2120 fecit
1713 2080 1778 2121 ac

186 2152 406 2225 penitus
454 2154 690 2223 auferri,
720 2165 986 2226 quatenus
1011 2158 1203 2213 umbra
1233 2139 1306 2214 ἐι
1356 2169 1481 2232 typo
1529 2172 1777 2218 cessante

184 2261 339 2313 vero,
382 2247 496 2318 ipsa
514 2248 627 2319 jam
664 2248 864 2306 Veritas
887 2264 985 2324 per
1009 2253 1199 2309 orbem
1238 2250 1512 2310 declarata
1541 2255 1777 2326 palmam

186 2344 416 2393 teneret.

222 2426 223 2429 “
260 2428 483 2485 Sedente
510 2437 685 2486 autem
729 2448 789 2486 eo
817 2449 975 2504 super
998 2444 1224 2491 montem
1272 2436 1494 2505 Oliveti,
1549 2457 1777 2496 accesse-

188 2531 310 2578 runt
342 2522 411 2577 ad
434 2540 552 2579 eum
579 2522 825 2597 discipuli
865 2527 981 2598 ejus
1010 2537 1230 2594 secreto,
1254 2530 1483 2585 dicentes
1511 2549 1529 2586 :
1550 2531 1649 2586 Dic
1685 2551 1779 2587 no-

187 2614 266 2669 bis
314 2614 525 2687 quando
558 2615 669 2670 [nec
710 2627 878 2681 erunt,
910 2626 959 2672 et
987 2620 1126 2689 quod
1157 2620 1364 2690 signum
1400 2621 1649 2675 adventus
1677 2621 1774 2687 tui,

185 2716 236 2761 et
277 2706 738 2762 consummationis
783 2708 1003 2764 surculi?
1045 2710 1103 2764 lu
1151 2708 1442 2783 Evangelia
1493 2712 1657 2767 Marci
1702 2712 1778 2768 ita

186 2800 449 2870 scriptum
481 2806 603 2854 est:
638 2799 708 2853 Et
762 2816 880 2854 cum
925 2800 1123 2855 sederet
1175 2803 1231 2857 in
1285 2811 1459 2857 monte
1508 2801 1779 2858 Oliuarum

186 2902 370 2947 contra
391 2888 656 2963 templum,
686 2892 1079 2965 interrogabant
1105 2910 1223 2948 eum
1251 2895 1536 2966 separatim
1567 2893 1773 2960 Petrus,

186 2993 238 3037 et
262 2982 512 3047 Iacobus,
540 2992 586 3037 et
615 2981 871 3052 Joannes,
902 2993 949 3039 et
977 2983 1249 3040 Andreas:
1272 2985 1371 3040 Dic
1391 2985 1537 3039 nobis
1570 2982 1779 3056 quando

188 3077 292 3132 ista
318 3078 490 3147 ﬁant?
514 3075 711 3149 (Marc.
742 3077 888 3150 xm),
920 3085 976 3133 et
1005 3088 1222 3134 caetera.
1267 3079 1405 3147 Quia
1437 3077 1781 3133 laudantibus

190 3172 514 3242 quibusdam
572 3170 959 3227 aediﬁcationes
1024 3172 1249 3243 templi,
1299 3171 1560 3228 Dominus
1601 3170 1787 3242 palam,

1877 1965 2088 2036 pientite
2116 1963 2407 2017 absconditi
2430 1960 2653 2034 (Coloss.
2680 1961 2765 2035 ιι).
2801 1959 2940 2015 Sunt
2972 1973 3104 2031 ergo
3129 1972 3321 2014 omnes
3342 1957 3460 2013 the-

1877 2059 2024 2114 sauri
2070 2059 2127 2112 in
2162 2056 2382 2113 Christo
2408 2056 2686 2126 sapientiae
2713 2063 2769 2110 et
2797 2052 3058 2118 scientiis,
3099 2052 3194 2107 sed
3225 2052 3458 2107 abscon-

1881 2151 1976 2206 diti
2007 2156 2152 2205 sunt.
2204 2147 2387 2215 Quare
2438 2147 2781 2202 absconditi?
2830 2145 2962 2200 Post
3008 2142 3459 2199 resurrectionem

1878 2242 2249 2312 interrogatus
2282 2240 2348 2294 ab
2374 2237 2634 2309 apostolis
2657 2238 2723 2291 de
2759 2237 2868 2304 die,
2893 2233 3213 2314 manifestus
3238 2248 3462 2303 respon-

1877 2332 1997 2389 rdit:
2032 2331 2158 2385 Non
2190 2339 2266 2384 est
2306 2339 2527 2384 vestrum
2546 2329 2678 2382 scire
2710 2336 2942 2397 tempora
2971 2334 3022 2380 et
3048 2331 3312 2379 momenta
3339 2338 3459 2393 qua:

1879 2424 2042 2479 Pater
2076 2423 2250 2495 posuit
2284 2424 2339 2476 in
2370 2438 2470 2476 sua
2495 2428 2747 2492 potestate
2787 2418 2926 2491 (Act.
2954 2415 3016 2491 ι).
3046 2402 3275 2484 Quando
3292 2413 3461 2469 dicit:

1881 2515 2007 2581 Non
2028 2524 2103 2569 est
2139 2524 2367 2569 vestrum
2403 2514 2557 2578 scire,
2596 2512 2837 2567 ostendit
2858 2510 3002 2580 quod
3033 2511 3148 2580 ipse
3182 2509 3336 2571 sciat,
3369 2505 3465 2562 sed

1878 2622 1985 2662 non
2009 2606 2228 2677 expedit
2252 2621 2411 2662 nosse
2439 2604 2715 2676 apostolis,
2739 2611 2800 2659 ut
2833 2616 3047 2674 semper
3065 2601 3262 2657 incerti
3282 2599 3348 2655 de
3368 2598 3466 2653 ad-

1877 2711 2040 2767 ventu
2067 2700 2286 2772 judicis,
2325 2699 2405 2754 sic
2440 2698 2681 2769 quotidie
2718 2696 2902 2751 vivant
2926 2694 3080 2765 quasi
3108 2692 3212 2748 alia
3243 2691 3330 2747 die
3370 2689 3461 2759 ju-

1852 2791 2091 2846 -dicandi
2121 2790 2247 2846 sint.
2280 2788 2523 2857 Denique
2547 2795 2602 2842 et
2624 2799 2964 2855 consequens
2983 2780 3256 2851 Evangelii
3286 2792 3467 2835 sermo

1880 2882 2114 2953 idipsum
2167 2881 2314 2952 cogit
2359 2878 2608 2951 intelligi,
2669 2877 2856 2932 dicens
2891 2888 3107 2944 quoque
3135 2871 3355 2926 Patrem
3379 2882 3467 2924 so-

1882 2974 1991 3028 lum
2020 2987 2202 3039 nosse,
2228 2973 2283 3027 in
2312 2971 2475 3026 Patre
2501 2967 2914 3040 comprehendit
2938 2974 2995 3021 et
3021 2963 3216 3019 Filium
3242 2979 3256 3016 :
3288 2958 3465 3017 omnis

1882 3066 2027 3120 enim
2054 3072 2230 3134 pater,
2282 3062 2380 3117 ﬁlii
2407 3075 2606 3117 nomen
2636 3067 2740 3114 est.
2770 3056 2954 3130 (Aug.)
2993 3055 3063 3109 Et
3085 3053 3231 3125 quod
3259 3052 3465 3107 dictum

1884 3168 1969 3215 est
1996 3159 2206 3213 nescire
2226 3156 2444 3221 Filium,
2476 3154 2556 3209 sic
2580 3152 2785 3207 dictum
2812 3156 2916 3215 est,
2946 3146 3073 3219 quia
3094 3144 3226 3200 facit
3251 3142 3465 3198 nescire

189 3264 543 3334 responderat
573 3263 687 3318 haec
711 3278 833 3319 esse
857 3263 1039 3319 omnia
1066 3264 1411 3331 destruenda,
1428 3262 1675 3334 discipuli
1697 3276 1780 3318 se-

1887 3250 2154 3314 homines,
2203 3247 2257 3302 id
2286 3253 2389 3313 est,
2420 3260 2529 3300 non
2553 3243 2635 3299 eis
2664 3240 2845 3312 prodit
2873 3238 3015 3309 quod
3064 3234 3331 3291 inutiliter
3365 3232 3442 3287 sci

192 3364 343 3413 creto
371 3364 580 3427 tempus
609 3364 664 3412 et
709 3357 861 3428 signa
887 3356 1159 3429 praedictae
1188 3356 1572 3412 destructionis
1618 3355 1784 3410 inter-

192 3459 409 3523 rogant,
461 3450 706 3506 dicentes
735 3462 748 3504 :
776 3449 874 3505 Dic
923 3449 1070 3505 nobis
1098 3449 1307 3522 Quando
1356 3448 1467 3503 lure
1501 3458 1683 3513 erunt,
1734 3455 1785 3501 et

170 3533 333 3615 quod
355 3545 562 3614 signum
586 3542 836 3598 adventus
865 3543 961 3606 tui,
984 3550 1032 3597 et
1076 3541 1537 3596 consummationis
1563 3536 1743 3595 διεσαιί
1760 3539 1786 3593 ?

195 3633 533 3705 Tria_autem
554 3630 643 3689 hic
668 3635 1002 3703 interrogant
1031 3651 1042 3688 :
1076 3634 1170 3688 Dic
1195 3632 1411 3701 quando
1432 3633 1785 3686 evertendam

196 3734 279 3781 est
308 3726 584 3797 templum.
618 3724 867 3781 Secundo
900 3739 915 3780 :
949 3725 1103 3792 Quod
1133 3724 1339 3796 signum
1370 3725 1623 3779 adventus
1670 3721 1787 3776 tui?

198 3817 402 3873 scilicet
442 3818 509 3873 ad
549 3817 881 3890 regnandum
910 3816 1303 3887 temporaliter,
1347 3815 1496 3887 quod
1538 3815 1785 3886 discipuli

196 3907 313 3964 fore
353 3914 709 3978 putaverunt,
750 3915 811 3962 ut
856 3920 922 3962 ex
976 3907 1084 3962 alio
1137 3908 1258 3963 loco
1312 3894 1647 3977 intelligitur,
1695 3905 1784 3961 ubi

197 4006 447 4068 quaerunt
478 4016 492 4053 :
523 3996 769 4064 Domine,
798 3998 846 4053 si
894 4000 951 4052 in
985 4004 1212 4070 tempore
1263 3995 1359 4051 hoc
1416 3997 1654 4051 restitues
1704 4013 1785 4050 re-

197 4106 355 4160 gnum
384 4089 589 4144 Israel?
615 4090 751 4161 (Act.
788 4090 850 4162 1.)
883 4088 1087 4145 Tamen
1123 4089 1337 4145 videtur
1360 4088 1474 4143 htec
1504 4086 1787 4159 discipulo-

156 4184 317 4236 'rum
364 4182 718 4254 interrogatio
749 4183 815 4238 de
857 4182 1093 4239 adventu
1140 4183 1208 4239 ad
1244 4182 1508 4253 judicium
1558 4181 1783 4252 intelligi

198 4287 390 4343 posse;
428 4272 782 4326 advertebant
808 4273 953 4327 enim
986 4272 1136 4328 illum
1180 4272 1297 4328 fore
1326 4272 1565 4342 iudicem
1606 4272 1783 4326 homi-

200 4380 347 4429 num,
379 4374 489 4419 tum
520 4379 588 4420 ex
614 4364 716 4427 his,
753 4373 864 4418 tum
912 4364 1033 4418 aliis
1059 4404 1073 4429 ,
1105 4373 1161 4417 et
1205 4364 1441 4419 maxime
1490 4364 1556 4418 iis
1603 4361 1786 4417 verbis

202 4459 436 4514 Matthxi
487 4477 499 4513 :
556 4456 621 4511 In
659 4458 989 4528 generatione
1022 4454 1246 4529 (Matth.
1296 4456 1447 4530 xtx).
1494 4470 1542 4511 ει.
1588 4496 1602 4510 .
1648 4496 1662 4509 .
1709 4494 1723 4509 .
1768 4495 1782 4509 .

1886 3352 2028 3401 rent.
2066 3342 2195 3414 Legi
2243 3353 2459 3410 quoque
2508 3338 2563 3391 in
2620 3333 2897 3406 cujusdam
2950 3330 3088 3385 libro
3123 3327 3292 3383 tilium
3324 3324 3468 3379 hunc

1886 3434 1979 3506 qui
2028 3433 2131 3487 hoc
2180 3430 2301 3486 loco
2342 3427 2562 3500 ponitur
2589 3439 2699 3481 non
2739 3421 3094 3492 unigenitum,
3126 3419 3221 3474 sed
3260 3414 3469 3506 adepti-

1884 3504 2039 3591 vum,
2069 3525 2172 3579 hoc
2226 3529 2311 3577 est
2335 3518 2593 3590 populum
2636 3515 3007 3572 Christianum
3052 3508 3187 3565 velle
3224 3504 3466 3575 intelligi.

1886 3617 1965 3672 De
1999 3630 2109 3686 quo
2132 3630 2163 3668 a
2197 3613 2309 3668 Deo
2332 3609 2645 3683 praxiicitur
2672 3625 2685 3661 :
2717 3605 2830 3676 Ego
2877 3620 2965 3659 ero
2996 3601 3101 3656 illis
3148 3601 3205 3654 in
3230 3595 3467 3661 Patrem,

1885 3719 1935 3764 et
1960 3708 2060 3780 ipsi
2088 3714 2241 3761 erunt
2265 3703 2395 3758 mihi
2419 3703 2477 3756 in
2499 3701 2658 3770 ﬁlios.
2701 3697 2761 3752 Si
2780 3695 2927 3752 enim
2970 3695 3075 3749 hoc
3103 3694 3170 3747 de
3190 3686 3470 3780 unigenito

1886 3778 2025 3857 Filio
2053 3795 2418 3871 praedixisset,
2464 3805 2740 3861 nunquam
2768 3788 2818 3843 ei
2873 3785 3092 3856 angelos
3143 3778 3469 3871 praeposuis-

1887 3902 2015 3952 set:
2045 3869 2129 3949 sic
2149 3891 2295 3947 enim
2331 3888 2428 3954 ait,
2471 3884 2654 3957 Neque
2691 3880 2863 3953 angeli
2899 3877 3165 3940 calorum,
3209 3869 3463 3943 nequeﬁ-

1886 3990 2029 4055 lius;
2056 3984 2349 4043 ostendens
2383 3995 2491 4037 non
2537 3981 2604 4035 de
2635 3975 2931 4048 unigenito,
2972 3971 3069 4027 sed
3114 3970 3183 4025 de
3221 3964 3472 4036 adoptivo

1886 4080 2086 4153 p01)qu
2107 4080 2212 4134 hoc
2237 4074 2459 4131 dixisse.
2488 4070 2630 4126 Nulli
2686 4068 2832 4125 enim
2891 4071 3205 4121 sanctorum

1887 4148 2030 4243 rum,
2070 4185 2247 4244 neque
2287 4170 2447 4225 alicui
2489 4173 2802 4221 sanctorum
2838 4158 3117 4215 hominum
3173 4151 3332 4244 hujus
3367 4148 3473 4205 diei

1887 4242 2134 4323 notitiam
2160 4242 2487 4320 concessum
2522 4265 2606 4313 est
2629 4256 2853 4318 habere,
2909 4264 3072 4320 quem
3113 4245 3260 4303 solus
3286 4242 3469 4310 Pater,

1888 4370 1944 4418 et
1967 4361 2137 4415 Filius
2166 4368 2222 4413 et
2260 4355 2496 4427 Spiritus
2523 4358 2762 4413 sanctus,
2815 4347 2868 4399 id
2893 4352 2999 4411 est,
3045 4355 3187 4397 unus
3237 4340 3382 4395 Deus
3418 4339 3474 4393 in

1889 4468 1987 4508 sua
2018 4450 2247 4507 scientia
2293 4447 2415 4500 aliis
2446 4440 2781 4511 incognitum
2818 4442 3021 4491 servat.

1962 4540 2110 4597 Sicut
2137 4545 2311 4593 autem
2339 4536 2395 4589 in
2415 4532 2597 4587 diebus
2629 4528 2764 4595 Noe,
2795 4528 2869 4580 ita
2892 4526 2993 4580 erit
3013 4532 3064 4579 et
3095 4523 3345 4578 adventus
3371 4522 3476 4592 ﬁlii

1892 4638 2136 4692 hominis.
2196 4633 2380 4706 (ΚΑΒ.)
2420 4630 2670 4686 Subitam
2699 4626 2963 4683 adventus
3000 4624 3083 4680 sui
3121 4622 3263 4679 diem
3306 4617 3477 4690 pluri-

275 4734 352 4789 De
376 4734 462 4789 die
496 4742 668 4788 autem
694 4732 811 4799 illa,
847 4738 895 4787 et
917 4731 1047 4787 hora
1076 4749 1224 4787 nemo
1262 4733 1379 4797 scit,
1419 4749 1581 4801 neque
1619 4733 1791 4801 angeli

205 4826 475 4895 caelorum,
513 4827 614 4881 nisi
638 4824 800 4881 Pater
836 4825 1030 4881 solus?
1068 4823 1342 4898 (Hierom)
1374 4825 1432 4880 In
1465 4825 1790 4897 quibusdam

207 4918 483 4974 codicibus
511 4916 752 4973 additum
787 4925 889 4983 est,
923 4933 1084 4988 neque
1122 4915 1316 4981 Filius,
1361 4932 1482 4972 cum
1508 4916 1560 4970 in
1588 4914 1792 4972 Graecis

209 5020 262 5066 et
284 5013 521 5068 maxime
548 5010 857 5066 Adamantii
900 5009 1072 5064 nostri
1118 5007 1520 5078 exemplaribus
1550 5007 1653 5062 hoc
1684 5021 1790 5061 non

210 5103 476 5181 habeatur
520 5103 833 5175 ascriptum.
887 5099 993 5157 Sed
1022 5101 1148 5171 quia
1176 5100 1230 5154 in
1261 5098 1531 5154 nonnullis
1571 5098 1786 5170 legitur,

211 5195 581 5252 disserendum
631 5193 862 5249 videtur.
914 5192 1123 5248 Gaudet
1176 5188 1338 5246 Arius
1367 5198 1422 5245 et
1471 5188 1791 5255 Eunomius,

212 5287 366 5359 quasi
397 5286 699 5357 ignorantia
728 5285 973 5358 magistri
1002 5284 1171 5357 gloria
1202 5282 1589 5354 discipulorum
1615 5282 1706 5347 sit,
1740 5289 1795 5337 et

213 5379 422 5443 dicunt,
445 5392 554 5432 non
580 5386 759 5447 potest
777 5378 999 5447 aequalis
1022 5392 1141 5433 esse
1162 5376 1255 5447 qui
1275 5376 1427 5431 novit
1444 5385 1499 5430 et
1524 5375 1615 5445 qui
1644 5376 1793 5447 igno-

215 5482 320 5530 rat.
371 5470 569 5527 Contra
615 5486 751 5541 quos
794 5471 1031 5529 breviter
1074 5472 1179 5527 ista
1208 5470 1434 5527 dicenda
1463 5477 1590 5522 sunt
1621 5467 1794 5522 :Cum

215 5565 398 5621 omnia
440 5571 685 5633 tempora
740 5559 932 5617 fecerit
974 5560 1152 5627 Jesus,
1184 5562 1238 5617 id
1274 5568 1375 5628 est,
1408 5558 1645 5615 Verbum
1675 5559 1791 5615 Dei.

218 5653 434 5729 (Omnia
466 5652 605 5708 enim
640 5668 732 5723 per
779 5652 950 5705 ivsum
986 5652 1128 5720 facta
1165 5659 1285 5705 sunt
1323 5659 1371 5704 et
1408 5651 1520 5705 sine
1564 5650 1675 5719 ipso
1713 5650 1795 5719 fa-

291 5778 318 5806 ιι
344 5765 457 5838 llic
484 5766 728 5838 quaedam
780 5763 1179 5829 desiderantur,
1242 5779 1361 5838 quae
1422 5762 1564 5838 inter
1617 5776 1786 5838 excu-

220 5836 454 5901 dentium
492 5832 524 5893 ὁ
561 5836 823 5897 militibus
874 5838 1055 5894 omnia
1111 5832 1450 5892 vastantibus
1506 5832 1787 5905 deperdita

1890 4731 1996 4785 mis
2022 4728 2258 4783 allirmat
2292 4721 2572 4794 exemplis.
2613 4719 2750 4775 Nam
2801 4731 2962 4788 quem
2988 4713 3186 4786 fulguri
3215 4711 3328 4768 cito
3355 4723 3477 4765 om-

1894 4822 1983 4879 nia
2043 4817 2399 4875 transvolanti
2464 4817 2899 4883 comparaverat,
2963 4805 3212 4863 eumdem
3287 4801 3476 4857 diebus

1894 4910 2027 4979 Noe,
2057 4908 2142 4965 vel
2186 4908 2326 4964 Loth
2357 4904 2651 4962 secundum
2679 4901 2843 4956 alium
2879 4895 3282 4968 evangelistam,
3310 4906 3479 4963 quan-

1897 5004 1964 5058 do
1996 5002 2291 5074 repentinus
2340 4990 2660 5054 mortalibus
2694 4990 2989 5064 supervenit
3046 4985 3290 5042 interitus
3320 4980 3474 5057 (Luc.

1898 5095 2057 5167 xvu),
2089 5093 2409 5164 aequiparat.

1971 5166 2116 5243 Sicut
2139 5186 2277 5240 enim
2305 5191 2455 5238 erant
2490 5180 2547 5236 in
2574 5178 2757 5234 diebus
2783 5174 2892 5231 illis
2922 5180 3044 5229 ante
3096 5166 3353 5223 diluvium
3392 5179 3482 5219 co-

1900 5280 2183 5346 medentes,
2222 5288 2271 5333 et
2315 5276 2559 5337 bibentes,
2614 5270 2883 5334 nubentes,
2921 5274 2971 5321 et
3003 5270 3222 5334 nuptum
3271 5256 3482 5312 tradem

1902 5386 1995 5429 tes.
2025 5371 2141 5427 Non
2163 5371 2251 5426 hic
2268 5368 2427 5439 juxta
2463 5379 2721 5421 vesanum
2744 5358 3052 5423 Marcionis,
3093 5361 3149 5409 et
3173 5347 3479 5439 Manichaei,

1904 5475 1959 5523 et
1986 5463 2198 5521 Tatiani
2237 5457 2498 5533 principis
2534 5453 2935 5510 Encratitarum
2978 5448 3171 5518 dogma
3206 5438 3478 5533 eonjugia,

1900 5558 1986 5613 vel
2037 5530 2288 5610 alimenta
2338 5550 2682 5611 damnantur,
2731 5558 2855 5600 cum
2888 5541 2944 5596 in
2980 5539 3067 5595 his
3092 5530 3472 5595 successionis,

1902 5648 1956 5702 in
1996 5645 2102 5699 illis
2129 5651 2335 5695 naturae
2364 5640 2470 5694 sint
2501 5636 2676 5707 posita
2713 5630 2992 5697 subsidia;
3018 5629 3115 5685 sed
3140 5625 3296 5698 juxta
3332 5616 3477 5689 quod

1899 5766 2045 5889 Eunt,
2079 5762 2137 5808 ut
2162 5753 2218 5807 in
2242 5751 2562 5808 Przel'atione
2590 5747 2662 5805 ad
2682 5746 2942 5804 lectorem
2978 5741 3233 5800 habetur.
3259 5732 3474 5792 Ευιτοι

1944 5840 2269 5884 OLONlENSIS.

1944 5840 2269 5884 OLONIENSIS.
