3898 6448
457 361 600 421 £019

1097 361 1158 416 Β.
1200 359 1455 416 mam
1491 356 1711 416 MAURI
1746 316 2080 421 AncmEPts
2104 355 2417 421 uocum.
2458 352 2747 413 ornem:
2770 352 2960 410 rans
2993 352 3037 409 ι.

3592 352 3757 409 iam

455 471 749 545 Apostolus
772 470 914 537 ait:
956 455 1147 527 Omnia
1171 470 1313 525 mihi
1363 469 1538 536 licent,
1576 468 1667 523 sed
1715 484 1820 523 non
1857 466 2034 521 omnia
2060 467 2114 533 Α
2137 464 2353 536 generis
2411 464 2739 532 exercuerit,
2811 474 3192 532 terrenamquc
3239 463 3618 521 substantiam
3682 469 3755 521 ad

458 564 739 637 expediunt
783 561 837 635 (Ι
873 560 998 618 Cor.
1028 563 1131 635 γι),
1188 562 1579 620 immoderatus
1630 561 1811 632 potius
1863 559 2042 615 licito-

460 672 582 714 rum
612 671 745 712 usus
768 654 1032 727 arguitur.
1061 654 1248 727 Neque
1281 657 1427 712 enim
1456 656 1585 727 quia
1621 655 1738 710 haec
1787 654 2040 725 agebant,

463 748 558 805 sed
578 747 704 818 quia
732 746 816 802 his
838 760 900 803 se
937 753 1079 803 totos
1103 745 1345 803 dedendo
1367 746 1464 801 Dei
1495 743 1701 814 judicia
1733 751 2046 807 contemne-

462 840 613 906 bant,
644 854 783 909 aqua
809 839 895 894 vel
943 839 1066 909 igne
1090 839 1393 910 perierunt.
1448 834 1722 911 (Hierom)
1772 838 2045 906 Quaeritur

464 934 734 1006 quomodo
782 948 944 1005 supra
1001 933 1261 1003 scriptum
1303 933 1411 988 sit:
1455 931 1641 1004 Surget
1670 933 1809 986 enim
1841 948 1964 1003 gens
1990 931 2046 985 in

459 1036 683 1100 gentem,
723 1036 771 1082 et
828 1043 1041 1099 regnum
1102 1036 1282 1081 contra
1337 1041 1573 1098 regnum,
1615 1035 1663 1081 et
1699 1033 1852 1079 erunt
1888 1024 2047 1095 pesti-

465 1120 659 1187 lentite,
712 1128 761 1175 et
787 1120 972 1191 fames,
1029 1129 1078 1174 et
1123 1128 1452 1174 terrwmotus
1484 1117 1698 1189 (Matth.
1742 1115 1915 1187 xxvu)
1943 1132 1957 1182 ;
1990 1124 2047 1171 et

464 1229 611 1271 nunc
631 1228 694 1269 ea
719 1212 896 1268 futura
921 1218 1309 1276 memorantur,
1334 1226 1454 1282 quae
1478 1208 1629 1281 pacis
1666 1207 1864 1264 indicia
1897 1216 2042 1263 sunt.

467 1304 574 1361 Sed
602 1303 975 1360 :estimandum
1021 1303 1176 1374 juxta
1214 1300 1555 1371 Apostolum,
1606 1300 1749 1370 quod
1787 1310 1913 1371 post
1948 1315 2048 1369 pu-

454 1390 620 1470 gnas,
658 1397 1049 1463 dissensiones,
1098 1395 1451 1466 pestilentias,
1514 1392 1708 1460 fames,
1773 1401 2047 1449 ωτι-αξωο-

467 1497 576 1554 tus,
606 1495 663 1544 et
720 1495 916 1544 caetera
972 1487 1169 1557 quibus
1206 1501 1374 1556 genus
1427 1491 1670 1539 vastatur
1725 1484 2042 1549 humanum,

464 1579 648 1634 brevis
685 1580 1037 1635 subsecutum
1066 1579 1137 1633 sit
1167 1593 1274 1648 pax
1296 1592 1416 1648 qua:
1440 1578 1623 1648 quieta
1652 1576 1836 1633 omnia
1862 1592 2048 1647 repro-

467 1676 667 1741 mittat,
731 1683 794 1731 ut
844 1675 978 1731 ﬁdes
1025 1673 1361 1731 credentium
1399 1673 1804 1743 comprobetur,
1862 1681 2048 1727 utrum

454 1768 759 1831 transactis
809 1768 964 1824 malis
1016 1776 1238 1840 sperent
1283 1764 1522 1836 iudicem
1578 1780 1700 1821 esse
1735 1772 2045 1819 venturum.

2144 556 2473 627 acquirenda
2509 555 2753 612 ctelestia
2787 555 3200 625 dispensaverit.
3243 554 3612 626 Relinquetur
3655 572 3761 611 an»

2126 657 2255 729 tem
2320 664 2441 719 quae
2493 648 2762 721 coniugiis
2797 647 2868 703 ob
2897 646 3181 703 illecebras
3219 648 3406 703 carnis
3438 647 3758 712 servierit;

2145 749 2363 798 terrena
2394 757 2526 797 vero
2573 741 2630 812 si_
2658 756 2765 812 qua
2801 738 3060 796 Ecclesia:
3090 739 3176 796 vel
3202 740 3542 812 pauperibus
3582 741 3760 796 obtu-

2146 832 2291 900 lerit,
2328 833 2451 888 ideo
2498 809 2708 898 fecerit,
2756 840 2818 886 ut
2866 831 3024 902 quasi
3075 809 3354 903 redempta
3391 831 3641 888 Domino
3673 832 3764 887 his

2146 922 2377 995 amplius
2404 923 2661 980 abundet.

2217 1017 2336 1073 Duo
2372 1019 2430 1073 in
2468 1016 2622 1084 lecto,
2672 1034 2807 1073 unus
2852 1026 3174 1084 assumatur,
3210 1027 3259 1072 et
3297 1034 3440 1072 unus
3484 1016 3766 1085 relinqu-

2147 1119 2251 1164 tur.
2294 1111 2410 1176 Duo
2433 1117 2596 1166 erunt
2630 1109 2687 1163 in
2713 1108 2878 1175 lecto,
2930 1109 3005 1165 illi
3054 1109 3307 1166 videlicet
3341 1110 3441 1180 qui
3482 1109 3673 1165 otium
3710 1120 3767 1164 et

2147 1201 2384 1271 quietem
2409 1201 2635 1272 eligunt,
2663 1216 2840 1272 neque
2884 1202 3114 1273 negotiis
3164 1201 3555 1267 saecularibus,
3584 1218 3764 1272 neque

2146 1293 2377 1364 negotiis
2415 1292 2802 1350 ecclesiasticis
2824 1294 3095 1365 occupati.
3138 1293 3269 1362 Quae
3309 1295 3545 1351 illorum
3605 1297 3763 1365 quies

2128 1384 2272 1461 plecti
2299 1386 2518 1441 nomine
2540 1385 2844 1455 signiﬁcata
2867 1396 2970 1443 est.
2999 1385 3151 1443 Unus
3182 1397 3521 1454 assumetur,
3549 1398 3601 1442 et
3631 1388 3765 1443 alter

2147 1476 2483 1548 relinquetur,
2543 1493 2651 1534 non
2706 1478 2863 1548 quasi
2908 1478 2975 1534 de
3030 1478 3240 1535 duobus
3277 1479 3619 1535 hominibus
3680 1482 3761 1533 di-

2146 1575 2291 1622 ctum
2321 1576 2424 1633 est,
2452 1568 2548 1623 sed
2573 1568 2640 1624 de
2661 1568 2873 1623 duobus
2909 1569 3199 1640 generibus
3230 1568 3629 1624 aﬁ‘ectionum.
3662 1570 3759 1637 Qui

2145 1664 2290 1720 enim
2325 1673 2549 1736 propter
2587 1664 2759 1721 Deum
2798 1664 3145 1721 continentiae
3196 1664 3503 1730 studuerit,
3550 1674 3619 1719 ut
3650 1666 3763 1719 sine

2140 1758 2512 1815 sollicitudine
2563 1758 2752 1813 vivens
2789 1759 2990 1831 cogitet
3014 1774 3135 1829 qum
3162 1758 3263 1814 Dei
3301 1767 3459 1822 sunt,
3506 1773 3760 1814 assunt:-

466 1860 580 1916 Hoc
618 1846 704 1916 est
730 1861 876 1917 enim
918 1827 1063 1931 quod
1110 1860 1165 1914 in
1213 1827 1381 1914 Paulo
1420 1858 1686 1930 legimus:
1719 1856 1945 1925 Quando
1968 1856 2051 1910 di—
2076 1827 2125 1887 Β
2154 1856 2242 1903 tur
2267 1863 2298 1902 a
2334 1847 2460 1903 Deo.
2495 1847 2597 1915 Qui
2629 1863 2758 1903 vero
2780 1827 3141 1905 velvl'mmanaa
3175 1849 3355 1905 laudis
3418 1864 3649 1913 amore,
3679 1849 3760 1904 rei

464 1954 655 2013 xerint,
686 1951 806 2007 Pax
836 1961 884 2007 et
914 1953 1188 2017 securitas,
1231 1960 1353 2006 tunc
1381 1953 1681 2022 repentinus
1712 1950 1786 2004 eis
1809 1965 2050 2020 superve-

466 2046 570 2099 niet
597 2046 837 2100 interitus
871 2044 925 2120 (Ι
958 2044 1137 2100 Thess.
1169 2044 1242 2118 v),
1301 2045 1442 2101 sicut
1491 2044 1645 2101 dolor
1670 2044 2046 2115 parturientis,

466 2144 522 2189 et
544 2151 653 2190 non
678 2134 953 2209 effugient.

541 2224 715 2299 Usque
735 2228 804 2281 ad
823 2245 940 2283 eum
965 2229 1102 2285 diem
1137 2246 1240 2302 quo
1277 2229 1507 2284 introivit
1532 2230 1589 2284 in
1622 2245 1802 2284 arcam
1829 2227 1969 2296 Noe,
2000 2240 2048 2285 et

467 2335 571 2373 non
592 2329 938 2390 cognoverunt
964 2305 1127 2376 donec
1158 2323 1289 2376 venit
1312 2321 1588 2386 diluvium,
1615 2333 1671 2381 et
1689 2320 1807 2375 tulit
1838 2338 2047 2387 omnes;

465 2413 541 2465 ita
562 2420 610 2466 et
638 2412 887 2467 adventus
933 2411 1060 2468 Filii
1101 2414 1345 2469 hominis.
1390 2415 1573 2486 (ΗΑΒ.)
1615 2414 1836 2485 Mystice
1866 2423 2049 2470 autem

466 2500 580 2557 Noe
609 2517 791 2556 arcam
816 2503 1067 2568 aediﬁcat,
1106 2519 1228 2559 cum
1261 2504 1521 2559 Dominus
1556 2504 1853 2559 Ecclesiam
1882 2506 1948 2560 de
1969 2505 2051 2560 vi-

467 2591 837 2657 ris-ﬁdelibus,
888 2594 1039 2662 quasi
1098 2592 1257 2664 lignis
1292 2593 1556 2664 ltevigatis
1590 2594 1877 2649 adunando
1921 2611 2051 2651 con-

445 2683 647 2738 ‘struit.
715 2681 886 2750 Quam
947 2682 1187 2753 perfecte
1238 2692 1669 2739 consummatam
1719 2685 2045 2755 ingreditur,

465 2786 590 2827 cum
616 2772 757 2827 hanc
780 2773 833 2827 in
866 2773 953 2828 die
974 2772 1162 2842 judicii
1188 2774 1477 2845 praesentia
1510 2791 1621 2831 sme
1646 2777 1872 2832 visionis
1891 2786 2051 2834 aeter-

463 2879 567 2920 nus
620 2865 896 2921 habitator
951 2865 1204 2923 illustrat.
1244 2867 1351 2923 Sed
1380 2883 1502 2923 cum
1552 2884 1677 2923 arca
1724 2869 2045 2937 mdificatur,

465 2955 634 3027 iniqui
673 2944 1037 3024 luxuriantur,
1090 2974 1213 3013 cum
1262 2974 1397 3035 vero
1428 2960 1682 3025 intratur,
1725 2960 2045 3016 intereunt:

462 3048 591 3119 quia
636 3050 729 3119 qui
785 3050 988 3106 sanctis
1016 3051 1105 3106 hic
1139 3051 1475 3106 certantibus
1504 3050 1787 3115 insultant,
1831 3050 1912 3107 eis
1940 3051 2049 3108 illic

464 3141 735 3197 coronatis
764 3148 964 3196 aeterna
988 3142 1333 3198 damnatione
1366 3142 1689 3213 plectentur.

537 3188 733 3195 .-η-η-
764 3188 964 3196 ηψπ
991 3188 1333 3198 υ-.--....-.ν..ν
1368 3188 1689 3213 ,,-νν--..-,.-.

537 3227 683 3285 Tunc
721 3230 825 3285 duo
850 3239 1002 3286 erunt
1030 3233 1085 3287 in
1109 3248 1258 3303 agro,
1316 3250 1452 3289 unus
1497 3243 1812 3301 assumatur,
1838 3243 1886 3290 et
1909 3252 2047 3291 unus
2074 3188 2120 3273 c

448 3319 799 3395 relinquetur.
841 3321 1006 3389 Tunc,
1058 3325 1252 3395 inquit,
1285 3326 1391 3380 duo
1427 3335 1579 3381 erunt
1627 3328 1685 3381 in
1713 3344 1862 3399 agro.
1892 3326 2048 3400 (Hie-

448 3412 603 3485 ‘ron.)
646 3413 913 3481 Quando?
952 3424 1195 3487 tempore
1253 3417 1504 3474 videlicet
1566 3419 2051 3475 consummationis

463 3511 625 3574 atque
647 3505 835 3576 judicii
864 3508 969 3563 duo
1022 3508 1078 3563 in
1105 3524 1234 3581 agro
1253 3510 1460 3579 pariter
1490 3510 1853 3577 invenientur,
1900 3526 2051 3567 eum-

467 3598 590 3655 dem
620 3601 882 3659 habentes
908 3604 1170 3673 laborem,
1220 3614 1276 3663 et
1305 3608 1463 3677 quasi
1489 3623 1676 3678 parem
1723 3619 2046 3677 sementem,

458 3689 562 3746 sed
586 3689 792 3748 fructus
822 3693 1025 3751 laboris
1052 3711 1161 3751 non
1209 3712 1364 3768 aeque
1390 3698 1733 3769 recipientes.
1768 3698 2046 3775 (Vcnant.)

463 3778 748 3853 Signiﬁcat
778 3794 960 3842 autem
986 3803 1080 3843 eos
1106 3788 1199 3858 qui
1233 3798 1531 3859 operantur
1579 3791 1636 3846 in
1660 3790 1917 3848 Ecclesia:
1943 3792 2048 3848 mi-

460 3872 707 3942 nisterio,
734 3883 990 3948 tanquam
1021 3880 1076 3934 in
1107 3895 1238 3951 agro
1266 3881 1385 3947 Dei,
1423 3883 1510 3937 cui
1536 3897 1666 3939 suus
1694 3883 1929 3955 agricola
1964 3884 2050 3939 di-

450 3966 786 4023 cebat:Dei
813 3971 1144 4041 agricultura
1190 3974 1315 4028 estis
1356 3972 1408 4044 (1
1443 3972 1565 4031 Cor.
1590 3973 1698 4044 ιιι).
1731 3974 2050 4032 Assumetur

444 4065 643 4112 autem
671 4058 761 4113 ille
796 4061 889 4129 qui
920 4076 1025 4117 non
1049 4062 1364 4118 adulterans
1404 4066 1633 4121 verbum
1663 4065 1781 4130 Dei,
1816 4067 1908 4121 sed
1939 4067 2047 4123 sic-

458 4154 520 4200 ut
547 4161 614 4202 ex
639 4149 771 4216 Deo,
827 4165 1011 4205 coram
1060 4152 1174 4207 Deo
1233 4154 1447 4209 locutus
1485 4155 1541 4209 in
1594 4155 1813 4211 Christo
1841 4157 2047 4226 fuerit;

459 4236 553 4306 qui
607 4252 740 4293 vero
765 4238 1041 4295 Christum
1070 4243 1478 4298 annuntiaverit
1505 4258 1614 4299 non
1646 4252 1797 4299 caste
1822 4246 1919 4301 sed
1956 4260 2050 4303 oc-

468 4328 703 4397 casione,
734 4331 1067 4403 relinquetur
1094 4335 1164 4392 ab
1199 4350 1286 4392 eo.

535 4418 720 4493 (Aug.)
751 4420 887 4477 Duae
933 4424 1184 4482 molentes
1231 4428 1288 4482 in
1317 4427 1478 4493 mola,
1522 4445 1630 4484 una
1677 4441 1974 4487 assumetur
2000 4441 2049 4488 et

460 4528 570 4619 'una
610 4510 950 4616 relinquetur.
981 4515 1521 4619 Molentes‘appellat
1545 4534 1642 4578 eos
1677 4523 1769 4592 qui
1797 4523 1851 4578 in
1875 4523 2045 4594 plebi-
2070 4558 2128 4619 Β

458 4600 560 4656 bus
590 4602 867 4683 constituti
892 4614 1154 4677 reguntur
1180 4622 1212 4661 a
1241 4607 1570 4673 doctoribus,
1600 4618 1823 4681 agentes
1843 4627 1908 4667 ea
1927 4627 2048 4683 quae
2070 4600 2095 4645 ⁸

457 4681 784 4766 ειιιιιιιιιῇιιε
832 4695 1035 4751 saeculi.
1091 4695 1237 4764 Quos
1290 4706 1345 4754 et
1375 4699 1699 4756 feminarum
1727 4681 2048 4758 nomine‘si-

459 4782 752 4855 gniﬁcavit,
787 4787 911 4858 quia
943 4788 1205 4856 consiliis,
1242 4800 1302 4846 ut
1329 4791 1459 4855 dixi,
1499 4792 1798 4863 peritorum
1827 4794 1941 4866 regi
1966 4794 2047 4851 eis

456 4875 695 4946 expedit.
723 4876 790 4931 Et
816 4878 1065 4935 molentes
1090 4881 1245 4949 dixit,
1290 4891 1511 4954 propter
1546 4885 1924 4956 temporalium
1951 4903 2047 4943 ne-

458 4969 729 5039 gotiorum
757 4970 966 5037 orbem,
996 4981 1159 5043 atque
1196 4974 1483 5030 circuitum
1514 4994 1527 5030 :
1580 4993 1718 5048 quas
1754 4986 1933 5035 tamen
1961 4993 2047 5034 se-

467 5063 701 5120 cundum
736 5061 901 5119 alium
946 5066 1336 5137 evangelistam
1368 5068 1422 5123 in
1449 5084 1558 5125 uno
1584 5071 1851 5126 molentes
1887 5071 2045 5140 dixit,

444 5148 516 5210 in
542 5164 805 5226 quantum
826 5157 895 5214 de
921 5157 1053 5229 ipsis
1092 5161 1276 5227 rebus,
1303 5169 1360 5216 et
1402 5163 1635 5233 negotiis
1663 5164 1776 5219 suis
1804 5166 2049 5234 praebent

461 5248 742 5304 servitium
788 5251 976 5305 usibus
1036 5250 1315 5307 Ecclesia}.
1346 5250 1629 5325 (Venant.)
1694 5254 2045 5327 Unaquaeque
2094 5264 2097 5267 '

459 5337 605 5394 enim
642 5337 801 5409 hujus
835 5341 1021 5395 mundi
1045 5342 1186 5396 actio
1222 5343 1364 5398 mola
1391 5350 1495 5409 est,
1546 5359 1666 5413 quae
1689 5346 1815 5399 dum
1843 5348 2043 5403 multas

461 5443 621 5484 curas
659 5431 923 5500 congerit,
966 5432 1237 5489 humanas
1289 5443 1501 5489 mentes
1536 5435 1691 5504 quasi
1729 5451 1826 5506 per
1849 5452 2042 5508 gyrum

459 5520 644 5586 vertit,
696 5529 859 5591 atque
887 5537 956 5577 ex
994 5539 1055 5578 se
1078 5523 1225 5580 velut
1283 5524 1489 5582 farinas
1523 5524 1766 5597 projicit,
1803 5528 1931 5598 quia
1957 5528 2045 5582 in--

461 5613 646 5689 quieto
703 5613 853 5669 cordi
903 5629 1119 5685 semper
1159 5614 1552 5673 minutissimas
1585 5617 1944 5688 cogitationes
1964 5619 2046 5689 gi-

460 5703 594 5775 gnit.
622 5686 751 5758 'Una
790 5714 1107 5771 assumetur,
1144 5713 1192 5759 et
1218 5706 1385 5760 altera
1409 5686 1748 5781 relinquetur.
1785 5686 2046 5765 Assume-

463 5801 550 5848 tur
586 5809 651 5849 ea
676 5808 802 5864 pars
836 5808 956 5862 quae
988 5795 1257 5851 connubia
1288 5804 1510 5869 propter
1549 5814 1791 5855 amorem
1838 5806 2050 5855 tantum

2151 1938 2258 1993 alia
2283 1938 2521 2009 qualibet
2545 1938 2801 1993 vitiorum
2824 1939 3166 2008 correptione
3189 1946 3400 1994 statum
3432 1940 3759 1993 monasticae

2150 2031 2298 2096 vitae,
2327 2046 2436 2101 quo
2464 2032 2703 2088 imbutus
2740 2040 2825 2087 est
2850 2032 3075 2096 laeserit,
3106 2033 3198 2088 hic
3236 2032 3331 2088 ubi
3356 2032 3763 2103 relinquendus

2151 2106 2223 2176 sit
2260 2120 2512 2177 Jeremiaa
2566 2122 2983 2179 lamentationes
3036 2125 3343 2191 insinuant,
3415 2125 3519 2195 qui
3582 2125 3758 2179 otios:

2152 2214 2436 2287 cujuslibet
2482 2224 2537 2271 et
2589 2217 2910 2288 peccatricis
2942 2217 3138 2273 animae
3198 2219 3300 2275 sub
3328 2215 3554 2273 lum
3589 2220 3758 2290 Specie

2150 2305 2361 2376 lapsum
2418 2306 2751 2375 describens,
2809 2309 2930 2363 ait-
2998 2307 3250 2364 Viderunt
3304 2327 3433 2364 eam
3473 2311 3680 2374 hostes,
3716 2323 3758 2365 et

2150 2398 2443 2454 deriserunt
2484 2400 2703 2455 sabbata
2749 2401 2865 2471 ejus
2905 2400 3123 2473 (Thren.
3147 2401 3211 2472 ι).
3245 2400 3445 2476 rAug.]
3488 2402 3614 2458 Nec
3640 2414 3757 2475 puto

2154 2488 2259 2543 alia
2298 2505 2498 2561 genera
2529 2506 2649 2546 esse
2686 2491 2967 2546 hominum
3011 2493 3208 2562 quibus
3227 2502 3462 2548 constat
3489 2494 3757 2561 Ecclesia,

2152 2598 2313 2654 quam
2355 2584 2456 2639 ista
2492 2585 2597 2640 tria
2648 2585 2905 2641 habentia
2937 2586 3094 2642 binas
3131 2584 3481 2642 differentias
3544 2598 3757 2658 propter

2151 2675 2577 2745 assumptionem
2625 2685 2683 2732 et
2718 2676 3077 2733 relictionem.
3118 2676 3387 2744 Quamvis
3438 2679 3498 2733 in
3543 2679 3757 2751 singulo

2152 2765 2334 2820 multa:
2387 2767 2691 2843 studiorum
2763 2767 3208 2841 voluntatumque
3260 2771 3656 2841 diversitates,
3697 2773 3757 2826 ad

2153 2859 2504 2931 concordiam
2537 2869 2719 2915 tamen
2759 2861 3133 2933 unitatemque
3192 2872 3615 2919 concurrentes
3648 2879 3758 2934 pus-

2150 2950 2260 3005 sint
2288 2951 2542 3007 inveniri.
2585 2950 2739 3008 Unde
2763 2960 2819 3008 et
2844 2952 3099 3009 Ezechiel
3126 2954 3398 3025 propheta
3457 2964 3581 3010 tres
3624 2958 3756 3010 viros

2149 3041 2410 3099 liberatos
2468 3040 2605 3098 vidit
2662 3041 2797 3110 Noe,
2845 3043 3052 3110 Daniel,
3106 3052 3163 3101 et
3197 3043 3302 3101 Job
3350 3045 3595 3118 (Ezech.
3631 3052 3753 3115 xiv).

2154 3132 2359 3210 [Greg.]
2398 3136 2456 3191 In
2503 3137 2704 3208 quibus
2752 3136 3004 3193 videlicet
3038 3138 3235 3204 tribus,
3288 3146 3555 3195 rectores
3595 3140 3753 3195 couti-

2151 3235 2366 3293 nentes,
2408 3236 2572 3298 atque
2626 3228 2899 3299 coniugati
2927 3229 3127 3300 si'gnati
3158 3238 3307 3285 sunt.
3350 3229 3500 3285 Nam
3533 3230 3654 3285 Noe
3678 3247 3757 3285 ar-

2152 3337 2271 3378 cam
2294 3323 2349 3377 in
2376 3322 2536 3377 nudis
2558 3322 2722 3388 rexit,
2753 3331 2914 3392 atque
2947 3322 3071 3378 ideo
3099 3322 3333 3394 ﬁguram
3361 3333 3659 3379 rectorum
3686 3334 3757 3378 te-

2152 3413 2290 3469 nuit.
2354 3413 2543 3469 Daniel
2581 3420 2638 3470 et
2689 3413 2746 3469 in
2783 3413 2907 3468 aula
2953 3414 3104 3485 regia
3158 3414 3520 3470 abstinentia:
3550 3414 3755 3471 deditus

2152 3504 2273 3571 fuit,
2311 3512 2369 3560 et
2405 3504 2610 3561 idcirco
2653 3505 2823 3560 vitam
2868 3504 3267 3560 continentium
3329 3506 3604 3576 signavit.
3661 3505 3753 3561 Job

2151 3611 2284 3651 vero
2323 3595 2377 3652 in
2416 3595 2668 3667 conjugio
2705 3595 2939 3667 positus,
2995 3604 3051 3651 et
3079 3611 3269 3651 curam
3299 3596 3507 3652 domus
3530 3598 3753 3669 propria!

2153 3701 2416 3743 exercens
2449 3687 2673 3757 placuit,
2703 3703 2802 3759 per
2855 3703 3015 3757 quem
3064 3687 3223 3757 digne
3260 3688 3549 3744 bonorum
3577 3692 3749 3760 conju-

2153 3790 2280 3846 gum
2318 3775 2452 3831 ordo
2506 3775 2788 3848 ﬁguratur.
2829 3775 3127 3847 Postquam
3179 3776 3329 3832 enim
3379 3780 3658 3835 Dominus
3690 3781 3746 3836 de

2153 3865 2479 3922 discretione
2517 3869 2950 3923 coronandorum
2980 3876 3144 3940 atque
3175 3870 3625 3927 damnandorum
3648 3887 3746 3927 ser-

2152 3972 2369 4013 monem
2404 3974 2562 4014 suum
2588 3959 2972 4029 compleverat,
3024 3960 3141 4031 jam
3189 3968 3423 4032 propter
3467 3964 3604 4033 quid
3643 3963 3744 4020 Im:

2090 4050 2095 4051 ⁷
2151 4051 2439 4121 protulerit
2461 4050 2789 4119 manifestat,
2823 4052 3008 4109 dicens
3038 4071 3050 4106 :

2231 4142 2457 4216 Vigilate
2482 4162 2625 4216 ergo,
2657 4147 2781 4217 quia
2811 4146 3020 4201 nescitis
3051 4163 3157 4217 qua
3184 4147 3319 4217 hara
3357 4145 3629 4203 Dominus
3676 4165 3744 4202 re-

2151 4242 2257 4289 ster
2280 4243 2527 4288 venturus
2555 4233 2642 4309 sit.
2684 4232 2953 4307 (llieron.)
2993 4232 3285 4305 Pcrspicue
3314 4237 3569 4292 ostendit
3591 4253 3743 4309 quare

2154 4339 2314 4395 supra
2356 4324 2608 4379 dixerat:
2640 4323 2718 4377 De
2764 4324 2847 4379 die
2895 4333 3069 4378 autem
3112 4324 3205 4379 illa
3246 4342 3397 4380 nemo
3425 4328 3558 4393 scit,
3597 4346 3745 4400 neque

2159 4411 2329 4466 Filius
2355 4411 2601 4476 hominis,
2641 4428 2802 4483 neque
2850 4412 3045 4483 angeli,
3079 4412 3180 4467 nisi
3209 4409 3373 4469 Pater
3396 4416 3574 4483 solus,
3614 4417 3745 4490 quod

2153 4527 2263 4567 non
2291 4509 2541 4580 expediat
2568 4508 2709 4565 scire
2738 4509 3017 4579 apostolis,
3071 4517 3131 4563 ut
3160 4509 3411 4580 pendulae
3466 4526 3742 4584 exspecta.

2154 4599 2317 4665 tionis
2364 4598 2556 4655 incerti
2596 4614 2809 4670 semper
2842 4614 2966 4655 eum
3016 4599 3242 4656 credant
3283 4617 3405 4657 esse
3462 4614 3741 4659 venturum

2155 4708 2316 4764 quem
2355 4691 2625 4762 ignorant.
2659 4691 2887 4760 Quando
2932 4690 3070 4747 dixit
3107 4701 3372 4749 venturus
3418 4695 3517 4761 sit,
3560 4707 3619 4752 et
3646 4711 3742 4751 non

2155 4785 2292 4842 dixit
2323 4804 2335 4840 :
2375 4784 2512 4854 Quia
2550 4784 2823 4839 nescimus
2863 4798 2971 4856 qua
2998 4784 3134 4839 hora
3184 4784 3451 4841 Dominus
3489 4796 3742 4842 venturus

2153 4877 2248 4943 sit,
2286 4876 2381 4932 sed
2403 4875 2634 4942 nescitis,
2672 4875 3064 4947 praemissoquc
3120 4875 3523 4948 patrisfamilias
3572 4894 3742 4935 exem-

2153 4967 2261 5039 plo,
2291 4983 2389 5022 cur
2416 4968 2643 5024 reticeat
2691 4969 3174 5024 consummationis
3204 4968 3348 5025 diem
3402 4972 3741 5028 manifestius

2156 5064 2331 5130 docet,
2365 5063 2589 5118 dicens:
2633 5061 2815 5117 Estote
2833 5064 3033 5135 parati,
3074 5064 3201 5135 quia
3241 5066 3450 5120 nescitis
3489 5085 3598 5137 qua
3620 5070 3737 5121 lum

2154 5152 2330 5211 Filius
2368 5156 2593 5210 hominis
2630 5166 2877 5211 venturus
2906 5166 2980 5210 est
3006 5154 3221 5228 (Matth.
3256 5157 3409 5229 xxv).

2222 5247 2369 5301 Illud
2410 5257 2582 5303 autem
2606 5249 2788 5303 scitote
2811 5250 3059 5320 quoniam
3095 5250 3139 5304 si
3178 5251 3331 5305 sciret
3360 5254 3739 5324 paterfamilias

2148 5357 2253 5412 qua
2282 5338 2412 5393 hora
2444 5338 2535 5409 fur
2561 5348 2811 5394 venturus
2859 5349 3009 5407 esset,
3040 5339 3279 5412 vigilaret
3332 5344 3539 5414 utique,
3565 5356 3613 5398 et
3644 5362 3737 5399 nos

2148 5432 2339 5487 sineret
2400 5430 2605 5501 perfodi
2658 5430 2873 5485 domum
2930 5448 3101 5485 suam.
3170 5430 3252 5486 Ex
3303 5447 3413 5502 qua
3458 5435 3735 5503 {tramissa

2151 5520 2505 5579 similitudine
2564 5521 2731 5577 etiam
2769 5522 3077 5578 exhortatio
3126 5521 3460 5577 subinfertur
3510 5540 3636 5581 cum
3665 5524 3735 5579 di~

2152 5616 2295 5671 citur
2330 5634 2341 5669 :

2225 5706 2456 5780 Ideoque
2482 5715 2532 5762 et
2570 5723 2658 5762 vos
2683 5716 2841 5762 estote
2868 5706 3064 5779 parati,
3095 5707 3220 5780 quia
3248 5707 3459 5762 nescitis
3476 5724 3586 5781 qua
3610 5708 3731 5762 liora

2156 5798 2329 5854 Filius
2360 5798 2587 5853 hominis
2622 5808 2869 5854 venturus
2891 5806 2988 5854 est.
3032 5796 3319 5854 Nesciente
3365 5798 3516 5854 enim
3559 5807 3732 5871 patro-
