3898 6440
167 384 315 455 1981

1130 371 1482 432 COMMENT.
1523 373 1590 429 IN
1629 372 2067 432 MATTHEUM.
2099 404 2170 414 —
2205 371 2334 429 LIB.
2376 371 2486 429 VII.

3307 368 3450 432 {082

169 497 416 555 familias
442 492 533 551 fur
567 508 788 552 domum
811 491 1069 565 perfodit,
1094 492 1223 564 quia
1259 491 1386 546 dum
1414 505 1445 544 a
1477 489 1560 544 sui
1585 498 1764 545 custo-
1791 494 1843 554 Α
1870 505 1991 546 esse
2025 491 2336 558 ostendens,
2370 489 2487 546 ait:
2522 488 2738 562 Oportet
2766 492 3063 563 episcopum
3097 506 3210 548 sine
3231 493 3450 550 crimine

172 589 266 644 dia
292 585 514 657 spiritus
551 584 752 640 dormit
780 583 1072 655 improvisa
1100 597 1249 638 mors
1279 581 1529 645 veniens,
1586 582 1767 637 carnis

175 685 384 734 nostra:
427 674 788 731 habitaculum
846 673 1119 744 irrumpit,
1150 681 1206 727 et
1250 687 1374 728 eum
1401 687 1562 743 quem
1590 672 1765 728 domi-

176 784 314 824 num
340 767 607 823 invenerit
643 765 993 821 dormientem
1046 763 1236 818 domus
1259 770 1436 818 necat.
1476 763 1614 830 Quia
1643 779 1766 819 cum

177 871 415 918 ventura
444 861 638 916 damna
663 857 883 930 spiritus
903 855 1125 911 minime
1152 855 1434 927 praevidet,
1459 857 1603 912 hunc
1621 872 1768 912 mors

181 956 254 1011 ad
286 951 606 1024 supplicium
631 949 958 1006 nescientem
986 947 1150 1018 rapit,
1185 945 1292 1002 furi
1315 955 1497 1002 autem
1543 947 1766 1003 resiste-

183 1057 270 1103 ret
305 1047 350 1102 si
398 1045 662 1117 vigilaret.
712 1042 849 1110 Quia
894 1041 1182 1096 adventum
1207 1039 1406 1110 iudicis
1441 1039 1532 1110 qui
1561 1039 1770 1096 occulte

183 1140 426 1194 animam
457 1137 597 1208 rapit
624 1148 954 1207 praecavens,
1003 1131 1054 1186 ei
1083 1131 1399 1201 paenitendo
1434 1140 1768 1198 occurreret,

184 1246 256 1286 ne
288 1229 631 1300 impaenitens
663 1226 885 1297 periret.
946 1222 1147 1278 Horam
1199 1236 1330 1276 vero
1387 1221 1629 1276 ultimam
1668 1222 1772 1276 Do-

186 1321 368 1377 minus
397 1316 581 1374 nbster
606 1316 807 1372 idcirco
847 1314 1004 1370 nobis
1030 1313 1201 1368 voluit
1249 1327 1370 1368 esse
1419 1312 1768 1383 incognitam,

188 1425 248 1469 ut
274 1428 489 1484 semper
515 1411 687 1482 possit
732 1423 853 1463 esse
890 1414 1143 1477 suspecta
1177 1422 1190 1459 :
1231 1412 1292 1460 ut
1312 1406 1438 1460 dum
1466 1404 1612 1458 illam
1636 1419 1770 1474 pra:-

193 1507 374 1562 videre
411 1521 520 1560 non
558 1517 864 1575 possumus,
905 1500 974 1556 ad
1011 1499 1158 1554 illam
1205 1499 1323 1554 sine
1373 1497 1772 1554 intermissione

189 1614 576 1670 praeparemur.

263 1692 373 1765 [ll.]
409 1691 540 1758 Quis
561 1702 714 1762 putas
741 1688 914 1760 ﬁdelis
950 1695 1026 1742 est
1059 1703 1237 1742 servus
1264 1695 1315 1741 et
1341 1687 1592 1758 prudens,
1619 1703 1772 1758 quem

189 1787 457 1840 constituit
500 1785 756 1839 Dominus
803 1799 928 1836 suus
962 1797 1118 1852 super
1152 1779 1410 1850 familiam
1447 1795 1597 1833 suam
1620 1779 1645 1832 ?
1666 1777 1772 1834 Re-

191 1877 466 1946 spondens
495 1877 562 1930 ad
590 1876 920 1946 interrogata
959 1871 1210 1928 Salvator
1245 1872 1422 1942 primo
1451 1872 1608 1926 docet
1629 1870 1774 1940 judi-
1799 1865 1848 1925 B

189 1969 334 2022 cium
363 1968 573 2022 cunctis
596 1965 930 2031 adfuturum,
959 1963 1304 2036 singulosque
1326 1962 1480 2032 juxta
1519 1962 1771 2018 meritum

189 2061 370 2130 operis
409 2075 474 2114 ac
513 2075 706 2116 sensus
744 2059 826 2114 sui
864 2058 1222 2128 capacitatem
1273 2057 1497 2126 praemia
1546 2056 1629 2110 vel
1658 2065 1770 2112 tor-

188 2162 373 2207 menta
429 2159 705 2207 nacturos.
746 2151 950 2206 Deinde
1003 2151 1145 2220 quod
1179 2149 1415 2205 maxime
1465 2149 1772 2220 quzesierat,

193 2245 423 2314 gratiam
445 2245 706 2301 virtutum
733 2260 896 2316 quam
936 2244 1137 2299 mundo
1172 2244 1415 2299 attulerit
1443 2259 1508 2299 ac
1549 2245 1774 2316 singulis

189 2347 452 2408 quantum
488 2339 698 2408 possint
749 2339 988 2393 ostendit
1029 2353 1150 2394 esse
1188 2338 1522 2393 sectandam.
1566 2336 1768 2408 Ignem,

189 2430 388 2500 inquit,
427 2432 540 2486 veni
563 2431 763 2486 mittere
800 2432 856 2485 in
903 2440 1117 2497 terram,
1169 2441 1218 2485 et
1263 2432 1388 2502 quid
1435 2431 1547 2485 volo
1591 2431 1692 2484 nisi
1717 2439 1774 2485 ut

189 2523 508 2578 accendatur
531 2525 557 2577 Ξ)
581 2522 712 2594 (Luc
754 2522 876 2595 xu.)
922 2521 1062 2578 Sane
1097 2523 1240 2593 quod
1283 2524 1400 2587 ait,
1455 2523 1587 2590 Quis
1617 2535 1772 2595 putas

189 2624 285 2678 est,
315 2612 706 2680 difficultatem,
739 2629 846 2668 non
887 2615 1375 2683 impossibilitatem
1431 2615 1774 2686 perﬁcienda:

190 2705 409 2760 virtutis
468 2705 748 2760 insinuat:
793 2706 1063 2776 quomodo
1113 2705 1401 2761 Psalmista
1437 2724 1450 2760 :
1496 2706 1625 2772 Quis
1685 2725 1774 2762 sa-

190 2794 338 2865 piens
358 2804 408 2849 et
437 2796 690 2849 custodiet
706 2796 858 2850 hwc?
888 2795 1059 2867 (Psal.
1091 2796 1199 2868 cvi)
1226 2813 1332 2852 non
1357 2798 1652 2864 neminem,
1679 2798 1776 2854 sed

192 2901 374 2940 rarum
418 2885 708 2958 signiﬁcat.
735 2885 871 2942 Nam
910 2887 1037 2941 alibi
1097 2887 1236 2942 idem
1265 2889 1493 2943 verbum
1529 2903 1636 2943 non
1675 2903 1776 2960 pro

190 2980 410 3047 difﬁcili,
449 2982 542 3036 sed
595 2997 693 3052 pro
739 2982 1056 3052 impossibili
1094 2983 1312 3052 posuit:
1347 2982 1506 3048 Deus,
1541 2984 1657 3054 quis
1703 2984 1778 3037 si-

193 3073 330 3128 milis
352 3075 448 3128 erit
476 3075 614 3129 tibi?
642 3075 696 3130 id
725 3084 828 3140 est,
869 3076 1085 3131 nullus:
1129 3076 1208 3129 Tu
1251 3078 1387 3131 enim
1407 3077 1550 3131 solus
1582 3077 1776 3132 altissi-

196 3181 309 3219 mus
329 3181 484 3236 super
508 3181 710 3220 omnem
765 3175 958 3220 terram
1013 3162 1184 3238 (Psal.
1225 3165 1430 3239 Lxxxu)
1456 3207 1469 3220 .
1512 3166 1642 3234 Quis
1680 3183 1777 3238 pun-

197 3267 275 3310 tas
331 3266 427 3322 est,
457 3257 648 3327 inquit,
715 3256 886 3326 ﬁdelis
938 3274 1117 3312 servus
1173 3264 1223 3314 et
1263 3259 1540 3328 prudens?
1571 3258 1773 3315 Fidelis
1803 3240 1849 3304 Ο

196 3350 392 3420 quippe
436 3349 489 3402 in
544 3350 734 3404 devote
793 3350 1096 3414 tribuendo,
1150 3359 1204 3404 et
1235 3366 1342 3405 non
1397 3351 1776 3406 abscondendo

195 3442 479 3512 pecuniam
505 3443 719 3499 Domini
765 3445 870 3500 sui.
911 3443 1157 3500 Prudens
1221 3458 1352 3499 vero
1407 3446 1461 3499 in
1491 3445 1778 3517 diligenter

197 3535 548 3591 discernendo
605 3538 960 3608 capacitatem
1035 3537 1366 3609 singulorum
1429 3537 1772 3594 famulorum.

198 3626 490 3699 (Fulgent)
534 3627 718 3696 Quem,
769 3629 960 3700 inquit,
1013 3631 1277 3685 constituit
1308 3630 1566 3686 Dominus
1617 3649 1778 3704 super

199 3717 455 3786 familiam
485 3737 657 3775 suam.
715 3721 848 3789 Quis
877 3724 978 3778 iste
1008 3722 1272 3778 Dominus
1309 3732 1411 3789 est,
1461 3724 1567 3780 nisi
1617 3723 1778 3780 Chri-

199 3817 332 3875 stus,
395 3812 487 3881 qui
516 3813 629 3869 suis
682 3814 958 3886 discipulis
1007 3816 1122 3870 ait:
1173 3813 1277 3870 Vos
1330 3817 1526 3872 vocatis
1556 3834 1778 3872 memo-

197 3902 354 3973 gister
377 3913 424 3958 et
446 3904 688 3972 Domine,
719 3917 766 3962 et
822 3909 946 3963 bene
975 3908 1146 3963 dicitis
1174 3922 1193 3960 :
1229 3926 1344 3963 sum
1377 3910 1567 3964 etenim
1591 3907 1774 3982 (Joan.

197 3993 340 4067 xm).
375 3995 506 4064 Quae
543 4007 628 4054 est
674 4001 835 4055 etiam
875 3999 1035 4070 hujus
1075 4001 1290 4057 Domini
1350 4002 1583 4069 familia;
1617 4004 1778 4058 nimi-

197 4100 318 4139 rum
348 4085 438 4140 illa
477 4096 562 4143 est
609 4105 770 4160 quam
802 4090 914 4162 ipse
957 4092 1218 4148 Dominus
1246 4094 1311 4148 de
1364 4109 1525 4148 manu
1573 4094 1776 4149 inimici

198 4176 441 4242 redemit,
481 4186 536 4233 et
572 4195 672 4234 suo
710 4181 949 4237 dominio
990 4184 1335 4253 mancipavit.
1393 4184 1520 4240 Haec
1572 4171 1776 4241 familia

197 4281 384 4326 sancta
413 4282 496 4328 est
525 4275 763 4330 Ecclesia
787 4279 1076 4344 catholica,
1115 4295 1235 4349 quae
1258 4295 1356 4349 per
1400 4281 1588 4336 orbem
1619 4289 1776 4335 terrae

195 4362 412 4432 copiosa
445 4363 720 4421 fertilitate
747 4366 1087 4434 diffunditur,
1116 4379 1170 4424 et
1191 4371 1525 4441 redemptam
1555 4388 1614 4428 se
1654 4389 1773 4444 pre-

198 4460 336 4508 tioso
365 4455 576 4510 Domini
608 4457 688 4511 sui
713 4459 974 4528 sanguine
1002 4459 1280 4530 gloriatur.
1317 4460 1491 4516 Filius
1512 4463 1650 4518 enim
1674 4464 1774 4517 lio-

196 4547 369 4612 minis,
404 4547 542 4603 sicut
564 4550 676 4618 ipse
713 4551 806 4615 ait,
856 4554 989 4606 venit
1016 4570 1119 4607 non
1153 4555 1469 4621 ministrari,
1501 4556 1592 4610 sed
1619 4557 1776 4610 mini-

193 4646 380 4703 strare,
410 4648 458 4692 et
483 4639 612 4694 dare
640 4642 870 4696 animam
893 4660 1042 4698 suam
1074 4645 1481 4716 redemptionem
1506 4663 1600 4718 pro
1635 4647 1773 4700 mul-

195 4729 260 4782 tis
293 4729 507 4799 (Matth.
530 4732 645 4805 xx).
679 4733 796 4804 Ipse
825 4744 909 4791 est
932 4737 1118 4802 etiam,
1143 4747 1322 4807 pastor
1343 4739 1507 4792 bonus
1534 4739 1622 4811 qui
1653 4739 1769 4793 ani-

193 4835 332 4872 mam
371 4837 522 4874 suam
553 4824 725 4892 posuit
766 4841 860 4896 pro
897 4827 1074 4881 ovibus
1109 4829 1218 4882 suis
1253 4827 1435 4900 (Joan.
1489 4829 1589 4903 χι).
1628 4829 1774 4886 Grex
1822 4856 1830 4868 ι

192 4913 335 4967 enim
387 4918 618 4985 pastoris
670 4918 794 4973 boni
827 4920 940 4990 ipsa
994 4930 1078 4976 est
1128 4920 1333 4976 familia
1375 4922 1770 4995 Redemptoris.

194 5006 544 5078 Dispensator
598 5028 728 5067 vero
757 5013 879 5083 quis
909 5015 979 5070 sit
1033 5031 1193 5085 quem
1245 5025 1459 5086 oportet
1496 5033 1615 5074 esse
1642 5018 1777 5074 ﬁde-

193 5098 317 5166 lem,
344 5110 399 5157 et
434 5106 773 5175 prudentem,
829 5105 1028 5161 Paulus
1072 5108 1227 5162 nobis
1264 5109 1515 5164 ostendat
1550 5119 1770 5180 aposto-

192 5191 298 5259 lus,
342 5195 434 5265 qui
482 5197 551 5252 de
595 5213 652 5253 se
679 5199 898 5269 suisque
935 5201 1100 5255 sociis
1145 5200 1370 5271 loquens
1409 5201 1485 5256 ait
1517 5220 1528 5256 :
1561 5201 1651 5258 Sic
1678 5219 1828 5291 nos',

191 5287 448 5342 existimet
477 5289 631 5343 homo
662 5301 719 5344 ut
741 5293 1006 5347 ministros
1041 5291 1258 5359 Christi,
1289 5303 1338 5347 et
1384 5295 1768 5364 dispensatores

190 5382 554 5451 mysteriorum
581 5381 699 5438 Dei.
728 5383 832 5438 Hic
848 5388 969 5456 jam
1002 5389 1259 5457 quarritur
1285 5389 1420 5443 inter
1447 5389 1773 5460 dispensato-

192 5491 270 5530 res
303 5486 362 5531 ut
385 5477 557 5547 ﬁdelis
593 5478 709 5548 quis
745 5479 1042 5533 inveniatur
1067 5479 1119 5552 (1
1151 5481 1273 5535 Cor.
1301 5479 1396 5552 ιν).
1428 5479 1504 5534 Ne
1529 5481 1650 5552 quis
1669 5497 1768 5536 au-

193 5574 300 5623 tem
351 5577 595 5624 nostrum
648 5569 792 5626 solos
841 5573 1111 5642 apostolos
1169 5575 1567 5644 dispensatores
1595 5574 1770 5632 factos

193 5660 467 5716 existimet
503 5661 853 5733 neglectoque
875 5663 1082 5718 militiae
1129 5665 1388 5735 spiritalis
1412 5665 1605 5730 ofﬁcio,
1651 5681 1767 5722 ser-

194 5766 294 5806 vus
323 5751 473 5824 piger
509 5753 797 5810 inﬁdeliter
835 5755 1310 5826 imprudenterque
1345 5758 1619 5824 dormitet,
1653 5757 1770 5828 ipse

197 5842 385 5901 beatus
431 5845 703 5915 apostolus
764 5847 1050 5918 episcopus
1099 5863 1313 5919 quoque
1367 5850 1770 5920 dispensatores

1801 4604 1854 4664 D

1868 601 1978 639 esse
2001 585 2137 638 sicut
2168 582 2264 637 Dei
2300 583 2712 654 dispensatorem
2753 583 2881 656 (Tit.
2915 583 2975 656 ι).
3017 583 3171 640 Servi
3199 600 3329 657 ergo
3353 601 3453 657 pa—

1868 675 2204 732 trisfamilias
2270 683 2326 732 et
2394 675 2801 747 dispensatores
2867 677 3080 734 Domini
3130 693 3336 743 sumus,
3395 685 3455 733 ut

1869 771 2149 828 conservis
2203 769 2385 826 cibum
2427 784 2590 841 quem
2629 784 2660 826 a
2708 770 2937 830 Domino
2988 773 3300 844 accepimus
3328 789 3450 830 ero-

1870 877 2079 936 gemus.

1945 993 2014 1049 Ut
2033 995 2118 1050 det
2141 993 2246 1050 illis
2275 995 2447 1050 cibum
2474 997 2527 1051 in
2555 1006 2802 1068 tempore.
2831 996 3102 1070 (Hierom)
3132 997 3454 1070 Exemplum

1851 1087 2297 1160 patrisfamilias,
2331 1089 2433 1144 hoc
2467 1099 2572 1155 est,
2605 1090 2689 1145 sui
2716 1098 2770 1145 et
2795 1106 3075 1146 servorum
3108 1090 3370 1158 ﬁdelium,
3401 1092 3455 1147 id

1871 1187 1972 1244 est,
1997 1179 2384 1250 apostolorum,
2417 1181 2484 1235 ad
2515 1182 2948 1238 cohortationem
2977 1181 3222 1238 sollicita:
3250 1183 3448 1244 mentis

1872 1272 2170 1338 interserit,
2196 1281 2255 1327 ut
2274 1286 2367 1344 spe
2391 1274 2738 1344 praemiorum
2761 1275 3071 1330 ministrent
3093 1276 3372 1330 conservis
3404 1276 3458 1330 in

1874 1376 2116 1438 tempore
2145 1383 2242 1422 suo
2302 1367 2510 1422 cibaria
2549 1368 2936 1423 doctrinarum.
2999 1367 3296 1441 (Fulgent.)
3325 1369 3461 1436 Quis

1872 1477 2002 1516 vero
2031 1463 2102 1516 sit
2128 1461 2300 1526 cibus,
2345 1476 2532 1532 quzeve
2583 1476 2858 1527 mensura,
2903 1460 3058 1530 juxta
3094 1461 3262 1515 alium
3293 1477 3460 1514 evan-

1873 1552 2142 1625 gelistam,
2175 1553 2356 1617 tritici,
2386 1554 2430 1608 si
2456 1569 2783 1622 quaeramus,
2808 1554 3001 1609 beatus
3020 1552 3220 1608 Paulus
3246 1561 3462 1622 aposto—

1872 1643 1956 1700 lus
2000 1645 2237 1700 ostendit
2279 1644 2466 1700 dicens
2511 1663 2523 1698 :
2566 1643 2857 1715 Unicuique
2899 1645 3033 1699 sicut
3085 1645 3229 1700 Deus
3285 1644 3461 1698 divisit

1873 1753 2176 1792 mensuram
2208 1736 2332 1806 ﬁdei
2382 1735 2561 1807 (Rom.
2594 1735 2718 1807 xu).
2759 1735 2934 1805 Quam
2972 1751 3101 1808 ergo
3149 1749 3461 1791 mensuram

1874 1830 1959 1884 vel
1991 1831 2172 1884 cibum
2196 1827 2444 1884 Christus
2470 1837 2765 1897 nuncupat,
2791 1828 2964 1898 ipsam
2995 1841 3308 1882 mensuram
3334 1824 3460 1880 ﬁdei

1876 1922 2076 1980 Paulus
2104 1921 2358 1993 appellat,
2389 1929 2450 1976 ut
2477 1936 2834 1993 agnoscamus
2868 1935 2976 1974 non
3017 1919 3181 1974 alium
3223 1933 3343 1973 esse
3379 1916 3460 1971 ci-

1875 2017 2005 2071 bum
2034 2015 2366 2086 spiritalem,
2427 2013 2507 2067 vel
2555 2013 2817 2078 triticum,
2847 2011 3002 2081 juxta
3038 2011 3263 2076 Lucam,
3299 2024 3463 2080 quam

1877 2105 2197 2162 Christiana:
2225 2106 2345 2161 ﬁdei
2377 2103 2685 2160 venerabile
2723 2113 3124 2160 sacramentum
3156 2103 3308 2176 (Luc.
3337 2103 3459 2170 xu).

1878 2201 2030 2256 Hunc
2068 2201 2248 2254 cibum
2275 2199 2359 2254 vel
2387 2198 2553 2254 tritici
2592 2213 2906 2253 mensuram
2953 2197 3260 2252 sacerdotes
3290 2196 3343 2250 in
3369 2210 3466 2251 uo-

1876 2292 2024 2346 mine
2047 2291 2262 2346 Domini
2293 2297 2538 2359 erogant,
2571 2288 2784 2358 quoties
2832 2287 3116 2342 illuminati
3173 2287 3314 2342 dono
3342 2301 3467 2358 gra-

1875 2384 1964 2438 tiae
1988 2383 2268 2454 spiritalis,
2304 2381 2601 2437 secundum
2646 2380 2887 2452 regulam
2920 2394 3061 2435 vera:
3109 2379 3231 2435 ﬁdei
3279 2379 3462 2449 dispu-

1875 2483 2011 2532 tant.
2042 2475 2108 2530 Et
2157 2473 2408 2529 eumdem
2457 2472 2654 2536 cibum,
2692 2471 2777 2526 vel
2811 2471 2977 2527 tritici
3023 2483 3336 2526 mensuram
3363 2484 3464 2540 per

1876 2567 2184 2622 Dominicos
2223 2566 2623 2635 dispensatores
2658 2562 2844 2618 ﬁdeles
2863 2562 3153 2634 accipiunt,
3183 2577 3305 2616 cum
3333 2577 3470 2631 quo-

1876 2661 2007 2717 tidie
2032 2676 2131 2731 per
2158 2660 2255 2714 Dei
2299 2657 2529 2713 famulos
2578 2658 2806 2712 verbum
2837 2656 3086 2712 veritatis
3113 2655 3358 2710 audiunt.
3391 2653 3469 2710 De

1877 2755 1995 2826 ipsa
2020 2769 2148 2825 ergo
2175 2752 2340 2807 tritici
2379 2765 2632 2805 mensura
2662 2749 2916 2804 Ecclesia:
2942 2750 3205 2819 praesules
3239 2749 3468 2817 loquun-

1877 2855 1986 2900 tur.
2027 2845 2106 2900 Ex
2145 2845 2261 2915 ipsa
2298 2843 2499 2908 cibum,
2525 2841 2666 2897 sicut
2694 2841 2836 2895 Deus
2859 2856 2956 2910 per
2976 2855 3072 2896 eos
3098 2841 3308 2905 dividit,
3349 2840 3468 2894 uni-

1877 2941 2022 2994 versi
2075 2937 2262 2993 ﬁdeles
2310 2944 2626 3006 pascuntur.
2685 2933 2817 2990 Inde
2855 2934 3113 2990 alimenta
3161 2933 3316 2989 bonae
3343 2933 3469 2986 vitae

1878 3037 2118 3093 sumunt,
2143 3037 2202 3082 ut
2244 3027 2312 3082 ad
2347 3036 2564 3082 aeternae
2593 3025 2718 3080 vita:
2749 3025 2972 3096 praemia
3020 3025 3305 3096 pervenire
3338 3038 3464 3094 pos-

1879 3121 2006 3185 sint,
2045 3120 2100 3174 in
2139 3118 2288 3174 illum
2329 3118 2634 3185 credentes,
2663 3116 2718 3171 in
2770 3116 2922 3171 illum
2973 3124 3277 3188 sperantes,
3305 3115 3457 3188 illum

1880 3228 1994 3285 prae
2011 3213 2264 3270 omnibus
2292 3219 2348 3266 et
2376 3211 2433 3265 in
2470 3210 2720 3266 omnibus
2755 3208 3056 3280 diligentes,
3087 3208 3180 3279 qui
3225 3208 3465 3277 seipsum

1881 3305 2037 3360 nobis
2065 3313 2121 3360 et
2165 3303 2481 3358 alimentum
2517 3308 2740 3373 praestat
2776 3313 2847 3355 ne
2899 3300 3221 3355 deﬁciamus
3251 3299 3304 3352 in
3357 3298 3464 3364 via,

1877 3406 1933 3453 et
1958 3396 2238 3468 praemium
2283 3401 2464 3448 servat
2489 3399 2550 3448 ut
2583 3391 2916 3464 gaudeamus
2943 3390 2996 3444 in
3025 3389 3222 3461 patria.
3261 3386 3466 3461 (Greg.)

1877 3491 1983 3546 Per
2003 3503 2314 3546 mensuram
2335 3501 2465 3560 ergo
2490 3485 2660 3542 tritici
2689 3484 3016 3556 exprimitur
3053 3482 3246 3538 modus
3290 3482 3465 3538 verbi.

1879 3587 2002 3643 Alta
2039 3585 2240 3642 etenim
2269 3599 2496 3655 quaeque
2523 3582 2724 3638 debent
2748 3580 2934 3636 multis
2965 3578 3310 3635 audientibus
3337 3593 3469 3634 con-

1878 3682 2008 3753 tegi,
2041 3688 2094 3736 ct
2125 3680 2214 3734 vix
2245 3677 2429 3749 paucis
2467 3676 2687 3748 aperiri,
2739 3689 2810 3730 ne
2859 3689 2984 3730 cum
3033 3680 3261 3745 angusto
3311 3671 3465 3727 cordi

1878 3775 2180 3846 incapabile
2234 3773 2436 3844 aliquid
2486 3771 2765 3835 tribuitur,
2806 3774 2961 3824 extra
3010 3767 3284 3822 fundatur.
3326 3765 3466 3822 Hinc

1880 3871 2092 3942 Moyses
2113 3885 2143 3924 a
2176 3876 2385 3924 secreto
2412 3867 2510 3922 Dei
2537 3867 2723 3922 exiens
2745 3872 3122 3920 coruscantem
3154 3862 3347 3918 faciem
3376 3876 3468 3922 co-

1877 3981 1996 4021 ram
2022 3962 2220 4035 populo
2247 3962 2408 4028 velat,
2438 3961 2563 4031 quia
2603 3959 2860 4014 nimirum
2889 3957 3062 4014 turbis
3089 3957 3352 4013 claritatis
3381 3957 3466 4012 in-

1879 4057 2025 4111 timae
2051 4069 2248 4110 arcana
2285 4069 2394 4109 non
2442 4053 2668 4110 indicat.
2721 4050 2830 4106 Pro
2877 4049 3138 4121 qualitate
3177 4049 3343 4120 igitur
3367 4062 3467 4101 au-

1878 4146 2141 4202 dientium
2169 4143 2394 4201 formari
2433 4144 2594 4200 debet
2619 4156 2803 4198 sermo
2837 4141 3135 4203 doctorum,
3177 4147 3236 4192 ut
3281 4138 3346 4192 ad
3371 4151 3469 4192 sua

1880 4236 2106 4308 singulis
2136 4243 2418 4306 congruat,
2448 4242 2505 4291 et
2552 4242 2734 4290 tamen
2762 4248 2795 4289 a
2823 4231 3128 4288 communis
3157 4228 3470 4286 aediﬁcatio-

1877 4330 1964 4384 nis
1990 4337 2108 4384 arte
2133 4343 2408 4397 nunquam
2439 4327 2678 4381 recedat.

1949 4461 2146 4516 Beatus
2171 4460 2260 4515 ille
2286 4477 2464 4515 servus
2486 4476 2662 4530 quem,
2691 4475 2811 4514 cum
2831 4467 3029 4513 venerit
3048 4457 3310 4513 Dominus
3330 4458 3466 4527 ejus,

1880 4553 2130 4607 invenerit
2161 4553 2236 4605 sic
2265 4551 2564 4621 facientem.
2595 4551 2762 4604 Amen
2781 4549 2900 4604 dico
2925 4549 3087 4612 vobis,
3116 4550 3365 4620 quoniam
3379 4566 3470 4602 su-

1879 4663 1971 4718 per
2018 4645 2195 4699 omnia
2231 4645 2365 4698 bona
2397 4661 2496 4698 sua
2549 4645 2828 4698 constituet
2876 4659 3014 4697 eum.
3053 4643 3268 4709 Quanta
3326 4642 3469 4696 inter

1878 4739 2048 4794 bonos
2074 4731 2348 4792 auditores
2371 4745 2426 4792 et
2472 4737 2645 4792 bonos
2696 4735 2946 4792 doctores
3001 4735 3278 4801 distantia,
3321 4743 3466 4789 tanta

1879 4840 1963 4886 est
1989 4840 2045 4886 et
2071 4831 2440 4899 praemiorum.
2470 4827 2581 4886 Hos
2601 4831 2746 4885 enim
2780 4829 3074 4885 adveniens
3094 4844 3218 4883 cum
3240 4826 3466 4898 vigilan-

1882 4935 1962 4979 tes
1991 4923 2281 4988 invenerit,
2309 4922 2470 4978 faciet
2513 4922 2876 4989 discumbere,
2913 4929 2970 4978 et
3005 4920 3280 4975 transiens
3309 4917 3467 4972 mini-

1879 5015 2078 5071 strabit
2103 5013 2226 5070 illis.
2258 5013 2384 5069 Illos
2409 5022 2589 5070 autem
2621 5027 2743 5070 cum
2781 5013 2933 5069 verbi
2985 5027 3258 5068 annonam
3309 5008 3466 5064 fami-

1879 5110 1964 5165 lim
1997 5109 2099 5165 sibi
2127 5110 2348 5165 credita:
2377 5105 2606 5164 ﬁdeliter
2652 5108 3058 5179 prudenterque
3085 5106 3467 5176 dispensantes

1879 5202 2169 5269 invenerit,
2195 5217 2357 5272 supra
2404 5203 2583 5257 omnia
2615 5217 2734 5271 quae
2769 5201 3009 5272 possidet
3061 5200 3377 5262 constituet,
3408 5197 3465 5252 id

1878 5305 1964 5353 est
1989 5310 2152 5368 supra
2186 5297 2365 5352 omnia
2398 5295 2634 5351 caelestis
2680 5295 2830 5365 regni
2887 5295 3100 5364 gaudia.
3133 5292 3248 5349 Non
3278 5293 3466 5363 utique

1878 5396 1940 5440 ut
1983 5386 2176 5442 horum
2229 5386 2329 5443 soli
2369 5386 2668 5441 dominium
2704 5395 2944 5454 teneant,
3007 5389 3103 5444 sed
3155 5396 3214 5443 ut
3267 5403 3456 5444 eorum

1879 5479 2239 5535 abundantius
2312 5478 2525 5534 caeteris
2586 5478 2790 5533 sanctis
2855 5488 3057 5534 aeterna
3121 5479 3466 5550 possessione

1877 5573 2144 5628 fruantur.
2201 5569 2304 5637 Qui
2367 5571 2505 5625 enim
2568 5571 2708 5625 docti
2758 5571 2955 5642 fuerint
3002 5571 3273 5643 fulgebunt
3310 5570 3463 5641 quasi

1876 5664 2122 5735 splendor
2162 5663 2521 5733 ﬁrmamenti;
2559 5674 2608 5718 et
2638 5664 2728 5735 qui
2781 5664 2851 5718 ad
2899 5665 3169 5736 justitiam
3211 5663 3456 5719 erudiunt

1877 5757 2086 5820 multos,
2127 5755 2278 5827 quasi
2322 5753 2486 5810 stellte
2531 5757 2587 5810 in
2627 5765 2902 5828 perpetuas
2942 5758 3255 5812 ceternitates
3293 5754 3456 5828 (Dan.

1877 5852 1998 5922 xu).
2043 5850 2112 5906 Et
2147 5849 2434 5919 Apostolus
2458 5851 2535 5907 ait
2563 5866 2575 5879 ·
2612 5848 2717 5917 Qui
2741 5849 2868 5908 bene
2893 5860 3124 5922 praesunt
3175 5848 3462 5921 presbyteri
