3898 6450
434 371 579 445 m

1051 377 1114 434 Β.
1156 375 1410 434 BABANI
1448 365 1667 432 “AURI
1706 365 2010 430 ARCHIEE

2115 366 2370 429 OGUNT.
2411 363 2695 427 OPERUB
2730 364 2909 424 PARS
2946 371 2989 426 l.

3525 367 3693 432 ἰα

428 503 631 576 δίη)αεί
651 505 848 572 totum
881 498 1028 570 ligni
1060 496 1370 561 habeantur,
1396 497 1623 549 maxime
1641 494 1731 564 qui
1756 491 1998 547 laborant
2023 488 2078 552 Α
2098 504 2227 543 cum
2256 488 2341 543 his
2361 466 2609 542 videlicet
2628 486 2724 557 qui
2747 495 2904 543 erant
2927 488 2983 541 in
3005 498 3154 559 agro,
3181 499 3239 546 α
3262 492 3357 561 qui
3386 491 3695 557 mm,

430 594 662 653 incerta
688 601 737 647 et
764 592 820 645 in
854 578 1093 645 doctrina
1117 587 1167 659 (1
1206 586 1342 641 Tim.
1374 586 1449 658 ν).

450 720 479 727 ιλ
504 688 567 744 Si
594 694 766 741 autem
787 684 977 739 dixerit
1009 682 1180 738 multis
1217 696 1395 737 servus
1435 679 1524 735 ille
1565 682 1621 735 in
1666 677 1820 733 corde
1856 693 1954 733 suo
1982 689 2002 729 ι

436 778 640 834 Horam
670 778 799 848 facit
850 776 1109 829 Dominus
1135 788 1279 828 meus
1317 774 1528 838 venire;
1556 781 1604 827 et
1635 772 1841 842 cwyrerit
1887 786 2005 841 pcr-

432 882 607 926 calere
633 886 905 924 conservos
931 885 1073 932 suos,
1098 866 1376 921 manducet
1420 874 1591 919 autem
1627 874 1673 918 et
1707 865 1848 917 bibat
1884 877 2004 916 cum

431 966 605 1027 ebriis.
638 965 718 1037 Ex
744 964 1015 1045 prioribus
1044 961 1243 1035 pendet
1264 961 1406 1037 quod
1440 961 1579 1033 sicut
1604 960 1863 1029 sollicitus
1890 975 2002 1017 scr-

435 1074 531 1127 vus
555 1065 608 1121 et
645 1073 857 1127 semper
885 1057 1174 1112 adventum
1211 1055 1424 1115 Domini
1455 1053 1788 1125 prmstolans,
1840 1051 2004 1109 tradit

434 1150 710 1207 conservis
737 1148 939 1222 cibaria
976 1149 1031 1203 in
1083 1156 1325 1223 tempore
1376 1162 1496 1213 suo,
1548 1156 1601 1202 et
1629 1155 1815 1216 postea
1846 1158 2006 1212 super

431 1226 611 1297 oninia
656 1241 795 1299 bona
846 1238 1238 1319 patrisfamiliae
1286 1240 1664 1303 constituetur,
1723 1238 1851 1295 itae
1878 1252 2006 1291 con-

431 1334 599 1389 trario
623 1334 715 1402 qui
738 1332 892 1405 juxta
918 1332 1257 1391 Ezechielem
1288 1332 1419 1387 dicit
1445 1350 1458 1386 :
1502 1331 1567 1395 In
1593 1340 1823 1403 tempora
1847 1330 2005 1399 longa

428 1423 514 1493 ﬁet
548 1422 691 1479 istud
728 1420 944 1495 (Esecb.
980 1420 1102 1492 κει),
1146 1430 1200 1477 et
1247 1437 1351 1477 non
1379 1428 1532 1491 putat
1579 1420 1685 1479 cito
1719 1419 2006 1481 Dominum

430 1530 552 1570 esse
583 1522 891 1583 venturum,
941 1511 1114 1569 factus
1153 1513 1396 1569 securior
1437 1520 1596 1571 vacat
1624 1511 1795 1591 epulis
1846 1519 2006 1585 atque

429 1607 677 1671 luxuriae,
717 1614 772 1661 et
810 1622 917 1675 non
954 1605 1128 1665 lenem
1154 1605 1619 1677 patremfamilias,
1648 1604 1739 1660 sed
1777 1606 2007 1661 severis-

432 1698 625 1761 simum
657 1697 853 1759 sentiet
898 1696 1157 1769 judicem.
1212 1696 1394 1769 om.)
1427 1696 1580 1765 Sicut
1625 1698 1681 1757 in
1728 1712 1837 1765 uno
1865 1696 2007 1763 ﬁdeli

2105 588 2159 637 et
2182 581 2528 636 nihilominus
2554 580 2793 637 dcreiicti
2822 587 2964 636 sunt.
2990 580 3144 652 Saepe
3170 584 3409 639 diximus
3434 586 3701 657 hypocri-

2106 680 2238 739 tam,
2266 672 2408 727 aliud
2442 686 2583 737 esse,
2622 672 2767 729 aliud
2797 674 3103 729 ostendere.
3155 673 3308 729 Sicut
3352 684 3408 730 et
3444 677 3504 731 in
3536 694 3698 749 agro,

2105 770 2161 820 et
2207 764 2261 819 in
2307 764 2466 831 mola,
2514 764 2657 819 idem
2696 764 2984 819 videbatur
3024 767 3204 821 facere
3241 768 3388 836 quod
3426 769 3700 823 ecclesia-

2106 856 2275 911 sticus
2314 856 2416 921 vir,
2454 858 2548 911 sed
2584 857 2761 913 exitus
2798 857 3025 912 diversae
3064 859 3358 915 voluntatis
3415 861 3699 930 apparuit.

2106 951 2259 1019 Quod
2286 960 2466 1006 autem
2493 951 2622 1006 dicit
2655 950 2763 1006 illic
2788 966 2910 1007 esse
2933 952 3117 1007 ﬂetum
3152 962 3205 1008 et
3235 954 3537 1010 stridorem
3569 954 3704 1009 (ιω-

2106 1042 2258 1106 tium,
2291 1041 2379 1096 ubi
2424 1056 2613 1097 servus
2663 1057 2891 1112 nequam
2945 1058 3068 1097 cum
3116 1044 3420 1114 hypocritis
3470 1046 3705 1114 suscipit

2104 1142 2313 1205 partem
2343 1148 2516 1198 suam,
2542 1132 2811 1203 duplicem
2836 1134 3112 1203 gehennte,
3146 1145 3204 1187 ut
3226 1134 3453 1203 quidam
3490 1134 3703 1199 volunt,

2106 1229 2357 1297 exprimit
2386 1242 2621 1296 paruam,
2653 1228 2703 1281 id
2735 1234 2817 1282 est
2855 1228 2992 1297 ignis
3020 1237 3074 1281 et
3103 1227 3320 1299 frigoris
3381 1228 3467 1282 Ad
3518 1229 3703 1299 ignem

2107 1322 2248 1378 enim
2274 1321 2429 1377 ﬂetus
2455 1321 2685 1392 pertinet
2714 1320 3015 1385 oculorum,
3047 1321 3114 1374 ad
3137 1319 3306 1389 frigus
3331 1300 3551 1373 stridor
3580 1321 3705 1373 den—

2107 1413 2261 1467 tium.
2314 1412 2461 1467 Unde
2488 1420 2542 1466 et
2574 1412 2627 1464 in
2653 1409 2752 1464 Joh
2787 1412 3046 1481 scriptum
3076 1418 3195 1464 est:
3226 1409 3307 1462 Ad
3328 1409 3577 1463 calorem
3622 1410 3705 1460 ni-

2106 1504 2266 1556 mium
2303 1502 2491 1555 transit
2520 1502 2584 1555 ab
2612 1502 2762 1571 aquis
2803 1502 2995 1554 nivium
3022 1500 3163 1571 (Job.
3198 1490 3395 1567 κακὴ(
3426 1498 3545 1552 Sed
3596 1498 3703 1551 hac

2107 1613 2207 1651 nos
2232 1596 2425 1649 divina:
2456 1596 2692 1650 scientiae
2740 1601 3102 1657 reservantes,
3151 1592 3389 1646 sollicite
3444 1590 3707 1643 adame-

2108 1704 2230 1744 mus
2282 1687 2480 1742 interni
2543 1687 2843 1742 cruciatum
2885 1684 3276 1756 qualiscunque
3318 1682 3420 1745 sit,
3479 1680 3706 1736 omnino

429 1790 804 1861 dispensatore
841 1794 983 1845 totus
1008 1790 1273 1851 bonorum
1320 1799 1592 1851 rectorum
1622 1788 1893 1859 quomodo
1921 1787 2005 1841 vel
2032 1855 2076 1861 _
2110 1781 2441 1853 fugiendum.
2472 1778 2759 1849 Sequitur:

428 1855 575 1949 vivat
612 1882 693 1939 vel
731 1892 1107 1951 remuneretur
1158 1881 1291 1939 ordo
1322 1882 1563 1947 docetur,
1603 1855 1681 1938 sic
1709 1890 1764 1939 et
1808 1880 1863 1937 in
1902 1880 2006 1936 hoc
2031 1855 2081 1915 Β

427 1974 759 2045 nequissimo
822 1989 978 2030 servo
1035 1984 1352 2039 cunctorum
1398 1974 1685 2051 pnesulum
1740 1972 2007 2029 malorum

428 2063 791 2121 damnandum
858 2063 1064 2135 pariter
1124 2080 1258 2137 opus
1301 2074 1357 2121 et
1412 2064 1689 2135 damnatio
1753 2073 2007 2121 narratur

428 2166 626 2227 aeterna
653 2177 664 2213 :
697 2159 787 2229 qui
815 2159 1055 2231 neglecto
1084 2160 1296 2223 Domini
1345 2160 1537 2219 timore
1580 2176 1687 2216 non
1716 2164 1876 2215 modo
1903 2160 2004 2233 ipsi

428 2251 655 2319 luxuria:
686 2261 895 2321 vacant,
924 2252 1018 2309 sed
1054 2262 1110 2315 et
1164 2251 1406 2309 subditos
1463 2249 1676 2322 injuriis
1706 2250 2005 2319 stimulant,

430 2343 676 2413 quamvis
706 2343 881 2415 typice
906 2342 1072 2415 possit
1103 2342 1325 2412 intelligi
1378 2352 1664 2415 percutere
1688 2357 2005 2409 conservos,

432 2436 599 2505 corda
625 2436 984 2503 infirmorum,
1016 2452 1115 2495 nec
1135 2436 1312 2501 adhuc
1352 2436 1476 2506 ﬁde,
1506 2452 1621 2509 spe,
1646 2446 1700 2497 et
1739 2434 2009 2507 citaritate

429 2529 805 2597 solidatorunt,
833 2538 1053 2596 ostenso
1091 2545 1270 2600 pravae
1317 2530 1668 2601 operationis,
1712 2539 1806 2595 aut
1861 2530 2009 2599 locu-

435 2618 600 2679 tionis
636 2620 887 2697 excmplq
916 2619 1132 2689 vitiare,
1173 2619 1327 2681 Unde
1349 2628 1404 2681 et
1449 2621 1591 2692 apud
1640 2620 1840 2679 Lucam
1872 2622 2007 2699 legi-

431 2717 519 2765 tur
548 2728 561 2764 :
597 2708 664 2767 Et
687 2710 835 2787 erepit
857 2720 1128 2781 percutere
1155 2728 1345 2783 pueros
1373 2721 1421 2779 et
1449 2712 1673 2771 ancillas
1700 2711 1852 2787 (Luc.
1883 2714 2007 2787 xu).

429 2800 670 2885 Quorum
706 2810 909 2879 quanio.
930 2802 1199 2871 inﬁrmior
1233 2811 1491 2875 catastas.
1520 2812 1613 2871 aut
1641 2820 1827 2873 sexus,
1858 2812 2009 2871 tanto

428 2890 637 2951 facilior
670 2900 754 2947 est
790 2892 966 2961 ruina.
1002 2891 1173 2953 Edere
1193 2900 1396 2959 autem,
1436 2892 1620 2949 bibere
1648 2904 1703 2949 et
1728 2893 2006 2961 inebriari,

428 2990 512 3038 est
547 2991 602 3039 et
635 2983 846 3043 cunctis
880 2980 1232 3050 facinoribus,
1281 2991 1336 3053 et
1363 2983 1542 3043 szeculi
1574 2983 1862 3051 illecebris,
1890 3001 2010 3061 quae

429 3081 665 3133 mentem
717 3069 1047 3143 dementem,
1094 3082 1151 3135 et
1200 3090 1385 3135 errare
1443 3074 1663 3142 faciant,
1729 3077 2004 3147 occupari.

430 3163 569 3225 Nota
620 3182 748 3235 sane
802 3166 944 3229 inter
987 3167 1117 3225 vitia
1153 3167 1295 3235 servi
1349 3167 1474 3231 mali
1521 3168 1815 3245 ascriptum
1866 3169 2013 3241 quod

430 3256 646 3325 tardum
688 3256 898 3325 Domini
954 3254 1036 3315 sui
1068 3258 1299 3327 reditum
1351 3259 1637 3333 putaverit.
1679 3258 1799 3319 Non
1828 3268 2008 3317 autem

432 3346 573 3401 inter
598 3346 729 3404 boni
774 3348 1002 3419 virtutes
1037 3359 1450 3419 annumeratum
1479 3352 1623 3420 quod
1672 3350 1814 3409 hunc
1840 3351 2009 3421 citum

431 3439 701 3525 speravit,
763 3442 858 3497 sed
896 3450 1108 3509 tantum
1162 3440 1307 3515 quod
1352 3444 1418 3511 ad
1450 3441 1752 3513 jussionem
1796 3444 2013 3503 Domini

431 3529 865 3611 quandocunque‘
891 3533 1103 3597 venturi
1139 3533 1418 3599 conservis
1462 3534 1514 3589 in
1561 3544 1807 3608 tempore.
1845 3536 2013 3605 tritici

432 3637 742 3679 mensuram
768 3622 995 3690 dederit,
1032 3626 1135 3683 hoc
1168 3636 1255 3682 est
1277 3624 1361 3683 vel
1401 3629 1666 3683 sermonis
1707 3627 1895 3695 divini,
1927 3628 2013 3684 vel

432 3717 661 3786 exempli
724 3714 805 3775 sui
867 3719 1108 3797 regulam
1168 3712 1571 3779 monstraverit.
1638 3723 1780 3793 Quin
1847 3725 2012 3781 etiam

432 3809 693 3878 quosdam
730 3806 900 3867 honos
926 3828 1110 3868 servos
1138 3810 1363 3884 legimus
1389 3816 1456 3871 ab
1481 3816 1739 3887 Apostolo
1777 3818 2013 3903 castiga-

412 3910 537 3985 .tos.
566 3902 709 3979 quod
740 3910 1035 3989 treinentes
1083 3916 1244 3978 atque
1295 3907 1441 3963 anxii
1478 3909 1765 3975 crederent
1809 3911 2014 3968 instare

432 3995 575 4067 diem
622 3997 857 4081 Domini,
924 4016 1082 4071 quem
1138 4001 1252 4085 ipse
1317 4002 1651 4079 inopinatum
1700 4004 2019 4081 promiserit

432 4103 553 4142 esse
591 4095 877 4153 venturum
920 4088 1004 4162 (II
1042 4091 1221 4146 Thess.
1274 4091 1358 4163 ιι).
1417 4092 1569 4161 Unde
1599 4095 1863 4167 optimum
1894 4110 2015 4151 esse

435 4180 716 4259 probatur,
768 4197 1077 4261 quanquam
1110 4201 1431 4261 magnopere
1459 4189 1504 4243 si
1528 4188 1695 4245 liceat
1730 4192 2013 4262 cupiamus

435 4267 595 4331 scire,
631 4270 845 4339 quando
886 4272 1063 4328 veniat
1116 4266 1455 4335 desideratus
1488 4280 1701 4337 cunctis
1738 4283 2017 4355 gentibus,

434 4363 809 4430 aequanimiter
823 4373 996 4420 tamen
1012 4368 1373 4425 sustineamus
1388 4388 1485 4427 nos
1502 4374 1709 4429 nescire
1733 4391 1853 4446 quae
1878 4378 2016 4433 scire

435 4456 543 4509 non
572 4453 752 4522 liceat,
784 4457 877 4511 sed
905 4464 1115 4514 tantum
1146 4460 1199 4514 in
1234 4464 1542 4534 exemptum
1572 4467 1695 4521 boni
1723 4469 1871 4523 servi
1897 4469 2016 4526 sive

2671 1890 2897 1949 CAPUT
2956 1890 3120 1947 XXV.

2112 1986 2378 2041 Parabola
2418 1987 2481 2041 de
2520 1986 2693 2040 decem
2731 1984 3030 2055 rirglnibus.
3078 1984 3142 2038 de
3189 1981 3374 2037 oribus
3426 1991 3482 2037 et
3520 1982 3707 2046 turdis,

2178 2059 2244 2112 de
2270 2059 2509 2129 operibus
2542 2057 2834 2121 eorum,'de
2860 2057 3018 2111 servis
3046 2056 3206 2125 frugi.
3239 2064 3289 2108 st
3318 2056 3507 2124 pigro,
3530 2066 3641 2107 etc.

2183 2148 2273 2222 [L]
2307 2148 2450 2205 Tunc
2472 2148 2639 2203 simile
2664 2149 2759 2202 erit
2803 2164 3020 2218 regnum
3054 2146 3303 2201 caelorum
3325 2147 3521 2200 decem
3550 2146 3708 2215 εει-εὐ-

2110 2240 2280 2305 nibus,
2305 2256 2422 2313 qua:
2442 2239 2749 2309 accipientes
2773 2240 3041 2310 lampades
3060 2252 3206 2303 suas,
3229 2240 3480 2293 exierunt
3505 2239 3711 2292 obsis-

2109 2346 2299 2402 sponso
2326 2341 2374 2385 et
2400 2347 2624 2402 sponsor.
2653 2330 2894 2401 Quinque
2932 2342 3105 2385 autem
3126 2346 3191 2385 ex
3223 2331 3300 2385 eis
3325 2342 3489 2386 nant
3520 2332 3709 2400 (an,

2108 2431 2160 2478 et
2181 2422 2407 2493 quinque
2444 2422 2741 2493 prudentes.
2787 2423 2925 2478 Dato
2952 2423 3098 2477 enim
3121 2422 3375 2493 exemplo
3403 2423 3475 2478 de
3507 2423 3605 2478 die
3629 2424 3710 2493 ju-

2111 2513 2237 2569 dicii
2272 2528 2371 2584 per
2407 2528 2623 2569 servum
2656 2513 2857 2569 bonum
2889 2521 2944 2568 et
2973 2513 3208 2580 fidelem,
3241 2524 3414 2584 atque
3454 2530 3565 2585 per
3598 2530 3709 2569 ses-

2108 2621 2237 2661 vum
2278 2605 2479 2660 malum
2517 2613 2573 2659 et
2622 2604 2914 2671 inﬁdelem,
2963 2621 3155 2661 rursus
3196 2606 3341 2663 aliud
3379 2605 3455 2661 de
3518 2609 3704 2662 eadem

2109 2698 2323 2769 reponit
2364 2696 2667 2767 exemplum
2718 2697 2944 2754 dicens:
2992 2698 3137 2761 Tunc
3160 2699 3331 2755 simile
3352 2701 3463 2753 erit
3494 2717 3704 2771 regn-

2109 2790 2359 2845 carlorsun
2385 2789 2558 2844 decent
2582 2789 2897 2860 uirginibus;
2915 2799 3020 2846 etc.
3052 2789 3326 2863 (Hierom)
3356 2790 3521 2846 Hauc
3552 2807 3706 2861 para-

2108 2882 2309 2949 holam,
2344 2883 2395 2937 id
2433 2891 2536 2949 est,
2566 2882 2969 2938 similitudinem
2999 2884 3186 2939 decem
3215 2883 3498 2954 virginum
3540 2882 3709 2938 fatus-

2110 2991 2228 3031 runt
2262 2983 2423 3045 atque
2448 2975 2811 3045 prudentium,
2840 2974 3057 3045 quidam
3096 2975 3427 3047 simpliciter
3455 2976 3513 3030 in
3540 2978 3705 3046 virgi-

2109 3069 2269 3125 nibus
2294 3069 2718 3141 interpretantur
2743 3087 2757 3123 :
2782 3083 3011 3139 quarum
3056 3070 3177 3126 alia
3195 3068 3353 3140 juxta
3387 3070 3707 3140 Apostolus

2111 3168 2168 3216 et
2205 3177 2420 3231 corpore
2458 3170 2507 3215 et
2532 3170 2699 3215 mente
2742 3169 2868 3216 sunt
2900 3162 3151 3232 virgines;
3191 3161 3313 3216 alia!
3329 3162 3707 3235 virginitate-

2114 3261 2322 3307 tantum
2348 3268 2637 3323 corporum
2670 3261 3030 3319 reservantes,
3059 3261 3256 3309 caetera
3282 3268 3463 3324 opera
3487 3254 3707 3324 iustitia

2111 3360 2220 3400 non
2268 3344 2492 3410 habent,
2534 3346 2815 3415 proposito
2851 3359 2950 3400 suo
2986 3344 3070 3400 vel
3114 3353 3409 3415 parentum
3461 3347 3707 3402 cusmdia

2112 3444 2429 3504 reservatur,
2478 3438 2830 3493 nihilominus
2857 3436 3037 3493 metite
3066 3446 3394 3509 amiserunt.
3441 3438 3554 3495 Sed
3582 3440 3709 3494 mihi

2111 3532 2328 3588 videtur
2355 3547 2421 3588 ex
2454 3531 2823 3601 superioribus
2847 3532 2986 3587 alius
3012 3547 3205 3589 sensus
3231 3547 3357 3589 esse
3385 3536 3489 3604 qui
3517 3536 3710 3590 dicitur

2113 3639 2171 3686 et
2198 3644 2303 3685 non
2334 3629 2402 3684 ad
2424 3628 2710 3699 virginalia
2736 3642 2981 3699 corpora,
3010 3630 3105 3685 sed
3134 3629 3203 3683 ad
3232 3642 3398 3684 omne
3425 3628 3709 3684 hominum

2114 3728 2285 3793 genus
2327 3720 2659 3790 comparatio
2686 3720 2979 3791 pertinere.
3036 3717 3237 3794 (Greg.)
3267 3721 3536 3777 Attamen
3567 3725 3710 3793 prius

2114 3814 2464 3883 quaerendum
2506 3812 2663 3867 nobis
2704 3820 2807 3878 est,
2849 3812 2979 3882 quid
3026 3813 3095 3868 sit
3135 3812 3400 3869 oculorum
3460 3828 3705 3885 regnum,

2117 3915 2210 3960 aut
2247 3906 2346 3964 cur
2379 3903 2565 3959 decem
2609 3903 2910 3975 virginibus
2952 3914 3317 3974 comparetur,
3370 3916 3503 3975 qua:
3548 3906 3709 3960 etia-

2114 3997 2353 4071 virgines
2393 3998 2705 4064 prodeuntes,
2756 4006 2813 4053 et
2859 3997 3020 4054 fatua:
3061 3998 3333 4064 dicantur,
3380 4000 3525 4055 dum
3571 4002 3707 4055 enim

2116 4090 2374 4147 oculorum
2426 4104 2652 4159 regnum
2686 4098 2897 4145 constet
2920 4092 3065 4160 quod
3118 4090 3296 4147 nullus
3347 4092 3707 4163 reprobamus

2118 4184 2435 4254 ingreditur,
2474 4184 2637 4238 etiam
2678 4181 2840 4239 fatuis
2877 4183 3179 4254 virginibus
3214 4200 3316 4239 cur
3358 4185 3547 4240 simile
3594 4199 3707 4239 esse

2116 4274 2469 4345 perhibetur?
2512 4272 2623 4329 Sed
2662 4274 2939 4330 sciendum
2971 4282 3053 4330 est
3081 4275 3225 4346 quod
3269 4290 3418 4346 sape
3472 4276 3529 4330 in
3557 4291 3709 4331 sacra

2118 4367 2333 4438 eloquio
2357 4382 2582 4439 regnum
2615 4366 2875 4423 cocionum
2920 4369 3202 4438 praesentis
3230 4369 3502 4438 temporis
3531 4369 3711 4424 Ecde-

2120 4461 2199 4515 sia
2245 4462 2463 4527 dicitur,
2494 4461 2635 4516 sicut
2666 4469 2722 4516 et
2764 4460 2892 4516 alibi
2922 4461 3433 4516 demonstravimus.
3495 4460 3573 4514 De
3606 4475 3709 4530 quo

434 4564 620 4621 prope,
651 4564 744 4606 seu
770 4554 957 4623 procul
999 4556 1089 4622 sit,
1127 4568 1346 4627 paratos
1393 4570 1732 4632 exspectare,
1791 4571 1847 4618 et
1896 4564 2019 4620 dili-
2041 4590 2098 4652 Β
2122 4553 2229 4609 alio
2263 4554 2318 4608 in
2351 4553 2471 4609 loco
2495 4553 2755 4608 Dominus
2787 4554 2863 4607 ait
2890 4567 2903 4606 :
2936 4551 3158 4652 Veniens
3182 4551 3355 4622 πηριιὶ
3378 4561 3432 4652 et
3460 4552 3705 4622 colligat

437 4658 563 4714 gere
587 4644 873 4702 adventum
898 4647 1015 4716 eius
1040 4658 1270 4719 oportet.

520 4732 698 4793 Veniat
723 4735 974 4792 Dominus
1003 4741 1136 4794 send
1176 4736 1323 4795 illius
1352 4742 1410 4795 in
1441 4742 1527 4796 die
1548 4759 1652 4813 qua
1685 4759 1790 4797 non
1818 4754 2011 4815 sperat,

437 4835 485 4880 et
517 4827 649 4881 hora
685 4843 790 4898 qua
825 4830 1033 4899 ignorat
1054 4871 1068 4895 ,
1099 4841 1144 4885 et
1185 4832 1373 4887 dividet
1402 4851 1539 4898 estin,
1572 4845 1872 4905 partemque
1901 4838 2016 4907 ejus

436 4929 589 4990 ponet
618 4936 738 4974 cum
771 4920 1087 4992 hypocritis;
1117 4922 1225 4976 illic
1257 4925 1355 4977 erit
1388 4926 1544 4994 ﬂetus
1583 4936 1631 4979 et
1669 4927 1868 4980 strator
1890 4929 2018 4981 den-

439 5009 589 5063 tiant.
619 5009 890 5081 (ﬂiam)
930 5010 1045 5066 Huc
1090 5011 1264 5082 ipsum
1291 5013 1449 5069 docet
1496 5024 1555 5070 ut
1592 5017 1766 5071 sciant
1802 5019 2019 5087 quando

437 5114 545 5154 non
574 5108 792 5170 putatur
814 5101 1107 5167 Dominus,
1143 5111 1267 5160 tunc
1294 5119 1418 5159 eum
1464 5122 1585 5160 esse
1614 5115 1919 5161 venturum.
1956 5107 2023 5162 Et

438 5188 731 5258 vigilantia}
770 5206 837 5247 ac
872 5192 1250 5250 sollicitudinis
1301 5196 1701 5266 dispensatores
1743 5199 2016 5254 admonet.

439 5277 611 5337 Porro
629 5282 772 5350 quod
798 5282 929 5339 dicit
956 5302 966 5337 :
995 5283 1199 5345 Dividet
1228 5303 1364 5348 eum,
1395 5303 1501 5342 non
1526 5289 1667 5356 quod
1696 5289 1872 5358 gladio
1894 5306 2019 5345 eum

441 5365 691 5434 disseret,
737 5372 833 5427 sed
874 5374 1017 5442 quod
1056 5389 1087 5429 a
1115 5385 1425 5433 sanctorum
1477 5378 1750 5431 consortio
1785 5388 2013 5449 separet.

443 5457 626 5532 (ιω.)
667 5458 876 5527 Quare?
921 5463 1056 5532 Quia
1109 5466 1399 5523 adventum
1448 5468 1845 5537 desperaverit.
1890 5471 2017 5539 quia

441 5548 710 5604 mandatis
740 5567 844 5609 non
868 5555 1338 5624 obtemperaverit,
1368 5557 1493 5624 quia
1523 5557 1882 5626 praesentibus
1906 5567 2018 5615 stuc

443 5641 635 5703 duerit,
669 5642 793 5711 quia
822 5645 931 5704 vita
958 5646 1199 5716 gentium
1226 5646 1444 5713 vixerit,
1485 5649 1613 5718 quia
1640 5648 2020 5720 desperatione

435 5731 622 5799 judicii
670 5736 1013 5795 commissam
1059 5738 1163 5795 sibi
1212 5737 1472 5799 familiam
1513 5741 1684 5808 fame,
1721 5742 1833 5807 siti,
1874 5745 2020 5802 caede

441 5824 741 5913 tenvem:
791 5827 861 5896 Et
898 5835 1109 5899 partem
1158 5828 1279 5903 eius,
1317 5841 1485 5909 ponet
1526 5849 1653 5897 cum
1703 5833 2019 5909 hypocrita,

2118 4646 2186 4700 dc
2219 4661 2375 4716 regno
2415 4644 2527 4715 ejus
2567 4645 2742 4698 omnia
2780 4642 3030 4698 scandala
3079 4642 3293 4714 (Matth.
3317 4642 3465 4713 xm).
3524 4643 3711 4712 Neque

2121 4736 2265 4791 enim
2300 4736 2355 4790 in
2382 4736 2471 4790 illo
2499 4751 2667 4806 regno
2691 4735 3059 4799 beatitudinis,
3089 4736 3143 4788 in
3186 4748 3295 4803 quo
3342 4750 3445 4804 pax
3498 4750 3705 4788 summa

2123 4839 2232 4894 est,
2268 4829 2495 4883 inveniri
2532 4828 2784 4883 scandala
2822 4836 3074 4898 poterunt
3107 4843 3229 4899 quae
3258 4828 3608 4898 colligantur.
3646 4828 3708 4881 ει

2124 4922 2266 4977 unde
2301 4937 2518 4983 rursum
2564 4920 2799 4975 dicitur:
2841 4921 2944 4987 Qui
2985 4922 3185 4991 fecerit,
3230 4931 3279 4975 et
3327 4924 3404 4975 sic
3443 4923 3703 4985 docuerit,

2125 5028 2346 5082 magnus
2379 5011 2647 5067 vocabitur
2677 5012 2731 5066 in
2773 5029 2929 5083 regno
2961 5012 3243 5067 caularum:
3267 5014 3357 5083 qui
3388 5023 3569 5067 autem
3607 5015 3710 5067 sol-

2124 5105 2253 5158 verit
2285 5121 2448 5159 unum
2468 5105 2533 5159 de
2556 5105 2818 5159 mandatis
2852 5105 2964 5158 istis
2985 5105 3234 5167 minium,
3257 5115 3306 5158 ct
3338 5106 3415 5158 sic
3443 5106 3705 5165 docuerit,

2124 5194 2372 5249 minimus
2424 5197 2694 5250 vocabitur
2738 5195 2792 5250 in
2841 5212 2997 5265 regno
3049 5195 3297 5251 caelorum
3352 5196 3584 5268 (ηοω.
3632 5204 3705 5261 ν).

2127 5287 2436 5342 Mandatum
2464 5290 2666 5359 quippe
2689 5287 2868 5352 solvit,
2896 5297 2953 5341 et
2976 5288 3152 5355 docet,
3183 5290 3405 5357 quando
3430 5291 3537 5344 hoc
3560 5292 3712 5361 quis.

2122 5394 2229 5449 que
2249 5392 2379 5435 voce
2406 5382 2683 5451 prtedicat,
2709 5380 2853 5449 quod
2872 5380 3101 5437 vivendo
3129 5396 3233 5436 non
3263 5383 3469 5452 implet.
3506 5383 3613 5437 Sed
3640 5384 3709 5439 ad

2120 5486 2345 5539 regnum
2385 5479 2603 5527 mternac
2661 5471 3013 5531 beatitudinis
3057 5488 3165 5528 non
3210 5474 3350 5530 valet
3393 5476 3701 5543 pervenire,

2120 5565 2213 5634 qui
2257 5581 2366 5622 non
2408 5565 2520 5619 vult
2561 5580 2725 5636 opere
2773 5566 2999 5637 implere
3027 5567 3172 5638 quod
3211 5567 3387 5622 docet.
3419 5567 3704 5633 Quomodo

2120 5672 2249 5727 ergo
2274 5657 2329 5712 in
2356 5672 2422 5711 eo
2447 5656 2705 5711 minimus
2731 5668 2974 5725 vocatur,
3004 5661 3095 5729 qui
3123 5660 3193 5719 sd
3228 5660 3333 5715 hoc
3354 5658 3506 5714 nullo
3542 5657 3701 5713 nmio

2121 5745 2328 5801 intrare
2378 5743 2741 5813 permittitur?
2772 5745 2910 5813 Quid
2959 5748 3140 5817 itaque
3165 5762 3264 5817 per
3291 5748 3432 5802 hanc
3479 5758 3701 5804 senten-

2120 5836 2256 5898 tiam
2275 5836 2379 5895 nisi
2404 5851 2645 5915 prtesens
2667 5836 2907 5897 Ecclesia
2934 5839 3192 5909 castrum]
3214 5854 3446 5910 ngnuq
3466 5839 3701 5897 dicitur?
