3898 6444
125 389 276 460 {088

1081 381 1434 463 COMMEM.
1471 401 1541 460 IN
1578 376 2013 466 Mariti/seu.
2045 377 2122 454 5—.
2157 377 2284 471 us.
2325 376 2437 475 vn.

3255 382 3396 494 foss

113 493 184 570 tn
211 525 320 583 qua
359 512 552 569 doctor
575 507 666 584 qui
710 493 1023 571 mandatum
1060 517 1284 575 solverit
1325 519 1579 576 minimus
1608 533 1705 576 νο·
1735 517 1791 584 Α
1813 529 2119 596 acceperunt
2144 530 2316 606 oleum
2336 550 2511 590 secum
2545 535 2600 592 in
2623 537 2760 608 uasis
2787 537 2896 596 suis
2920 559 3038 598 cum
3061 543 3403 618 ‘lampadibus

123 615 308 673 catur,
349 606 477 677 quia
517 605 672 678 cujus
713 605 824 662 vita
871 609 1186 680 despicitur,
1220 619 1390 667 restat
1425 621 1486 669 nt
1521 617 1716 684 praedi-

120 699 278 755 catio
304 695 698 755 contemnatur.
734 697 916 757 Simile
945 699 1054 770 est,
1080 703 1177 771 ait,
1219 721 1434 784 regnum
1469 710 1715 770 caelorum

119 791 302 847 decem
349 791 636 868 virginibus
664 833 680 860 ,
731 811 849 866 qua:
907 797 1218 870 accipientes
1270 798 1540 872 lampades
1589 823 1714 863 suas

119 886 366 940 exierunt
403 882 605 942 obuiam
643 905 832 960 sponso
855 899 902 944 et
925 905 1146 960 sponsae.
1187 891 1369 964 (Aug.)
1401 893 1555 964 Quod
1586 912 1714 955 vero

121 993 327 1046 sponso
352 979 486 1034 dixit
529 990 583 1035 et
619 975 832 1052 sponsae
875 982 1088 1038 obviam
1123 986 1310 1041 venire
1344 987 1602 1061 virgines,
1635 991 1712 1049 sic

119 1067 528 1141 intelligendum
554 1080 706 1142 puto,
741 1081 802 1128 ut
825 1090 893 1130 ex
926 1074 1056 1145 ipsis
1079 1076 1380 1147 virginibus
1409 1089 1618 1137 constet
1647 1099 1712 1139 ea

118 1177 243 1230 quae
265 1162 465 1217 dicitur
505 1177 718 1236 sponsa,
753 1173 1006 1237 tanquam
1035 1169 1077 1224 si
1105 1170 1360 1228 omnibus
1385 1171 1712 1233 Christianis

117 1251 175 1305 in
199 1251 500 1307 Ecclesiam
527 1242 992 1324 c0ncurrentibus,
1019 1259 1112 1314 lilii
1138 1261 1204 1315 ad
1230 1269 1453 1318 matrem
1476 1280 1709 1323 concur-

115 1359 241 1398 rere
271 1345 542 1412 dicantur,
583 1362 703 1401 cum
735 1348 864 1418 ipsis
891 1349 1014 1406 liliis
1040 1352 1381 1425 congregatis
1407 1367 1618 1413 constet
1646 1376 1710 1417 ea

112 1452 238 1506 qme
264 1437 461 1493 dicitur
487 1447 678 1494 mater.
712 1441 864 1497 Nunc
889 1443 1034 1498 enim
1063 1445 1389 1516 desponsata
1417 1459 1500 1506 est
1523 1451 1708 1511 Eccle-

113 1534 216 1596 sit,
249 1544 304 1589 et
335 1537 485 1606 virgo
513 1545 598 1592 est
623 1537 688 1592 ad
717 1539 932 1608 nuptias
959 1543 1324 1622 perducenda,
1363 1545 1415 1601 id
1447 1557 1550 1615 est,
1584 1563 1707 1604 cum

112 1638 170 1676 se
201 1626 443 1682 continet
481 1643 512 1682 a
542 1630 887 1702 corruptione
919 1633 1183 1690 saeculari.
1222 1635 1318 1692 illo
1347 1648 1526 1695 autem
1567 1650 1705 1696 tem-

113 1730 248 1783 pore
277 1717 462 1786 nubet,
493 1736 602 1806 quo
649 1723 904 1780 universa
947 1727 1278 1785 mortalitate
1317 1732 1369 1786 in
1397 1749 1460 1788 ea
1485 1743 1707 1806 prater-

112 1819 278 1867 cunte
324 1799 614 1870 immortali
657 1815 1034 1892 conjunctione
1088 1819 1308 1878 fetatur.
1361 1823 1702 1897 Desponsavi,

1817 611 1959 697 (σαι.
1991 617 2090 691 Vl),
2121 619 2174 676 id
2201 629 2284 680 est
2313 621 2556 682 laetitiam
2601 627 2868 704 bonorum
2899 650 3123 715 operum
3155 611 3212 694 in
3241 643 3406 705 corde

1814 714 1977 778 atque
2029 713 2359 776 conscientia
2379 729 2728 806 ‘posuerunt.
2789 713 2948 780 Sicut
2995 735 3052 782 et
3099 731 3400 807 praedictus

1811 799 2101 884 Apostolus
2147 823 2352 880 monet,
2381 799 2436 868 et
2461 814 2594 871 dicit
2631 834 2648 875 :
2693 815 2887 890 Probet
2913 799 3140 892 seipsum
3169 821 3326 881 homo
3353 835 3405 884 et

1813 901 1936 948 tunc
1973 895 2028 950 in
2057 901 2330 976 semetipso
2361 901 2586 973 gloriam
2627 905 2854 984 habebit,
2896 919 2945 986 et
2981 929 3084 967 non
3120 913 3178 969 in
3212 899 3399 971 altero.

1810 981 1878 1040 Et
1900 986 2027 1045 item
2049 1008 2062 1044 :
2089 988 2342 1061 Gaudete,
2366 995 2558 1068 inquit,
2583 997 2639 1052 in
2661 981 2886 1056 Domino
2904 981 3128 1075 semper,
3147 1017 3196 1061 et
3215 989 3405 1063 iterum

1810 1077 1928 1132 dico
1946 1083 2167 1154 gaudete
2190 1082 2355 1158 (Phil.
2383 1087 2479 1160 tv).
2513 1087 2720 1166 [Greg.]
2753 1091 2908 1150 Unde
2931 1097 3226 1154 notandum
3257 1101 3404 1174 quod

1809 1181 2000 1228 omnes
2044 1173 2320 1257 lampades
2349 1177 2569 1250 habent,
2602 1181 2697 1242 seti
2735 1201 2926 1244 omnes
2959 1185 3136 1246 oleum
3168 1208 3273 1248 non
3305 1194 3403 1250 ha-

1808 1261 1954 1348 bent,
1995 1265 2120 1336 quia
2149 1268 2466 1343 plerumque
2499 1272 2638 1330 bona
2675 1275 2730 1331 in
2771 1293 2830 1333 se
2860 1295 3024 1352 opera
3057 1297 3181 1338 cum
3212 1281 3402 1342 electis

1809 1364 1865 1412 et
1894 1360 2107 1434 reprobi
2139 1363 2452 1432 ostendunt,
2482 1367 2577 1422 sed
2605 1368 2706 1424 soli
2731 1369 2796 1424 ad
2830 1387 3086 1446 sponsum
3121 1391 3244 1430 cum
3283 1376 3402 1434 oleo

1807 1452 2030 1508 veniunt
2059 1454 2151 1525 qui
2183 1455 2246 1512 de
2283 1457 2368 1514 his
2407 1476 2528 1530 qua:
2571 1461 2706 1518 l‘oris
2743 1447 2954 1538 egerint
3000 1466 3144 1522 intus
3175 1467 3401 1538 gloriam

1807 1544 2110 1638 requirunt.
2163 1545 2317 1623 Unde
2355 1563 2449 1626 per
2484 1551 2818 1631 psalmistam
2849 1571 3064 1639 quoque
3101 1557 3168 1612 de
3209 1567 3399 1618 sancta

1805 1629 2101 1720 electorum
2133 1635 2372 1694 Ecclesia
2415 1629 2655 1698 dicitur:
2689 1629 2882 1700 Omnis
2901 1629 3074 1718 gloria
3113 1647 3228 1720 ejus
3271 1645 3402 1720 ﬁliae

1806 1711 1986 1794 regum
2015 1727 2079 1781 ab
2103 1729 2244 1784 intus
2272 1726 2444 1802 (Psal.
2474 1731 2648 1808 xuv).

1878 1816 2086 1874 Moram
2107 1831 2282 1877 autem
2303 1823 2526 1894 faciente
2551 1843 2741 1904 sponso
2763 1827 3177 1914 dormitaverunt
3195 1848 3401 1912 omnes,

111 1901 312 1974 inquit,
347 1923 432 1960 vos
459 1908 551 1962 uni
573 1909 682 1964 viro
710 1909 957 1980 virginem
998 1923 1197 1968 castam
1233 1916 1472 1972 exhibere
1493 1917 1699 1976 Christo

1808 1917 1854 1962 et
1873 1909 2221 1967 dormierunt.
2252 1912 2390 2000 Quia
2423 1915 2549 1981 dum
2581 1901 2768 1978 venire
2787 1919 2954 1990 judex
2985 1919 3052 1976 ad
3091 1901 3402 1980 exiremuni

110 1993 202 2077 (η
221 1995 347 2053 (ιον,
371 1999 470 2074 χι),
513 1999 636 2068 vos,
680 2002 874 2074 inquit,
898 2005 1170 2076 virginem,
1211 2025 1242 2064 ει
1273 2007 1462 2082 plum“
1491 2012 1558 2067 ad
1589 2013 1702 2068 si“-
1796 1999 2060 2071 judicium
2112 1993 2315 2070 ditl‘ert,
2349 2001 2506 2062 electi
2539 2015 2594 2062 et
2629 2009 2846 2080 reprobi
2881 2010 2934 2064 in
2977 2012 3172 2068 mortis
3209 2028 3402 2073 somno

109 2081 352 2158 gularem
395 2107 681 2148 numerum
714 2095 1060 2152 concludens.
1111 2099 1222 2156 Cur
1251 2081 1430 2157 autem
1458 2105 1701 2178 quinque

109 2179 270 2234 dicta:
310 2189 453 2248 sunt,
487 2184 878 2256 subsequenter
915 2202 1268 2260 exponemus.
1297 2189 1560 2253 Videntur
1595 2197 1701 2252 ita-

107 2285 216 2341 que
264 2274 396 2330 mihi
425 2275 662 2348 quinque
687 2279 926 2351 virgines
972 2283 1279 2354 significare
1326 2289 1696 2362 quinquepar-

107 2363 265 2418 titam
293 2366 675 2423 continentiam
699 2385 729 2423 a
750 2374 930 2428 carnis
951 2373 1238 2433 illecebris.
1265 2376 1323 2433 In
1350 2380 1586 2456 quinque
1611 2397 1702 2438 au-

108 2457 220 2507 tem
250 2455 498 2512 sensibus
524 2458 786 2524 subsistit,
819 2459 871 2516 id
899 2471 1006 2531 est,
1041 2467 1178 2534 visu,
1211 2469 1416 2538 auditu,
1445 2471 1696 2542 odoratu,

109 2557 266 2617 gustu
307 2556 361 2604 et
385 2556 552 2605 tactu.
611 2551 978 2616 Continendns
1007 2567 1092 2630 est
1123 2561 1266 2617 enim
1294 2563 1460 2620 animi
1490 2567 1697 2639 appeti-

112 2646 200 2694 tus
227 2655 255 2694 a
277 2641 552 2714 voluptate
581 2645 881 2716 oculorum,
913 2665 943 2705 a
969 2651 1244 2730 voluptate
1273 2657 1507 2724 aurium,
1533 2643 1566 2716 a
1595 2677 1695 2718 vo-

109 2728 315 2800 luptate
343 2731 658 2801 olfaciendi,
694 2740 978 2810 gustandi,
1013 2728 1291 2818 tangendi.
1346 2746 1548 2824 (Grcg.)
1593 2750 1700 2808 Ge-

111 2823 349 2881 minatus
389 2834 567 2882 autem
615 2829 899 2900 qninarius
939 2850 1199 2894 numerus
1239 2823 1535 2898 denarium
1574 2859 1700 2918 per--

113 2915 245 2971 ﬁcit.
301 2917 369 2974 Et
407 2921 533 2992 quia
579 2910 648 2978 ex.
683 2931 914 2996 utroque
961 2944 1094 2984 sexu
1137 2930 1373 2987 ﬁdelium
1411 2910 1700 3008 multitudo

113 3008 402 3094 colligitur,
452 3023 636 3069 sancta
669 3013 911 3074 Ecclesia
943 3019 1129 3077 decem
1160 3023 1463 3096 virginibus
1508 3027 1704 3096 similis
1733 3061 1740 3070 -

113 3095 479 3162 denuntiatur.
502 3105 559 3164 in
591 3125 696 3182 qua
729 3113 854 3184 quia
882 3111 1009 3171 mali
1041 3132 1162 3174 cum
1188 3095 1366 3186 bonis,
1397 3129 1454 3194 et
1486 3123 1704 3194 reprobi

113 3199 233 3252 eum
281 3199 466 3256 electis
513 3203 735 3260 admixti
789 3216 934 3274 sunt,
982 3219 1130 3264 recte
1171 3211 1362 3268 similis
1400 3213 1700 3286 virginibus

111 3289 464 3358 prudentibus
487 3301 540 3346 et
576 3293 735 3350 l‘atuis
770 3311 891 3352 esse
919 3299 1252 3370 perhibetur.
1296 3300 1436 3358 Sunt
1465 3321 1700 3378 namque

110 3383 354 3475 plerique
405 3383 743 3445 continentes
789 3393 882 3466 qui
928 3392 996 3447 ab
1044 3395 1305 3449 exteriori
1359 3412 1417 3454 se
1461 3384 1700 3475 appetitu

111 3464 442 3548 custodiunt,
488 3489 553 3537 et
579 3498 673 3565 spe
709 3483 774 3540 ad
809 3464 1071 3562 interiora
1118 3481 1434 3569 rapiuntur;
1479 3464 1698 3569 omnem

111 3577 407 3636 macerant,
453 3581 508 3627 et
555 3577 668 3636 toto
711 3573 982 3630 desiderio
1025 3573 1092 3632 ad
1133 3591 1424 3654 supernam
1470 3581 1700 3654 patriam

112 3595 407 3636 llliltflfl'illlt,
453 3595 508 3627 cl.
556 3595 668 3636 toto
711 3595 982 3630 (lCSlUCl‘lO
1025 3595 1092 3632 au
1133 3595 1424 3654 supernam
1495 3595 1700 3654 'all’laltl

112 3659 392 3727 anhelant,
445 3669 646 3718 (eterna
693 3665 912 3750 praemia
971 3678 1229 3739 expetunt
1280 3687 1378 3750 pro
1428 3595 1702 3740 la‘boribus

113 3751 222 3804 Suis
249 3751 508 3823 recipere,
535 3753 724 3811 laudes
749 3757 1017 3820 humanas
1062 3755 1296 3820 nolunt
1331 3759 1395 3817 Hi
1442 3753 1699 3820 nimirum

113 3843 334 3914 gloriam
363 3861 513 3901 suam
542 3863 647 3907 non
679 3849 732 3912 iu
759 3866 853 3910 ore
877 3851 1154 3908 hominum
1182 3866 1410 3927 ponunt,
1436 3857 1531 3911 sed
1558 3857 1700 3912 intra

111 3936 496 3992 conscientiam
526 3947 839 4012 contegunt.
870 3941 940 3997 Et
969 3951 1093 3998 sunt
1115 3941 1360 4024 plerique
1384 3947 1475 4016 qui
1503 3962 1700 4025 corpus

109 4041 208 4096 per
245 4028 623 4084 abstinentiam
657 4028 918 4102 atlligunt,
971 4033 1064 4089 sed
1117 4032 1183 4090 de
1238 4035 1352 4117 ipsa
1396 4053 1492 4092 sua
1531 4039 1701 4095 absti-

111 4119 288 4174 nentia
333 4121 604 4178 humanos
637 4123 853 4182 favores
893 4135 1185 4198 expetunt;
1221 4127 1481 4186 doctrina:
1527 4131 1700 4190 inser-

110 4212 282 4278 viunt,
312 4213 678 4286 indigentibus
705 4217 874 4277 multa
899 4218 1222 4294 largiuntur,
1256 4223 1349 4278 sed
1383 4223 1544 4281 fatuae
1573 4243 1698 4314 pro-

111 4301 251 4358 fecto
292 4313 418 4360 sunt
463 4305 720 4378 virgines,
761 4311 887 4378 quia
927 4311 1096 4366 solam
1144 4313 1320 4370 laudis
1368 4301 1698 4374 transitoria

110 4391 521 4450 retributionem
552 4406 820 4466 quaerunt.
854 4397 1009 4455 Unde
1036 4411 1092 4474 et
1121 4411 1306 4474 aperte
1335 4407 1619 4480 subditur;

183 4504 284 4561 Sed
312 4509 538 4584 quinque
575 4509 740 4585 fatua:
777 4515 1004 4592 acceptis
1045 4513 1377 4588 lampadibus
1420 4535 1524 4585 non
1548 4537 1695 4590 sum.

105 4609 317 4673 pserunt
377 4600 549 4656 oleum
608 4619 806 4658 secum.
867 4603 1160 4666 Prudentes
1223 4625 1344 4670 vero,
1391 4622 1698 4682 acceperunt

106 4690 276 4744 oleant
331 4691 387 4748 in
424 4693 561 4750 vasis
616 4695 726 4748 suis
781 4712 897 4762 cum
940 4695 1290 4768 lampadibus.
1359 4699 1464 4758 Per
1517 4701 1698 4776 oleum

104 4781 302 4856 qtnppe
334 4782 476 4836 nitor
501 4782 688 4854 gloriae
714 4783 1050 4856 designatur.
1099 4787 1328 4846 Vascula
1359 4799 1561 4856 autem,
1595 4809 1695 4851 no-

105 4881 220 4927 stra
255 4883 380 4928 sunt
409 4873 594 4940 corda,
626 4875 678 4930 in
711 4877 906 4951 quibus
936 4876 1159 4936 ierimus
1188 4890 1383 4936 cuncta
1409 4898 1528 4959 qua:
1551 4885 1698 4960 cogi-

107 4976 302 5022 tamus.
341 4965 642 5040 Prudentes
676 4985 808 5026 vero
841 4971 1020 5028 oleum
1060 4973 1113 5028 in
1143 4975 1289 5039 vasis
1321 4977 1540 5044 habent,
1569 4979 1700 5050 quia

105 5057 336 5113 nitorem
363 5055 548 5132 gloriae
589 5057 734 5115 intra
763 5061 1151 5120 conscientiam
1183 5073 1385 5132 tenent,
1417 5067 1578 5125 Paulo
1611 5078 1692 5124 at~

104 5159 338 5205 testante
369 5152 458 5222 qui
491 5149 606 5206 ait:
637 5149 820 5208 Gloria
853 5165 1033 5210 nostra
1072 5157 1182 5210 lucc
1224 5167 1300 5212 est
1339 5161 1694 5216 testimonium

105 5242 434 5300 conscientite
457 5253 649 5298 nostra:
677 5244 760 5321 (II
788 5245 911 5302 Cor.
938 5247 1002 5318 ι).
1034 5245 1219 5304 Fatua:
1244 5260 1426 5304 autem
1457 5251 1693 5321 virgines

104 5336 281 5392 oleum
315 5351 500 5398 secum
529 5351 638 5391 non
669 5347 912 5404 sumunt,
945 5338 1070 5409 quia
1100 5340 1327 5412 gloriam
1373 5341 1515 5400 intra
1557 5359 1688 5399 con-

109 5428 386 5483 scientiam
430 5443 535 5484 non
575 5427 798 5496 habent,
845 5430 972 5488 dum
1010 5431 1151 5487 hanc
1189 5433 1258 5487 ab
1283 5449 1377 5490 ore
1418 5435 1693 5506 proximo-

107 5534 226 5574 rum
257 5527 524 5592 quaerunt.
584 5519 770 5592 (Aug.)
824 5519 956 5575 Item
1008 5522 1059 5576 in
1093 5523 1213 5578 oleo
1261 5523 1447 5579 laetitia
1499 5526 1693 5582 mentis

107 5613 455 5682 exprimitur;
485 5613 626 5669 unde
653 5621 707 5668 et
731 5613 991 5684 scriptum
1013 5624 1126 5670 est:
1155 5611 1316 5670 Unxit
1341 5625 1390 5671 te
1411 5615 1552 5672 Deus
1572 5629 1690 5672 tuus

108 5702 221 5760 oleo
259 5703 454 5761 laetitia:
495 5725 605 5778 prce
648 5706 975 5764 consortibus
1021 5707 1126 5764 tuis
1169 5707 1345 5781 (Psal.
1376 5711 1543 5782 κων).
1587 5711 1690 5780 Qui

109 5809 236 5854 vero
277 5812 382 5852 non
427 5804 712 5872 propterea
759 5798 996 5872 gaudet,
1045 5799 1170 5877 quia
1205 5801 1318 5884 Deo
1366 5801 1692 5860 intrinsecus

111 5887 304 5964 placet,
347 5903 456 5948 non
501 5890 664 5953 habet
711 5890 891 5951 oleum
937 5887 1144 5952 secum.
1190 5885 1487 5954 Prudentes
1515 5900 1692 5952 autem

1803 2093 2124 2165 sapiuntur:
2152 2093 2390 2153 dormire
2417 2099 2620 2154 etenim
2649 2101 2788 2156 mori
2819 2109 2920 2158 est.
2976 2103 3116 2159 Ante
3153 2119 3402 2162 somnum

1799 2179 1930 2239 vero
1970 2185 2288 2255 dormitare,
2319 2198 2403 2246 est
2448 2199 2574 2248 ante
2621 2201 2852 2248 mortem
2889 2209 2920 2258 a
2951 2194 3124 2250 salute
3173 2193 3399 2272 langue-

1802 2279 1981 2345 scere,
2019 2280 2145 2351 quia
2183 2295 2283 2352 per
2324 2283 2537 2354 pondus
2585 2285 2923 2356 aegritudinis
2970 2282 3288 2358 pervenitur
3333 2287 3420 2346 ad

1800 2363 2050 2442 somnum
2097 2373 2307 2428 mortis.
2360 2371 2629 2448 (Hier-om)
2680 2373 2824 2432 Mors
2858 2377 3003 2434 enim
3054 2385 3396 2447 sanctorum,

1799 2461 2071 2516 somnium
2120 2463 2440 2534 appellatur.
2486 2458 2897 2536 Consequenter
2943 2474 3127 2533 autem
3177 2467 3399 2538 dicitur,

1797 2548 2246 2621 Dormitaverunt,
2269 2555 2394 2626 quia
2423 2563 2611 2626 postea
2639 2553 2966 2615 suscitandas
2994 2569 3143 2616 sunt.

1870 2639 2050 2723 Media
2099 2657 2273 2702 autem
2308 2657 2456 2705 nocte
2488 2649 2692 2705 clamor
2719 2650 2894 2722 factus
2931 2661 3048 2708 est:
3074 2648 3212 2709 Ecce
3245 2667 3404 2726 spon-

1797 2751 1888 2790 sus
1910 2736 2062 2800 venit,
2094 2738 2232 2792 exite
2253 2737 2455 2793 obviam
2477 2741 2545 2794 ei.
2593 2738 2800 2812 (Greg.)
2833 2741 2909 2796 De
2939 2743 3174 2798 adventu
3215 2745 3396 2816 sponsi

1799 2827 2004 2882 clamor
2032 2828 2088 2883 in
2121 2829 2299 2885 media
2337 2840 2497 2888 nocte
2525 2833 2608 2899 lit,
2637 2833 2764 2904 quia
2793 2833 2874 2889 sic
2899 2833 3016 2890 dies
3045 2833 3238 2903 judicii
3267 2836 3398 2892 sub-

1800 2924 1960 2994 repit,
1993 2931 2054 2979 ut
2079 2926 2366 2996 prmvideri
2403 2943 2512 2983 non
2555 2928 2734 2984 valeat
2779 2917 2996 3000 quando
3020 2915 3190 2986 venit.
3246 2930 3402 2989 Unde

1802 3016 2062 3087 scriptum
2102 3026 2204 3084 est,
2230 3018 2358 3074 Dies
2393 3019 2481 3075 ille
2517 3021 2653 3076 sicut
2685 3023 2775 3092 fur
2807 3023 2862 3077 in
2897 3033 3065 3100 nocte,
3103 3025 3177 3080 ita
3215 3027 3399 3082 veniet.

1805 3105 2074 3180 (Ηίετοη.)
2105 3107 2298 3166 Subito
2333 3110 2477 3166 enim
2505 3112 2661 3183 quasi
2695 3113 3020 3184 intempesta
3050 3125 3208 3174 nocte
3235 3127 3290 3174 et
3318 3133 3404 3174 se-

1805 3199 1954 3253 curis
1991 3200 2244 3256 omnibus
2287 3202 2507 3272 quando
2556 3205 2912 3275 gravissimus
2950 3220 3113 3278 sopor
3147 3211 3250 3276 e'St,
3300 3225 3401 3263 an-

1727 3273 1773 3337 C
1803 3289 2045 3361 gelorum
2075 3287 2282 3348 clamor
2308 3301 2362 3348 et
2399 3293 2527 3350 tuba
2563 3273 2992 3368 praecedentium
3013 3273 3396 3366 inrtitudinum

1803 3381 2006 3438 Christi
2048 3386 2324 3442 resonabit
2353 3388 2667 3444 adventum.
2721 3389 2975 3452 Dicamus
3020 3391 3223 3480 aliquid
3259 3393 3404 3474 quod

1806 3474 2039 3530 forsitan
2087 3477 2281 3532 lectori
2331 3477 2466 3546 utile
2509 3482 2602 3537 sit.
2657 3481 2902 3539 Traditio
2966 3474 3273 3541 Iudaeorum
3321 3495 3408 3544 est

1803 3565 2080 3622 Christum
2131 3569 2308 3626 media
2353 3580 2514 3627 nocte
2560 3583 2870 3644 venturum,
2909 3576 2964 3634 in
2995 3575 3404 3634 similitudinem

1801 3657 2020 3732 Egypti
2051 3662 2310 3731 temporis
2337 3653 2559 3736 quando
2589 3663 2800 3726 Pascha
2851 3667 3186 3725 celebratum
3215 3680 3318 3735 est,
3349 3677 3407 3727 et

1801 3754 2194 3810 exterminator
2240 3756 2389 3812 venit
2430 3766 2486 3814 et
2529 3757 2792 3815 Dominus
2839 3777 3002 3842 super
3051 3763 3402 3820 tabernacula

1801 3851 2038 3918 transiit,
2085 3859 2140 3906 et
2178 3856 2441 3926 sanguine
2485 3855 2610 3926 agni
2667 3869 2850 3935 pOStes
2877 3860 3200 3914 'nosuarum
3246 3857 3399 3914 fron-

1803 3944 1934 3998 tium
1963 3943 2268 4000 consecrati
2299 3953 2426 4001 sunt
2453 3939 2652 4020 (Exad.
2683 3946 2804 4027 xu).
2843 3945 2997 4004 Unde
3035 3963 3159 4003 reor
3187 3956 3242 4004 et
3285 3958 3397 4004 tra-

1799 4033 2060 4092 ditionem
2097 4037 2450 4107 apostolicam
2482 4039 2868 4120 permansisse,
2899 4049 2960 4098 ut
2983 4039 3071 4096 die
3097 4039 3402 4114 vigiliarum

1799 4125 2022 4183 Paschae
2047 4137 2174 4184 ante
2201 4129 2381 4185 noctis
2405 4127 2596 4186 mediae
2623 4131 2856 4202 spatium
2881 4131 3106 4212 populos
3131 4131 3404 4188 dimittere

1797 4233 1906 4274 non
1937 4219 2118 4286 liceat,
2150 4229 2528 4300 exspectantes
2559 4221 2857 4278 adventum
2887 4220 3111 4280 Christi.
3159 4221 3228 4278 Et
3251 4234 3399 4295 post.-

1798 4325 1962 4381 quam
1999 4311 2130 4366 illud
2165 4321 2382 4382 tempus
2413 4313 2721 4378 transierit,
2751 4313 3043 4368 securitate
3070 4323 3399 4388 praesumpta

1797 4396 1994 4458 festum
2047 4402 2258 4458 cunctis
2294 4403 2584 4472 agentibus
2626 4402 2790 4457 diem.
2835 4401 2988 4478 Unde
3031 4412 3086 4456 et
3123 4403 3400 4482 psalmisla

1799 4478 2052 4551 dicebat:
2081 4493 2260 4550 Media
2291 4505 2440 4550 nocte
2480 4494 2758 4566 surgebam
2797 4493 2868 4548 ad
2903 4478 3260 4565 conﬁtendum
3307 4495 3400 4550 tibi

1761 4634 1770 4660 ς
1799 4604 1956 4656 super
1974 4588 2180 4659 judicia
2199 4588 2427 4660 justitiw
2457 4597 2581 4641 tute.

1721 4651 1776 4712 D

1875 4674 2021 4733 Tunc
2053 4687 2390 4733 surrexerunt
2415 4694 2592 4732 omnes
2621 4676 2728 4732 illa:
2751 4678 2976 4748 virgines
3001 4686 3050 4732 et
3077 4688 3394 4735 ornaverunt

1801 4770 2070 4841 lampades
2103 4787 2248 4824 suas.
2279 4766 2654 4841 (Greg.)Tunc
2683 4781 2872 4824 omnes
2901 4765 3140 4850 virgines
3169 4777 3400 4840 surgunt

1801 4865 1927 4935 quia
1959 4872 2014 4919 et
2039 4862 2216 4926 electi,
2247 4870 2304 4916 et
2335 4860 2549 4930 reprobi
2582 4876 2613 4914 a
2646 4871 2836 4914 somno
2873 4873 2984 4914 sua:
3014 4860 3206 4950 mortis
3241 4859 3394 4914 exci-

1801 4963 2006 5011 tantur.
2059 4951 2364 5023 Latnpades
2409 4956 2622 5016 ornant,
2675 4951 2806 5022 quia
2851 4964 2947 5007 sua
2999 4965 3182 5006 secum
3235 4965 3396 5036 opera

1801 5055 2108 5114 numerant,
2149 5061 2248 5117 pro
2284 5040 2481 5118 quibus
2517 5052 2779 5100 teter-nam
2827 5045 3073 5114 recipere
3106 5043 3398 5100 beatitudi-

1796 5159 1922 5198 nem
1949 5145 2289 5210 exspectant.

1867 5233 2059 5290 Fatua:
2090 5242 2264 5289 autem
2294 5229 2614 5304 sapientibus
2638 5231 2884 5286 dixerunt
2918 5249 2936 5290 :
2968 5227 3104 5286 Date
3139 5230 3287 5287 nobis
3327 5230 3391 5286 de

1795 5327 1908 5382 oleo
1963 5335 2168 5392 vestro,
2231 5325 2356 5397 quia
2413 5323 2684 5394 lampades
2743 5331 2936 5380 nostrae
2989 5320 3391 5395 extinguuntur.

1797 5417 2069 5494 (Hieron)
2093 5416 2224 5486 Quae
2244 5415 2522 5486 lampades
2544 5431 2672 5471 suas
2697 5408 3108 5489 conqueruntur
3129 5415 3394 5490 extingui,

1799 5512 2090 5568 ostendunt
2115 5525 2211 5566 eas
2247 5525 2312 5565 ex
2344 5516 2500 5578 parte
2550 5507 2756 5574 lucere,
2811 5517 2988 5563 tamen
3039 5524 3144 5563 non
3193 5509 3397 5563 habent

1799 5603 1978 5658 lumen
2010 5601 2346 5671 indeﬂciens,
2373 5619 2474 5661 nec
2499 5617 2662 5676 opera
2686 5615 2966 5677 perpetua.
2999 5593 3057 5661 Si
3085 5603 3206 5676 quis
3233 5604 3394 5674 igitur

1801 5701 1962 5756 habet
2000 5700 2237 5756 animam
2268 5697 2610 5771 virginalem,
2643 5710 2698 5756 et
2731 5709 2944 5756 amator
2971 5708 3054 5756 est
3093 5696 3407 5771 pudicitiae,

1799 5811 1909 5852 non
1951 5795 2112 5850 debet
2155 5791 2520 5850 mediocribus
2563 5807 2686 5850 esse
2733 5799 3069 5885 contentus,
3113 5803 3236 5875 qua:
3279 5788 3390 5846 cito

1797 5889 2133 5956 exolescunt.)
2175 5876 2230 5947 et
2268 5896 2391 5947 orto
2433 5881 2682 5949 caumate
2709 5877 2961 5958 areiiu‘nt,
3123 5887 3391 5964 perfectas
