3898 6458
558 342 707 454 έιοετι

1217 340 1279 398 Β.
1870 338 2193 399 ARCHIEP.
2214 338 2550 423 MOGUNT.‘
2578 344 2869 404 OPERUM
2902 345 3082 404 PARS
3114 347 3155 404 l.
3616 366 3701 428 ma

566 461 797 518 virtutes
826 465 1129 532 sequantur
1151 463 1215 512 ut
1239 454 1423 512 lumen
1452 456 1691 511 habeant
1739 454 2152 525 sempiternum.
2180 446 2238 516 Α
2260 454 2657 511 immutabimur
2692 456 2747 530 [Ι
2769 457 2896 514 Cor.
2922 455 3040 530 xv])
3069 457 3280 517 clausus
3303 475 3381 521 est
3415 466 3564 527 aditus
3599 476 3708 535 adre.

568 553 773 630 (Greg.)
813 553 960 624 Ergo
1012 551 1291 624 lampades
1338 549 1612 606 fatuarum
1642 548 1917 619 virginum
1951 548 2159 604 exstin-

567 653 825 720 guuntur,
852 644 981 715 quia
1008 657 1197 699 eorum
1244 655 1428 711 opera,
1483 652 1606 712 quae
1651 639 1801 696 clara
1847 637 2159 694 hominibus

570 740 703 797 foris
739 747 1130 811 apparuerant,
1182 738 1238 793 in
1276 736 1510 793 adventu
1544 734 1749 792 Judicis
1782 735 1931 790 intus
1963 732 2159 789 obscu-

569 840 781 897 rantur,
811 837 868 886 et
890 844 923 885 a
951 831 1062 886 Deo
1088 830 1503 886 retributionem
1551 843 1660 884 non
1689 827 1990 883 inveniunt.
2022 824 2160 895 Quia

566 936 666 994 pro
694 922 773 978 eis
812 928 1137 993 receperunt
1169 921 1239 976 ab
1266 920 1577 976 hominibus
1619 918 1809 974 laudes
1836 932 1972 988 quas
2012 932 2161 972 ama-

564 1019 780 1068 verunt.
833 1012 974 1080 Quid
1019 1020 1106 1068 est
1152 1020 1334 1067 autem
1382 1010 1527 1081 quod
1577 1018 1709 1065 tunc
1745 1026 1778 1064 a
1806 1009 2162 1079 prudentibus

566 1106 747 1161 oleum
774 1112 988 1175 petunt,
1019 1104 1125 1160 nisi
1150 1104 1296 1176 quod
1341 1103 1395 1158 in
1437 1103 1672 1159 adventu
1713 1101 1912 1172 judicis
1941 1118 2064 1159 cum
2102 1117 2162 1159 se

565 1194 713 1253 intus
742 1212 943 1252 vacuas
970 1194 1299 1262 invenerint,
1328 1194 1699 1250 testimonium
1730 1194 1870 1281 foris
1888 1203 2158 1266 quaerunt,

566 1303 629 1343 ac
659 1303 754 1342 sua
782 1286 979 1342 ﬁducia
1028 1286 1268 1358 deceptae
1313 1286 1577 1358 proximis
1620 1284 1830 1352 dicunt,
1883 1287 2011 1353 quia
2059 1302 2161 1344 nos

566 1379 718 1449 quasi
754 1378 873 1434 sine
899 1393 1065 1450 opere
1090 1378 1278 1448 repelli
1303 1377 1638 1450 conspicitis,
1671 1378 1835 1436 dicite
1861 1379 1926 1435 de
1956 1380 2163 1438 nostris

568 1472 822 1542 operibus
849 1472 978 1542 quid
1004 1471 1236 1528 vidistis.

638 1566 1035 1638 Responderunt
1080 1568 1383 1639 prudentes,
1428 1568 1655 1623 dicentes
1688 1581 1707 1619 :
1744 1566 1829 1622 Ne
1872 1567 2008 1637 forte
2057 1581 2163 1621 non

566 1658 788 1729 suﬂiciat
817 1658 963 1712 nobis
991 1666 1042 1713 et
1061 1659 1222 1714 vobis.
1248 1658 1517 1733 (Hieron.)
1544 1658 1658 1715 Hoc
1685 1674 1793 1715 non
1821 1659 1888 1715 de
1912 1658 2157 1723 avaritia,

567 1753 661 1807 sed
704 1751 771 1807 de
814 1750 1013 1807 timore
1059 1754 1388 1824 respondent
1435 1773 1447 1808 :
1489 1756 1861 1826 unusquisque
1888 1754 2032 1809 enim
2062 1769 2161 1825 pro

2259 561 2430 618 gnum
2457 547 2742 604 caelorum.
2788 548 2906 605 Non
2929 550 3077 606 enim
3108 560 3233 622 post
3252 551 3491 620 judicium
3509 571 3626 630 patet
3641 583 3709 637 pre-

2260 653 2406 705 cum,
2443 648 2537 695 aut
2562 640 2881 696 meritorum
2909 640 3082 697 locus.
3132 638 3327 716 (Greg.)
3354 645 3395 701 Ο
3435 648 3477 704 si
3516 665 3654 722 sapere
3677 661 3707 716 in

2260 730 2439 786 cordis
2464 730 2706 802 palatum
2730 732 2905 803 possit
2931 732 3064 803 quid
3103 734 3452 793 admirationis
3477 739 3606 798 habet
3626 753 3707 817 quod

2261 822 2481 889 dicitur,
2509 821 2747 894 Sponsus
2787 823 2962 879 venit!
2989 824 3120 895 quid
3161 825 3458 895 dulcedinis,
3480 829 3707 893 ltttravemt

2261 931 2379 969 cum
2397 932 2458 971 eo
2484 916 2553 970 ad
2584 916 2827 988 nuptias!
2856 915 2986 987 quid
3015 918 3399 985 amaritudinis,
3429 920 3487 975 Et
3517 922 3647 979 clausa
3667 942 3708 983 est

2252 1008 2462 1079 janua!
2498 1007 2659 1063 Venit
2696 1008 2894 1080 quippe
2934 1008 3024 1064 ille
3060 1010 3152 1079 qui
3180 1010 3399 1067 adventu
3433 1029 3517 1069 suo
3536 1016 3706 1075 elementi

2262 1100 2520 1164 concutit,
2562 1100 2619 1155 in
2647 1098 2801 1169 cujus
2831 1108 3121 1170 conspectu
3152 1100 3342 1157 coelum
3366 1111 3415 1157 et
3438 1112 3559 1159 terra
3576 1118 3706 1164 contie-

2262 1188 2460 1245 miscit.
2511 1190 2668 1246 Unde
2714 1191 2880 1247 etiam
2911 1207 3010 1262 per
3042 1192 3353 1263 prophetam
3382 1194 3704 1255 diciturzAdlu

2261 1281 2437 1347 semel,
2476 1291 2525 1336 et
2567 1299 2661 1353 ego
2702 1284 2913 1338 movebo
2961 1300 3069 1338 non
3093 1282 3262 1339 solum
3307 1293 3501 1349 terram,
3533 1289 3705 1344 sedata

2262 1372 2447 1428 caelum
2475 1373 2628 1446 (Agg.
2653 1373 2736 1446 is).
2785 1373 2868 1431 Ad
2897 1375 3056 1446 cujus
3084 1391 3310 1431 examen
3339 1391 3482 1432 omne
3505 1394 3629 1448 genus
3653 1384 3705 1435 hu-

2263 1482 2483 1525 manum
2531 1469 2836 1537 deducitur,
2868 1485 2994 1526 cum
3033 1471 3103 1525 ad
3132 1470 3415 1525 vindictam
3442 1470 3639 1525 malorum
3666 1492 3706 1528 ii-

2262 1561 2801 1633 munerationemque
2863 1562 3170 1627 bonorum,
3233 1560 3425 1632 angeli,
3483 1564 3705 1629 archangeli,

2267 1655 2467 1720 throni,
2500 1656 2859 1726 principatus,
2894 1665 2949 1711 et
2980 1655 3375 1711 dominationes
3416 1654 3703 1725 subsequuntur,

2265 1757 2394 1806 tunc
2437 1750 2587 1821 regni
2629 1750 2795 1821 janua
2842 1750 3155 1822 lugentibus
3199 1748 3468 1815 clauditur,
3505 1765 3595 1820 quae
3621 1752 3705 1805 modo

566 1843 820 1912 operibus
871 1844 984 1899 suis
1008 1845 1313 1901 mercedem
1339 1846 1584 1918 recipiet,
1622 1862 1801 1919 neque
1842 1855 2068 1919 possunt
2104 1848 2158 1903 in
2189 1835 2235 1897 B
2262 1843 2503 1912 quotidie
2550 1842 2943 1913 paenitentibus
2991 1843 3254 1913 aperitur.
3305 1842 3415 1896 Erit
3445 1851 3705 1910 namquetun

567 1932 654 1988 die
692 1932 881 2002 judicii
911 1935 1141 1992 aliorum
1181 1938 1410 1994 virtutes
1442 1938 1670 1994 aliorum
1693 1939 1826 1993 vitia
1853 1939 2157 1995 sublevare.

566 2025 636 2081 Et
673 2027 944 2097 quomodo
990 2037 1236 2101 tempore
1289 2030 1598 2102 Babylonia:
1642 2031 1972 2102 captivitatis
2007 2030 2160 2087 lere-

568 2118 709 2174 mias
747 2130 1065 2191 peccatores
1106 2122 1361 2193 adjuvare
1409 2139 1519 2180 non
1557 2125 1756 2197 potuit,
1786 2134 1841 2181 et
1869 2126 2068 2182 dicitur
2096 2126 2162 2183 ad

571 2225 716 2279 eum,
752 2209 836 2266 Ne
858 2214 1088 2269 oraveris
1120 2231 1215 2285 pro
1247 2214 1439 2288 papqu
1469 2216 1571 2271 isto
1596 2216 1729 2290 (Jer.
1754 2217 1892 2289 xw),
1941 2219 2020 2274 sic
2048 2219 2162 2275 ior-

567 2303 830 2360 midolosa
866 2306 972 2361 erit
997 2306 1085 2362 illa
1116 2307 1252 2375 dies,
1280 2324 1406 2365 cum
1437 2310 1808 2381 unusquisque
1833 2328 1933 2383 pro
1963 2321 2163 2369 semet-

568 2392 687 2465 ipso
710 2395 977 2452 sollicitus
1005 2397 1128 2452 erit.
1165 2395 1371 2470 (Greg.)
1401 2399 1461 2454 In
1511 2400 1603 2456 illo
1636 2402 1836 2457 etenim
1883 2402 1973 2457 die
1997 2402 2163 2474 (quod

536 2488 748 2541 ’tamen
778 2487 845 2542 de
870 2488 1193 2558 quibusdam
1226 2491 1279 2545 in
1308 2506 1442 2561 pace
1472 2493 1729 2549 Ecclesia:
1756 2495 2162 2565 quiescentibus

567 2576 806 2650 loquor),
848 2578 1166 2651 sibimetipsi
1206 2583 1576 2639 testimonium
1624 2586 2046 2657 uniuscujusque
2072 2586 2163 2641 vix

568 2667 785 2736 suilicit,
832 2678 1039 2742 quanto
1066 2672 1245 2728 minus
1275 2681 1332 2728 et
1376 2675 1479 2730 sibi
1517 2683 1572 2731 et
1601 2676 1890 2746 proximo?
1927 2676 2079 2733 Unde
2109 2687 2164 2736 et

568 2761 817 2831 protinus
848 2777 945 2832 per
973 2762 1398 2834 increpationem
1426 2767 1712 2823 subditur:

637 2851 721 2908 Ite
745 2854 920 2924 potius
944 2854 1016 2909 ad
1043 2855 1339 2924 vendentes,
1367 2868 1415 2914 et
1438 2861 1590 2914 emite
1617 2860 1782 2917 vobis.
1835 2861 2019 2935 (Aug.)
2043 2861 2163 2919 Non

569 2945 860 3001 consilium
892 2946 1107 3004 dedisse
1131 2950 1387 3020 putandae
1433 2962 1579 3019 sunt,
1612 2954 1708 3009 sed
1736 2954 1944 3011 crimen
1972 2970 2163 3013 earum

2262 1934 2606 2005 poenitentia,
2633 1934 2727 1990 sed
2758 1933 3038 1989 fructuosa
3058 1933 3176 2003 jam
3202 1948 3307 1989 non
3331 1933 3452 1998 erit;
3476 1932 3574 2004 quia
3592 1948 3704 2003 necti-

2262 2043 2427 2099 quam
2457 2035 2583 2082 tunc
2611 2027 2824 2081 veniam
2868 2026 3098 2092 invenit,
3145 2027 3237 2097 qui
3276 2026 3424 2081 modo
3454 2033 3598 2096 aptum
3614 2026 3705 2079 venis

2263 2128 2475 2191 tempus
2502 2118 2755 2190 perdidit.
2789 2118 2928 2174 Hinc
2963 2119 3246 2189 sequitur:

2336 2212 2634 2267 Novissime
2683 2214 2894 2268 veniunt
2952 2222 3005 2267 et
3058 2212 3274 2284 reliqua:
3321 2213 3515 2284 virgines
3549 2212 3702 2264 dictata:

2260 2304 2502 2367 Domine,
2531 2303 2776 2369 Domine,
2801 2304 2949 2374 aperi
2979 2304 3154 2359 nobis.
3196 2305 3263 2358 At
3287 2304 3370 2358 ille
3394 2304 3633 2375 respondens
3650 2305 3702 2356 ait:

2261 2394 2427 2450 Amen
2454 2394 2572 2449 dico
2603 2395 2768 2459 vobis,
2810 2395 2983 2450 nescio
3025 2413 3135 2450 vos.
3183 2396 3361 2469 (Aug.)
3386 2395 3485 2450 Non
3506 2396 3701 2450 dictumst

2264 2489 2408 2557 quod
2436 2488 2672 2543 emerint
2703 2487 2907 2553 oleum,
2937 2496 2994 2544 et
3024 2489 3150 2545 ideo
3177 2489 3505 2561 intelligendas
3524 2488 3701 2543 Stltllllttﬂt

2256 2578 2367 2647 jam
2399 2587 2716 2635 remanente
2746 2579 2813 2634 de
2844 2579 3040 2636 alienis
3064 2580 3313 2636 laudibus
3336 2581 3523 2652 gaudio,
3558 2581 3701 2647 instiga

2263 2671 2382 2727 stiis
2408 2678 2465 2726 et
2490 2672 2700 2743 magnis
2726 2670 3116 2728 alllictionibus
3138 2672 3314 2728 redire
3335 2673 3399 2727 ad
3417 2671 3699 2744 implorationem

2262 2761 2382 2818 Dei.
2416 2761 2524 2818 Sed
2548 2779 2745 2833 magna
2763 2772 2849 2819 est
2868 2764 2986 2835 ejus
3014 2764 3280 2820 severitas
3300 2773 3415 2836 post
3434 2763 3639 2835 judicium,
3654 2777 3699 2813 α-

2257 2854 2348 2926 jus
2376 2861 2504 2909 ante
2520 2851 2785 2923 judicium
2816 2853 3109 2912 inetl‘abilis
3139 2854 3485 2912 misericordia
3521 2863 3699 2925 praesagia

2261 2952 2363 3000 est.
2404 2945 2591 3016 Itaque
2623 2946 2958 3017 respondens
2989 2947 3088 3013 ait,
3134 2949 3299 3002 Amen
3324 2947 3430 3002 dico
3457 2945 3578 3010 vobis,
3601 2944 3695 2997 sarit

455 3085 469 3098 .
570 3054 637 3094 ex
651 3037 870 3110 obliquo
885 3042 1641 3115 commemorasse.‘Vendunt
1662 3048 1994 3106 enimtoleum

2159 3082 2166 3094 .
2232 3031 2371 3092 'vos.
2422 3037 2500 3095 lbi
2540 3036 2655 3107 jam
2690 3052 2722 3093 a
2752 3038 2980 3096 Domino
3008 3055 3122 3096 non
3147 3049 3327 3111 potest
3367 3038 3565 3095 misereri
3582 3035 3698 3107 quibi

567 3127 790 3196 latores,
831 3131 924 3200 qui
963 3131 1077 3188 sive
1116 3132 1288 3200 falsa,
1324 3135 1439 3191 sive
1488 3136 1736 3206 ignorata
1784 3140 2077 3209 laudando,

2157 3168 2160 3198 ί
2204 3205 2229 3209 ἡ
2263 3127 2435 3184 noluit
2462 3130 2655 3185 audire
2678 3131 2823 3201 quod
2842 3132 3045 3202 jussit;
3086 3133 3182 3204 qui
3221 3144 3421 3204 tempus
3447 3144 3696 3203 congruens

566 3235 810 3277 errorem
855 3223 1068 3280 animas
1118 3227 1356 3295 mittunt,
1407 3236 1463 3284 et
1510 3205 1591 3285 eis
1628 3247 1768 3287 vana
1797 3232 1992 3305 gaudia
2040 3205 2162 3292 tan-
2186 3205 2234 3269 θ
2263 3220 2507 3278 nitentia?
2549 3223 2805 3294 Perdidit»
2859 3224 3062 3280 frustra
3100 3233 3227 3281 ante
3269 3226 3409 3296 τθεηί
3445 3226 3611 3296 imum
3635 3235 3696 3274 ⁸⁸³

568 3327 730 3382 quam
780 3312 949 3371 fatuis
977 3319 1342 3387 conciliando,
1362 3320 1598 3392 aliquam
1632 3324 1699 3380 de
1725 3325 1810 3381 bis
1849 3327 2159 3386 mercedem

567 3402 683 3458 sive
717 3403 984 3474 ciborum,
1014 3407 1129 3465 sive
1158 3411 1437 3481 pecuniae,
1478 3413 1595 3469 sive
1625 3414 1882 3483 honoris,
1914 3419 2030 3475 sive
2059 3420 2160 3475 ali-

568 3491 722 3562 cujus
764 3497 1035 3554 commodi
1083 3502 1401 3572 temporalis
1448 3496 1745 3577 accipiunt,
1798 3524 1910 3565 non
1960 3510 2161 3568 intelli-

541 3594 758 3667 gentes
795 3591 939 3659 quod
967 3590 1170 3648 dictum
1201 3604 1288 3650 est
1319 3611 1335 3652 :
1366 3596 1473 3665 Qui
1512 3616 1603 3655 vos
1654 3600 1831 3669 felices
1880 3604 2067 3660 dicunt
2101 3608 2159 3661 in

567 3693 797 3735 errorem
850 3697 937 3736 vos
980 3684 1196 3740 mittunt
1246 3686 1382 3760 (Isa.
1427 3689 1536 3765 tu).
1605 3690 1795 3748 Melius
1846 3704 1932 3751 est
1976 3678 2163 3753 autem-

568 3770 846 3845 objurgari
878 3791 909 3830 a
926 3774 1095 3846 justo,
1129 3795 1294 3851 quam
1317 3797 1348 3837 a
1371 3792 1661 3854 peccatore
1692 3786 1901 3843 laudari
1928 3806 1942 3841 :
1968 3788 2162 3845 Emen-

569 3865 735 3934 dabit,
755 3867 1049 3939 inquit,me
1066 3872 1249 3943 justus
1277 3875 1334 3930 in
1354 3877 1738 3945 misericordia,
1766 3891 1813 3934 et
1836 3890 2020 3951 arguet
2042 3898 2158 3948 me;

568 3954 741 4012 oleum
787 3970 961 4015 autem
997 3967 1285 4033 peccatoris
1330 3985 1434 4024 non
1473 3970 1763 4042 impinguet
1800 3981 1955 4045 caput
1985 3991 2159 4030 meum

568 4045 740 4121 (Psal.
792 4051 937 4124 (ιιι).
999 4053 1205 4131 [Greg.]
1252 4057 1559 4131 Principale
1613 4064 1816 4119 etenim
1873 4065 1928 4119 in
1979 4068 2156 4135 nobis,

568 4150 734 4211 caput
776 4151 859 4197 est
910 4154 1158 4202 nostrum
1194 4168 1207 4204 :
1249 4152 1611 4222 appellatione
1664 4155 1810 4210 enim
1856 4157 2052 4227 capitis
2095 4175 2162 4216 ea

567 4244 688 4301 quas
736 4233 1074 4307 principatur
1117 4241 1332 4312 corpori
1368 4257 1524 4300 mens
1557 4254 1801 4301 vocatur.
1855 4247 2161 4320 lmpinguat

564 4337 695 4394 ergo
723 4333 883 4396 caput
908 4327 1084 4384 oleum
1116 4333 1442 4403 peccatoris,
1476 4351 1601 4391 cum
1628 4336 1897 4394 demulcet
1920 4326 2159 4397 mentem

524 4406 537 4415 ”
565 4415 720 4473 favor
744 4418 1033 4478 adulantis.
1065 4421 1147 4479 Ite
1168 4441 1289 4497 ergo
1312 4427 1384 4481 ad
1408 4428 1683 4485 uendentes
1715 4431 1905 4503 magis,
1930 4441 1981 4487 et
2005 4434 2159 4491 emite

563 4511 724 4565 vobis.
750 4511 935 4585 (Aug.)
956 4514 1015 4570 ld
1034 4525 1137 4583 est,
1159 4517 1439 4576 videamus
1460 4537 1606 4577 nunc
1628 4524 1757 4593 quid
1778 4540 1874 4583 vos
1899 4525 2158 4596 adjuvant

518 4674 523 4681 .
563 4603 656 4675 qui
683 4605 837 4661 vobis
861 4605 1046 4663 laudes
1071 4610 1303 4666 vendere
1339 4627 1689 4683 consuerunt,
1718 4624 1774 4672 et
1801 4633 1896 4674 vos
1923 4618 1976 4673 in
2004 4635 2156 4676 erro-

565 4710 680 4750 rem
705 4695 983 4766 inducere,
1012 4707 1072 4755 ut
1104 4717 1212 4756 non
1248 4718 1432 4758 coram
1447 4705 1579 4774 Deo,
1616 4710 1713 4765 sed
1746 4711 1815 4765 ab
1846 4713 2154 4772 hominibus

564 4786 787 4860 gloriam
814 4792 1149 4859 quaereretis.

634 4879 776 4937 Dum
827 4891 1005 4939 autem
1043 4883 1179 4940 irent
1217 4904 1420 4956 emere,
1464 4893 1599 4947 venit
1640 4910 1863 4965 sponsus
1887 4935 1903 4963 ,
1947 4906 1996 4952 et
2033 4915 2154 4971 quia

520 4968 525 4973 ’
559 4968 764 5046 parata:
799 4985 952 5032 erant
985 4978 1312 5035 intraverunt
1343 4998 1461 5037 cum
1487 5000 1545 5039 eo
1570 4986 1623 5039 in
1642 4989 1873 5056 nuptias,
1894 5000 1943 5045 et
1972 4968 2155 5047 clausa

562 5076 637 5121 est
653 5068 850 5139 janua.
881 5068 938 5124 Id
965 5077 1068 5134 est,
1099 5070 1487 5130 inclinantibus
1516 5090 1574 5131 se
1604 5076 1709 5134 illis
1738 5079 1790 5135 in
1822 5096 1886 5137 ea
1912 5098 2033 5154 qua:
2070 5082 2154 5141 fo-

563 5158 642 5213 ris
669 5168 818 5228 sunt,
850 5169 905 5217 et
942 5161 1117 5218 solitis
1155 5164 1394 5235 gaudere
1425 5169 1813 5236 quaerentibus,
1855 5174 1981 5242 quia
2020 5190 2154 5247 gau-

518 5244 523 5251 ’
566 5253 653 5309 dia
688 5255 899 5313 interna
946 5274 1055 5315 non
1097 5270 1383 5328 noverant,
1414 5265 1563 5319 venit
1598 5263 1687 5320 ille
1722 5267 1815 5335 qui
1847 5244 2075 5337 judicat,
2103 5280 2151 5326 et

565 5364 687 5420 quis
720 5359 922 5418 parata:
947 5362 1121 5420 erant,
1162 5353 1219 5410 id
1245 5362 1330 5411 est
1356 5356 1554 5427 quibus
1597 5356 1798 5414 bonum
1831 5375 2014 5416 coram
2040 5362 2151 5419 Deo

562 5440 933 5498 testimonium
956 5444 1289 5502 conscientia
1315 5449 1653 5518 perhibebat,
1684 5450 2009 5506 intraverunt
2032 5469 2152 5508 cum

562 5552 622 5593 eo
649 5534 721 5590 ad
760 5535 990 5607 nuptias,
1020 5538 1073 5596 id
1097 5549 1201 5607 est,
1235 5540 1327 5597 ubi
1357 5542 1558 5597 munda
1581 5525 1763 5598 anima
1789 5558 1927 5614 puro
1950 5552 2004 5601 et
2030 5559 2154 5617 per-

560 5626 707 5685 fecto
731 5627 826 5686 Dei
858 5630 1023 5685 verbo
1050 5630 1278 5689 fecunda
1304 5633 1607 5707 copulatur.
1640 5634 1838 5693 Clausa
1860 5647 1934 5692 est
1948 5638 2148 5710 janua,

536 5723 619 5793 .id
664 5732 770 5791 est,
823 5723 1058 5795 receptis
1104 5726 1211 5789 illis
1253 5728 1346 5800 qui
1383 5736 1512 5785 sunt
1546 5730 1603 5785 in
1642 5731 1941 5803 angelicam
1978 5731 2149 5788 vitam

514 5868 521 5903 Ξ
566 5816 859 5903 immutati,
888 5815 1109 5892 (Omnes
1140 5821 1277 5889 enim
1311 5838 1663 5907 resurgemus,
1697 5823 1788 5903 sed
1830 5840 1935 5911 non
1968 5839 2155 5911 omnes

2258 3314 2516 3385 precibus
2542 3317 2709 3371 venit.
2764 3317 2903 3374 Hinc
2933 3320 3141 3374 etenim
3183 3334 3280 3390 per
3305 3315 3697 3374 Salomoneinboni

2260 3422 2363 3461 nus
2386 3406 2517 3462 ditat
2542 3425 2556 3462 :
2595 3406 2782 3464 Vocavi
2811 3419 2860 3464 et
2886 3411 3171 3477 renuistis;
3197 3412 3396 3467 extendi
3435 3420 3697 3464 manilium

2259 3505 2307 3551 et
2337 3513 2439 3552 non
2471 3496 2570 3567 fuit
2599 3500 2689 3570 qui
2724 3501 2996 3569 aspiceret.
3030 3503 3356 3575 Despexistis
3387 3521 3513 3560 omne
3538 3498 3697 3556 unus:

2260 3607 2433 3646 meum
2452 3600 2504 3647 et
2522 3593 2903 3665 increpationes
2930 3612 3079 3653 meas
3102 3597 3389 3670 neglexisti:
3410 3614 3426 3653 :
3443 3612 3520 3669 ego
3537 3588 3695 3666 potiti!

2259 3684 2476 3739 interitu
2517 3696 2686 3741 vestro
2718 3687 2917 3754 ridebo,
2940 3699 2990 3744 et
3014 3691 3348 3747 subsannabo
3382 3706 3483 3745 cum
3513 3680 3695 3752 vobisquid

2260 3774 2519 3831 timebatis
2549 3777 2833 3833 advenerit.
2860 3778 2992 3835 Cum
3019 3782 3241 3837 irruerit
3268 3782 3503 3863 νενεμήκει
3521 3774 3693 3832 celauit“.

2257 3867 2468 3937 quando
2526 3871 2719 3925 venerit
2761 3888 2920 3944 super
2965 3890 3056 3929 vos
3103 3873 3394 3940 tribulatio,
3447 3882 3487 3927 et
3530 3864 3690 3938 angltﬁl.

2260 3960 2535 4019 calamitas
2576 3974 2625 4019 et
2667 3966 2910 4022 interitus
2932 4008 2948 4034 ,
3019 3970 3177 4039 quasi
3217 3975 3469 4039 tempestas
3507 3958 3691 4033 ingnium.

2259 4063 2381 4109 tunc
2425 4056 2739 4112 invocabant
2762 4076 2843 4115 me
2871 4071 2922 4115 et
2956 4077 3065 4116 non
3106 4062 3397 4125 exaudiam,
3434 4072 3555 4113 mane
3575 4063 3692 4107 δοκεῖ·

2258 4158 2378 4219 gent
2412 4160 2459 4204 et
2486 4167 2588 4206 non
2609 4152 2869 4209 invenient
2893 4171 2976 4209 me
3003 4152 3194 4227 (Prov.
3221 4154 3319 4227 χι).
3348 4154 3468 4209 Ecce
3490 4145 3624 4220 aperiri
3636 4141 3691 4195 ὼε

2259 4247 2411 4293 mant
2430 4281 2445 4306 ,
2481 4248 2537 4296 et
2566 4241 2890 4311 repulsionis
2925 4260 3038 4301 suae
3068 4245 3254 4302 dolore
3281 4241 3533 4314 οοωνυιεπ
3564 4230 3691 4304 εννάῖθ

2260 4330 2459 4387 tionem
2508 4334 2841 4390 dominantis
2891 4336 3233 4408 ingeminant
3277 4339 3523 4393 dicentes:
3551 4325 3689 4383 Docui.

2256 4420 2498 4490 Domine,
2525 4427 2670 4496 aperi
2693 4426 2858 4482 nobis.
2892 4426 3092 4485 Preces
3121 4428 3350 4486 offerunt
3376 4425 3458 4484 sed
3475 4419 3688 4479 nesciocui:

2260 4516 2387 4585 quia
2415 4525 2546 4574 tunc
2579 4520 2728 4576 velut
2754 4521 3058 4595 incognitos
3089 4524 3230 4580 Deus
3268 4521 3464 4585 deserit.
3488 4527 3587 4605 quos
3604 4505 3690 4605 ιιξοάθ

2262 4621 2388 4664 suos
2425 4624 2524 4679 per
2561 4611 2686 4665 vita:
2717 4612 2972 4668 meritum
3013 4629 3123 4670 non
3170 4612 3415 4685 agnoscit.
3444 4604 3692 4695 Novit

2260 4700 2519 4756 Dominus
2544 4719 2632 4757 eos
2659 4705 2748 4777 qui
2768 4706 2882 4776 ejus
2907 4715 3049 4773 sunt,
3079 4705 3148 4762 Et
3176 4707 3263 4778 qui
3282 4707 3465 4776 ignorat
3488 4686 3690 4784 ignorliil"

2263 4792 2315 4864 (I
2349 4794 2471 4849 Cor.
2506 4798 2640 4871 xw).
2698 4798 2970 4874 [Hieron.]
3018 4799 3204 4858 Nescit
3268 4796 3495 4854 Dominus
3525 4785 3687 4874 θρίηττίδ

2262 4867 2674 4957 ἰηίᾳιιίιθῑίεξει
2700 4867 2839 4947 licet
2878 4867 3116 4965 virgines
3159 4894 3287 4958 sint,
3315 4900 3367 4947 et
3392 4880 3611 4944 secundum
3635 4867 3685 4920 δυ’

2258 4980 2453 5051 plicem
2484 4981 2894 5055 intelligentiam
2925 4985 2992 5041 de
3018 4986 3260 5057 corporis
3278 4982 3483 5056 puritate
3500 4980 3542 5031 et
3560 4969 3687 5023 δίαιθ’

2254 5073 2491 5130 fessione
2511 5089 2653 5130 verte
2673 5076 2970 5148 glorientur
2992 5077 3139 5145 ﬁdei,
3167 5088 3341 5133 tamen
3358 5072 3466 5144 quia
3487 5066 3612 5122 oleum
3629 5064 3685 5106 ll"

2254 5171 2457 5228 habent
2503 5174 2741 5230 scientiae
2789 5184 2845 5230 et
2886 5174 3158 5238 veritatis,
3208 5168 3390 5228 sutlicit
3427 5163 3493 5219 eis
3509 5154 3686 5256 puli“

2258 5267 2404 5338 quod
2444 5267 2760 5339 ignorantur
2789 5285 2821 5324 a
2847 5282 3064 5338 sponso.
3213 5279 3276 5321 eo
3300 5273 3417 5331 ergo
3444 5249 3552 5325 (ἰυθίί

2342 5326 2587 5433 νίθὶῖαιε,
2628 5364 2754 5427 quia
2798 5326 3007 5417 nciam
3048 5361 3184 5415 diem
3232 5326 3381 5428 neque
3427 5349 3581 5403 horai.

2258 5429 2482 5527 intelligi
2511 5456 2763 5511 universa
2794 5471 2913 5528 quae
2944 5454 3097 5521 dixit,
3128 5453 3181 5509 id
3206 5460 3305 5517 est,
3322 5447 3382 5502 de
3401 5437 3562 5528 duobus

2258 5560 2390 5617 agro
2427 5554 2572 5612 sunt,
2603 5554 2660 5600 et
2696 5545 2761 5601 de
2790 5527 2997 5601 duabus
3036 5540 3362 5601 molentibus,
3392 5527 3515 5634 et
3539 5527 3685 5652 μίξιαὲ

2258 5614 2436 5693 milias
2470 5637 2562 5708 qui
2612 5637 2785 5697 servis
2814 5637 2929 5693 suis
2970 5634 3195 5693 credidit
3242 5614 3637 5744 ειιι1›ς›ιειι]ιίειιξέ“εῗι
3649 5614 3685 5744 ξ

2256 5730 2443 5788 decem
2470 5730 2788 5804 virginibus,
2810 5731 2930 5788 ideo
2961 5729 3239 5802 parabolas
3263 5737 3373 5781 esse

2255 5823 2381 5895 quia
2410 5787 2724 5896 ignoramus
2746 5787 2996 5883 homines
3012 5820 3198 5895 judicii
3220 5819 3368 5883 diem,
3389 5787 3569 5869 Aoum
3590 5787 3681 5850 υοδίί
