3898 6496
191 469 354 528 ⁸1089-

1148 463 1498 522 COMMENT.
1534 463 1605 520 ΙΝ
1641 463 2077 527 ΜΑΤἸἮΕΙΙΜ.
2115 498 2186 511 -
2222 469 2351 526 LIB.
2391 469 2502 527 VII.

3323 446 3465 541 1690

198 585 378 640 lumen
402 580 666 637 bonorum
692 592 924 650 operum
951 592 1334 649 praeparemus,
1363 591 1432 633 ne
1467 577 1595 633 dum
1626 580 1778 652 igno-
1803 583 1859 645 Α
1881 596 2010 656 ergo
2035 565 2536 655 terrenisfsensibus
2561 599 2754 643 servus
2777 587 2880 643 iste
2910 559 3211 646 cmlestium
3239 563 3344 650 sibi
3371 611 3468 654 no-

199 689 400 738 ramus,
423 670 585 740 judex
612 674 820 727 veniat.
860 671 1043 744 (Aug.)
1068 671 1184 726 Non
1205 672 1350 728 enim
1386 682 1592 731 tantum
1622 676 1782 730 modo

1884 673 2057 728 titiam
2085 675 2396 746 duplicavit,
2421 691 2490 731 ex
2514 679 2778 734 creaturis
2803 680 3109 754 intelligens
3144 696 3467 756 creatorem,

196 767 336 822 illius
368 763 540 817 ultimi
580 764 846 835 temporis
871 779 978 834 quo
1005 774 1259 823 venturus
1296 778 1382 824 est
1415 784 1662 838 sponsus,
1686 766 1782 822 sed
1881 777 1949 818 ex
1981 765 2348 834 corporalibus
2385 767 2772 838 incorporalia,
2803 784 2866 824 ex
2897 771 3198 829 visibilibus
3228 775 3470 833 invisibi-

194 875 304 915 sua:
355 857 584 928 quisque
633 858 977 913 dormieionis
1027 860 1168 915 diem
1231 870 1286 916 et
1342 864 1530 918 horam
1585 861 1776 917 nescit.

193 949 447 1019 Quisquis
517 958 698 1004 autem
730 958 958 1019 paratus
987 959 1070 1006 est
1114 968 1285 1023 usque
1314 954 1381 1009 ad
1417 969 1681 1017 somnum,
1725 952 1780 1008 id

190 1052 291 1110 est,
319 1058 491 1113 usque
518 1044 585 1099 ad
626 1054 876 1111 mortem,
914 1059 1034 1114 qua:
1059 1047 1327 1110 omnibus.
1346 1049 1590 1114 debetur,
1621 1063 1779 1118 para-

189 1146 276 1190 tus
313 1135 617 1190 invenietur
655 1136 818 1190 etiam
857 1151 982 1191 cum
1028 1136 1115 1191 illa
1146 1153 1252 1193 vox
1290 1139 1467 1194 media
1494 1150 1654 1196 nocte
1687 1157 1776 1197 so-

185 1227 383 1291 nuerit,
437 1243 543 1296 qua
597 1243 786 1283 omnes
828 1228 1103 1296 vigilaturi
1153 1237 1298 1285 sunt.
1394 1229 1543 1288 Unde
1589 1242 1777 1303 aperte

186 1333 400 1389 quoque
433 1319 702 1390 generalis
731 1321 800 1375 ad
838 1320 1134 1390 discipulos
1171 1323 1481 1378 exhortatio
1511 1324 1777 1380 subinfer—

186 1419 296 1476 tur,
327 1426 450 1465 cum
483 1411 680 1466 dicitur
707 1430 718 1464 :
756 1411 983 1482 Vigilate
1014 1414 1191 1483 itaque
1219 1421 1345 1484 quia
1391 1415 1600 1469 nescitis
1637 1417 1775 1472 diem

183 1521 345 1573 neque
377 1504 584 1558 horam.
640 1502 774 1558 Nam
812 1505 939 1574 quia
985 1513 1111 1574 post
1155 1515 1378 1574 peccata
1418 1507 1562 1564 Deus
1600 1509 1774 1578 pumi-

182 1595 409 1648 tentiam
449 1596 692 1664 suscipit,
733 1596 779 1650 si
818 1595 982 1651 sciret
1010 1596 1253 1666 quisque
1287 1598 1353 1652 de
1386 1600 1638 1668 prmsenti
1679 1616 1776 1655 sa:-

181 1689 301 1741 (-ulo
327 1703 435 1757 quo
461 1698 704 1760 tempore
732 1691 925 1756 exiret,
959 1690 1106 1746 aliud
1146 1699 1358 1762 tempus
1385 1694 1768 1764 voluptatibus,

183 1788 344 1846 atque
388 1780 532 1836 aliud
572 1782 904 1852 poenitentiae
947 1797 1142 1852 parare
1184 1786 1467 1855 potuisset.
1524 1786 1631 1841 Sed
1677 1786 1770 1856 qui

178 1871 463 1936 puenitenti
497 1873 712 1927 veniam
757 1874 995 1944 spondit,
1022 1878 1274 1944 peccanti
1299 1877 1444 1933 diem
1472 1879 1769 1934 crastinum

1881 853 1982 920 lia,
2010 871 2077 910 ex
2103 857 2357 912 brevibus
2399 866 2618 914 (eterna.
2653 859 2855 932 (Greg.)
2907 861 3044 918 Sunt
3086 880 3299 935 quoque
3333 884 3468 924 nou-

1879 947 2031 1014 nulli,
2058 949 2145 1018 qui
2175 950 2276 1004 etsi
2301 950 2511 1006 interna
2540 968 2604 1007 ac
2631 955 2855 1024 mystica
2880 965 3166 1024 penetrare
3191 960 3463 1026 nesciunt,

1876 1052 1976 1108 pro
2014 1040 2310 1108 intentione
2353 1051 2533 1099 tamen
2575 1060 2822 1115 supernae
2854 1049 3044 1117 patria?
3087 1051 3278 1108 docent
3320 1062 3467 1110 recta

1878 1148 2014 1204 quos
2058 1144 2282 1205 possunt
2321 1134 2388 1190 de
2430 1136 2562 1207 ipsis
2583 1139 2944 1195 exterioribus
2978 1156 3098 1210 quae
3121 1155 3463 1212 acceperunt.

1877 1225 2122 1298 Dumque
2150 1243 2209 1283 se
2236 1244 2268 1283 a
2302 1231 2482 1284 carnis
2509 1231 2827 1300 petulantia,
2856 1248 2887 1286 a
2917 1242 3253 1290 terrenarum
3283 1253 3466 1293 rerum

1877 1318 2114 1384 ambitu,
2147 1327 2310 1390 atque
2347 1337 2380 1374 a
2408 1321 2701 1377 visibilium
2727 1323 3002 1395 voluptate
3027 1328 3364 1394 custodiunt,
3398 1330 3467 1384 ab

1875 1410 1960 1466 his
1988 1412 2151 1467 etiam
2180 1412 2314 1468 alios
2340 1416 2676 1471 admonendo
2702 1426 3070 1488 compescunt.

1946 1502 2200 1558 Similiter
2224 1506 2314 1575 qui
2352 1506 2457 1560 duo
2500 1518 2767 1577 acceperat
2807 1509 3043 1565 lucratus
3082 1521 3158 1567 est
3198 1513 3306 1568 alia
3335 1516 3462 1570 duo.

1875 1593 2142 1668 (Hieron.)
2175 1596 2244 1652 Et
2268 1598 2368 1652 iste
2391 1614 2489 1668 pro
2514 1599 2720 1656 viribus
2747 1601 3005 1672 quidquid
3031 1603 3085 1656 in
3109 1603 3227 1675 lege
3256 1605 3461 1660 didice-

1873 1699 1960 1742 rat
2002 1688 2056 1742 in
2099 1688 2392 1761 Evangelio
2433 1690 2744 1760 duplicavit.
2793 1692 2920 1749 Sive
2964 1703 3020 1748 et
3063 1695 3366 1762 scientiam,
3410 1703 3466 1750 et

1872 1794 2036 1849 opera
2063 1780 2346 1848 praesentis
2375 1781 2497 1835 vitae
2524 1780 2721 1836 futurae
2761 1783 3108 1839 beatitudinis
3152 1793 3306 1855 typos
3345 1800 3466 1840 esse

1873 1870 2156 1926 intellexit.
2188 1869 2391 1945 (Greg.)
2423 1872 2558 1940 Quia
2601 1882 2728 1929 sunt
2755 1875 2992 1929 nonnulli
3021 1876 3115 1946 qui
3143 1876 3294 1946 quasi
3325 1878 3461 1932 duo-

179 1978 284 2014 non
311 1965 582 2032 promisit.
615 1965 842 2034 Semper
864 1979 994 2036 ergo
1016 1975 1318 2023 extremum
1342 1969 1482 2024 diem
1511 1970 1767 2024 debemus
1793 1959 1843 2018 B
1869 1960 1970 2017 bus
2015 1962 2229 2018 talentis
2277 1963 2449 2030 ditati,
2502 1964 2836 2020 intellectum
2884 1973 3046 2036 atque
3092 1968 3463 2037 operationem

179 2064 443 2122 metuere,
471 2073 629 2127 quem
666 2074 941 2128 nunquam
968 2074 1256 2129 possumus
1280 2062 1594 2130 praevidere.
1627 2063 1767 2118 Ecce

178 2162 322 2201 nunc
353 2148 529 2217 ipsum
559 2150 700 2204 diem
730 2149 784 2204 in
810 2165 918 2220 quo
951 2150 1245 2221 loquimur,
1274 2154 1342 2208 ad
1366 2153 1610 2210 inducias
1637 2170 1766 2211 con-

176 2240 448 2296 versionis
493 2242 822 2311 accipimus,
867 2250 922 2298 et
970 2252 1150 2299 tamen
1190 2243 1332 2299 mala
1375 2262 1496 2316 quae
1539 2245 1767 2303 fecimus

171 2335 303 2390 ﬂere
344 2351 692 2402 recusamus;
735 2353 842 2393 non
881 2338 1054 2394 solum
1095 2341 1382 2395 commissa
1418 2356 1525 2396 non
1551 2341 1763 2412 plangi-

170 2441 313 2492 mus,
351 2426 446 2481 sed
481 2428 644 2482 etiam
679 2444 798 2498 quae
831 2428 1133 2484 deﬂeantur
1166 2447 1442 2502 augemus.
1488 2433 1559 2487 At
1591 2434 1635 2488 si
1669 2433 1766 2489 ali-

171 2533 277 2586 qua
320 2533 424 2574 nos
466 2518 729 2588 aegritudo
777 2520 1076 2590 corripiat,
1131 2521 1176 2576 si
1235 2523 1387 2592 signa
1429 2525 1764 2594 aegritudinis

169 2611 406 2666 vicinam
448 2622 678 2668 mortem
715 2613 1052 2680 denuntient,
1088 2615 1333 2671 inducias
1363 2616 1578 2672 vivendi
1617 2632 1765 2686 quae-

170 2703 381 2772 rimus,
438 2714 497 2760 ut
533 2714 757 2776 peccata
799 2714 986 2762 nostra
1033 2705 1323 2762 deﬂeamus
1349 2749 1363 2773 ,
1410 2717 1465 2763 et
1503 2724 1598 2764 eas
1639 2724 1762 2764 cum

169 2814 372 2868 magno
415 2808 551 2854 aestu
593 2799 846 2855 desiderii
886 2799 1142 2868 petimus,
1173 2815 1308 2868 quas
1331 2810 1580 2871 acceptas
1602 2802 1762 2856 modo

167 2906 266 2960 pro
309 2891 485 2946 nihilo
529 2891 883 2947 habebamus.
932 2891 1158 2964 (MAUR.)
1195 2891 1300 2947 Sed
1341 2894 1464 2962 quia
1490 2893 1762 2950 veraciter

169 2982 234 3036 de
257 2982 487 3039 Domino
525 2991 714 3038 nostro
747 2984 1005 3052 scriptum
1053 2992 1172 3039 est:
1207 2983 1470 3049 Quoniam
1510 2986 1564 3040 in
1596 3003 1762 3042 sarcu-

169 3071 278 3126 lum
302 3074 663 3130 misericordia
685 3075 799 3145 ejus
823 3072 995 3146 tPsal.
1026 3076 1219 3148 cxvu),
1264 3078 1354 3146 qui
1399 3094 1496 3147 per
1526 3080 1762 3150 prophe-

171 3171 280 3218 tam
311 3166 474 3222 dicit:
496 3165 636 3221 Nolo
657 3177 870 3221 mortem
894 3170 1202 3238 peccatoris,
1227 3169 1316 3223 sed
1346 3179 1402 3223 ut
1428 3180 1762 3226 convertatur

169 3263 219 3308 et
261 3257 394 3310 vivat
433 3257 648 3328 (Ezeclt.
694 3259 872 3329 xvm),
918 3275 989 3314 ne
1034 3275 1131 3314 nos
1172 3262 1239 3314 ad
1275 3261 1626 3331 judicandum
1668 3279 1762 3318 ve—

1871 2056 2194 2126 percipiunt,
2243 2055 2460 2112 subtilia
2504 2056 2571 2112 de
2614 2055 2843 2112 internis
2871 2057 3197 2129 intelligunt,
3241 2060 3378 2114 mira
3407 2059 3462 2114 in

1871 2149 2228 2204 exterioribus
2256 2156 2569 2218 operantur.
2600 2146 2844 2218 Cumque
2873 2148 3223 2220 intelligendo
3248 2159 3304 2204 et
3330 2165 3460 2220 ope-

1871 2239 2040 2294 rando
2079 2239 2200 2293 aliis
2240 2239 2571 2308 praedicant,
2612 2239 2768 2308 quasi
2810 2238 3082 2309 duplicato
3124 2239 3340 2310 negotio
3376 2239 3461 2294 lu-

1870 2347 2024 2386 crum
2061 2339 2372 2402 reportant,
2405 2331 2549 2386 unde
2588 2339 2789 2386 aeterna
2829 2331 3162 2387 beatitudine
3207 2346 3461 2387 remune-

1869 2432 2074 2478 rentur.
2122 2423 2266 2478 Bene
2312 2431 2491 2478 autem
2539 2422 2644 2478 alia
2694 2423 2934 2492 quinque
2974 2422 3058 2478 vel
3105 2422 3210 2477 alia
3256 2422 3361 2476 duo
3407 2421 3463 2476 in

1807 2509 1810 2512 ’
1868 2515 2078 2570 lucrum
2108 2516 2322 2571 venisse
2356 2515 2684 2570 referuntur.
2721 2514 2857 2582 Quia
2892 2515 3020 2570 dum
3051 2515 3270 2584 utrique
3311 2513 3465 2570 sexui

1867 2607 2194 2677 impenditur
2228 2607 2568 2679 praedicatio,
2605 2607 2762 2678 quasi
2797 2616 3017 2677 accepta
3052 2607 3257 2662 talenta
3293 2605 3464 2678 gemi-

1867 2717 1900 2753 1]
1906 2710 2086 2756 antur.

1940 2789 2045 2856 Qui
2075 2798 2249 2844 autem
2277 2806 2440 2844 unum
2469 2787 2723 2844 talentum
2747 2798 3017 2860 acceperat
3043 2790 3220 2844 abiens
3246 2789 3378 2859 fodit
3407 2789 3463 2842 in

1866 2891 2030 2947 terra,
2053 2891 2102 2935 et
2123 2880 2392 2934 abscondit
2419 2880 2695 2951 pecuniam
2716 2879 2917 2934 domini
2939 2879 3041 2934 sui.
3073 2879 3343 2951 (Ηίενοη.)
3366 2878 3465 2935 Ne~

1867 2988 2027 3044 quam
2068 2987 2257 3028 servus
2290 2971 2531 3026 .terrenis
2569 2969 2826 3040 operibus
2870 2978 2926 3025 et
2967 2969 3150 3026 saeculi
3185 2970 3464 3039 voluptate

1865 3063 1960 3118 Dei
1987 3071 2256 3133 praecepta
2282 3061 2518 3132 neglexit
2540 3069 2597 3117 et
2618 3060 2826 3132 polluit.
2853 3059 3175 3131 Quanquam
3206 3061 3262 3114 in
3289 3061 3462 3115 Evan-

1866 3156 2005 3228 gelio
2027 3155 2185 3211 Luca:
2210 3155 2470 3226 scriptum
2501 3156 2590 3222 sit,
2615 3155 2760 3225 quod
2786 3154 2840 3208 in
2866 3154 3083 3210 sudario
3115 3136 3379 3226 ligaverit,
3406 3153 3460 3209 id

1865 3262 1968 3320 est,
1999 3253 2302 3310 doctrinam
2339 3250 2752 3306 Patrisfamilias
2787 3250 3021 3307 molliter
3047 3257 3102 3305 et
3127 3248 3355 3304 delicate
3379 3248 3461 3302 vi-

167 3349 346 3415 niens,
371 3350 667 3420 imparatos
693 3351 949 3416 inveniat,
997 3352 1168 3407 adhuc
1191 3352 1337 3407 aliud
1363 3353 1431 3408 de
1457 3354 1649 3410 eadem
1691 3369 1750 3409 re
1778 3347 1823 3410 C
1854 3347 2029 3402 vendo
2059 3345 2400 3402 enervaverit
2429 3343 2581 3412 (Luc.
2615 3342 2733 3415 xu).
2769 3341 2974 3416 [Grca]
3014 3342 3300 3398 Talentum
3330 3357 3458 3413 ergo

170 3441 328 3510 ponit
368 3439 695 3510 exemplum,
723 3441 796 3496 ita
823 3442 1006 3497 dicens
1030 3459 1043 3494 :

241 3529 355 3602 [11.]
390 3529 536 3586 Sicut
575 3532 713 3586 enim
752 3531 904 3585 homo
942 3549 1152 3603 peregre
1199 3536 1532 3603 proﬁciscens
1570 3537 1765 3589 vocavit

167 3636 342 3674 servos
384 3638 529 3687 suos,
573 3631 621 3675 et
660 3622 878 3674 tradidit
917 3621 1023 3676 illis
1065 3623 1199 3677 bona
1244 3641 1360 3677 sua.
1407 3623 1538 3691 Quis
1581 3625 1766 3694 itaque

166 3711 332 3766 homo
360 3721 444 3768 est
482 3714 573 3784 qui
621 3729 846 3784 peregre
889 3716 1254 3784 proliciscitur
1295 3717 1398 3770 nisi
1437 3717 1765 3789 Redemptor

167 3813 378 3873 noster,
410 3809 500 3877 qui
538 3807 593 3861 in
635 3822 697 3862 ea
735 3822 896 3862 carne
935 3822 1096 3876 quam
1138 3817 1506 3878 assumpserat
1541 3810 1673 3865 abiit
1709 3811 1764 3866 in

168 3897 389 3952 uelum.
424 3898 614 3954 Carnis
649 3898 795 3953 enim
837 3898 986 3954 locus
1030 3900 1279 3970 proprius
1309 3906 1452 3954 terra
1488 3908 1600 3969 est,
1643 3917 1764 3972 quae

168 3989 323 4056 quasi
355 3990 420 4045 ad
441 3991 780 4060 peregrinam
807 3990 1041 4057 ducitur,
1071 3991 1200 4045 dum
1225 4007 1323 4062 per
1347 3991 1761 4062 Redemptorem

169 4089 417 4135 nostrum
444 4081 500 4136 in
530 4082 667 4136 coelo
701 4081 1012 4137 collocatur.
1047 4080 1155 4138 Sed
1204 4084 1365 4138 homo
1409 4083 1512 4138 iste
1539 4100 1764 4157 peregre

168 4172 518 4242 proﬁciscens
542 4175 715 4230 servis
759 4177 898 4231 bona
927 4191 1024 4231 sua
1067 4176 1309 4243 tradidit,
1352 4178 1480 4247 quia
1518 4177 1764 4235 ﬁdelibus

170 4264 282 4319 suis
307 4265 571 4334 spiritalia
593 4267 730 4320 dona
762 4266 1050 4322 concessit.

243 4357 312 4412 Et
349 4359 443 4412 uni
483 4358 624 4412 dedit
662 4360 888 4429 quinque
917 4359 1138 4425 talenta,
1169 4360 1263 4414 alii
1292 4370 1466 4414 autem
1504 4363 1630 4429 duo,
1668 4363 1763 4417 alii

168 4465 288 4504 vero
312 4467 496 4504 unum.
521 4449 768 4518 Quinque
786 4449 928 4503 enim
951 4457 1076 4504 sunt
1094 4450 1337 4519 corporis
1359 4465 1568 4517 sensus,
1591 4452 1760 4521 visus,

169 4543 406 4606 auditus,
445 4549 652 4613 gustus,
682 4541 957 4604 odoratus,
1007 4549 1061 4596 et
1099 4549 1290 4597 tactus.
1323 4540 1573 4615 Quinque
1604 4545 1764 4614 igitur

168 4637 409 4702 talentis,
435 4638 633 4692 donum
657 4638 893 4706 quinque
920 4651 1196 4708 sensuum,
1223 4638 1276 4696 id
1302 4649 1403 4706 est,
1433 4643 1760 4698 exteriorum

1866 3440 1922 3494 in
1951 3449 2094 3495 terra
2137 3440 2494 3505 abscondere,
2525 3446 2610 3494 est
2639 3447 2922 3508 acceptum
2954 3437 3227 3508 ingenium
3259 3435 3314 3490 in
3349 3442 3460 3490 ter-

1865 3535 2014 3589 renis
2047 3534 2256 3589 actibus
2288 3533 2600 3604 implicare,
2637 3533 2849 3588 lucrum
2890 3531 3134 3602 spiritale
3174 3547 3282 3587 non
3311 3545 3460 3600 quae-

1867 3641 2006 3694 rere,
2037 3642 2133 3682 cor
2161 3642 2193 3681 a
2226 3626 2460 3680 terrenis
2491 3624 2908 3696 cogitationibus
2935 3639 3212 3695 nunquam
3252 3624 3455 3678 levare.

1868 3719 2006 3774 Sunt
2036 3735 2268 3790 namque
2310 3719 2554 3775 nonnulli
2583 3720 2675 3789 qui
2704 3721 2903 3776 donum
2944 3720 3310 3793 intelligentia:
3336 3736 3462 3792 per-4,

1865 3821 2156 3882 ceperunt,
2193 3814 2288 3867 sed
2315 3821 2493 3867 tamen
2531 3811 2645 3867 sola
2669 3827 2790 3882 qua:
2818 3811 2999 3867 carnis
3031 3822 3158 3866 sunt
3197 3813 3411 3882 sapiunt
3441 3827 3457 3867 :

1865 3904 1931 3958 de
1960 3903 2154 3974 quibus
2183 3919 2280 3974 per
2314 3903 2642 3973 Prophetam
2672 3903 2872 3960 dicitur
2898 3917 2912 3956 :
2943 3902 3217 3973 Sapientes
3253 3915 3374 3959 sunt
3403 3911 3461 3958 ut

1865 3993 2063 4062 faciant
2088 3993 2254 4061 mala,
2287 3995 2410 4048 bene
2437 4004 2610 4048 autem
2639 3993 2811 4064 facere
2839 3993 3149 4047 nescierunt.

1938 4088 2068 4143 Post
2092 4087 2317 4142 multum
2343 4105 2462 4143 vero
2493 4088 2739 4159 temporis
2768 4087 3014 4140 dominus
3043 4102 3308 4140 servorum
3334 4086 3456 4142 illo-

1866 4195 1982 4232 rum
2002 4180 2136 4233 venit
2159 4189 2206 4232 et
2227 4179 2399 4248 posuit
2422 4179 2676 4232 rationem
2699 4193 2817 4229 cum
2836 4177 2931 4230 eis.
2953 4175 3026 4246 (Η
3031 4175 3222 4248 ieron.)
3243 4176 3460 4233 Grande

1864 4278 2078 4341 tempus
2110 4278 2195 4326 est
2230 4269 2373 4326 inter
2395 4269 2766 4324 ascensionem
2808 4265 3138 4329 Salvatoris,
3178 4275 3233 4323 et
3259 4283 3456 4324 secun-

1865 4363 1990 4418 dum
2021 4363 2137 4432 ejus
2159 4361 2468 4416 adventum.
2498 4359 2555 4414 Si
2583 4369 2763 4414 autem
2788 4359 3014 4429 apostoli
3045 4359 3304 4416 reddituri
3333 4370 3460 4416 sunt

1864 4454 2133 4508 rationem
2175 4461 2229 4506 et
2276 4451 2376 4506 sub
2415 4459 2561 4504 metu
2588 4449 2777 4519 judicii
2820 4449 3146 4513 surrecturi,
3192 4451 3318 4520 quid
3359 4467 3457 4506 nos

1865 4550 2076 4612 oportet
2111 4541 2322 4596 facere?
2347 4538 2550 4611 (Greg.)
2591 4538 2726 4606 Quia
2753 4539 2798 4592 is
2827 4538 2919 4608 qui
2950 4553 3094 4593 nunc
3121 4539 3208 4610 pie
3243 4541 3459 4610 spirita-

1865 4637 1934 4691 lia
1969 4635 2110 4691 dona
2143 4633 2332 4690 tribuit
2367 4633 2613 4688 districto
2643 4632 2696 4685 in
2731 4629 2935 4702 judicio
2965 4631 3157 4684 merita
3185 4633 3454 4702 exquiret,

167 4732 400 4786 scientia
425 4732 760 4801 exprimitur.
789 4731 1007 4791 Duobus
1029 4749 1156 4792 vero
1178 4737 1479 4793 intellectus
1501 4746 1556 4793 et
1578 4753 1762 4807 opera-
1787 4710 1839 4771 Β
1866 4731 1994 4801 quid
2020 4730 2249 4800 quisque
2294 4725 2566 4796 acceperit
2607 4722 2937 4790 consideret,
2973 4730 3025 4778 et
3065 4723 3208 4793 quod
3245 4723 3454 4778 lucrum

171 4825 262 4878 lio.
295 4826 469 4881 Unius
499 4834 675 4879 autem
708 4825 897 4885 Lai-emi
931 4831 1151 4886 nomine
1190 4831 1491 4885 intellectus
1523 4838 1758 4885 tantum-

171 4917 330 4969 tumlo
359 4917 686 4990 designatur.
918 4933 921 4936 ’

245 5006 538 5082 Unicuique
560 5013 842 5067 secundum
863 5013 1129 5083 propriam
1151 5012 1412 5078 virtutem,
1429 5022 1477 5067 et
1497 5012 1758 5084 profectus

173 5114 246 5156 est
279 5106 479 5159 statim.
517 5103 784 5177 (Hieron.)
808 5103 926 5160 Non
955 5120 1053 5175 pro
1078 5105 1324 5175 largitate
1351 5120 1480 5176 ergo
1503 5114 1558 5160 et
1584 5105 1760 5176 parci-

175 5200 305 5262 tate,
333 5195 490 5249 alteri
519 5195 639 5265 plus
667 5203 721 5250 et
749 5194 903 5248 alteri
933 5195 1109 5249 minus
1132 5195 1396 5260 tribuens,
1421 5193 1514 5249 sed
1543 5210 1644 5264 pro
1670 5210 1761 5249 ac-

175 5289 488 5357 cipientium
519 5287 744 5342 viribus.
787 5286 1064 5354 Quomodo
1099 5295 1153 5340 et
1191 5286 1478 5358 Apostolus
1519 5301 1636 5353 eos,
1667 5287 1761 5356 qui

177 5382 409 5437 solidum
429 5381 607 5436 cibum
633 5395 828 5449 capere
850 5398 955 5437 non
979 5388 1256 5451 poterant,
1293 5381 1430 5436 lacte
1456 5389 1674 5453 potasse
1702 5397 1760 5436 se

178 5472 308 5528 dicit
335 5471 383 5539 (ι
415 5469 536 5526 Cor.
569 5469 672 5541 ut).
714 5471 952 5541 Denique
978 5479 1034 5526 et
1060 5471 1150 5526 ille
1175 5471 1267 5540 qui
1308 5471 1374 5525 de
1402 5471 1639 5540 quinque
1681 5481 1762 5526 ta-

178 5563 337 5621 lentis
356 5565 540 5621 decem
561 5563 782 5629 fecerat,
806 5571 862 5618 et
884 5563 975 5632 qui
996 5563 1060 5618 de
1083 5553 1288 5617 duobus
1310 5570 1562 5631 quatuor,
1584 5560 1762 5618 simile
1812 5638 1814 5640 ν

181 5657 384 5727 recepit
412 5655 686 5727 gaudium.
719 5652 834 5708 Non
857 5653 982 5722 quia
1017 5653 1308 5708 retributor
1333 5652 1424 5707 ille
1453 5651 1760 5707 considerat

186 5744 317 5802 lucri
343 5747 786 5821 magnitudinem,
813 5745 905 5801 sed
935 5744 1096 5799 studii
1124 5745 1474 5799 voluntatem.

256 5841 392 5897 Abiit
418 5854 588 5898 autem
615 5843 703 5915 qui
726 5843 950 5912 quinque
971 5839 1167 5894 talenta
1193 5849 1481 5911 acceperat,
1508 5848 1555 5894 et
1583 5855 1762 5909 opera-

151 5935 267 5986 'tus
299 5945 370 5990 est
409 5937 463 5990 in
489 5937 584 6004 eis,
619 5945 666 5991 et
700 5935 931 5991 lucratus
969 5941 1042 5988 est
1082 5932 1188 5986 alia
1221 5935 1464 6004 quinque.
1511 5931 1760 6003 Acceptis

1864 4825 1931 4879 de
1959 4821 2196 4891 acceptis
2222 4827 2484 4888 reportet,
2511 4823 2718 4887 penset.

1935 4913 2006 4967 Et
2046 4911 2292 4966 accedens
2334 4910 2422 4982 qui
2457 4909 2682 4980 quinque
2724 4906 2921 4961 talenta
2960 4915 3229 4978 acceperat
3271 4905 3454 4960 obtulit

1863 5005 1970 5060 alia
1998 5004 2224 5075 quinque
2247 5001 2442 5056 talenta
2471 5000 2645 5055 dicens
2673 5015 2691 5054 :
2723 4998 2966 5065 Domine,
2995 4999 3222 5070 quinque
3253 4997 3453 5052 talenta

1862 5100 1990 5154 mihi
2017 5096 2302 5163 tradidisti,
2332 5112 2447 5150 ecce
2472 5095 2580 5149 alia
2605 5094 2831 5166 quinque
2859 5109 3017 5164 super
3041 5091 3276 5145 lucratus
3307 5106 3448 5146 sum.

1861 5192 1946 5246 Ait
1971 5189 2050 5244 illi
2077 5189 2320 5243 dominus
2344 5188 2458 5257 ejus
2479 5201 2497 5237 .'
2524 5185 2692 5256 Euge,
2715 5202 2856 5241 serve
2882 5185 3034 5250 bone,
3055 5193 3102 5239 et
3132 5183 3303 5252 ﬁdelis
3326 5185 3452 5256 quia

1860 5301 2023 5356 supra
2055 5299 2224 5354 pauca
2251 5281 2401 5352 fuisti
2440 5277 2613 5349 fidelis
2646 5295 2801 5351 super
2835 5277 3002 5333 multa
3031 5288 3078 5332 te
3113 5279 3448 5332 constituam.

1860 5375 2016 5430 Intra
2056 5373 2113 5427 in
2153 5371 2405 5443 gaudium
2433 5368 2632 5422 domini
2671 5369 2768 5422 tui.
2815 5367 3016 5424 Servus
3056 5367 3148 5438 qui
3178 5367 3452 5438 geminata

1861 5467 2062 5523 talenta
2104 5464 2291 5519 retulit
2328 5478 2360 5517 a
2400 5460 2628 5516 Domino
2669 5459 2938 5525 laudatur,
2980 5466 3141 5529 atque
3185 5458 3252 5513 ad
3292 5467 3452 5512 mter-

1860 5574 1988 5614 nam
2026 5553 2520 5612 remunerationem
2558 5549 2895 5623 perducitur,
2939 5566 3062 5606 cum
3095 5551 3146 5605 ei
3177 5565 3310 5606 voce
3346 5548 3451 5602 Do—

1863 5653 2059 5709 minica
2090 5651 2286 5706 dicitur
2318 5667 2330 5701 :
2363 5647 2531 5718 Euge,
2567 5663 2708 5701 serve
2737 5647 2866 5702 bone
2899 5656 2947 5701 et
2980 5647 3175 5718 fidelis,
3205 5647 3328 5717 quia
3358 5663 3451 5699 su-

1859 5759 1952 5815 per
1984 5758 2153 5813 pauca
2194 5738 2341 5808 fuisti
2387 5736 2578 5813 ﬁdelis,
2619 5754 2780 5806 supra
2817 5737 2981 5792 multa
3021 5748 3069 5792 te
3109 5737 3444 5802 constituam,

1859 5835 2002 5888 intra
2025 5833 2082 5885 in
2103 5829 2356 5903 gaudium
2383 5825 2598 5882 Domini
2623 5827 2720 5882 tui.
2763 5827 2991 5900 (ΜΑυιι.)
3020 5827 3126 5884 Per
3161 5842 3287 5898 euge
3312 5840 3450 5897 quo-

1813 5913 1818 5920 ’
1860 5939 1968 5996 que
1994 5922 2238 5990 verbum,
2277 5919 2532 5992 gaudium
2567 5935 2723 5978 suum
2764 5920 3024 5980 Dominus
3062 5920 3321 5988 insinuat,
3351 5921 3444 5990 qul
