3898 6440
254 416 395 494 υθέ
1206 426 1564 497 conusur.
1601 410 1671 491 tu
1710 392 2149 493 animum.
2194 466 2263 477 —
2300 416 2429 492 Lm.
2471 428 2581 493 vn.
3392 422 3599 553 1095‘s.}

252 552 398 609 lenta
435 549 741 607 intellectus
778 557 833 607 et
866 550 1112 622 operatio
1149 552 1467 624 exprimitur
1503 568 1516 606 :
1553 548 1674 623 plus
1708 565 1837 622 ergo
1864 546 1914 613 Α
1941 567 2027 614 es;
2056 550 2205 605 melis
2237 550 2326 605 ubi
2362 566 2465 606 non
2501 548 2773 607 seminasti
2796 558 2848 608 et
2882 546 3086 626 colligis
3122 548 3215 611 tibi
3240 538 3343 613 non
3382 564 3531 630 spur.
3560 548 3567 561 “

252 645 442 701 habuit
463 646 556 716 qui
585 646 692 701 duo
721 661 883 715 quam
912 647 1007 717 qui
1034 648 1272 719 quinque
1300 646 1500 703 talenta
1545 647 1786 719 percepit
1819 665 1831 702 :
1938 642 2073 699 sisti.
2122 643 2320 697 Rerum
2350 644 2697 714 praesentium
2728 654 2922 702 natura
2951 662 3057 704 non
3096 648 3269 706 defert
3298 658 3529 709 messem

251 739 377 811 quia
406 737 498 809 qui
529 751 625 809 per
654 738 852 795 talenta
878 740 1115 811 quinque
1141 740 1469 799 exteriorum
1496 739 1840 797 administra-

251 830 453 889 tionem
485 830 710 896 meruit,
753 832 820 887 ab
862 831 1135 888 intellectu
1176 832 1512 889 internorum
1541 833 1717 888 adhuc
1749 847 1840 887 va-

250 938 384 980 cuus
421 922 544 979 fuit.
588 922 768 980 Unum
813 940 942 995 ergo
991 924 1275 992 talentum,
1318 926 1462 995 quod
1506 925 1835 982 intellectum

248 1016 544 1089 signiﬁcari
571 1015 826 1082 diximus,
871 1016 946 1072 illi
989 1016 1107 1072 dari
1144 1018 1326 1073 debuit
1371 1018 1463 1087 qui
1509 1019 1645 1075 bene
1688 1024 1837 1073 exte-

249 1109 394 1165 riora
436 1124 557 1180 qua:
586 1115 870 1181 acceperat
910 1109 1256 1183 ministravit.
1303 1108 1454 1177 Quod
1498 1110 1738 1180 quotidie
1781 1109 1837 1167 in

249 1209 437 1258 saneta
480 1199 724 1257 Ecclesia
753 1200 1046 1268 cernimus,
1078 1201 1206 1271 quia
1250 1200 1488 1271 plerique
1533 1202 1660 1257 dum
1699 1203 1836 1257 bene

248 1293 580 1359 ministrant,
610 1292 883 1349 exteriora
925 1308 1047 1363 quae
1087 1293 1355 1365 accipiunt
1393 1309 1490 1364 per
1525 1292 1837 1362 adjunctam

247 1385 478 1457 gratiam
508 1385 576 1440 ad
612 1384 941 1441 intellectum
968 1400 1182 1456 quoque
1210 1386 1497 1456 mysticum
1537 1386 1836 1457 perducun-

250 1483 358 1544 tur,
393 1484 451 1531 ut
492 1478 656 1533 etiam
700 1477 765 1531 de
794 1476 1008 1533 interna
1052 1477 1402 1550 intelligentia
1432 1477 1699 1550 polleant,
1742 1479 1836 1551 qui

247 1570 521 1627 exteriora
554 1566 783 1649 ﬁdeliter
817 1569 1215 1629 administrant.
1248 1568 1475 1643 (Hilar.)
1510 1570 1644 1627 item
1681 1570 1838 1627 aliter

247 1660 365 1716 haec
402 1660 656 1733 parabola
699 1660 994 1718 secundum
1039 1660 1349 1734 allegoriam
1393 1663 1588 1734 exponi
1636 1672 1833 1733 potest.

249 1752 452 1810 Servus
496 1754 587 1811 ille
611 1756 704 1826 qui
735 1755 975 1826 quinque
1014 1756 1215 1812 talenta
1255 1757 1485 1828 accepit,
1514 1757 1739 1829 populus
1768 1771 1834 1815 ex

247 1847 366 1921 lege
383 1848 719 1904 credentium
741 1858 846 1915 est,
874 1864 942 1904 ex
966 1865 1069 1921 qua
1094 1847 1368 1919 profectus
1392 1849 1643 1905 meritum
1668 1847 1834 1919 ipsius

247 1948 395 1997 recte
418 1939 692 2010 probeque
714 1937 1011 2009 perfunctte
1029 1938 1351 2011 evangelica:
1373 1938 1497 1994 fidei
1522 1939 1836 2017 operatione

248 2030 557 2102 duplicavit.
585 2030 647 2086 In
673 2031 881 2087 ratione
907 2041 1087 2087 autem
1112 2032 1379 2102 ponenda,
1397 2030 1585 2102 judicii
1605 2046 1834 2087 examen

245 2129 352 2187 est,
382 2137 490 2192 quo
518 2121 754 2177 cmlestis
779 2124 929 2178 verbi
964 2138 1092 2178 usus
1116 2131 1277 2193 atque
1308 2124 1513 2180 reditus
1542 2122 1834 2194 dispensati

249 2211 433 2267 talenti
456 2211 776 2282 postulatur.
794 2212 961 2283 Igitur
982 2214 1067 2269 cui
1089 2222 1246 2268 erant
1264 2214 1501 2283 quinque
1523 2213 1831 2283 commissa,

245 2303 466 2359 domino
500 2319 720 2360 reverso
750 2305 817 2359 de
844 2302 1082 2377 quinque
1112 2304 1296 2360 decem
1322 2304 1547 2371 obtulit,
1580 2305 1701 2360 talis
1730 2305 1837 2361 sci-

242 2397 370 2455 licet
395 2397 452 2453 in
476 2397 581 2453 ﬁde
609 2406 857 2469 repertus
878 2397 1050 2468 qualis
1077 2398 1131 2452 in
1155 2398 1292 2470 lege,
1317 2397 1406 2468 qui
1432 2392 1616 2454 decem
1645 2398 1836 2454 verbo-

244 2508 364 2549 rum
386 2494 625 2563 quinque
653 2492 805 2548 libris
833 2493 999 2565 Moysi
1026 2501 1419 2564 przeceptorum
1449 2492 1831 2561 obedientiam,

242 2602 343 2658 per
365 2589 595 2660 gratiam
620 2590 940 2663 evangelicae
959 2589 1364 2661 justiﬁcationis
1391 2590 1708 2661 expleverit.
1734 2589 1834 2662 lgi-

244 2687 334 2734 tur
367 2676 590 2747 jubetur
624 2680 678 2734 in
718 2681 968 2751 gaudium
1000 2681 1200 2737 domini
1236 2682 1491 2748 introire,
1536 2684 1589 2738 id
1629 2692 1744 2748 est,
1778 2682 1835 2739 in

244 2771 508 2829 honorem
535 2772 718 2843 gloriae
738 2772 940 2829 Christi
962 2774 1237 2845 recipitur.
1266 2774 1358 2830 ille
1380 2792 1511 2831 vero
1537 2791 1726 2832 servus
1748 2776 1836 2832 cui

242 2864 351 2921 duo
376 2865 576 2921 talenta
600 2866 887 2922 commissa
915 2875 1062 2933 sunt,
1086 2867 1326 2938 gentium
1350 2855 1578 2939 populus
1600 2880 1706 2934 est,
1731 2868 1837 2924 ﬁde

242 2964 407 3027 atque
436 2957 776 3013 confessione
816 2966 872 3012 et
906 2957 1029 3012 Filii
1054 2958 1404 3027 justiﬁcatus,
1447 2968 1502 3015 et
1546 2959 1742 3028 Patris,
1780 2968 1837 3016 et

242 3046 530 3107 Dominum
558 3058 804 3106 nostrum
830 3046 1014 3104 Iesum
1039 3048 1316 3105 Christum
1332 3092 1347 3115 ,
1373 3060 1535 3122 atque
1561 3053 1832 3109 hominem

241 3151 297 3199 et
322 3144 514 3213 spiritu
543 3152 601 3200 et
626 3159 792 3199 carne
814 3143 1118 3200 confessus.
1164 3144 1298 3200 Nam
1337 3153 1393 3201 et
1422 3146 1584 3202 corde
1618 3146 1753 3202 ﬁdes
1780 3152 1837 3201 et

242 3246 336 3288 ore
365 3232 635 3290 confessio
667 3243 752 3290 est
780 3233 959 3306 (Rom.
993 3234 1071 3307 ιι).
1110 3234 1235 3290 iltec
1263 3251 1392 3309 ergo
1418 3236 1543 3291 huic
1573 3245 1699 3291 sunt
1728 3237 1833 3292 duo

1939 740 2059 793 esse
2085 735 2201 789 sine
2232 736 2457 801 semine,
2488 745 2544 790 et
2574 736 2752 809 colligi
2782 740 2904 810 qum
2939 748 3128 811 Sparsa
3158 752 3264 797 non
3294 743 3528 810 fuerunt,

1939 824 2033 882 sed
2080 830 2226 882 totus
2276 828 2535 898 spiritalis
2582 828 2671 885 hic
2718 832 2895 887 sermo
2942 824 3044 887 est.
3095 826 3339 890 Diximus
3383 836 3530 890 bnim

1938 918 2083 975 hunc
2110 917 2364 991 populum
2392 928 2511 975 ease
2542 919 2608 977 de
2632 918 2769 993 iege,
2798 917 2908 977 non
2948 920 3285 995 ignorantem
3319 919 3528 982 D‘dlninl

1938 1011 2226 1067 adventum
2253 1020 2309 1068 et
2330 1013 2569 1085 gentium
2602 1014 2854 1082 salutem,
2885 1015 2979 1072 Sed
3008 1013 3296 1073 inﬁdelem.
3324 1012 3535 1091 Quippe

1939 1120 2062 1160 cum
2089 1100 2223 1161 sciat
2248 1105 2527 1161 merendos
2557 1104 2667 1163 illic
2684 1104 2911 1176 justitia:
2933 1108 3159 1179 l't'uctu's,
3185 1102 3275 1166 ulii
3304 1100 3389 1166 l‘ex
3414 1118 3531 1167 sata

1937 1214 2044 1254 non
2067 1199 2155 1264 sit,
2182 1208 2236 1255 et
2254 1194 2583 1272 colligendos
2604 1217 2670 1259 ex
2694 1201 2943 1275 gentibus
2966 1198 3055 1273 qui
3081 1202 3198 1259 non
3209 1215 3273 1260 ex
3300 1198 3535 1261 ΑΙ)ηῆίή

1938 1289 2045 1343 sint
2086 1288 2253 1362 stirpe
2280 1287 2544 1365 dispersi,
2580 1299 2635 1348 et
2675 1292 2879 1350 idcirco
2915 1294 3082 1351 durus
3111 1288 3202 1352 lll‘c
3229 1280 3392 1352 homo
3428 1296 3533 1364 sit;

1939 1379 2146 1436 scilicet
2174 1378 2291 1436 sine
2320 1383 2435 1454 leg‘e
2458 1380 2882 1456 jiistiﬁeaturus,
2911 1382 3027 1442 sine
3061 1372 3397 1457 dispersione
3422 1386 3536 1444 cols

1935 1470 2198 1539 lecturus,
2236 1482 2291 1529 et
2324 1474 2440 1530 sine
2481 1475 2690 1533 satione
2730 1492 3029 1534 messurus.
3072 1478 3249 1549 Atque
3278 1474 3400 1534 ideo
3431 1480 3534 1536 hoc

1937 1562 2111 1638 magis
2147 1560 2263 1621 sine
2291 1568 2447 1622 venia
2476 1566 2580 1622 erit
2621 1584 2720 1623 cur
2756 1562 3195 1640 priedicatiohetn
3223 1566 3531 1627 occultave‘

1939 1656 2029 1721 rit,
2058 1667 2114 1713 et
2146 1659 2494 1715 commissum
2524 1655 2628 1715 sibi
2658 1650 2917 1716 talentum
2948 1646 3247 1728 sull'oderlt,
3277 1666 3398 1718 cum
3431 1648 3535 1719 sci;

1938 1761 2023 1808 ret
2049 1767 2352 1807 messurum
2380 1769 2501 1809 esse
2528 1748 2646 1810 sine
2688 1750 2912 1819 semine,
2947 1758 3002 1811 et
3032 1748 3382 1811 collecturum
3414 1768 3534 1811 esse

1870 1892 1903 1918 :1
1939 1860 2057 1917 qua:
2084 1861 2190 1901 non
2220 1847 2527 1917 sparsisset.
2557 1842 2663 1902 Sed
2689 1847 2869 1918 potius
2896 1846 3201 1918 eportnisse
3227 1862 3350 1903 eum
3378 1858 3535 1902 nnm-

1870 1898 1875 1899 γ
1952 1898 2054 1917 Γ--
2220 1898 2526 1917 Ἷτηηπ--
2560 1898 2661 1902 ,_-_
2689 1898 2865 1918 τμη-
2904 1898 3195 1918 ,τηηνμ
3233 1898 3350 1903 -W-

1863 1898 1911 1977 Β
1940 1934 2183 1991 niulariis
2232 1937 2386 2009 dare,
2434 1934 2487 1990 id
2533 1944 2648 2002 est,
2701 1936 2954 1994 universo
2996 1937 3181 2009 generi
3229 1936 3528 2004 heminam,

1937 2024 2079 2099 quod
2107 2024 2287 2083 smculi
2316 2018 2545 2100 negotiis
2573 2036 2889 2100 occupetur,
2921 2045 3077 2086 usum
3106 2028 3293 2085 crediti
3322 2030 3422 2087 sibi
3453 2028 3533 2085 ta-

1938 2119 2067 2174 lenti
2101 2120 2523 2189 communicare,
2562 2118 2789 2175 Domino
2833 2121 3037 2176 reditus
3075 2119 3192 2189 ejns
3233 2130 3263 2174 a
3307 2118 3533 2193 singulis

1937 2207 2293 2280 postnialuro.
2344 2208 2424 2266 Ob
2453 2225 2613 2279 quam
2661 2210 2871 2279 culpam
2909 2206 3168 2265 talentum
3200 2208 3267 2264 ab
3310 2224 3375 2264 eo
3423 2222 3532 2266 non

1931 2304 2046 2377 jam
2074 2302 2348 2377 Evangelii
2376 2303 2519 2375 quod
2563 2303 2874 2365 suﬁ‘oderat,
2906 2298 3000 2357 sed
3046 2298 3180 2373 legis
3222 2302 3530 2369 auferetur;

1936 2395 2093 2468 eique
2113 2398 2422 2469 quicunque
2451 2386 2805 2467 duplicaverit
2836 2396 2994 2450 datur
3021 2390 3249 2449 Domino
3276 2393 3490 2449 dicente
3514 2410 3529 2448 :

2009 2484 2165 2545 Omni
2195 2490 2332 2544 enim
2362 2484 2572 2543 habenti
2598 2487 2814 2542 dabitur
2852 2497 2897 2541 et
2932 2486 3253 2552 abundabit;
3283 2484 3332 2540 ei
3358 2495 3535 2540 autem

1935 2583 2025 2656 qui
2053 2599 2156 2636 non
2182 2582 2355 2649 habet,
2380 2591 2428 2636 et
2455 2582 2596 2654 quod
2626 2578 2827 2635 videtur
2851 2577 3040 2634 habere
3065 2579 3333 2649 auferetur
3360 2578 3425 2633 ab
3450 2594 3532 2634 ea.

1937 2672 2075 2744 Quia
2102 2675 2325 2732 habenti
2357 2691 2514 2730 usum
2545 2668 2960 2747 Evangeliorutn
2994 2670 3159 2727 etiam
3199 2671 3334 2747 legis
3364 2672 3538 2728 honor

1940 2770 2202 2826 redditur.
2253 2768 2370 2825 Non
2413 2766 2634 2829 habenti
2680 2777 2862 2825 autem
2906 2769 3067 2824 ﬁdem
3110 2764 3338 2837 Christi,
3368 2767 3534 2824 etiam

1938 2864 2080 2934 quod
2111 2863 2310 2919 habere
2338 2861 2440 2917 sibi
2473 2854 2758 2917 videbatur
2783 2877 2849 2918 ex
2895 2861 3012 2934 lege
3054 2856 3279 2919 honoris
3323 2860 3538 2919 aufere-

1940 2961 2046 3009 tur.
2078 2950 2347 3028 (Ilieron.)
2387 2952 2559 3008 Aliter
2600 2970 2614 3009 :
2654 2946 2802 3008 Multi
2834 2968 2957 3008 cum
2983 2948 3257 3027 sapientes
3303 2953 3411 3008 sint
3446 2970 3539 3009 na-

1940 3043 2207 3109 turaliter,
2235 3055 2289 3101 et
2320 3046 2559 3101 habeant
2588 3062 2815 3102 acumen
2858 3044 3083 3119 ingenii,
3129 3044 3173 3103 si
3206 3046 3408 3103 fuerint
3449 3064 3538 3104 ne-

1937 3136 2231 3209 gligentes,
2263 3147 2318 3195 et
2343 3139 2551 3196 desidia
2578 3139 2777 3195 bonum
2811 3136 3017 3196 natura
3048 3134 3425 3213 corruperint,
3468 3144 3537 3199 ad

1938 3231 2397 3301 comparationem
2426 3230 2543 3302 ejus
2570 3232 2663 3303 qui
2698 3228 2973 3302 paululum
3014 3232 3218 3315 tardior
3246 3232 3430 3290 labore
3460 3235 3535 3291 in-

245 3323 448 3380 talenta
479 3288 799 3381 commissa:
825 3323 932 3380 Sed
960 3288 1192 3397 utlprior
1216 3327 1305 3382 illc
1326 3288 1492 3383 gmne
1521 3344 1830 3384 sacramen-
1861 3288 1907 3354 Ο
1938 3321 2164 3399 dustria:
2211 3288 2601 3395 compensavit'
2627 3324 2768 3395 quod
2817 3326 2997 3381 minus
3044 3310 3255 3394 habuit,
3302 3329 3537 3399 perdunt

244 3423 356 3471 tum
384 3417 438 3471 in
466 3416 707 3488 quinque
731 3416 976 3483 talentis,
1006 3418 1060 3471 id
1098 3428 1212 3485 est,
1243 3420 1297 3473 in
1326 3418 1438 3491 lege
1474 3429 1830 3492 cognoverat,

244 3510 406 3577 idque
436 3508 611 3579 ipsum
642 3508 747 3564 ﬁde
776 3508 1049 3579 Evangelii
1080 3510 1476 3581 duplicaverat,
1517 3512 1591 3567 ita
1621 3513 1723 3568 iste
1753 3512 1834 3567 in-

243 3608 523 3657 cremento
552 3600 715 3656 duum
743 3599 1087 3665 talentorum,
1110 3600 1271 3671 idque
1290 3600 1603 3673 operatione
1622 3618 1834 3673 prome-

242 3694 371 3748 ruit.
414 3693 481 3747 Et
524 3694 580 3749 in
611 3694 900 3750 traditione
929 3711 994 3751 ac
1038 3695 1209 3750 reditu
1244 3696 1490 3750 dissimili
1519 3712 1618 3767 par
1653 3705 1832 3752 tamen

240 3787 382 3856 apud
427 3786 716 3842 Dominum
761 3804 957 3843 munus
1005 3788 1289 3844 amborum
1333 3798 1439 3856 est,
1485 3797 1545 3843 ut
1592 3792 1833 3860 gentium

239 3879 400 3935 ﬁdem
447 3891 781 3951 exaequatam
817 3881 1149 3938 credentium
1193 3897 1258 3936 ex
1299 3882 1413 3952 lege
1457 3882 1697 3937 scientia;
1739 3898 1835 3938 no-

238 3986 547 4039 sceremus,
590 3989 717 4027 nam
762 3988 886 4028 cum
931 3973 1237 4028 laudatione
1282 3974 1471 4029 eadem
1509 3973 1730 4043 jubetur
1776 3973 1831 4028 in

236 4064 489 4133 gaudium
521 4063 735 4131 Domini
765 4063 1008 4133 introire.
1036 4064 1134 4118 Est
1158 4074 1338 4118 autem
1363 4063 1655 4135 duplicatio
1682 4080 1831 4120 sum-

232 4161 342 4223 pta:
384 4155 624 4224 pecunia:
669 4155 1043 4225 Operationem
1092 4156 1214 4228 ﬁdei
1264 4155 1566 4221 addidisse,
1613 4164 1667 4211 et
1711 4172 1833 4225 quae

235 4246 488 4315 opinione
531 4246 907 4312 crediderant,
958 4246 1118 4301 rebus
1147 4245 1409 4323 factisque
1436 4248 1686 4317 gessisse.
1726 4248 1831 4316 Qui

240 4350 365 4392 vero
406 4352 571 4391 unum
622 4337 881 4391 talentum
922 4338 1148 4406 accepit,
1181 4345 1235 4391 et
1276 4322 1331 4390 in
1374 4347 1518 4391 terra
1562 4322 1826 4403 recondit,

236 4427 462 4501 populus
487 4436 572 4483 est
601 4427 658 4482 in
696 4428 813 4499 lege
854 4428 1173 4498 persistens,
1212 4434 1355 4481 totus
1385 4428 1621 4482 carnalis
1647 4439 1700 4483 et
1726 4437 1834 4483 stu-

233 4521 412 4592 pidus,
458 4530 513 4575 et
559 4520 692 4575 nihil
736 4521 980 4591 Spiritale
1027 4520 1350 4593 intelligens,
1387 4530 1441 4575 et
1470 4538 1628 4591 quem
1659 4524 1834 4579 virtus

231 4599 633 4685 praedicationis
658 4611 982 4682 evangelica:
1008 4627 1115 4666 non
1143 4612 1352 4676 subeat,
1379 4614 1474 4667 sed
1501 4621 1723 4683 propter
1748 4614 1830 4667 in-

234 4703 437 4759 vidiam
467 4702 841 4758 salvandarum
872 4702 1110 4774 gentium
1159 4703 1211 4756 in
1256 4712 1400 4756 terra
1430 4712 1707 4773 acceptum
1754 4708 1859 4758 ta-'

233 4793 436 4849 lentum
483 4793 847 4861 absconderit,
892 4808 1066 4862 neque
1108 4790 1222 4862 ipse
1251 4802 1429 4858 utens,
1472 4808 1646 4863 neque
1675 4802 1831 4848 uten-

170 4876 184 4887 ’
234 4887 358 4942 dum
386 4886 507 4941 aliis
540 4887 834 4955 dispenset,
883 4885 978 4939 sed
1024 4883 1269 4940 sulﬁcere
1299 4885 1402 4940 sibi
1448 4886 1616 4955 legem
1643 4886 1832 4942 existi-

232 4987 346 5032 met
371 4977 440 5032 ad
468 4976 719 5033 salutem.
748 4980 924 5047 Atque
949 4976 1071 5031 ideo
1095 4992 1219 5031 eum
1240 4977 1307 5032 ab
1332 4992 1397 5032 eo
1423 4978 1563 5032 ratio
1590 4978 1830 5047 postula-

234 5076 406 5135 retur,
441 5070 515 5124 ita
550 5070 629 5124 ait
659 5087 671 5123 :
707 5068 918 5134 Timui;
965 5081 1221 5140 tanquam
1252 5083 1350 5139 per
1377 5071 1733 5125 reverentiam
1762 5085 1828 5126 ac

232 5169 437 5215 metum
464 5171 705 5217 veterum
734 5170 1152 5231 praceptorum,
1188 5176 1289 5215 usu
1319 5160 1639 5232 evangelica:
1662 5160 1827 5216 iiber—

234 5254 360 5309 tatis
385 5254 672 5320 abstineat,
700 5256 947 5325 dicatque
972 5252 1105 5309 Ecce
1124 5255 1262 5325 quod
1292 5263 1440 5307 tuum
1468 5263 1565 5320 est,
1592 5254 1740 5308 velut
1771 5254 1824 5309 in

232 5348 320 5405 his
352 5364 474 5419 qua:
509 5364 540 5401 a
571 5345 797 5401 Domino
827 5356 1094 5417 prtecepta
1130 5356 1256 5402 sunt
1284 5345 1448 5402 fuerit
1482 5347 1819 5403 immoratus.

229 5441 289 5498 lu
318 5450 464 5495 terra
486 5453 613 5495 vero
638 5438 991 5505 abscondere,
1016 5440 1118 5494 hoc
1143 5447 1227 5494 est
1249 5453 1401 5494 novae
1424 5437 1824 5509 praedicationis

231 5540 459 5613 gloriam
506 5539 607 5595 sub
651 5537 972 5593 tractatione
1015 5551 1287 5606 corporea:
1328 5535 1598 5607 passionis
1643 5535 1824 5592 occul-

233 5640 368 5688 tare.
386 5632 489 5700 Qui
508 5647 633 5688 cum
646 5629 922 5687 Christum
939 5627 1225 5684 Dominum
1246 5629 1315 5685 ad
1334 5628 1561 5684 salutem
1581 5629 1824 5699 gentium

230 5725 461 5783 missum
488 5726 656 5782 fuisse
688 5739 798 5781 non
832 5723 1004 5794 possit
1037 5722 1273 5778 abnuere
1304 5722 1450 5793 (nam
1481 5730 1536 5777 et
1562 5723 1827 5778 adventus

232 5826 288 5873 et
313 5818 493 5889 passio
518 5818 633 5887 ejus
658 5834 724 5873 ex
748 5817 865 5889 lege
887 5814 1017 5891 est),
1037 5816 1413 5885 obtemperare
1440 5826 1616 5870 tamen
1645 5815 1823 5870 Evan-

234 5910 373 5979 gelio
400 5910 515 5980 ipse
543 5910 792 5967 noluerit.
823 5908 916 5965 Ait
941 5908 1087 5965 enim
1121 5926 1132 5961 :
1170 5904 1293 5963 Scio
1317 5908 1439 5979 quia
1469 5908 1622 5963 homo
1657 5905 1869 5993 durus_

1936 3415 2137 3471 bonum
2168 3425 2397 3482 naturm,
2424 3426 2478 3475 et
2521 3417 2801 3490 pnemium
2833 3418 2978 3487 quod
3017 3416 3097 3475 eis
3126 3416 3304 3475 fuerat
3348 3435 3537 3491 repro-

1937 3508 2161 3564 missum
2188 3506 2401 3565 videtur
2430 3511 2664 3566 transire
2693 3511 2758 3566 ad
2787 3511 2941 3567 alios.
2970 3510 3155 3566 Potest
3180 3521 3236 3566 et
3263 3511 3342 3568 sic
3374 3513 3529 3591 intel-

1934 3595 2026 3668 ligi
2057 3614 2071 3652 :
2103 3598 2152 3655 ei
2181 3600 2271 3669 qui
2304 3599 2463 3657 fidem
2492 3600 2672 3667 habet,
2702 3609 2759 3658 et
2785 3603 2982 3658 bonam
3013 3603 3066 3658 in
3096 3602 3325 3659 Domino
3357 3604 3538 3659 volun-

1936 3697 2126 3753 tatem,
2153 3691 2368 3747 etiamsi
2402 3692 2531 3765 quid
2566 3694 2747 3749 minus
2776 3694 2829 3749 in
2864 3710 3027 3766 opere
3054 3705 3112 3750 ut
3138 3696 3307 3751 homo
3332 3696 3536 3755 habue-

1936 3779 2027 3845 rit,
2065 3782 2284 3837 dabitur
2323 3800 2351 3837 a
2399 3782 2540 3840 bono
2565 3784 2778 3857 judice;
2813 3787 2906 3859 qui
2936 3796 3117 3842 autem
3148 3805 3254 3843 non
3284 3789 3537 3847 habuerit

1935 3872 2116 3940 ﬁdem,
2150 3877 2312 3931 etiam
2344 3886 2569 3934 cactcras
2595 3880 2824 3936 virtutes
2852 3895 2988 3949 quas
3011 3879 3291 3937 videbatur
3317 3893 3536 3943 natura-

1933 3968 2056 4024 liter
2077 3970 2377 4040 possidere,
2402 3973 2599 4042 perdit.
2624 3974 2913 4045 Eleganter
2931 3975 3119 4041 etiam,
3140 3975 3279 4045 quod
3308 3976 3530 4043 videtur,

1935 4060 2131 4131 inquit,
2178 4062 2369 4117 habere
2410 4064 2685 4134 auferetur
2722 4065 2787 4120 ab
2815 4083 2896 4121 eo.
2943 4064 3211 4137 Quidquid
3240 4068 3385 4123 enim
3415 4068 3535 4125 sine

1933 4146 2038 4205 ﬁde
2069 4152 2271 4208 Christi
2301 4164 2406 4220 est,
2432 4171 2537 4210 non
2567 4156 2618 4210 ei
2643 4156 2801 4212 debet
2830 4158 3115 4227 imputari,
3142 4154 3269 4228 quia
3300 4159 3439 4215 male
3468 4176 3534 4215 eo

1934 4245 2134 4300 abusus
2159 4254 2272 4313 est;
2331 4247 2423 4303 sed
2476 4247 2549 4302 illi
2595 4248 2692 4318 qui
2735 4250 2897 4305 etiam
2934 4265 3092 4306 servo
3138 4250 3281 4306 malo
3329 4260 3533 4307 natura:

1931 4328 2132 4390 bonum
2160 4338 2365 4393 tribuit.
2393 4337 2607 4410 (Beda.)
2634 4339 2764 4393 item
2791 4341 2881 4408 qui
2906 4355 3147 4396 amorem
3173 4342 3337 4397 habet
3358 4344 3530 4409 verbi,

1934 4428 2151 4483 dabitur
2177 4429 2251 4483 illi
2296 4431 2461 4484 etiam
2508 4447 2701 4486 sensus
2725 4430 3059 4503 intelligendi
3084 4432 3227 4502 quod
3260 4442 3427 4488 amat.
3462 4434 3532 4490 At

1934 4521 2023 4590 qui
2056 4522 2204 4576 verbi
2232 4522 2400 4576 divini
2438 4538 2680 4579 amorem
2721 4539 2833 4579 non
2874 4525 3037 4579 habet
3065 4524 3337 4591 audiendi,
3366 4527 3531 4581 etiam

1935 4614 1981 4668 si
2011 4614 2096 4668 vel
2128 4614 2359 4668 naturali
2390 4614 2607 4686 ingenio
2635 4614 2719 4669 vel
2749 4615 3054 4671 litterarum
3090 4615 3192 4671 sibi
3221 4616 3417 4672 callere
3448 4620 3529 4673 vi-

1935 4708 2093 4761 detur
2117 4717 2391 4773 ornatum,
2430 4707 2573 4762 nulla
2601 4724 2743 4765 vera:
2772 4709 3051 4779 sapientia:
3084 4709 3365 4766 dulcedine
3395 4728 3528 4782 gau-

1932 4798 2099 4854 debit.
2134 4799 2197 4872 (G
2208 4800 2337 4873 reg.)
2388 4799 2512 4856 Sive
2540 4801 2698 4857 aliter
2729 4821 2741 4855 :
2777 4801 2935 4858 Omni
2975 4804 3185 4858 habenti
3216 4805 3448 4869 dubitur,
3481 4814 3529 4860 et

1932 4891 2221 4946 abundabit
2271 4911 2289 4950 :
2337 4894 2464 4964 quia
2511 4894 2760 4966 quisquis
2808 4895 3126 4950 charitatcm
3181 4912 3284 4950 non
3332 4895 3524 4960 habet,

1930 4984 2098 5037 etiam
2143 5001 2263 5055 quae
2305 4986 2615 5057 percepisse
2659 4988 2947 5043 videbatur
2978 4988 3196 5043 amittit.
3241 4984 3393 5044 Unde
3435 5004 3528 5061 ne-

1932 5094 2085 5135 cesse
2122 5089 2205 5135 est
2243 5089 2303 5135 ut
2341 5096 2440 5152 per
2464 5097 2624 5138 omne
2652 5082 2794 5151 quod
2830 5084 3058 5154 agimus,
3087 5096 3217 5153 erga
3244 5083 3526 5137 charitatis

1934 5174 2114 5230 studia
2139 5175 2439 5246 vigilemus.
2467 5175 2718 5232 Charitas
2739 5186 2917 5231 autem
2943 5191 3070 5231 vera
3099 5185 3183 5230 est
3210 5183 3265 5230 et
3290 5174 3524 5229 amicum

1933 5268 2155 5340 diligere
2187 5270 2239 5324 in
2280 5270 2422 5337 Deo,
2450 5279 2505 5326 et
2534 5271 2814 5326 inimicum
2839 5270 3062 5340 diligere
3086 5280 3307 5341 propter
3333 5270 3522 5335 Deum,

1932 5376 2094 5430 quam
2124 5361 2371 5432 quisquis
2411 5379 2517 5418 non
2555 5362 2719 5418 habet
2744 5378 2902 5418 omne
2930 5363 3129 5419 bonum
3161 5363 3357 5417 amittit
3380 5363 3525 5434 quod

1932 5453 2125 5517 habet,
2162 5463 2217 5510 et
2263 5454 2461 5509 talento
2498 5456 2642 5526 quod
2685 5462 2968 5527 acceperat
3008 5455 3253 5526 privatur
3277 5464 3333 5510 et
3364 5453 3523 5523 juxta

1929 5543 2267 5601 Domin'icam
2307 5546 2665 5614 sententiam,
2704 5546 2761 5602 in
2789 5546 3086 5602 exteriores
3114 5547 3365 5604 tenebras
3392 5545 3521 5600 mit-

1929 5636 2081 5691 titur.

2002 5730 2070 5784 Et
2096 5731 2336 5785 inutilem
2361 5747 2563 5787 servum
2585 5731 2825 5804 projicite
2849 5732 2906 5787 in
2947 5732 3186 5788 tenebras
3216 5728 3518 5785 exteriores.

1931 5819 2013 5874 Ibi
2040 5822 2135 5875 erit
2183 5823 2338 5893 ﬂetus
2366 5832 2414 5876 et
2455 5822 2650 5877 stridor
2673 5823 2929 5877 dentium.
2957 5819 3227 5894 (Hieron.)
3261 5819 3522 5874 Dominus

1930 5908 2108 5969 lumen
2156 5916 2261 5979 est,
2310 5922 2364 5969 et
2384 5913 2475 5984 qui
2502 5915 2569 5969 ab
2598 5930 2663 5971 eo
2704 5912 2851 5972 foras
2875 5913 3130 5982 mittitur,
3158 5926 3289 5969 vero
3315 5910 3520 5969 lumine
