3898 6442
406 397 553 465 Ιθθῆ

1046 391 1109 448 Β.
1144 388 1401 447 RABANI
1433 385 1656 444 MAURI
1691 381 2010 441 ARCHIEP.
2032 374 2360 465 IMOGUNT.
2398 370 2688 432 OPERUM
2718 367 2900 427 PARS
2931 366 2975 424 ι.

3546 360 3692 420 ιωε

403 522 577 577 caret.
599 508 805 585 (Greg.)
840 507 947 566 Per
983 519 1202 578 poenam
1241 505 1438 577 quippe
1468 503 1525 559 in
1566 500 1866 558 exteriores
1900 514 1991 555 ca-
2095 491 2366 551 sententia
2390 488 2515 546 Filii
2542 486 2782 585 hominis
2804 484 3072 585 adversus
3115 477 3559 585 1.131111%-qu
3588 478 3694 537 Do-

402 607 516 673 det,
549 567 643 675 qlii
685 567 1021 674 per'culpam
1067 613 1165 654 sua
1210 567 1403 668 sponte
1429 595 1485 651 in
1525 593 1811 650 interiores
1849 600 1993 647 tene-
2056 567 2063 587 ί
2091 585 2300 641 minum
2325 588 2570 636 nostrum
2597 574 2781 631 Jesum
2800 572 3099 637 Christum,
3121 570 3177 675 in
3200 577 3489 675 assumpta
3518 567 3696 675 forma

404 702 535 756 bras
571 696 784 755 cecidit.
826 694 939 750 Illic
961 701 1185 750 coactus
1212 692 1420 764 patitur
1444 689 1698 745 tenebras
1746 686 1991 750 ultionis,

2092 677 2237 735 servi
2283 680 2484 746 negant
2513 683 2756 735 manere,
2784 681 2884 738 pro
2916 680 2981 721 eo
3023 664 3169 736 quod
3218 664 3295 719 ait
3348 662 3694 735 Apostolus:

404 754 498 862 qui
518 754 617 847 hic
642 789 872 845 libenter
895 784 1155 843 sustinuit
1191 754 1448 840 tenebras
1498 779 1808 851 voluptatis.
1853 775 1994 845 Quid
2093 766 2213 822 Etsi
2239 780 2552 822 noveramus
2575 760 2842 862 Chriilum
2864 757 3419 862 ξεοιιηίξξξηι-εατηιξπι
3442 754 3541 809 κά
3563 771 3700 809 ηπ

404 884 481 941 sit
500 890 680 939 autem
706 879 887 945 ﬂetus,
939 886 996 933 et
1022 877 1224 935 stridor
1247 875 1513 939 dentium,
1543 885 1706 941 supra
1737 869 1991 925 diximus.

405 975 702 1034 Sciendum
728 987 860 1029 vero
897 978 983 1027 est
1006 970 1155 1041 quod
1193 967 1371 1023 nullus
1398 965 1554 1036 piger
1581 962 1649 1017 ab
1674 961 1778 1016 hac
1806 958 1995 1015 talenti

406 1067 720 1139 acceptione
763 1078 985 1121 securus
1014 1070 1117 1118 est.
1150 1059 1340 1115 Nullus
1367 1069 1603 1126 namque
1623 1062 1707 1109 est
1724 1053 1815 1122 qui
1842 1064 1998 1105 vera-

403 1161 543 1219 citer
570 1159 717 1216 dicat
746 1175 760 1213 :
788 1156 1074 1212 Talentum
1100 1152 1327 1208 minime
1353 1147 1560 1219 accepi,
1589 1161 1698 1201 non
1732 1151 1816 1200 est
1856 1142 1997 1197 unde

404 1264 611 1322 ponere
634 1248 874 1303 rationes
900 1260 1084 1316 cogar.
1113 1241 1324 1298 Talenti
1357 1240 1503 1295 enim
1534 1237 1753 1292 nomine
1774 1232 2000 1304 quilibet

405 1340 630 1413 pauperi
652 1340 815 1395 etiam
840 1338 946 1392 hoc
970 1338 1147 1407 ipsum
1180 1330 1541 1403 reputabitur,
1567 1327 1651 1383 vel
1669 1326 1811 1397 quod
1840 1324 2000 1379 mini-

408 1445 559 1485 mum
591 1427 807 1498 accipit.
852 1423 1007 1480 Alius
1058 1436 1292 1491 namque
1322 1418 1530 1490 accepit
1567 1414 1997 1486 intelligentiam,

408 1517 811 1593 praedicationis
856 1514 1223 1572 ministerium
1265 1511 1425 1567 debet
1464 1524 1533 1564 ex
1583 1508 1819 1574 talento;
1864 1507 2002 1562 alius

409 1621 686 1668 terrenam
723 1606 933 1678 accepit
988 1603 1364 1668 substantiam,
1399 1600 1766 1671 erogationem
1815 1596 2001 1653 talenti

411 1702 573 1757 debet
593 1716 659 1756 ex
682 1699 873 1765 rebus;
904 1696 1041 1752 alius
1084 1711 1184 1751 nec
1207 1695 1545 1750 internorum
1570 1689 2000 1762 intelligentiam,

406 1809 514 1849 nec
551 1807 737 1849 rerum
784 1788 1112 1845 alﬂuentiam
1164 1786 1382 1857 accipit,
1433 1784 1528 1841 sed
1578 1790 1760 1838 tamen
1814 1782 2003 1838 didicit

2085 860 2204 933 jam
2249 877 2354 915 non
2392 858 2648 914 novimus.
2694 854 2762 909 Et
2806 854 2899 909 ubi
2928 860 3013 908 est
3040 850 3190 918 illud,
3217 850 3368 921 quod
3396 864 3468 906 eo
3504 864 3702 905 asca-

2095 953 2255 1009 dente
2304 950 2562 1022 apostolis
2608 946 2891 1019 protestati
2928 952 3053 1001 sunt
3099 943 3280 1015 angeli
3330 961 3345 998 :
3390 943 3490 998 Sic
3541 944 3702 997 ueniet

2096 1042 2532 1117 quemadmodum
2558 1038 2759 1095 vidistis
2788 1054 2907 1093 eum
2931 1046 3136 1092 euntem
3160 1037 3218 1091 in
3239 1034 3434 1090 calum
3473 1035 3619 1107 (Act.
3642 1036 3702 1105 ι).

2098 1135 2164 1190 Et
2179 1136 2298 1206 ipse
2321 1135 2386 1189 de
2415 1149 2475 1189 se
2513 1134 2615 1189 hoc
2642 1132 2698 1187 in
2724 1131 2844 1187 loco
2880 1130 2995 1185 ait:
3031 1127 3163 1184 Cum
3184 1128 3376 1184 venerit
3407 1126 3594 1181 Filius
3618 1128 3706 1180 Ito-

2098 1228 2252 1282 minis
2297 1227 2351 1280 in
2386 1225 2660 1296 majestate
2688 1240 2805 1279 sua.
2843 1222 2988 1278 Idem
3031 1222 3175 1277 enim
3223 1221 3401 1275 Filius
3437 1219 3545 1274 Dei
3570 1218 3707 1273 ﬁlius

2099 1318 2350 1383 hominis,
2381 1328 2436 1374 et
2478 1317 2621 1372 ﬁlius
2671 1314 2908 1371 hominis
2945 1314 3116 1369 Filius
3163 1313 3282 1379 Dei,
3317 1312 3475 1367 aliud
3511 1326 3704 1367 secun-

2101 1413 2230 1468 dum
2253 1411 2664 1476 humanitatem,
2692 1409 2837 1465 aliud
2859 1408 3158 1463 secundum
3183 1406 3573 1469 divinitatem,
3607 1420 3707 1459 mn

2102 1513 2285 1561 tamen
2313 1503 2470 1570 alius,
2521 1502 2615 1559 sed
2658 1517 2799 1557 unus
2826 1501 3077 1571 idemque
3121 1500 3176 1554 in
3225 1507 3476 1568 utraque
3517 1507 3707 1552 natura

2100 1614 2288 1665 verus,
2313 1605 2367 1653 et
2386 1596 2638 1668 proprius
2667 1594 2838 1651 Filius
2859 1594 2975 1650 Dei.
3002 1592 3157 1650 Unus
3177 1592 3405 1648 omnino
3434 1607 3561 1646 non
3587 1605 3709 1647 cne-

2104 1689 2315 1745 i‘usione
2362 1687 2695 1753 substantiae,
2742 1685 2839 1742 sed
2872 1685 3084 1741 unitate
3121 1698 3393 1755 personae,
3436 1698 3555 1738 nec
3582 1697 3708 1737 eon-

2103 1782 2354 1837 versione
2396 1779 2698 1835 divinitatis
2743 1779 2799 1833 in
2829 1791 3017 1842 carne,
3060 1776 3157 1831 sed
3183 1773 3580 1844 assumptione
3616 1774 3710 1827 hn-

412 1893 587 1941 artem
622 1899 728 1955 qua
757 1884 1015 1955 pascitur,
1050 1882 1165 1953 ipsa
1194 1896 1283 1935 ars
1308 1880 1358 1934 ei
1389 1878 1444 1933 in
1477 1878 1663 1935 talenti
1687 1878 2002 1948 acceptione
2028 1878 2077 1939 B
2104 1874 2380 1931 manitatis
2430 1876 2487 1929 in
2523 1874 2655 1929 Deo.
2706 1870 3044 1943 Majestatem
3093 1867 3211 1940 ejus
3270 1869 3427 1923 haud
3490 1868 3711 1922 dubium

412 1977 788 2048 reputabitur;
813 1974 950 2031 alius
974 1972 1107 2028 nihil
1129 1972 1324 2026 horum
1350 1969 1633 2026 assecutus
1656 1977 1760 2034 est,
1797 1968 1889 2022 sed
1919 1976 2003 2021 ta-

413 2087 539 2127 men
581 2069 812 2125 fortasse
848 2066 1235 2122 familiaritatis
1262 2064 1440 2121 locum
1470 2062 1610 2135 apud
1633 2061 1858 2117 divitem
1885 2076 2004 2116 me-

414 2163 542 2227 ruit,
579 2162 835 2217 talentum
855 2158 1101 2232 profecto
1127 2157 1512 2213 familiaritatis
1534 2156 1775 2217 accepit;
1809 2156 1854 2211 si
1876 2169 2007 2229 ergo

412 2253 549 2310 nihil
576 2253 628 2309 ei
648 2268 749 2322 pro
777 2251 1146 2323 indigentibus
1165 2250 1435 2321 loquitur,
1473 2264 1573 2319 pro
1606 2247 1796 2304 talenti
1823 2255 2005 2303 reten-

413 2348 561 2403 tione
616 2345 981 2402 damnabitur.
1024 2342 1240 2399 Habens
1281 2358 1410 2414 ergo
1460 2341 1815 2408 intellectum,
1853 2348 2009 2396 curet

414 2437 635 2493 omnino
656 2452 725 2491 ne
756 2443 970 2501 taceat;
1000 2435 1209 2489 habens
1233 2448 1416 2488 rerum
1443 2431 1792 2497 allluentiam,
1824 2430 2009 2501 vigilet

415 2541 485 2581 ne
520 2542 552 2580 a
577 2524 962 2581 misericordia:
986 2522 1237 2594 largitate
1266 2530 1572 2592 torpescat;
1604 2520 1811 2575 habens
1833 2528 2007 2576 artem

417 2631 525 2687 qua
550 2614 777 2685 regitur,
814 2628 1143 2685 magnopere
1165 2614 1397 2678 studeat,
1424 2621 1485 2668 ut
1514 2629 1669 2669 usum
1702 2620 1864 2683 atque
1900 2613 2008 2669 uti-

416 2707 629 2763 litatem
661 2707 804 2763 illius
856 2723 978 2764 cum
1018 2707 1268 2778 proximo
1324 2708 1626 2778 partiatur;
1675 2708 1881 2764 habens
1932 2707 2011 2763 lo-

418 2796 618 2868 quendi
650 2796 828 2851 locum
874 2797 1018 2868 apud
1066 2797 1307 2865 divitem,
1341 2798 1739 2854 damnationem
1780 2812 1880 2868 pro
1918 2813 2007 2854 re-

418 2895 569 2945 tento
592 2888 794 2944 talento
821 2888 1027 2954 timeat,
1056 2889 1101 2945 si
1132 2905 1239 2945 non
1268 2890 1508 2959 quotidie
1529 2905 1652 2946 cum
1674 2889 1835 2955 valet,
1868 2889 2011 2959 apud

417 2997 544 3037 eum
576 2996 677 3051 pro
713 2981 1045 3052 pauperibus
1091 2981 1411 3038 intercedat.
1454 2981 1689 3038 Tantum
1723 2982 1920 3053 quippe
1943 2981 2010 3036 ab

418 3088 747 3143 unoquoque
768 3082 1016 3128 nostrum
1038 3082 1301 3130 venturus
1320 3073 1493 3130 Judex
1518 3075 1718 3147 exiget,
1748 3084 2010 3146 quantum

419 3161 585 3217 dedit.
618 3161 689 3218 Ut
710 3177 837 3235 ergo
866 3163 931 3218 de
961 3162 1149 3219 talenti
1178 3165 1262 3219 sui
1289 3165 1591 3222 rationibus
1617 3166 1877 3222 redeunte
1905 3167 2012 3222 Do-

2104 1966 2234 2039 quin
2263 1965 2601 2021 divinitatem
2641 1962 2760 2034 ejus
2796 1960 3098 2032 intelligere
3125 1959 3419 2025 debemus,
3473 1975 3606 2030 qua
3638 1960 3715 2014 in-

2104 2060 2388 2117 visibiliter
2437 2074 2560 2114 cum
2590 2057 2753 2113 Patre
2782 2064 2839 2110 et
2882 2054 3089 2124 Spiritu
3136 2061 3352 2117 sancto,
3388 2062 3716 2122 piscatores

2100 2151 2368 2224 iudicabit
2390 2158 2447 2205 et
2492 2149 2703 2221 impios.
2737 2145 2852 2202 Non
2899 2155 3079 2200 tamen
3107 2145 3175 2200 ab
3205 2144 3397 2215 impiis
3423 2153 3485 2199 et
3522 2159 3713 2215 pecea-

2108 2245 2316 2301 toribus
2361 2258 2597 2314 unquam
2625 2241 2742 2296 visa
2783 2246 2887 2304 est,
2918 2251 3096 2309 neque
3134 2252 3383 2307 unquam
3416 2236 3715 2290 videbitur.

2109 2341 2335 2417 (Μλυιι.)
2369 2340 2504 2397 Cum
2531 2338 2761 2405 venerit,
2790 2336 2987 2406 inquit,
3026 2333 3197 2389 Filius
3242 2332 3498 2387 hominis
3522 2332 3582 2387 in
3609 2347 3716 2386 ms-

2099 2434 2299 2505 jestate
2326 2448 2457 2501 sua;
2489 2431 2631 2487 idem
2654 2443 2869 2499 quoque
2900 2426 3069 2481 Filius
3098 2424 3195 2480 Dei
3236 2425 3333 2493 qui
3363 2433 3425 2477 et
3447 2422 3609 2478 ﬁlius
3632 2423 3717 2477 ho-

2108 2526 2270 2582 minis
2315 2532 2446 2579 tunc
2473 2522 2653 2577 veniet
2700 2520 2757 2575 in
2801 2519 3086 2591 majestate
3122 2531 3220 2572 sua
3263 2525 3324 2570 ut
3353 2514 3610 2583 judicet,
3637 2514 3717 2585 qui

2110 2624 2237 2670 ante
2269 2612 2417 2668 ven‘it
2469 2611 2523 2665 in
2554 2609 2860 2666 humilitate
2890 2623 2987 2664 sua
3039 2614 3099 2661 ut
3137 2606 3516 2689 judicaretur.
3578 2605 3717 2659 Tunc

2108 2705 2293 2762 veniet
2320 2702 2597 2759 districtus
2637 2709 2693 2755 et
2736 2714 2977 2764 severus,
3032 2697 3124 2768 qui
3151 2705 3280 2751 ante
3313 2696 3475 2751 venit
3507 2696 3714 2766 quietus

2111 2810 2177 2850 ac
2203 2804 2537 2850 mansuetus.
2577 2791 2730 2846 Tunc
2752 2790 2931 2845 veniet
2960 2803 3057 2843 rex
3083 2796 3143 2842 ut
3180 2788 3375 2857 exigat
3400 2788 3713 2857 pecuniam,

2111 2903 2235 2943 cum
2258 2901 2448 2951 usura,
2484 2900 2647 2955 quam
2676 2894 2804 2939 ante
2830 2883 3333 2952 servisspontanee
3360 2880 3611 2937 contulit
3634 2896 3719 2951 per

2111 2977 2361 3051 gratiam.
2398 2975 2490 3031 ille
2535 2975 2722 3046 utique
2746 2975 2813 3029 de
2841 2988 2949 3043 quo
2971 2972 3234 3043 scripturn
3262 2982 3352 3027 est
3402 2990 3418 3025 :
3472 2971 3552 3026 Et
3574 2973 3719 3025 bona

2112 3081 2209 3138 est,
2236 3081 2283 3126 et
2307 3072 2424 3142 quis
2453 3078 2720 3141 cognoscet
2741 3068 2902 3123 eum?
2945 3065 3069 3121 Non
3105 3065 3360 3120 clamabit
3397 3082 3577 3137 neque
3629 3083 3717 3118 es—

2112 3164 2218 3219 diet
2260 3162 2449 3234 aliquis
2493 3178 2665 3217 vocem
2700 3160 2835 3231 ejus.
2885 3159 3213 3213 Arundinem
3258 3169 3588 3229 quassatam
3630 3174 3719 3211 us

417 3252 568 3308 mino
600 3254 833 3326 quisque
857 3269 1081 3310 securus
1105 3256 1195 3323 sit,
1227 3272 1350 3312 cum
1397 3267 1633 3314 tremore
1659 3268 1850 3328 penset
1875 3272 2009 3329 quo-
2036 3243 2082 3308 C
2114 3262 2363 3321 conteret,
2385 3262 2432 3309 et
2459 3252 2623 3308 linum
2649 3252 2914 3323 [umigans
2943 3267 3045 3305 non
3067 3250 3365 3320 exstinguat
3392 3249 3543 3322 (Isa.
3576 3251 3717 3320 mn).

420 3344 550 3400 tidie
577 3345 706 3414 quid
728 3347 958 3416 accepit.
984 3347 1126 3404 Ecce
1145 3350 1259 3420 jam
1276 3348 1433 3419 juxta
1463 3360 1570 3419 est,
1594 3359 1655 3406 ut
1682 3352 1769 3408 ille
1794 3352 1886 3423 qui
1912 3367 2009 3423 pe-

419 3448 576 3505 regre
626 3434 903 3504 profectus
950 3447 1033 3493 est
1076 3440 1305 3495 redeat:
1338 3442 1495 3513 quasi
1544 3458 1771 3514 peregre
1815 3444 2013 3515 quippe

421 3524 577 3590 abiit,
601 3526 694 3595 qui
714 3526 781 3582 de
810 3527 914 3583 hac
934 3536 1078 3584 terra
1108 3530 1163 3584 in
1191 3546 1295 3602 qua
1322 3542 1481 3588 natus
1502 3543 1586 3589 est
1607 3534 1878 3601 discessit,
1917 3535 2015 3591 sed

420 3611 667 3684 profecto
714 3617 1026 3684 revertitur,
1063 3628 1123 3674 ut
1162 3621 1229 3676 de
1259 3622 1477 3679 talentis
1526 3624 1767 3681 rationes
1802 3634 2010 3697 ponat:

420 3705 550 3775 quia
584 3706 631 3761 si
687 3721 718 3762 a
745 3706 887 3764 bona
925 3710 1137 3767 actione
1176 3721 1548 3784 torpescemus
1572 3717 1639 3772 de
1689 3718 1821 3788 ipsis
1856 3718 2013 3775 donis

419 3813 542 3869 qua:
585 3801 836 3869 contulit,
873 3818 974 3860 nos
1011 3806 1290 3863 districtus
1322 3809 1549 3879 judicat.
1597 3810 2015 3869 Consideremns

419 3906 548 3963 ergo
574 3909 695 3963 qua:
730 3896 1041 3965 accepimus
1083 3907 1245 3969 atque
1279 3901 1335 3956 in
1366 3917 1553 3958 eorum
1590 3905 1905 3976 erogatione
1929 3906 2014 3961 vi-

418 3986 667 4058 gilemus.
721 3989 878 4046 Nulla
932 4008 1032 4049 nos
1068 4009 1100 4048 a
1154 3995 1386 4065 spiritali
1434 4012 1598 4069 opere
1630 4008 1845 4055 terrena
1882 4016 2017 4056 cura

421 4078 703 4150 impediat,
747 4098 816 4137 ne
851 4083 898 4138 si
944 4085 1000 4139 in
1033 4094 1180 4141 terra
1212 4088 1474 4144 talentum
1513 4091 1885 4159 absconditur,
1936 4101 2017 4149 ta-

2114 3351 2184 3405 Et
2211 3351 2346 3405 sicut
2385 3364 2553 3419 agnus
2583 3363 2762 3402 coram
2797 3346 3040 3400 tondente
3068 3362 3122 3399 se
3165 3345 3280 3400 sine
3313 3361 3472 3410 voce,
3496 3345 3578 3398 sic
3626 3359 3718 3397 nos

2116 3442 2321 3514 aperuit
2364 3458 2422 3495 os
2455 3455 2605 3494 suum
2641 3436 2777 3510 (Isa.
2822 3437 2962 3509 Lill).
2994 3437 3115 3507 Ipse
3142 3445 3277 3492 tunc
3302 3436 3499 3491 veniet
3542 3454 3556 3489 :
3588 3434 3722 3489 Das

2114 3532 2449 3602 manifestus,
2478 3530 2619 3584 Deus
2658 3536 2853 3593 noster,
2882 3537 2928 3582 et
2955 3544 3057 3582 non
3086 3526 3277 3582 silebit.
3326 3526 3490 3597 Ignis
3520 3528 3579 3581 in
3604 3543 3719 3580 mn-

2116 3634 2293 3696 spectu
2319 3624 2434 3694 ejus
2460 3621 2685 3687 ardebit,
2728 3629 2776 3675 et
2807 3621 2862 3673 in
2887 3619 3110 3673 circuitu
3130 3618 3245 3689 ejus
3276 3628 3578 3688 tempestas
3610 3618 3721 3671 edi»

2118 3718 2207 3772 da.
2236 3715 2521 3770 Advocabit
2548 3712 2733 3769 caelum
2776 3729 3005 3777 sursum,
3032 3721 3078 3765 et
3106 3720 3325 3776 terram,
3349 3720 3419 3764 ut
3465 3709 3720 3764 discernet

2117 3810 2367 3884 populum
2396 3826 2571 3864 suum.
2601 3807 2809 3863 Montes
2830 3808 2966 3862 sicut
2986 3823 3106 3861 cera
3131 3806 3365 3876 deﬂuent
3400 3822 3437 3858 a
3466 3805 3612 3871 facie
3630 3802 3721 3856 Do-

2118 3904 2270 3970 mini,
2302 3920 2334 3957 a
2356 3901 2492 3972 facie
2524 3900 2738 3955 Domini
2776 3898 3131 3954 contremiscet
3173 3896 3346 3950 omnis
3380 3904 3539 3950 terra
3562 3893 3721 3966 (Pal.

2118 3995 2289 4067 xux).
2346 3992 2537 4049 Omnes
2582 3993 2778 4064 inquit,
2836 3989 3008 4062 angeli
3037 3989 3239 4045 venient
3295 4005 3427 4043 cum
3470 4006 3559 4043 eo.
3600 3986 3721 4054 Quia

2121 4085 3721 4157 tuncsiquodn.............

420 4166 553 4222 lenti
585 4170 843 4225 Dominus
884 4172 950 4226 ad
987 4173 1322 4230 iracundiam
1349 4189 1693 4246 provocetur.
1723 4181 1886 4253 Piger
1938 4191 2020 4238 et-
2124 4216 2140 4230 .
2217 4216 2232 4231 .
2321 4216 2336 4233 .
2414 4216 2430 4231 .
2517 4214 2533 4231 .
2609 4215 2626 4230 .
2705 4215 2722 4230 .
2799 4215 2814 4230 .
2905 4214 2919 4229 .
2999 4212 3015 4228 .
3103 4212 3119 4226 .
3198 4212 3214 4228 .
3312 4211 3327 4226 .
3414 4213 3434 4227 .
3528 4211 3547 4225 .
3626 4211 3643 4225 .
3707 4210 3721 4222 .

420 4258 567 4313 enim
599 4275 790 4317 servus
818 4277 941 4317 cum
966 4262 1079 4332 jam
1114 4264 1286 4322 Judex
1322 4268 1507 4340 culpas
1543 4272 1821 4327 examinat
1844 4274 2019 4331 talen-

422 4357 536 4405 tum
566 4351 633 4407 de
665 4363 808 4409 terra
837 4354 1001 4411 levat.
1040 4356 1178 4425 Quia
1204 4369 1329 4415 sunt
1349 4361 1596 4434 plerique
1624 4365 1717 4434 qui
1745 4372 1872 4421 tunc
1893 4382 1951 4422 se
1984 4382 2018 4422 a

421 4443 657 4499 terrenis
695 4446 948 4515 operibus
991 4447 1332 4516 subtrahunt,
1375 4454 1595 4522 quando
1616 4454 1730 4522 jam
1763 4470 1859 4526 per
1900 4457 2020 4512 ani-

420 4535 851 4592 madversionem
893 4536 1101 4595 Iudicis
1143 4542 1212 4596 ad
1238 4553 1502 4598 aeternum
1534 4546 1857 4616 supplicium
1904 4559 2019 4604 tra-

420 4626 643 4683 huntur.
673 4629 814 4686 Ante
845 4646 977 4702 ergo
1015 4632 1082 4689 de
1109 4633 1295 4689 talenti
1322 4639 1494 4693 nostri
1528 4641 1777 4709 ponenda
1803 4643 2017 4699 ratione

418 4718 728 4789 vigilemus,
751 4729 809 4776 ut
835 4738 957 4777 cum
974 4721 1087 4791 jam
1116 4722 1285 4781 Iudex
1320 4727 1390 4781 ad
1416 4726 1716 4785 feriendum
1748 4718 2009 4800 imminet,

421 4808 633 4866 lucrum
679 4828 779 4868 nos
825 4816 970 4885 quod
1005 4815 1233 4874 fecimus
1279 4830 1520 4877 excuset.
1553 4822 1685 4879 Post
1729 4828 2015 4896 parabolas

421 4911 603 4958 autem
646 4905 885 4974 prolatas
933 4907 1001 4963 de
1048 4908 1156 4965 line
1202 4913 1409 4979 mundi,
1446 4915 1691 4984 sequitur
1754 4916 2015 4975 Dominus

421 4997 643 5053 modum
674 4997 841 5054 futuri
888 4999 1079 5069 judicii
1115 5006 1438 5075 exponendo
1469 5016 1527 5062 et
1553 5008 1683 5063 dicit
1713 5028 1726 5063 :
1821 5035 1824 5038 θ

493 5090 625 5166 [ΙΙΙ.]
648 5091 781 5148 Cum
801 5104 975 5150 autem
998 5099 1190 5152 venerit
1214 5096 1390 5154 Filius
1414 5101 1638 5157 hominis
1666 5103 1719 5156 in
1741 5103 2018 5175 majestate

421 5202 543 5253 sua,
567 5196 616 5241 et
640 5204 815 5242 omnes
839 5189 1010 5260 angeli
1035 5207 1155 5245 cum
1175 5208 1255 5257 eo,
1280 5201 1404 5247 tunc
1440 5194 1636 5249 sedebit
1661 5213 1818 5267 super
1841 5198 2016 5253 sedem

421 5278 710 5347 maiestatis
753 5298 884 5337 sure.
942 5281 1216 5355 (Hierom)
1240 5285 1381 5356 Ergo
1411 5287 1658 5357 proxime
1700 5288 1912 5346 Pascha
1936 5289 2013 5346 fa‘

420 5378 629 5437 cturus,
660 5381 717 5426 et
757 5373 1051 5429 tradendus
1081 5379 1251 5442 cruci,
1273 5385 1329 5432 et
1350 5376 1654 5434 illudendus
1672 5380 1741 5435 ab
1777 5381 2014 5436 homini-

419 5463 541 5531 bus,
556 5472 613 5519 et
627 5474 783 5522 aceto
796 5482 862 5522 ac
879 5465 1001 5523 felle
1014 5468 1303 5539 potandus,
1322 5478 1469 5526 recte
1488 5471 1769 5541 praemittit
1788 5473 2017 5543 gloriam

420 5557 826 5629 triumphantis,
849 5568 905 5615 et
922 5568 1173 5616 secutura
1195 5562 1450 5618 scandala
1464 5563 1869 5633 pollicitationis
1881 5578 2021 5635 prte-

2120 4407 2236 4445 mor
2257 4406 2275 4455 ;
2296 4388 2413 4460 quis
2436 4384 2855 4452 scandalizatur,
2886 4394 2934 4439 et
2962 4401 3054 4454 ego
3078 4399 3183 4438 non
3205 4398 3357 4449 uror,
3389 4383 3489 4439 hic
3508 4386 3726 4439 omnino

2121 4499 2264 4539 verte
2292 4481 2598 4537 dilectionis
2649 4479 2905 4535 observat
2930 4477 3077 4548 jura,
3122 4486 3178 4533 et
3227 4478 3292 4534 τι)
3329 4479 3445 4534 hoc
3488 4480 3725 4534 caelestia

2042 4583 2464 4675 I)promeretur
2508 4574 2752 4646 praemia.
2787 4571 2899 4629 Hoc
2949 4572 3093 4626 enim
3145 4571 3387 4626 maxime
3435 4573 3726 4627 ostendunt

2122 4670 2240 4724 haec
2289 4666 2457 4722 verba
2488 4664 2726 4732 Domini,
2769 4663 2913 4734 quod
2965 4662 3197 4734 geminae
3225 4661 3545 4718 dilectionis
3597 4679 3727 4733 pne-

2121 4767 2279 4829 cepta
2308 4764 2611 4823 servantes,
2642 4755 2712 4811 ad
2747 4769 3007 4811 coronam
3057 4752 3381 4824 perveniant
3433 4755 3722 4824 sempitero

2110 4864 2269 4906 nam.

2193 5001 2338 5057 Tunc
2361 5001 2742 5072 respondebunt
2762 5000 2810 5054 ei
2820 5001 2956 5071 justi
2977 5000 3203 5056 dicentes
3231 5016 3251 5055 :
3275 4998 3524 5064 Domine,
3554 5017 3721 5071 quan-

2118 5094 2186 5149 do
2225 5104 2273 5149 te
2311 5094 2537 5148 vidimus
2577 5094 2908 5159 esurientem,
2957 5103 3007 5147 et
3054 5094 3327 5164 ponimus;
3358 5094 3650 5157 sitientem,
3676 5102 3719 5146 et

2117 5191 2358 5245 dedimus
2384 5189 2477 5243 tibi
2500 5200 2717 5261 potum;
2746 5188 2959 5259 quando
3000 5198 3176 5242 autem
3205 5197 3254 5242 te
3283 5188 3514 5242 vidimus
3536 5188 3721 5256 hospi-

2121 5294 2243 5351 tem,
2284 5294 2332 5339 et
2360 5283 2659 5356 collegimus
2699 5291 2779 5349 te;
2820 5292 2912 5337 aut
2961 5282 3182 5347 nudum,
3214 5291 3264 5337 et
3301 5282 3611 5353 aperuimus
3636 5292 3722 5345 te;

2123 5385 2215 5431 aut
2236 5375 2449 5449 quando
2472 5385 2520 5430 te
2540 5375 2764 5431 vidimus
2783 5374 3074 5443 inﬁrmum,
3103 5382 3196 5428 aut
3219 5374 3276 5428 in
3303 5389 3535 5437 carcere,
3557 5384 3613 5426 et
3645 5387 3725 5427 re.

2126 5469 2297 5523 nimus
2322 5468 2392 5521 ad
2412 5468 2503 5522 te?
2530 5465 2658 5522 Hzec
2680 5474 2859 5521 autem
2881 5465 3068 5520 dicunt
3090 5463 3254 5519 verba
3275 5462 3420 5534 quod
3446 5478 3556 5519 non
3581 5461 3722 5517 diﬁ-

2127 5561 2260 5615 dant
2282 5560 2462 5615 verbis
2487 5559 2719 5625 Domini,
2746 5560 2841 5614 sed
2869 5558 2982 5614 sive
3006 5565 3285 5627 stupentes
3305 5564 3362 5612 et
3380 5557 3722 5612 admirantes

420 5648 530 5704 tnio
557 5659 952 5722 compensaret.
979 5651 1047 5707 Et
1081 5652 1376 5708 notandum
1391 5654 1534 5723 quod
1549 5654 1642 5725 qui
1662 5654 1715 5709 in
1743 5652 2028 5723 majestate
2125 5668 2225 5725 pro
2255 5652 2626 5724 magnitudine
2657 5659 2712 5706 et
2741 5651 2912 5724 gloria
2956 5651 3261 5721 majestatis
3303 5650 3450 5722 rey's
3488 5647 3718 5712 Christi,

423 5742 726 5799 cernendus
750 5749 855 5808 est,
893 5740 1064 5798 Filius
1094 5743 1330 5801 hominis
1376 5743 1466 5799 sit.
1499 5742 1729 5815 (Hilam)
1779 5742 2025 5802 Notanda

2126 5745 2238 5801 sive
2272 5743 2418 5814 quod
2464 5760 2689 5815 parvum
2744 5752 2873 5799 tunc
2924 5742 3005 5797 eis
3039 5742 3255 5800 videtur
3299 5756 3462 5798 omne
3511 5741 3719 5798 bonum

497 5865 521 5895 ι
552 5851 652 5912 Hic
690 5854 844 5912 deest
870 5852 1093 5924 aliquid,
1130 5858 1277 5927 quod
1296 5857 1367 5915 ob
1389 5856 1618 5913 militum
1640 5856 1906 5916 saevitiam
1932 5857 2270 5922 deperditum
2291 5868 2392 5915 est.
2424 5857 2634 5913 EDITOR
2660 5855 3026 5913 Cononmnsrs.
