3898 6440
154 416 301 477 1097

1120 419 1472 479 comm.
1513 420 1583 481 lN
1618 398 2054 483 plurimum.
2078 416 2148 469 “—
2169 410 2469 490 LIB.

3293 412 3447 498 tussi

155 532 304 607 quod
324 529 585 595 fecerunt,
608 543 706 600 pro
726 531 1099 603 magnitudine
1119 534 1342 590 terroris
1356 534 1546 605 judicii
1575 545 1735 606 atque
1762 528 1817 605 Α(
1909 539 2124 595 Esurivi
2144 544 2305 609 enim,
2336 552 2386 598 et
2412 560 2517 600 non
2540 545 2755 600 dedistis
2780 545 2907 599 mihi
2950 548 3306 618 manducare;
3345 556 3450 608 si-’

154 619 489 678 abundantia
509 618 903 678 inaestimabilis
937 623 1334 690 retributionis,
1361 632 1420 678 ut
1449 624 1737 696 Apostolus

153 711 233 767 ait
255 728 270 767 :
303 710 443 777 Quia
466 726 571 765 non
591 720 712 766 sunt
733 712 1005 784 condigna:
1022 716 1288 785 passiones
1310 715 1467 785 hujus
1495 719 1737 789 temporis

153 803 226 859 ad
265 802 505 875 futuram
531 802 778 875 gloriam,
802 822 919 877 qum
940 806 1252 862 revelabitur
1270 808 1327 862 in
1349 808 1519 864 nobis.

228 897 297 953 Et
343 897 658 969 respondens
715 916 826 966 rex,
875 899 1010 955 dixit
1037 900 1144 956 illis
1173 920 1185 956 :
1214 902 1381 958 Amen
1403 904 1521 959 dico
1551 904 1691 960 vobis
1717 921 1735 960 :

154 987 409 1054 Quandiu
452 990 646 1059 fecistis
688 991 781 1044 uni
822 990 885 1046 de
928 991 1009 1046 his
1038 991 1292 1062 fratribus
1313 996 1440 1050 meis
1484 996 1733 1062 minimis,

149 1081 280 1135 mihi
312 1081 526 1151 fecistis.
557 1081 823 1157 (Hieron)
853 1083 1050 1140 Libera
1077 1085 1233 1142 nobis
1282 1096 1402 1145 erat
1424 1084 1425 1087 “
1444 1088 1740 1161 intelligen-

148 1172 249 1238 tia,
286 1174 431 1243 quod
476 1174 533 1228 in
573 1175 721 1230 omni
748 1190 987 1247 paupere
1012 1176 1261 1235 Christus
1286 1181 1528 1236 esuriens
1550 1196 1738 1251 pasce.

146 1271 326 1331 retur,
372 1264 565 1321 sitiens
607 1274 908 1337 potaretur,
957 1268 1154 1339 hospes
1201 1271 1545 1328 induceretur
1577 1274 1631 1329 in
1658 1282 1739 1327 te-

145 1366 317 1426 ctum,
350 1359 527 1416 nudus
577 1361 886 1429 vestiretur,
938 1362 1187 1420 inﬁrmus
1232 1364 1561 1432 visitaretur,
1592 1366 1738 1422 clau-

143 1460 240 1502 sus
307 1461 528 1504 carcere
587 1450 814 1505 haberet
888 1451 1138 1508 solatium
1208 1453 1584 1525 colloquentis,
1642 1457 1737 1513 sed

140 1551 213 1590 ex
274 1536 379 1593 hoc
429 1537 571 1608 quod
622 1540 911 1608 sequitur:
945 1540 1195 1609 Quandiu
1260 1544 1455 1614 fecistis
1516 1548 1607 1601 uni
1671 1548 1736 1602 de

140 1627 377 1685 minimis
419 1630 533 1685 istis
571 1630 823 1701 fratribus
847 1634 995 1701 meis,
1026 1635 1156 1689 mihi
1196 1636 1412 1706 fecistis.
1444 1636 1563 1695 Non
1601 1638 1735 1693 mihi

140 1721 357 1777 videtur
388 1724 715 1794 generaliter
741 1725 942 1782 dixisse
962 1727 1029 1782 de
1058 1728 1407 1800 pauperibus,
1440 1730 1535 1785 sed
1561 1730 1627 1786 de
1650 1730 1736 1786 his

140 1814 235 1884 qui
263 1829 528 1885 pauperes
568 1816 765 1887 spiritu
801 1827 945 1874 sunt.
973 1819 1059 1874 Ad
1083 1835 1219 1890 quos
1252 1822 1480 1878 tendens
1513 1837 1735 1876 manum

141 1905 354 1962 dixerat
386 1925 400 1961 :
430 1905 651 1962 Fratres
682 1910 784 1963 mei
801 1918 853 1963 et
888 1920 1057 1965 mater
1095 1928 1210 1966 mea
1248 1912 1303 1966 hi
1351 1923 1492 1977 sunt,
1531 1912 1620 1983 qui
1646 1910 1731 1983 fa—

141 2000 286 2057 ciunt
309 2001 625 2056 voluntatem
648 1999 827 2057 Patris
847 2004 949 2057 mei
962 2004 1119 2075 quiin
1140 2004 1280 2059 caelis
1298 2015 1373 2060 est
1395 2005 1587 2077 (Math.
1605 2004 1727 2079 xu.)

216 2091 361 2147 Tunc
387 2092 514 2147 dicit
539 2101 589 2148 et
615 2093 697 2148 his
739 2096 829 2165 qui
856 2112 889 2147 a
923 2096 1151 2151 sinistris
1176 2107 1329 2152 erunt
1356 2111 1374 2149 :
1410 2097 1667 2153 Discedite
1694 2115 1729 2153 a

138 2196 243 2249 me,
270 2183 553 2249 maledicti,
578 2186 633 2238 in
654 2186 824 2255 ignem
850 2194 1124 2254 azternum,
1152 2189 1241 2260 qui
1264 2199 1481 2259 paratus
1505 2199 1582 2245 est
1610 2192 1729 2245 dia-

142 2270 261 2325 bolo
283 2282 332 2326 et
357 2273 552 2344 angelis
580 2274 715 2344 ejus.
745 2274 972 2347 (ΜΑυιι.)
999 2275 1099 2332 Hic
1135 2278 1387 2348 impletur
1430 2280 1575 2351 quod
1599 2280 1728 2337 alibi

138 2366 402 2437 scriptum
430 2377 512 2423 est
551 2382 567 2421 :
610 2367 679 2422 In
706 2369 922 2424 dextera
959 2369 1059 2425 Dei
1105 2373 1260 2441 ignea
1300 2372 1404 2442 lex,
1448 2391 1481 2427 a
1509 2374 1727 2430 sinistra

135 2467 314 2512 autem
364 2458 478 2528 ejus
512 2459 716 2530 reprobi
763 2459 942 2531 (Deut.
988 2462 1205 2535 xxxm).
1250 2464 1309 2518 ln
1336 2463 1556 2519 sinistra
1597 2478 1726 2536 ergo

135 2549 354 2605 Domini
380 2550 593 2621 reprobi
622 2551 786 2622 positi
815 2561 995 2620 erunt,
1028 2554 1121 2624 qui
1147 2562 1203 2609 et
1231 2539 1478 2621 sinistra,
1509 2554 1615 2609 hoc
1642 2563 1729 2610 est

132 2642 429 2712 praesentia
459 2643 697 2713 quandiu
738 2644 989 2701 vixerunt
1018 2646 1232 2702 ardenti
1258 2647 1553 2718 cupiditate
1579 2662 1726 2701 ama-

132 2741 356 2798 verunt,
400 2746 503 2789 nec
531 2741 860 2789 aeternorum
904 2737 1047 2807 (qua
1075 2752 1174 2807 per
1212 2736 1492 2792 dexteram
1515 2735 1724 2807 signifi-

132 2822 351 2896 cantur)
380 2823 711 2880 desiderium
763 2825 1088 2881 habuerunt.
1119 2810 1216 2879 His
1261 2826 1460 2896 quippe
1486 2825 1723 2881 dicitur:

132 2914 399 2971 Discedite
436 2934 469 2971 a
494 2934 596 2985 me,
634 2916 920 2982 maledicti,
949 2918 1005 2971 in
1044 2917 1213 2988 ignem
1246 2927 1519 2972 wternum.
1545 2916 1731 2971 Disce-

134 3006 265 3074 dite,
290 3010 485 3079 inquit,
520 3027 555 3063 a
579 3026 703 3076 me;
730 3009 1001 3081 quomodo
1024 3025 1054 3064 a
1085 3010 1196 3066 Deo
1221 3010 1499 3066 discedere
1532 3009 1730 3079 juben-

130 3109 243 3168 tur,
271 3103 364 3172 qui
388 3118 662 3172 nunquam
693 3118 818 3159 cum
843 3118 910 3159 eo
930 3102 1174 3170 fuerunt,
1215 3104 1319 3158 nisi
1357 3103 1484 3173 quia
1508 3118 1630 3159 cum
1659 3117 1728 3158 eo

129 3208 251 3248 esse
274 3193 598 3250 videbantur
616 3196 855 3266 quandiu
885 3196 1011 3250 mali
1040 3195 1289 3266 permisti
1317 3192 1521 3251 fuerint
1545 3194 1722 3251 bonis.

130 3289 344 3359 Sagena
368 3306 500 3362 ergo
528 3291 745 3347 Domini
772 3302 828 3347 et
854 3293 1029 3348 bonos
1054 3293 1235 3363 pisces
1260 3291 1422 3347 simul
1456 3298 1513 3345 et
1550 3287 1725 3343 malos
1752 3275 1798 3339 C

127 3386 384 3455 usquead
404 3386 558 3441 littus
575 3385 869 3456 pertrahit,
895 3394 953 3440 et
976 3385 1161 3440 lolium
1189 3385 1368 3440 adhuc
1389 3384 1444 3438 in
1470 3396 1603 3453 agro
1626 3382 1732 3436 Do-

128 3477 264 3533 mini
296 3477 457 3533 simul
485 3493 612 3534 cum
642 3477 826 3533 tritico
856 3476 1129 3548 germinat
1180 3475 1394 3548 (Matth.
1434 3472 1578 3545 xm).
1622 3471 1730 3529 Sed

128 3581 262 3628 tunc
288 3572 445 3627 bonis
469 3573 711 3642 piscibus
744 3572 803 3627 in
832 3587 963 3626 vasa
996 3570 1261 3635 collectis,
1286 3569 1415 3625 mali
1442 3568 1730 3640 projieien-

128 3672 221 3719 tur
242 3661 409 3730 foras,
444 3670 501 3718 et
528 3662 711 3718 tritico
738 3663 792 3717 in
831 3664 1088 3718 horreum
1119 3672 1465 3732 congregato,
1521 3658 1729 3713 zizania

128 3754 458 3825 colligantur
498 3754 775 3811 fasciculis
801 3756 869 3810 ad
912 3753 1358 3810 eomburendum.
1393 3752 1521 3807 Sive
1548 3750 1728 3807 disce-

127 3846 260 3903 dere
295 3864 389 3904 eos
438 3864 468 3904 a
507 3864 565 3905 se
617 3848 789 3918 jubet,
839 3850 945 3905 hoc
991 3856 1074 3905 est
1111 3865 1142 3903 a
1180 3847 1474 3920 praesentia
1503 3846 1732 3902 visionis

126 3937 249 4007 ejus
294 3940 350 3994 in
395 3940 651 3996 tenebras
698 3942 996 3997 exteriores
1044 3940 1258 4012 erpelli.
1288 3940 1426 4008 Quia
1464 3939 1730 4008 scriptum

125 4037 214 4086 est
245 4046 259 4085 :
293 4030 521 4086 Tollitur
544 4033 736 4103 impius
758 4050 822 4087 ne
861 4032 1031 4087 videat
1056 4032 1279 4103 gloriam
1304 4032 1423 4087 Dei.
1462 4029 1731 4085 Maledicti

128 4136 389 4192 namque,
429 4122 536 4177 hoc
575 4130 679 4188 est,
707 4122 799 4192 qui
851 4122 907 4176 in
939 4121 1148 4177 malitia
1174 4129 1537 4177 exercuerunt
1559 4120 1729 4173 vitam

123 4228 305 4277 suam,
337 4213 392 4267 in
426 4213 605 4284 ignem
634 4220 898 4267 aeternum
952 4212 1265 4278 mittuntur,
1303 4211 1430 4281 quia
1465 4211 1581 4266 sine
1622 4208 1730 4264 ﬁne

124 4305 541 4359 cruciabuntur.
589 4303 689 4357 Hic
714 4303 854 4373 ignis
879 4303 1095 4358 diabolo
1124 4314 1181 4357 et
1218 4302 1424 4373 angelis
1446 4301 1565 4371 ejus
1592 4316 1731 4369 pra:-

121 4405 354 4467 paratus
381 4412 501 4451 esse
526 4396 742 4460 dicitur,
775 4396 903 4466 quia
931 4396 1072 4450 sicut
1105 4395 1271 4466 justis
1296 4409 1524 4465 regnum
1564 4393 1731 4448 caelo-

124 4504 256 4544 rum
288 4489 630 4560 praescientia
669 4488 765 4542 Dei
810 4488 878 4543 ab
906 4488 1116 4559 origine
1158 4487 1345 4542 mundi
1376 4485 1727 4557 praeparavit,

128 4581 213 4635 ita
248 4579 461 4635 diabolo
488 4586 544 4634 et
579 4578 784 4649 angelis
813 4576 954 4646 ejus,
987 4592 1124 4647 quos
1150 4576 1426 4648 prasscivit
1472 4574 1732 4646 praevari-

129 4680 378 4737 caturos,
422 4671 599 4742 ignem
640 4679 921 4735 aeternum,
971 4669 1025 4724 in
1062 4683 1170 4740 quo
1194 4665 1585 4741 perpetualiter
1608 4680 1733 4722 cru-

129 4762 438 4831 ciarentur,
459 4763 748 4820 ordinavit.

1792 666 1804 678 .
1838 631 1952 697 tivi,
1982 642 2031 686 et
2051 648 2156 687 non
2184 634 2402 690 dedistis
2423 636 2552 690 mihi
2596 635 2787 703 bibere,
2824 645 2930 693 etc.
2966 635 3252 696 Metuenda
3280 643 3418 698 mul-
3444 640 3450 651 ’

1840 731 1953 779 tum
1973 733 2135 797 atque
2161 727 2397 782 timenda
2418 726 2796 799 Redemptoris
2822 731 2994 785 nostri
3024 733 3291 789 sententia
3311 746 3416 803 est,
3441 716 3447 729 ’

1793 850 1800 857 -
1839 829 1945 883 qua
1973 814 2141 870 dicit:
2168 814 2252 869 Ite
2280 813 2336 871 in
2361 817 2532 887 ignem
2561 827 2833 885 internum,
2858 819 2982 890 quia
3012 821 3224 887 esurivi,
3243 831 3419 878 etnon
3444 832 3448 841 '

1837 906 2055 962 dedistis
2099 907 2230 963 mihi
2266 909 2621 975 manducare;
2648 910 2811 977 sitivi,
2844 919 2892 964 et
2927 929 3030 967 non
3052 911 3271 967 dedistis
3290 908 3449 967 mihi‘

1838 998 2041 1065 bibere;
2066 1001 2247 1072 hospes
2285 1017 2452 1067 eram,
2485 1010 2532 1055 et
2576 1017 2678 1057 non
2708 1000 2986 1072 collegistis
3034 1020 3133 1059 me.
3182 1002 3334 1070 Quod
3372 986 3443 1058 si-

1837 1089 2095 1146 sterilitas
2116 1091 2169 1145 in
2198 1091 2379 1163 ignem
2403 1092 2659 1159 mittitur,
2693 1093 2965 1163 rapacitas
3002 1092 3133 1165 quid
3156 1100 3416 1158 meretur,

1837 1191 1931 1238 aut
1955 1183 2084 1254 quid
2107 1184 2335 1254 recipiet
2359 1185 2452 1255 qui
2480 1184 2713 1240 alienum
2740 1185 2880 1251 tulit,
2906 1187 2953 1240 si
2971 1200 3187 1255 semper
3210 1184 3420 1241 ardebit
3444 1208 3447 1213 λ

1836 1274 1929 1344 qui
1956 1275 2020 1330 de
2040 1290 2138 1330 suo
2159 1290 2268 1331 non
2290 1274 2471 1330 dedit?
2491 1274 2562 1330 Et
2578 1275 2623 1330 si
2639 1275 2906 1346 judicium
2926 1277 3038 1330 sine
3057 1275 3421 1330 misericordia
3442 1326 3447 1327 γ

1835 1368 1931 1423 erit
1954 1366 2056 1435 illi,
2093 1369 2186 1440 qui
2226 1386 2331 1423 non
2367 1369 2487 1439 fecit
2523 1368 2938 1422 misericordiam
2968 1366 3112 1440 (Jac.
3139 1367 3222 1442 ιι),
3263 1367 3447 1437 quale”

1831 1460 2097 1530 judicium
2114 1460 2217 1515 erit
2247 1459 2325 1514 illi
2345 1460 2438 1531 qui
2459 1458 2589 1515 fecit
2615 1468 2671 1514 et
2692 1458 2973 1529 rapinam?
3001 1457 3259 1527 Sequitur
3283 1474 3297 1510 :

1908 1576 2054 1632 Tunc
2077 1576 2456 1647 respondebunt
2470 1584 2517 1630 et
2529 1576 2628 1646 ipsi
2653 1575 2877 1629 dicentes
2900 1586 2917 1624 :
2938 1571 3184 1635 Domine,
3208 1570 3443 1641 quando‘

1835 1679 1886 1724 te
1903 1669 2127 1725 vidimus
2148 1668 2482 1736 esurientem,
2504 1677 2596 1725 aut
2615 1669 2892 1733 sitientem,
2916 1675 3009 1721 aut
3028 1665 3301 1737 hospitem,
3326 1672 3428 1735 aut

1835 1760 2057 1829 nudum,
2109 1771 2203 1817 aut
2252 1760 2541 1831 inﬁmum,
2593 1759 2672 1816 vel
2694 1761 2751 1814 in
2791 1775 3017 1824 carcere,
3047 1767 3095 1812 et
3127 1774 3232 1811 non
3262 1756 3441 1831 mini-q

1834 1854 2113 1908 stravimus
2141 1853 2272 1907 tibi?
2292 1852 2568 1909 Excusare
2598 1867 2659 1908 se
2681 1858 2932 1922 satagunt
2952 1849 3106 1919 quasi
3132 1847 3420 1902 Dominum

1756 1916 1806 1977 Β
1834 1943 2021 2001 fallere
2079 1944 2288 2016 possint
2348 1944 2442 2016 qui
2496 1943 2745 1999 homines
2801 1916 3077 2005 fallebant,
3132 1938 3228 1995 sed
3292 1944 3420 1991 tunc

1832 2039 2236 2094 excusationem
2266 2052 2373 2093 non
2389 2036 2591 2092 habent
2613 2036 2679 2092 de
2699 2033 2937 2105 peccatis
2958 2031 3091 2097 suis,
3121 2028 3213 2100 qui
3235 2036 3361 2082 ante
3388 2041 3419 2080 a

1829 2129 2071 2200 peccatis
2094 2129 2337 2185 converti
2353 2128 2660 2194 noluerunt,
2675 2133 2732 2181 et
2753 2124 3123 2193 eleemosynas
3143 2132 3303 2191 agere
3324 2130 3419 2171 ne-

1831 2219 2145 2291 glexerunt;
2174 2219 2316 2275 unde
2352 2226 2409 2274 et
2430 2216 2710 2273 subditur:

1906 2333 2052 2387 Tunc
2088 2331 2416 2403 respondebit
2442 2328 2547 2384 illis
2570 2328 2746 2382 dicens
2768 2340 2787 2379 :
2807 2324 3059 2392 Quandiu
3093 2337 3199 2377 non
3220 2318 3419 2390 fecistis

1830 2425 1928 2480 uni
1966 2425 2031 2479 de
2057 2422 2345 2478 minoribus
2367 2421 2471 2485 his,
2506 2435 2598 2475 nec
2619 2417 2749 2472 mihi
2786 2416 3003 2487 fecistis.
3030 2413 3131 2481 Qui
3151 2412 3294 2467 enim
3318 2408 3417 2464 mi-

1829 2517 2015 2582 nimis,
2047 2514 2103 2570 id
2149 2523 2253 2581 est,
2294 2510 2592 2569 humilibus
2636 2517 2693 2564 et
2734 2507 3002 2579 despectis
3066 2518 3223 2574 opem
3275 2499 3441 2579 ferre.

1830 2605 2062 2672 fastidit,
2091 2618 2193 2660 nec
2219 2618 2279 2658 se
2324 2602 2441 2672 regi
2487 2599 2795 2664 humilium,
2823 2598 2928 2653 hoc
2962 2604 3046 2651 est
3087 2592 3257 2664 judici
3304 2605 3421 2646 om-

1829 2697 2002 2763 nium,
2033 2694 2398 2750 ministerium
2441 2690 2737 2762 prmbuisse
2782 2685 3055 2759 gaudebit.
3114 2680 3421 2737 Notandum

1831 2794 2016 2841 autem
2041 2783 2187 2854 quod
2220 2790 2275 2837 et
2304 2781 2393 2837 hic
2423 2780 2565 2835 sicut
2586 2786 2643 2834 et
2689 2775 2938 2846 superius
2970 2773 3063 2828 uni
3087 2772 3151 2825 de
3186 2768 3417 2823 minimis

1769 2922 1776 2930 .
1830 2876 2261 2934 misericordiam
2288 2871 2652 2946 praestandam
2689 2883 2811 2924 esse
2848 2865 3004 2931 dixit,
3035 2877 3199 2934 quam
3235 2868 3291 2916 et
3313 2858 3420 2914 sibi

1830 2969 1906 3025 ita
1934 2968 2186 3045 collatam
2214 2965 2446 3022 asseruit
2475 2978 2490 3018 :
2521 2962 2649 3033 quia
2677 2957 2937 3031 quidquid
2984 2956 3096 3010 Deo
3144 2952 3420 3045 confertur

1828 3064 1930 3133 per
1974 3044 2240 3116 unitatem
2290 3056 2418 3113 ﬁdei
2464 3063 2519 3110 et
2558 3054 2729 3125 pacis,
2758 3058 2814 3107 et
2863 3047 3096 3119 simplici
3122 3044 3419 3133 intentione

1830 3131 2014 3208 oﬂ‘erri
2062 3149 2245 3217 debet,
2275 3161 2377 3205 nec
2427 3146 2587 3203 debet
2630 3143 2853 3201 sinistra
2899 3139 3042 3227 scire
3073 3136 3205 3208 quid
3249 3131 3417 3189 faciat
3462 3144 3469 3147 '

1831 3246 2073 3302 dextera.

1904 3360 1974 3414 Et
2004 3359 2152 3413 ibunt
2191 3356 2245 3410 hi
2270 3355 2326 3409 in
2351 3351 2662 3424 supplicium
2684 3356 2960 3411 eternum,
2985 3338 3122 3412 justi
3159 3343 3336 3392 autem
3359 3332 3417 3386 in

1832 3452 1993 3507 vitam
2037 3446 2331 3504 aeternam?
2372 3440 2628 3515 (Lixum).
2652 3435 2898 3494 Prudens
2955 3432 3149 3497 lector,
3196 3424 3418 3496 intende

1834 3541 1979 3613 quod
2027 3538 2289 3609 supplicia
2333 3544 2536 3591 aeterna
2590 3539 2734 3597 sunt,
2779 3536 2835 3584 et
2866 3527 2978 3582 vita
3023 3528 3285 3613 perpetua
3307 3530 3420 3613 non

1833 3610 2034 3691 habeat
2060 3632 2296 3687 ruinam.
2330 3624 2600 3702 (Hieron.)
2631 3624 2699 3678 Et
2742 3620 2813 3677 ob
2844 3620 2949 3676 hoc
2975 3617 3181 3672 frustra
3227 3610 3419 3681 Orige-

1834 3740 1955 3793 nes,
1981 3731 2107 3795 post
2128 3721 2299 3776 multa
2325 3730 2592 3773 annorum
2617 3710 2890 3769 curricula
2917 3706 3099 3778 impiis
3124 3712 3179 3760 et
3226 3714 3422 3795 pecca-

1834 3792 2064 3881 toribus,
2092 3830 2193 3869 nec
2241 3829 2348 3868 non
2388 3809 2601 3865 diabolo
2625 3816 2679 3861 et
2709 3802 2919 3874 angelis
2941 3801 3078 3870 ejus,
3100 3795 3330 3866 spondet
3352 3792 3421 3848 de

1835 3910 2050 3964 inferno
2070 3905 2463 3961 liberationem.
2502 3902 2632 3969 Qua:
2655 3898 2839 3969 opinio
2868 3894 3049 3950 verbis
3078 3891 3248 3961 ipsius
3272 3886 3419 3942 veri-

1833 4000 1962 4053 tatis
1983 3998 2196 4069 peuitus
2240 3993 2515 4050 contraria
2542 3999 2644 4047 est.
2682 3986 2941 4051 Obsecro,
2991 3980 3215 4037 Domine
3263 3976 3416 4069 issu,

1832 4097 1894 4144 ut
1938 4067 2023 4143 me
2054 4087 2151 4142 tibi
2179 4085 2411 4141 ﬁdeliter
2453 4098 2550 4154 per
2596 4079 2778 4135 omnia
2805 4074 3139 4137 credentem,
3169 4078 3226 4125 et
3256 4067 3420 4122 [idem
3458 4076 3459 4079 ‘

1833 4190 1985 4237 tuam
2012 4178 2284 4234 veraciter
2326 4183 2619 4237 tenentem,
2649 4171 2706 4225 in
2729 4168 2951 4224 dextera
2987 4156 3091 4218 tua"
3109 4158 3420 4216 misericor-

1834 4273 1976 4328 diter
1997 4271 2263 4328 collocare
2303 4266 2559 4339 digneris,
2585 4273 2647 4319 ut
2667 4264 2848 4334 potius
2867 4257 3163 4315 secundum
3187 4251 3422 4324 promis.

1831 4366 2042 4421 sionem
2075 4372 2224 4418 tuam
2253 4375 2377 4415 cum
2402 4355 2702 4412 benedictis
2728 4352 2838 4406 tuis
2863 4348 3129 4417 accipiam
3157 4352 3419 4398 aeternam

1834 4461 1893 4515 in
1917 4458 2075 4515 caelis
2096 4452 2504 4517 beatitudinem,
2536 4462 2699 4518 quam
2717 4459 2842 4500 cum
2870 4437 3190 4500 maledictis,
3224 4446 3420 4490 secun-

1836 4552 1967 4607 dum
2007 4547 2388 4604 haereticorum
2412 4539 2711 4604 ﬁctionem,
2735 4547 2918 4594 seram
2936 4530 3005 4587 de
3028 4525 3244 4585 inferno
3269 4536 3420 4595 quae-

1754 4638 1811 4699 D
1836 4656 1957 4698 ram
1979 4638 2337 4711 ereptionem.

132 4867 3413 4931 —_—_—_—__—_——————-———'—"—————~
3428 4914 3431 4917 ν

1351 5008 1658 5092 LIBER
1726 5000 2224 5085 OCTAVUS.

711 5316 938 5375 CAPUT
964 5312 1157 5373 XXVI.

139 5436 227 5495 De
256 5434 572 5492 Judazorum
621 5434 678 5486 in
706 5448 879 5486 necem
909 5429 1107 5487 Christi
1130 5430 1385 5498 consilio,
1412 5431 1478 5485 de
1508 5447 1653 5486 amna
1678 5432 1734 5484 in

224 5504 500 5569 Bethania,
528 5502 592 5557 de
609 5500 767 5556 Iuda:
778 5502 1058 5574 traditoris
1078 5503 1239 5574 petito
1260 5503 1458 5574 pretio;
1480 5501 1544 5555 de
1564 5511 1735 5556 extre-

214 5590 311 5637 ttta
328 5591 495 5642 emta,
538 5582 589 5629 et
612 5588 732 5644 qua:
766 5571 841 5626 ibi
863 5582 911 5627 et
939 5571 1174 5656 intorto
1194 5571 1543 5645 contigerunt.

223 5684 318 5764 [1.]
344 5684 573 5762 (Mum)
590 5684 732 5742 Sane
754 5685 981 5741 decurso
1002 5693 1233 5741 tractatu
1264 5685 1436 5741 sancti
1454 5683 1733 5756 Evangelii

1836 5310 1993 5366 sione
2016 5301 2235 5360 Domini
2279 5300 2620 5363 inchoantes,
2645 5307 2820 5365 usque
2863 5292 2933 5349 ad
2964 5288 3418 5348 resurrectionem

1837 5403 1976 5476 ejus,
2003 5401 2113 5455 imo
2136 5411 2309 5467 usque
2329 5394 2397 5449 ad
2424 5392 2583 5446 linem
2610 5386 2887 5459 Evangelii
2914 5385 3228 5476 perducere,
3265 5382 3313 5437 si
3338 5381 3421 5476 ita

1835 5470 2100 5553 Dominus
2140 5486 2392 5551 voluerit,
2445 5481 2789 5539 decernimus
2820 5496 2834 5533 :
2863 5481 3111 5549 petentes
3145 5470 3263 5541 ejus
3303 5470 3420 5526 cle-

1836 5584 2123 5649 mentiam,
2151 5576 2328 5649 utqui
2351 5584 2478 5647 post
2515 5572 2801 5629 sabbatum
2831 5569 2887 5624 in
2924 5565 3224 5630 Dominica,
3256 5562 3311 5618 id
3335 5567 3421 5616 est

1838 5686 2030 5734 octava
2055 5675 2143 5730 die
2167 5679 2291 5742 post
2324 5667 2611 5739 septimam
2639 5678 2761 5735 quae
2778 5672 2836 5719 et
2857 5661 3034 5732 prima
3055 5655 3266 5714 sabbati
3290 5651 3425 5707 diei-

141 5747 449 5840 seeutidnm
472 5747 806 5841 Matthzcum,
862 5789 891 5829 a
921 5776 1187 5846 principio
1224 5791 1394 5846 usque
1432 5775 1501 5831 ad
1529 5747 1738 5845 passio-
1841 5778 1950 5835 tur,
1980 5784 2010 5823 a
2038 5765 2268 5822 mortuis
2288 5759 2609 5824 resurrexit,
2641 5771 2740 5813 nos
2758 5768 2972 5828 quoque
2994 5758 3117 5825 post
3137 5747 3424 5819 septimam

144 5889 275 5937 nem
300 5870 515 5930 Domini
540 5872 596 5926 in
620 5877 825 5940 septem
849 5868 1022 5934 libris,
1044 5876 1296 5925 octavum
1316 5882 1532 5940 quoque
1558 5883 1589 5923 a
1611 5881 1737 5939 pas—
1824 5873 2060 5923 -a:tatum
2089 5859 2251 5931 hujus
2282 5854 2488 5923 saeculi,
2514 5852 2570 5910 id
2597 5858 2682 5909 est
2721 5856 2911 5907 octava
2939 5852 3099 5905 aetate
3127 5856 3232 5913 qua
3263 5853 3425 5911 gene-

467 5962 742 6028 PATIOL.
785 5960 975 6029 CV11.

2911 5941 2990 6003 35
