3898 6456
623 344 763 404 “03

1265 347 1327 400 Β.
1367 344 1621 400 RABANI
1658 342 1877 400 MAURI
1911 338 2230 398 ARCHIEP.
2273 338 2580 397 MOGUNT.
2621 337 2907 397 OPERUM
2940 338 3122 396 PARS
3153 340 3195 396 l.

3642 355 3721 417 {illi

614 464 768 523 Jul:
789 463 991 530 scelus,
1013 463 1155 532 quod
1177 462 1459 516 Dominum
1486 475 1549 515 ac
1569 460 1887 529 magistrum
1913 456 2190 525 Deumque
2215 456 2270 519 Α,
2292 453 2671 509 insinuandum
2694 452 2935 522 iubentis
2960 453 3276 509 sententiam
3299 454 3512 517 sufﬁcere
3524 464 3720 530 viderem,

614 574 776 621 suum
804 555 1030 629 pecunia
1083 552 1425 621 vendiderit,
1477 553 1625 608 velut
1657 552 1894 606 immane
1940 557 1995 604 et
2038 548 2192 604 nefa-

616 650 760 707 rium
786 648 1082 704 exhorrent
1104 687 1121 712 ,
1168 660 1270 703 nec
1298 654 1480 701 tamen
1507 650 1719 700 cavent.
1778 641 1914 697 Nam
1944 656 2065 696 cum
2096 654 2196 709 pro

614 742 933 811 muneribus
981 738 1178 796 falsum
1229 748 1417 795 contra
1474 738 1769 809 quemlibet
1822 734 2190 790 testimonium

614 834 819 899 dicunt,
846 831 1091 903 profecto
1117 831 1245 903 quia
1273 832 1560 888 veritatem
1590 844 1688 899 pro
1717 827 1942 898 pecunia
1974 833 2191 896 negant,

612 925 783 983 Deum
812 924 1045 996 pecunia
1079 923 1341 980 vendunt.
1392 923 1512 993 ipse
1540 921 1686 976 enim
1715 919 1850 974 dixit
1880 936 1892 971 :
1930 917 2044 988 Ego
2079 932 2195 970 sum

611 1018 819 1074 ueritas.
867 1016 1003 1075 Cum
1032 1017 1349 1074 societatem
1378 1014 1741 1070 fraternitatis
1778 1012 1957 1083 aliqua
1988 1011 2194 1067 discor-

610 1107 713 1167 diae
738 1116 892 1179 peste
918 1106 1347 1177 commaculant,
1389 1105 1561 1161 Deum
1588 1105 1850 1175 produnt,
1894 1102 2023 1173 quia
2052 1101 2193 1160 Deus

608 1198 841 1257 charitas
875 1208 970 1253 est.
1025 1197 1128 1266 Qui
1173 1212 1301 1269 ergo
1346 1196 1633 1253 charitatis
1660 1204 1741 1252 'et
1783 1196 2029 1251 veritatis
2069 1194 2193 1263 iura

609 1298 896 1360 spernunt,
928 1290 1099 1346 Deum
1132 1290 1349 1359 utique,
1380 1289 1473 1359 qui
1503 1297 1588 1345 est
1617 1289 1854 1343 charitas
1887 1300 1942 1343 et
1967 1288 2190 1354 veritas,

608 1381 876 1453 produnt:
900 1382 1137 1438 maxime
1161 1398 1286 1438 cum
1310 1397 1419 1437 non
1444 1380 1760 1437 inﬁrmitate
1776 1380 1863 1436 vel
1886 1380 2193 1453 ignorantia

608 1479 869 1547 peccant,
911 1475 1008 1529 sed
1036 1474 1090 1528 in
1121 1473 1471 1529 similitudine
1499 1472 1651 1529 Judae
1683 1482 1932 1545 quaerunt
1962 1484 2190 1545 oportu-

607 1562 836 1619 nitatem
870 1564 1102 1634 qualiter
1131 1564 1350 1620 arbitris
1390 1564 1705 1621 absentibus
1738 1566 2022 1623 mendacio
2049 1566 2193 1622 veri-

606 1659 800 1721 tatem,
827 1654 1103 1723 virtutem,
1132 1656 1363 1712 crimine
1388 1665 1617 1713 mutent.

677 1746 867 1802 Prima
896 1758 1073 1803 autem
1108 1749 1194 1804 die
1231 1766 1538 1820 azymorum
1579 1760 1910 1808 accesserunt
1945 1751 2190 1823 discipuli

603 1836 674 1893 ad
698 1837 883 1894 Iesum
917 1839 1184 1895 dicentes:
1233 1838 1331 1895 Ubi
1375 1842 1449 1896 vis
1495 1858 1740 1912 paremus
1788 1844 1880 1898 tibi
1924 1846 2190 1900 comedere

603 1914 801 2000 pascha
815 1931 841 1985 7
861 1929 1103 1988 Primum
1129 1934 1273 1989 diem
1298 1950 1614 2005 azymorum
1636 1945 1891 2008 quartum
1918 1938 2191 1994 decimum

600 2022 764 2097 primi
795 2024 999 2079 mensis
1026 2024 1284 2095 appellat,
1314 2026 1531 2093 quando
1555 2026 1826 2084 fermento
1851 2026 2062 2097 abiecto
2090 2030 2191 2084 im-

600 2116 827 2183 molare,
851 2116 905 2172 id
928 2126 1012 2176 est
1032 2133 1231 2189 agnum
1250 2120 1502 2176 occidere
1525 2121 1770 2176 solebant
1792 2121 1860 2177 ad
1882 2136 2185 2192 vesperam.

600 2207 756 2283 Quod
775 2223 1052 2279 exponens
1070 2211 1360 2282 Apostolus
1380 2214 1485 2268 ait:
1505 2212 1714 2269 Etenim
1734 2217 1928 2286 pascha
1954 2226 2191 2271 nostrum

597 2297 901 2365 immolatus
930 2311 1005 2359 est
1033 2302 1272 2360 Christus
1294 2305 1391 2381 (ΙΙ
1422 2305 1545 2364 Cor.
1575 2308 1653 2380 v).
1702 2307 1805 2375 Qui
1832 2308 1959 2364 licet
1988 2310 2077 2366 die
2106 2326 2191 2367 se-

602 2390 820 2459 quenti,
861 2392 968 2448 hoc
995 2401 1114 2460 est,
1149 2395 1359 2469 decima
1390 2398 1580 2468 quinta
1614 2399 1686 2454 sit
1714 2398 1842 2454 luna
1871 2400 2188 2467 cruciﬁxus,

598 2483 703 2545 hac
727 2492 906 2541 tamen
927 2494 1089 2542 nocte
1111 2503 1220 2557 qua
1241 2505 1414 2561 agnus
1439 2491 1843 2559 immolabatur,
1866 2495 2047 2549 carnis
2070 2510 2191 2550 san-

600 2574 887 2645 guinisque
905 2577 989 2632 sui
1013 2578 1293 2648 discipulis
1316 2582 1537 2637 tradidit
1558 2584 1819 2654 mysteria
1840 2584 2185 2653 celebranda,

599 2672 656 2720 et
690 2680 723 2718 a
749 2664 951 2723 Iudaeis
986 2676 1169 2724 tentus
1208 2685 1274 2726 ac
1308 2671 1527 2741 ligatus,
1567 2673 1739 2745 ipsius
1779 2676 2184 2745 immolationis,

599 2757 652 2815 id
694 2766 813 2826 est,
863 2760 1131 2831 passionis
1172 2777 1283 2819 suae
1324 2765 1561 2820 sacravit
1589 2767 1871 2822 exordium
1895 2753 2069 2835 :Ubi,
2100 2768 2188 2823 in-

598 2852 823 2922 quiunt,
854 2855 929 2910 vis
958 2872 1202 2926 paremus
1234 2856 1327 2912 tibi
1356 2858 1625 2914 comedere
1653 2850 1909 2931 pascha?
1931 2861 2034 2916 hoc
2067 2868 2183 2929 est,

598 2960 708 3014 non
735 2946 1000 3004 habemus
1028 2948 1360 3006 domicilium
1379 2991 1393 3017 ,
1434 2966 1545 3006 non
1570 2952 1833 3007 habemus
1863 2953 2188 3008 tabernacu-

596 3036 729 3092 lum.
776 3036 1015 3094 Audiant
1041 3040 1237 3110 quibus
1269 3042 1707 3098 aediﬁcandarum
1742 3044 2024 3100 domorum
2055 3061 2188 3102 cura

597 3136 700 3194 est,
727 3136 783 3183 et
808 3129 1215 3187 ambitiosarum
1244 3134 1551 3204 porticuum
1581 3136 1848 3208 c0gitatur
1878 3138 2182 3194 instructio.

600 3219 747 3313 Quos
796 3222 1160 3292 pretiosorum
1210 3240 1546 3281 marmorum
1594 3242 1793 3298 pompa
1834 3236 1889 3284 et
1930 3229 2186 3286 distincta

601 3311 736 3367 auro
762 3311 1046 3384 laquearia
1076 3314 1372 3382 delectant,
1408 3325 1742 3388 cognoscant
1767 3316 2041 3376 Christum
2069 3334 2188 3377 om-

599 3404 753 3460 nium
785 3404 1095 3474 Dominum,
1118 3407 1211 3477 qui
1246 3408 1423 3464 locum
1446 3409 1539 3465 ubi
1565 3420 1726 3482 caput
1760 3412 2046 3470 inclinaret
2077 3432 2187 3472 non

596 3496 808 3581 habuit.
859 3497 928 3553 Et
966 3499 1169 3557 idcirco
1212 3516 1338 3557 eum
1379 3503 1628 3574 discipuli
1672 3507 2049 3579 interrogant:
2085 3505 2186 3564 Ubi

596 3589 673 3679 'vis
700 3606 944 3660 paremus
972 3591 1067 3646 tibi
1094 3594 1415 3649 manducare
1441 3597 1636 3666 pascha
1664 3596 1815 3669 (Luc.
1842 3599 1921 3671 ix)
1949 3601 1974 3653 ?

594 3680 597 3683 ’
667 3681 737 3735 At
776 3680 932 3737 Jcsus
972 3684 1107 3739 dixit
1128 3702 1147 3739 :
1182 3684 1266 3740 Ite
1298 3688 1355 3741 in
1383 3688 1643 3743 civitatem
1671 3690 1740 3743 ad
1774 3692 2088 3761 quemdam,
2137 3703 2187 3750 et

590 3770 753 3849 dicite
780 3773 829 3827 ei
854 3791 873 3828 :
902 3773 1156 3847 Magister
1182 3777 1349 3831 dicit:
1384 3777 1607 3850 Tempus
1652 3797 1825 3835 meum
1869 3798 2029 3854 prope
2075 3792 2183 3851 est,

596 3863 737 3933 apud
769 3873 817 3918 te
846 3863 984 3933 facio
1012 3867 1207 3936 pascha
1234 3884 1350 3921 cum
1379 3868 1650 3939 discipulis
1674 3872 1820 3926 meis.
1854 3872 2059 3928 Morem
2081 3872 2188 3929 Ve-

592 3954 729 4009 teris
778 3955 1109 4012 Testamenti
1157 3956 1307 4013 Nova
1355 3957 1634 4029 Scriptura
1678 3973 1981 4019 conservat.
2046 3963 2184 4021 Fre-

594 4056 826 4121 quenter
865 4048 1116 4121 legimus,
1158 4050 1291 4105 dixit
1338 4052 1446 4118 ille,
1489 4061 1546 4109 et
1589 4055 1646 4109 in
1690 4055 1783 4109 illo
1823 4056 1934 4111 loco
1975 4067 2025 4113 et
2068 4057 2182 4124 illo,

592 4130 740 4208 quod
784 4137 1048 4193 Hebraice
1091 4140 1290 4194 dicitur
1331 4141 1638 4211 Philimoni,
1688 4154 1744 4202 et
1789 4147 2080 4216 Helimoni,
2132 4160 2189 4209 et

597 4234 779 4281 tamen
810 4242 1009 4283 nomen
1034 4243 1390 4298 personarum
1419 4232 1771 4306 locorumque
1804 4254 1908 4294 non
1941 4242 2197 4310 ponitur:

2217 1826 2265 1886 B

2299 545 2480 617 (ΗΑΒ.)
2515 544 2774 601 Consulte
2815 554 2996 601 autem
3038 545 3149 601 sive
3188 561 3329 615 aqua:
3370 548 3507 621 baiuli
3534 555 3652 625 (quod
3673 565 3721 621 alii

2295 639 2641 711 evangelista:
2669 639 2938 711 inserunt)
2975 654 3071 695 seu
3102 640 3294 695 domini
3320 642 3487 701 domus
3520 660 3614 705 sunt
3643 671 3722 723 pra-

2296 733 2554 787 termissa
2583 731 2865 798 vocabula,
2907 740 2971 786 ut
3006 731 3252 787 omnibus
3276 748 3446 789 verum
3469 741 3622 806 pascha
3640 746 3720 800 cale

2295 826 2455 882 brare
2479 824 2808 891 volentibus,
2835 825 2939 885 hoc
2969 832 3054 880 est
3076 823 3269 881 Christi
3297 832 3591 886 sacramentis
3610 834 3719 904 imbui,

2296 933 2527 988 eumque
2555 932 2666 974 suae
2694 916 2892 971 mentis
2920 915 3157 988 hospitio
3199 917 3447 988 suscipere
3476 926 3717 989 quarentihus

2296 1008 2472 1065 danda
2498 1009 2729 1065 facultas
2757 1010 3092 1082 designetur.

2366 1101 2436 1156 Et
2464 1100 2697 1172 fecerunt
2722 1100 2967 1172 discipuli
3009 1103 3144 1155 sicut
3170 1103 3415 1157 constituit
3448 1104 3534 1159 illis
3555 1106 3719 1173 imae

2294 1205 2610 1267 paraverunt
2628 1190 2861 1266 pascha.
2909 1193 3182 1268 (Hieron.)
3206 1194 3264 1251 In
3292 1197 3389 1252 alio
3413 1202 3628 1270 evangelio
3645 1207 3717 1261 sui-

2292 1296 2447 1358 ptum
2494 1295 2615 1354 est,
2674 1288 2817 1359 quod
2870 1287 3181 1344 invenerint
3234 1292 3530 1347 cmuaculum
3570 1310 3715 1365 magnum

2294 1384 2523 1433 stratum
2549 1384 2713 1449 atque
2743 1378 3088 1443 mundatum,
3118 1386 3173 1433 et
3201 1379 3271 1434 ibi
3295 1394 3572 1450 paraverunt
3588 1387 3634 1440 ei.
3658 1387 3717 1442 Ca-

2293 1468 2547 1524 naculum
2574 1484 2831 1540 magnum
2857 1468 2944 1524 lex
2974 1470 3233 1539 spiritalis
3259 1480 3356 1538 est,
3379 1488 3481 1542 quae
3499 1475 3549 1529 de
3567 1480 3715 1548 angustiis

2292 1560 2489 1617 littera:
2516 1562 2802 1634 egrediens
2830 1562 2885 1617 in
2916 1562 3135 1619 sublimi
3167 1562 3282 1620 loco
3305 1566 3476 1636 recipit
3494 1567 3711 1625 Salutem

2292 1650 2429 1706 Nam
2460 1653 2552 1721 qui
2582 1653 2760 1708 adhuc
2784 1653 3129 1710 occidentem
3159 1656 3383 1711 litteram
3417 1662 3712 1731 servaverit,qti

2291 1757 2399 1798 non
2428 1740 2573 1797 aliud
2604 1743 2661 1797 in
2694 1758 2826 1815 agro
2853 1759 3017 1814 quam
3061 1732 3227 1815 pecus
3262 1747 3564 1815 intellexerit,
3596 1751 3713 1804 isteu-

2292 1836 2492 1891 mirum
2529 1836 2583 1891 in
2613 1837 2738 1893 imis
2763 1839 2968 1908 pascha
3000 1837 3162 1906 facit,
3200 1840 3319 1910 quia
3352 1842 3616 1912 maiestatem
3635 1845 3713 1911 spiri

2294 1940 2381 1986 tus
2430 1930 2486 1984 in
2536 1931 2720 1987 verbis
2764 1930 2862 1987 Dei
2901 1933 3356 2004 comprehendere
3390 1934 3573 1990 necdum
3601 1934 3710 1990 didicit

2293 2022 2362 2077 At
2389 2023 2482 2092 qui
2514 2039 2669 2094 aqua:
2701 2021 2972 2093 baiulum,
3015 2026 3124 2082 hoc
3154 2036 3236 2082 est
3260 2028 3430 2098 gratia:
3453 2044 3663 2099 praconem
3687 2030 3710 2082 in

2291 2115 2511 2171 domum
2547 2114 2808 2172 Ecclesiae
2848 2115 3017 2172 fuerit
3060 2127 3278 2175 secutus
3302 2161 3316 2187 ,
3363 2121 3441 2175 hic
3481 2135 3554 2190 per
3574 2121 3710 2190 spiritus

2291 2206 2658 2264 illustrantem
2698 2209 3043 2281 superﬁciem
3084 2209 3277 2267 litterae
3318 2210 3710 2273 transcendendo,il

2292 2301 2403 2357 alto
2450 2303 2648 2358 mentis
2694 2301 2894 2358 salario
2925 2302 3149 2360 Christo
3185 2302 3498 2360 refectionem
3530 2312 3709 2374 praeparat:

2292 2395 2418 2465 quia
2449 2405 2643 2452 cuncta
2668 2395 2754 2453 vel
2778 2399 2998 2467 pascha:
3030 2407 3385 2466 sacramenta,
3407 2399 3473 2454 vel
3494 2397 3709 2466 πρίει-λιθρε

2292 2488 2509 2543 decreta
2541 2502 2661 2544 esse
2690 2498 3037 2544 sacramenta
3067 2491 3359 2562 cognoscit.

2364 2576 2500 2649 [IV.]
2552 2576 2771 2648 Vespere
2810 2588 2985 2632 autem
3032 2579 3173 2648 facto
3213 2578 3517 2634 discumbebat
3545 2594 3625 2631 cum
3649 2577 3709 2628 is»

2291 2669 2456 2722 decim
2507 2668 2779 2739 discipulis
2830 2670 2960 2724 suis.
3025 2669 3254 2743 [Mum]
3307 2670 3502 2740 Vespera
3534 2683 3622 2737 ergo
3649 2676 3708 2719 tunc

2290 2758 2433 2817 facta
2464 2760 2566 2816 fuit
2606 2761 2825 2831 quando
2866 2762 2960 2817 lux
3002 2763 3227 2831 mundi,
3266 2764 3317 2819 id
3348 2774 3448 2829 eSt,
3480 2760 3540 2817 sol
3563 2756 3706 2815 venisti

2289 2865 2544 2906 occasum
2594 2853 2818 2918 mortis,
2868 2855 3205 2923 properavit.
3240 2854 3326 2909 ’Et
3368 2862 3478 2908 tunc
3514 2866 3598 2906 cum
3627 2847 3705 2902 disci

2288 2942 2443 3014 pulis‘
2459 2944 2719 3001 Dominus
2752 2944 3052 3015 discubuit,
3094 2947 3222 3018 quia
3249 2946 3325 3003 eis
3350 2945 3544 3018 quietem
3563 2950 3704 2997 elerum

2289 3036 2630 3105 praeparavit.

2361 3127 2652 3184 Edentibus
2692 3128 2800 3185 illis
2843 3130 2978 3187 dixit
3000 3147 3023 3187 :
3051 3131 3219 3188 Amen
3250 3133 3360 3187 dico
3390 3131 3517 3195 vobis,
3542 3128 3701 3198 σείσω

2294 3229 2522 3275 uestrum
2557 3238 2640 3277 me
2672 3223 2967 3280 traditurus
3000 3236 3100 3282 est.
3151 3225 3405 3299 (Hieme)
3431 3223 3574 3282 Omnia
3592 3218 3701 3285 sicui

2293 3309 2493 3378 ludas,
2530 3319 2592 3367 ut
2638 3313 2859 3369 tollatur
2892 3316 3134 3387 suspicio
3178 3317 3471 3389 proditoris,
3510 3314 3575 3369 sed
3603 3306 3701 3381 quid”

2292 3402 2545 3472 passione
2572 3406 2930 3475 praedixerat,
2965 3415 3024 3463 et
3050 3408 3119 3465 de
3146 3409 3407 3480 proditore
3429 3405 3621 3480 pradicit,
3637 3400 3702 3452 dus

2291 3491 2471 3549 locum
2496 3495 2863 3565 pmnitentiaa,
2900 3506 2960 3552 ut
2981 3513 3112 3554 cum
3142 3500 3467 3556 intellexisset
3489 3496 3579 3553 sciri
3597 3492 3699 3561 ωεῑυπ

2292 3585 2469 3643 tiones
2496 3602 2643 3655 suas,
2674 3596 2730 3644 et
2758 3589 2974 3645 occulta
3001 3592 3231 3648 consilia
3250 3634 3264 3659 ,
3293 3591 3535 3662 pmniteret
3553 3578 3698 3639 θυωῐωὶ

2290 3678 2395 3733 sui.
2428 3678 2496 3734 Et
2522 3687 2707 3735 tamen
2734 3695 2843 3736 non
2871 3682 3121 3755 designat
3148 3682 3449 3754 specialiter,
3474 3695 3526 3734 ne
3545 3671 3697 3732 mandet!

2290 3779 2584 3842 coargutus
2612 3772 2980 3841 impudentior
3008 3774 3185 3832 ﬁeret.
3239 3775 3391 3830 Mittit
3427 3773 3579 3829 crimen
3604 3767 3635 3820 in
3655 3777 3697 3815 ait
3758 3822 3759 3841 ἶ

2290 3876 2462 3930 mero,
2491 3870 2553 3917 ut
2583 3872 2706 3935 agat
2732 3867 2985 3921 conscius
3010 3868 3397 3937 paenitentiam.

2360 3953 2431 4008 Et
2474 3957 2769 4011 contristati
2804 3957 2956 4013 ualde
2981 3971 3243 4032 creperum
3267 3958 3440 4031 singuli
3461 3946 3695 4010 dicacula-

2287 4044 2413 4115 quid
2451 4061 2543 4116 ego
2578 4062 2717 4113 sum,
2752 4046 3021 4104 Domine?
3062 4052 3131 4106 Et
3164 4061 3308 4108 certe
3334 4036 3694 4105 noverantuuledm

2291 4136 2540 4207 apostoli,
2565 4139 2708 4208 quod
2738 4140 2873 4195 nihil
2901 4141 3004 4196 tale
3029 4152 3224 4199 contra
3244 4145 3495 4199 Dominum
3515 4137 3693 4208 cogith

2291 4226 2401 4283 Sed
2432 4228 2553 4299 plus
2583 4231 2814 4285 credunt
2855 4234 3121 4303 magistro
3156 4252 3313 4306 quam
3348 4234 3471 4299 sibi;
3501 4239 3542 4286 et
3565 4228 3693 4282 ῑὶωαιιδ

584 4316 782 4397 Α(Αα9.)
817 4315 926 4374 Sed
958 4318 1092 4374 nihil
1137 4319 1194 4375 in
1221 4321 1326 4377 hoc
1357 4324 1590 4395 capitulo
1632 4331 1967 4384 contrarium
2006 4334 2186 4403 putari

2290 4320 2639 4391 fragilitatem
2666 4338 2821 4379 suam
2850 4326 3034 4382 tristes
3065 4329 3388 4401 interrogant
3412 4329 3467 4382 de
3485 4327 3693 4396 peccava

590 4417 775 4484 potest
817 4410 1001 4467 Marco
1045 4420 1100 4468 et
1140 4412 1321 4481 Lucae,
1354 4418 1445 4487 qui
1474 4418 1578 4474 hoc
1605 4418 1748 4475 idem
1778 4422 2032 4479 similiter
2060 4442 2187 4481 nar-

2286 4411 2372 4482 ius
2399 4416 2789 4471 conscientiam
2818 4433 2923 4473 non
2956 4419 3245 4476 habebant.

590 4491 738 4559 rant.
772 4502 926 4571 Quod
953 4504 1096 4583 enim
1128 4506 1261 4563 dicit
1290 4507 1574 4567 Matthaeus
1599 4530 1610 4564 :
1644 4511 1727 4567 Ite
1749 4514 1803 4568 in
1829 4516 2087 4570 civitatem
2114 4518 2185 4572 ad

592 4592 895 4663 quemdam,
922 4604 969 4649 et
996 4596 1153 4651 dicite
1181 4599 1228 4651 ei
1249 4614 1267 4652 :
1294 4598 1547 4670 Magister
1565 4602 1693 4656 dicit
1715 4617 1733 4654 :
1765 4602 1984 4675 Tempus
2010 4624 2183 4663 meum

586 4702 752 4767 prope
780 4695 876 4751 est,
925 4688 1067 4758 apud
1097 4698 1145 4743 te
1170 4689 1308 4758 facio
1344 4694 1539 4761 pascha
1575 4710 1695 4747 cum
1728 4694 1998 4767 discipulis
2032 4701 2180 4767 meis,

592 4760 720 4861 cum
745 4776 1014 4846 signiﬁcat
1037 4795 1196 4849 quem
1223 4780 1435 4837 Marcus
1457 4793 1514 4838 et
1534 4783 1708 4839 Lucas
1736 4786 1923 4842 dicunt
1947 4799 2184 4858 patrem-

594 4863 848 4934 familias,
876 4868 960 4923 vel
982 4870 1260 4926 dominum
1289 4873 1499 4939 domus,
1526 4876 1577 4929 in
1606 4893 1712 4947 qua
1733 4879 1813 4933 eis
1840 4882 2182 4937 cmnaculum

594 4955 1029 5044 demonstratum
1061 4968 1162 5027 est,
1208 4961 1298 5016 ubi
1346 4975 1568 5032 pararet
1595 4968 1816 5037 pascha.
1869 4971 2023 5038 Quod
2052 4988 2183 5044 ergo

592 5024 893 5120 interponit
917 5024 1222 5119 Matthzeus,
1250 5054 1320 5107 ad
1346 5024 1643 5125 quemdam,
1673 5024 1929 5132 tanquam
1961 5078 2027 5118 ex
2056 5024 2180 5135 pe:-

593 5155 726 5197 sona
771 5157 867 5198 sua
919 5145 1098 5199 studio
1141 5146 1422 5202 brevitatis
1469 5149 1621 5205 illum
1660 5156 1981 5225 compendio
2008 5156 2180 5214 voluit

593 5228 891 5290 insinuare.
930 5234 988 5290 Si
1018 5238 1163 5291 enim
1195 5239 1401 5294 diceret
1427 5241 1627 5298 dixisse
1656 5242 1981 5304 Dominum:
2013 5251 2096 5307 Ite
2124 5253 2180 5308 in

588 5316 875 5412 civitatem,
903 5337 953 5382 et
982 5328 1136 5384 dicite
1161 5331 1246 5385 ei:
1282 5330 1535 5404 Magister
1559 5336 1726 5391 dicit:
1759 5337 1980 5412 Tempus
2007 5361 2179 5401 meum

588 5404 754 5489 prope
784 5429 875 5485 est,
909 5421 1050 5492 apud
1080 5431 1129 5476 te
1156 5421 1294 5491 facio
1323 5426 1515 5495 pascha
1533 5468 1548 5493 ,
1581 5437 1837 5501 tanquam
1863 5404 2070 5490 civitati
2101 5437 2183 5492 di—

2208 4560 2264 4619 D

595 5507 829 5564 cendum
854 5520 1031 5579 esset,
1063 5511 1416 5582 acciperetur.
1457 5517 1534 5571 Ac
1562 5533 1659 5588 per
1686 5520 1792 5575 hoc
1826 5538 1936 5578 non
1972 5539 2035 5578 ex
2071 5524 2204 5581 Do-.

590 5588 728 5655 'mini
755 5597 911 5670 cuius
934 5604 1246 5660 mandatum
1277 5609 1568 5676 narrabat,
1600 5609 1697 5666 sed
1720 5626 1788 5666 ex
1817 5627 1913 5667 sua
1949 5628 2181 5684 persona

594 5691 941 5763 interposuit,
964 5696 1033 5751 ad
1057 5698 1347 5767 quemdam
1371 5698 1601 5770 iussisse
1622 5702 1909 5761 Dominum
1933 5715 1994 5762 ut
2016 5708 2178 5778 irent,

2360 4507 2430 4562 Et
2465 4510 2777 4576 respondens
2810 4511 2923 4564 ait:
2953 4511 3058 4577 Qui
3101 4513 3303 4584 intingit
3335 4526 3503 4566 mecum
3528 4508 3692 4584 meum!

2288 4603 2688 4674 paropside'hic
2734 4621 2815 4658 me
2853 4605 3043 4659 tradet.
3090 4605 3135 4662 Ο
3173 4583 3304 4661 mira
3339 4600 3515 4659 Domini
3540 4583 3694 4666 potentia?

2288 4693 2529 4749 Primum
2551 4695 2793 4751 dixerat:
2813 4696 2962 4753 Unus
2974 4712 3039 4752 ex
3061 4700 3210 4754 vobis
3233 4713 3313 4753 me
3333 4696 3498 4751 tradet.
3515 4680 3693 4744 Ροτδθτεηί

2287 4786 2532 4857 proditor
2559 4787 2616 4842 in
2650 4788 2792 4843 malo
2817 4807 2829 4843 :
2870 4788 3214 4847 manifestius
3241 4789 3429 4862 arguit,
3454 4792 3498 4840 et
3524 4782 3694 4835 tame“?

2287 4896 2412 4936 men
2441 4882 2660 4951 proprie
2686 4897 2792 4937 non
2822 4883 3089 4954 designat.
3120 4882 3281 4939 ludas
3304 4879 3485 4937 caeteris
3501 4868 3692 4961 ωηιτίεξξίέ

2287 4987 2352 5027 ac
2393 4950 2797 5029 retrahentibus
2840 4950 3092 5043 manum,
3141 4983 3196 5030 et
3240 4950 3693 5059 interdicentibuifﬂff

2284 5066 2368 5123 ori
2389 5069 2495 5122 ‘suo
2518 5108 2533 5133 ,
2582 5068 2891 5123 temeritate
2939 5078 2994 5124 et
3042 5068 3361 5139 impudentia
3395 5075 3481 5117 oua
3512 5049 3692 5137 ρωάίιυηξί

2284 5169 2432 5229 erat,
2462 5162 2625 5217 etiam
2656 5178 2873 5217 manum
2905 5179 3030 5218 cum
3062 5162 3313 5233 magistro
3340 5157 3479 5211 mittit
3501 5151 3539 5203 in

2285 5252 2442 5318 dem,
2488 5261 2550 5306 ut
2582 5254 2807 5308 audacia
2851 5256 3050 5309 bonam
3091 5232 3451 5310 conscientiam
3487 5232 3690 5318 ωειιιὶηῖιυξι

2289 5343 2516 5417 (Maura)
2552 5344 2859 5401 Notandum
2889 5356 3074 5403 autem
3102 5348 3240 5418 quod
3270 5345 3335 5400 ibi
3365 5318 3693 5418 Μθιώίευενοῗέξί

2282 5413 2612 5508 paropsidem
2633 5479 2647 5503 ,
2692 5438 2907 5494 Marcus
2939 5413 3187 5509 scripsit,
3226 5439 3277 5491 in
3310 5430 3473 5488 catino.

2283 5501 2567 5599 paropsis,
2590 5501 2651 5583 ut
2683 5530 2903 5599 quidam
2933 5501 3148 5595 dicunt,
3174 5501 3268 5632 ἦξε

2283 5594 2498 5690 gulum,
2538 5594 2609 5675 ob
2637 5594 2739 5677 hoc
2769 5622 2845 5676 ita
2874 5621 3079 5678 dictum
3268 5594 3619 5724 paribus‘gdﬁ
3636 5594 3690 5724 ξς
3758 5650 3759 5669 η

2284 5710 2388 5766 hoc
2428 5720 2543 5778 est,
2588 5714 2758 5782 aequis
2798 5713 3078 5770 lateribus.
3126 5690 3362 5769 Catinum
3397 5706 3538 5756 autem
3566 5690 3619 5741 95‘

598 5796 665 5841 ne
695 5784 922 5844 haberet
950 5766 1176 5846 necesse
1212 5766 1387 5848 totum
1417 5792 1624 5859 dicere,
1662 5809 1786 5851 cum
1832 5796 1935 5853 hoc
1983 5798 2063 5857 illi
2112 5766 2184 5883 ad
2200 5876 2257 5884 Α
2286 5805 2451 5863 ﬁctile
2492 5766 3235 5880 tadvimmitwtendum
3271 5805 3509 5874 liquorem.
3545 5782 3616 5842 Νοε
3641 5766 3688 5826 θ’
3758 5884 3759 5901 χ
