3898 6436
1046 476 1396 535 COMMENT.
1440 475 1509 531 IN
1548 470 1987 531 ΜΑΤΤΗΕΗΜ.
2029 504 2102 519 -
2137 474 2267 532 LIB.
2307 474 2443 534 VIII.

3264 477 3406 534 “08

143 592 318 663 aliqua
346 592 695 665 repugnantia
721 601 826 650 est.
858 593 1040 649 Potuit
1069 593 1213 649 enim
1242 591 1394 658 ﬁeri,
1420 598 1481 645 ut
1507 591 1561 645 in
1590 591 1705 660 ipsa
1733 595 1788 655 Α
1812 588 1947 643 riam
1981 588 2274 644 Ecclesiam
2306 589 2649 658 frequentare
2680 588 2916 655 volebat,
2945 596 3007 645 ut
3033 588 3280 646 videlicet
3304 605 3403 662 pro

143 701 323 743 mensa
342 701 435 742 vas
456 687 619 742 ﬁctile
638 686 1063 757 quadrangulum
1084 683 1385 740 contineret
1406 682 1702 754 liquamen,

139 779 197 837 in
224 778 363 848 quod
391 777 655 849 intingere
700 794 915 832 manum
944 775 1237 846 discipulus
1280 791 1403 830 cum
1441 774 1703 845 magistro

134 872 334 939 posset.
368 862 520 931 Quod
548 864 734 934 utique
759 879 857 936 per
881 863 1334 935 dispensationem
1359 861 1700 928 humilitatis,

135 963 189 1012 et
223 954 496 1027 patientia
528 971 638 1011 sua
670 970 779 1011 non
810 954 1015 1026 respuit
1042 954 1328 1019 Dominus,
1372 953 1703 1026 proditorem

135 1062 290 1102 suum
330 1046 397 1102 ad
436 1047 737 1104 communis
765 1062 964 1102 mensae
991 1047 1461 1119 participationem
1503 1049 1701 1105 admit-

134 1146 268 1206 tere,
308 1147 369 1194 ιιι
403 1140 718 1210 impleretur
746 1140 876 1195 illud
902 1140 1045 1209 quod
1073 1141 1333 1210 scriptum
1362 1149 1484 1195 est:
1528 1140 1703 1195 Homo

127 1233 268 1303 pacis
293 1247 423 1286 mea:
447 1232 503 1286 in
526 1249 627 1303 quo
652 1232 945 1304 sperabam,
972 1233 1061 1304 qui
1086 1232 1267 1287 edebat
1294 1250 1483 1305 panem
1508 1251 1700 1302 meum,

125 1323 392 1395 ampliavit
419 1324 693 1379 adversum
720 1341 801 1379 me
823 1324 1292 1395 supplantationem
1317 1322 1490 1396 (Psal.
1518 1324 1628 1399 ιι).

193 1412 371 1471 Filius
399 1417 608 1488 quidem
634 1418 859 1472 hominis
897 1419 1034 1473 vadit
1071 1418 1203 1472 sicut
1238 1417 1489 1487 scriptum
1527 1428 1604 1472 est
1640 1418 1705 1473 de

120 1504 236 1560 illo.
287 1503 378 1562 γω
415 1518 586 1562 autem
626 1508 826 1563 homini
862 1507 942 1562 illi
982 1526 1073 1580 per
1097 1525 1247 1581 quem
1276 1505 1452 1563 Filius
1478 1509 1702 1564 hominis

119 1598 376 1653 tradetur.
421 1598 688 1673 (Hieron.)
722 1599 832 1657 Nec
859 1602 1067 1671 primo,
1116 1616 1218 1657 nec
1257 1604 1494 1658 secundo
1523 1618 1703 1659 corre-

117 1698 241 1759 ptus
272 1704 303 1743 a
334 1691 638 1760 proditione
667 1692 895 1746 retrahit
925 1694 1116 1764 pedem
1135 1733 1149 1758 ,
1190 1695 1282 1749 sed
1311 1694 1567 1764 patientia
1598 1696 1703 1751 Do-

113 1782 249 1837 mini
283 1783 456 1838 nutrit
490 1783 877 1852 impudentiam
904 1800 1056 1840 suam
1078 1826 1094 1852 ,
1146 1795 1201 1841 et
1242 1787 1565 1842 thesauzirat
1604 1789 1704 1843 sibi

110 1872 247 1926 iram
273 1873 330 1927 in
355 1873 441 1928 die
469 1875 563 1928 ira
584 1873 762 1946 (Rom.
786 1876 867 1947 ιι).
903 1875 1067 1932 Pana
1095 1878 1428 1948 pradicitur,
1457 1888 1518 1934 ut
1538 1897 1702 1951 quem

1809 695 1974 735 carne
1984 682 2103 752 agni
2119 689 2175 736 et
2186 680 2465 751 sanguine,
2481 681 2561 735 sui
2576 680 2817 751 corporis
2830 681 3213 753 sanguinisque
3226 696 3404 738 sacra-

1805 783 2045 830 mentum
2066 774 2435 839 substitueret,
2454 773 2733 842 ipsumque
2746 787 2805 827 se
2818 787 2937 828 esse
2951 780 3302 842 monstraret,
3316 773 3404 829 cui

1795 868 1997 938 juravit
2024 866 2275 921 Dominus
2286 876 2335 920 et
2355 883 2459 919 non
2479 864 2887 936 penitebiteum,
2903 874 2960 918 tu
2985 881 3039 919 es
3064 865 3307 920 sacerdos
3345 865 3402 920 in

1805 969 2057 1013 aternum
2084 957 2369 1012 secundum
2391 942 2626 1011 ordinem
2649 954 3026 1010 Melchisedech
3061 954 3233 1026 (Psal.
3262 955 3397 1028 cxx).

1803 1049 2029 1120 Frangit
2051 1057 2230 1104 autem
2276 1049 2392 1119 ipse
2427 1064 2622 1119 panem
2655 1063 2815 1118 quem
2853 1046 3129 1119 discipulis
3173 1048 3405 1120 porrigit

1803 1151 1867 1197 ut
1916 1142 2169 1197 ostendat
2192 1141 2438 1212 corporis
2475 1141 2557 1196 sui
2585 1140 2903 1197 fractionem
2928 1154 3035 1194 non
3064 1139 3269 1211 absque
3303 1152 3401 1194 sua

1806 1242 1998 1306 sponte
2048 1249 2112 1289 ac
2147 1233 2530 1304 procuratione
2579 1240 2889 1297 venturam,
2934 1230 3031 1287 sed
3073 1229 3215 1286 sicut
3273 1230 3401 1286 alibi

1806 1327 1936 1383 dicit
1989 1333 2315 1397 potestatem
2370 1340 2430 1380 se
2477 1325 2678 1380 habere
2729 1323 2926 1379 iterum
2981 1322 3227 1378 sumendi
3276 1334 3401 1377 eam

1808 1420 1989 1493 (Joan.
2032 1421 2167 1491 xvi).
2235 1419 2408 1487 Quem
2451 1418 2700 1473 videlicet
2735 1432 2930 1488 panem
2981 1418 3117 1472 certi
3184 1428 3402 1485 quoque

1807 1514 1980 1586 gratia
2027 1512 2351 1567 sacramenti
2403 1511 2723 1581 priusquam
2773 1508 3049 1581 frangeret
3101 1508 3399 1563 benedixit.

1808 1605 1944 1673 Quia
1982 1613 2234 1660 naturam
2275 1604 2566 1657 humanam
2610 1617 2774 1672 quam
2811 1616 3072 1673 passurus
3109 1599 3403 1669 assumpsit

1808 1699 1923 1769 ipse
1957 1713 2064 1751 una
2094 1712 2217 1751 cum
2249 1695 2409 1751 Patre
2436 1707 2491 1750 et
2516 1695 2722 1764 Spiritu
2761 1703 2971 1759 sancto,
2999 1694 3171 1765 gratia
3203 1692 3399 1747 divina

1774 1790 2025 1859 [virtutis
2081 1789 2343 1860 implevit.
2392 1786 2671 1842 Benedixit
2711 1799 2906 1857 panem
2948 1793 3004 1841 et
3050 1781 3232 1855 fregit,
3274 1782 3400 1852 quia

1808 1881 2085 1937 hominem
2109 1887 2443 1949 assumptum
2460 1878 2534 1933 ita
2565 1877 2728 1932 morti
2763 1878 2996 1931 subdere
3020 1874 3271 1947 dignatus
3293 1882 3399 1939 est,

108 1963 285 2033 pudor
319 1981 428 2020 non
454 1965 695 2031 vicerat,
740 1968 1016 2038 corrigant
1059 1969 1374 2025 denuntiata
1418 1972 1699 2042 supplicia.
1731 1974 1781 2035 B
1806 1982 1867 2026 ut
1901 1973 1950 2027 ei
2003 1971 2199 2026 divina
2232 1969 2656 2025 immortalitatis
2689 1968 2957 2023 veraciter
2989 1968 3169 2021 inesse
3209 1973 3402 2037 poten—

108 2052 295 2126 (ΗΑΒ.)
334 2054 441 2112 Sed
472 2065 527 2112 et
555 2058 717 2112 hodie
746 2074 959 2128 quoque
1006 2066 1061 2114 et
1100 2062 1154 2115 in
1190 2063 1581 2132 sempiternum
1620 2079 1702 2119 va

103 2148 181 2204 illi
211 2150 420 2205 homini
445 2152 536 2221 qui
565 2152 633 2207 ad
662 2167 906 2207 mensam
932 2154 1145 2209 Domini
1174 2155 1441 2227 malignus
1470 2158 1701 2226 accedit,

101 2240 197 2310 qui
242 2241 461 2297 insidiis
506 2251 686 2298 mente
726 2243 994 2311 conditis,
1041 2246 1132 2316 qui
1171 2248 1485 2317 praeordiis
1521 2248 1705 2320 aliquo

99 2332 310 2389 scelere
358 2335 582 2404 pollutis
608 2377 623 2400 ,
671 2338 1051 2407 mysteriorum
1092 2338 1296 2394 Christi
1340 2340 1703 2397 oblationibus

99 2426 472 2481 sacrosanctis
501 2427 834 2498 participare
867 2444 973 2484 non
1006 2432 1218 2486 metuit.
1260 2432 1327 2487 Et
1355 2432 1444 2488 ille
1473 2434 1617 2489 enim
1647 2436 1703 2489 in

96 2516 415 2587 exemplum
444 2515 595 2572 Juda
625 2517 794 2574 tilium
830 2520 1065 2576 hominis
1094 2523 1287 2589 tradit,
1333 2539 1441 2578 non
1479 2525 1702 2593 quidem

94 2609 298 2667 Judais
323 2613 726 2682 peccatoribus,
757 2615 852 2670 sed
880 2624 1063 2670 tamen
1091 2617 1497 2685 peccatoribus,
1530 2632 1705 2673 mem-

93 2702 212 2757 bris
232 2701 496 2757 videlicet
523 2702 655 2769 suis,
680 2704 875 2772 quibus
899 2704 1026 2760 illud
1051 2706 1429 2762 inastimabile
1450 2716 1505 2762 et
1526 2708 1704 2763 invio-

92 2795 259 2851 labile
287 2795 561 2871 Dominici
592 2802 837 2869 corporis
879 2814 945 2855 ac
987 2802 1267 2872 sanguinis
1297 2813 1703 2859 sacramentum

92 2898 372 2946 temerare
420 2891 723 2961 prasumit.
778 2892 873 2949 llle
919 2894 1209 2950 Dominum
1237 2896 1425 2952 vendit
1452 2897 1549 2967 qui
1585 2896 1703 2967 ejus

92 2981 295 3038 timore
342 2990 508 3053 atque
554 2997 740 3040 amore
784 2985 1049 3058 neglecto,
1100 2994 1316 3042 terrena
1357 3002 1458 3057 pro
1509 2987 1601 3044 illo
1648 2996 1706 3044 et

90 3074 325 3142 caduca,
354 3075 468 3130 imo
488 3075 656 3132 etiam
686 3076 979 3134 criminosa
1009 3078 1233 3150 diligere
1266 3087 1322 3135 et
1352 3094 1548 3136 curare
1573 3093 1705 3135 con-

90 3168 361 3224 vincitur.

160 3259 381 3316 Bomtm
425 3269 537 3315 erat
591 3262 662 3328 ei,
688 3260 735 3316 si
774 3270 928 3317 natus
977 3279 1086 3318 non
1136 3263 1525 3333 fuissetjhomo
1580 3263 1700 3323 ille.

88 3351 378 3428 (Hieron.)
399 3350 520 3408 Non
566 3352 688 3407 ideo
720 3355 994 3425 putandus
1040 3365 1125 3412 est
1172 3365 1299 3412 ante
1331 3356 1498 3414 fuisse
1536 3375 1701 3431 quam

87 3454 446 3512 nasceretur,
476 3447 605 3516 quia
649 3445 782 3502 nulli
828 3448 1001 3519 possit
1033 3462 1154 3505 esse
1184 3449 1323 3505 bene
1368 3449 1475 3506 nisi
1512 3451 1564 3506 ei
1608 3452 1702 3522 qui

84 3540 283 3596 fuerit.
322 3538 431 3596 Sed
460 3540 787 3611 simpliciter
808 3542 1012 3597 dictum
1038 3552 1141 3609 est,
1165 3543 1336 3599 multo
1360 3544 1556 3600 melius
1582 3561 1701 3602 esse

83 3647 202 3690 non
216 3632 523 3688 subsistere
546 3649 710 3704 quam
733 3634 875 3689 male
895 3636 1211 3694 subsistere.

158 3721 506 3793 Respondens
554 3734 727 3779 autem
752 3724 925 3781 ludas
969 3728 1061 3798 qui
1108 3728 1325 3783 tradidit
1350 3746 1470 3784 eum
1517 3729 1699 3785 dixit:

83 3813 363 3886 Nunquid
394 3832 487 3886 ego
523 3832 663 3884 sum,
709 3815 917 3871 Rabbi?
958 3818 1044 3872 Ait
1073 3818 1191 3873 illi:
1214 3819 1291 3873 Tu
1318 3821 1519 3874 dixisti.
1562 3821 1701 3889 Quia

80 3907 283 3963 cateri
315 3908 521 3975 tristes,
546 3917 604 3964 et
626 3909 783 3965 valde
806 3910 1012 3978 tristes,
1042 3913 1516 3985 interrogaverunt
1541 3930 1697 3970 eum:

81 3999 361 4071 Nunquid
376 4017 468 4071 ego
490 4018 626 4068 sum,
649 4001 865 4057 Domine
881 4003 983 4059 lne
998 4006 1224 4061 tacendo
1245 4021 1303 4061 se
1315 4006 1546 4078 prodere
1557 4007 1703 4063 vide-

58 4100 266 4157 ‘retur,
298 4100 356 4146 et
380 4091 494 4161 ipse
515 4092 832 4163 simpliciter
856 4095 1155 4167 interrogat
1178 4112 1338 4167 quem
1362 4098 1697 4154 conscientia

78 4181 519 4253 pramordebat,
547 4184 641 4252 qui
670 4200 889 4240 manum
913 4187 1194 4243 audaciter
1222 4190 1451 4245 miserat
1498 4190 1556 4245 in
1604 4205 1699 4261 pa-

76 4274 392 4345 ropsidem.
444 4272 701 4346 Nunquid
747 4294 839 4347 ego
874 4295 1006 4343 sum,
1037 4279 1248 4335 Rabbi?
1270 4290 1326 4337 et
1371 4281 1699 4340 blandientis

71 4366 268 4437 jungit
316 4362 570 4421 allectum
623 4368 737 4422 sive
783 4369 1170 4427 incredulitatis
1221 4373 1453 4443 signum.
1500 4374 1698 4430 Cateri

77 4460 236 4514 enim
262 4458 359 4528 qui
393 4473 502 4513 non
522 4468 678 4516 erant
700 4462 1007 4531 proditores
1037 4465 1223 4520 dicunt
1247 4484 1259 4519 :
1294 4464 1553 4536 Nunquid
1581 4485 1696 4535 ego,

76 4554 362 4610 Domine?
389 4553 516 4620 Iste,
545 4555 636 4625 qui
671 4558 916 4626 proditor
950 4567 1090 4625 erat,
1122 4575 1229 4615 non
1267 4560 1574 4628 Dominum,
1604 4563 1699 4619 sed

79 4649 423 4720 magistrum
480 4657 668 4715 vocat;
722 4650 876 4719 quasi
930 4634 1335 4707 excusationem
1381 4654 1597 4721 habeat,
1652 4656 1698 4712 si

74 4741 332 4795 Domino
370 4740 633 4811 denegato
667 4741 854 4796 saltem
902 4743 1225 4812 magistrum
1267 4745 1586 4813 prodiderit.
1630 4745 1698 4801 Et

72 4833 156 4887 ait
188 4831 276 4887 illi
320 4845 335 4885 :
372 4829 453 4884 Tu
496 4833 698 4887 dixisti.
751 4834 951 4889 Eadem
990 4838 1343 4905 responsione
1382 4837 1697 4893 confutatus

68 4933 162 4979 est
221 4921 503 4994 proditor,
563 4938 668 4994 qua
725 4924 898 4980 Pilato
948 4935 1136 4997 postea
1184 4942 1541 4999 responsurus
1589 4937 1690 4985 est.

72 5016 372 5091 (August.)
403 5015 510 5072 Sed
538 5032 646 5072 non
683 5018 772 5073 hic
798 5027 984 5088 aperte
1026 5033 1344 5090 expressum
1389 5030 1472 5077 est
1508 5030 1691 5077 utrum

72 5113 201 5184 ipse
248 5119 420 5167 esset.
474 5111 660 5169 Potest
702 5113 847 5169 enim
902 5114 1003 5170 hoc
1041 5112 1118 5167 ita
1171 5114 1397 5184 intelligi
1432 5123 1690 5185 tanquam

74 5207 375 5261 diceretur
406 5222 420 5257 :
452 5204 570 5259 Non
609 5220 709 5276 ego
748 5206 888 5271 dixi;
919 5206 1094 5275 potuit
1123 5205 1287 5260 etiam
1329 5205 1431 5260 hoc
1456 5206 1534 5261 sic
1560 5205 1688 5273 dici,

73 5313 108 5353 a
132 5294 293 5351 Juda
316 5301 373 5349 et
399 5308 431 5347 a
461 5293 690 5350 Domino
717 5296 1036 5367 responderi
1065 5304 1125 5352 ut
1153 5310 1262 5352 non
1288 5311 1476 5351 omnes
1502 5297 1691 5352 adver-

77 5398 283 5445 terent
308 5386 453 5455 quod
474 5384 679 5440 dictum
705 5396 845 5441 erat.

156 5477 290 5555 [V.]
309 5477 644 5534 Canamibus
656 5489 829 5535 autem
842 5483 916 5536 eis
931 5485 1128 5547 accepit
1149 5482 1186 5537 Ι
1188 5499 1307 5539 esus
1316 5499 1504 5554 panem
1518 5499 1580 5537 ac
1598 5482 1686 5537 be-

76 5575 324 5641 nedixit,
356 5590 418 5627 ac
449 5573 601 5645 fregit
623 5574 865 5647 deditque
884 5576 1154 5647 discipulis
1175 5579 1310 5644 suis,
1344 5587 1393 5632 et
1438 5579 1511 5631 ait
1542 5592 1560 5629 :
1588 5578 1690 5632 Ac-

76 5670 255 5742 cipite
284 5676 331 5722 et
350 5667 625 5734 comedite,
647 5668 744 5722 hoc
765 5678 838 5722 est
861 5686 1046 5741 corpus
1066 5687 1256 5727 meum.
1284 5670 1465 5744 (ΗΑΒ.)
1494 5669 1689 5728 Finitis

74 5764 320 5837 pascha
345 5765 547 5821 veteris
572 5763 848 5820 solemniis
889 5779 1009 5834 qua
1037 5764 1092 5819 in
1117 5766 1687 5821 commemorationem

74 5854 345 5925 antiqua
363 5854 431 5912 de
442 5853 678 5928 Egypto
690 5856 1024 5912 liberationis
1042 5856 1223 5928 populi
1245 5858 1339 5913 Dei
1364 5858 1684 5929 agebantur,

72 5947 248 6024 quod
276 5950 475 6006 transit
502 5950 571 6006 ad
591 5964 789 6007 novum
823 5952 874 6007 in
919 5966 1032 6007 sua
1071 5949 1456 6022 redemptionis
1481 5965 1688 6007 memo-

1810 2064 1943 2119 tiam
1982 2064 2398 2127 demonstraret,
2445 2061 2673 2129 ideoque
2710 2059 2948 2115 velocius
2987 2075 3109 2115 eum
3151 2074 3182 2113 a
3225 2064 3402 2113 morte

1806 2156 2241 2213 resuscitandum
2270 2170 2390 2211 esse
2429 2155 2668 2210 doceret.

1876 2248 1946 2302 Et
1996 2248 2254 2319 accipiens
2304 2245 2540 2312 calicem,
2600 2247 2799 2316 gratias
2844 2247 2953 2316 agit
3004 2254 3054 2300 et
3099 2244 3241 2300 dedit
3290 2243 3398 2299 illis

1806 2340 1981 2394 dicens
2026 2358 2038 2393 :
2079 2337 2249 2393 Bibite
2281 2356 2345 2393 ea:
2381 2356 2441 2393 eo
2488 2354 2684 2392 omnes.
2721 2334 2921 2409 (Greg.)
2945 2336 3080 2392 Cum
3113 2337 3400 2407 appropin-

1807 2442 1977 2499 quare
2002 2430 2244 2501 passioni
2281 2430 2497 2493 dicitur,
2532 2437 2756 2499 accepto
2768 2444 2909 2498 pane
2932 2438 2988 2484 et
3010 2428 3178 2485 calice
3194 2429 3400 2498 gratias

1806 2521 1984 2594 egisse
2030 2523 2391 2592 perhibetur._
2420 2519 2637 2575 Gratias
2678 2519 2863 2589 itaque
2892 2520 3006 2597 agit
3048 2520 3140 2590 qui
3188 2518 3397 2590 ﬂagella

1805 2611 2009 2666 aliena
2026 2611 2325 2682 iniquitatis
2350 2609 2595 2681 suscipit,
2622 2620 2678 2665 et
2703 2610 2793 2679 qui
2818 2608 2893 2663 nil
2924 2609 3146 2681 dignum
3174 2622 3400 2679 percus-

1807 2702 1959 2757 sione
1988 2703 2255 2768 exhibuit,
2286 2702 2560 2756 humiliter
2606 2702 2661 2755 in
2701 2700 3051 2771 percussione
3104 2700 3396 2765 benedicit,

1804 2800 1867 2847 ut
1906 2793 2035 2847 hinc
2077 2793 2332 2848 videlicet
2360 2792 2613 2848 ostendat
2635 2791 2766 2862 quid
2794 2790 3170 2861 unusquisque
3217 2790 3272 2844 in
3300 2789 3398 2844 ﬂa-

1806 2884 1945 2954 gello
1983 2885 2153 2956 culpa
2196 2885 2430 2956 propria
2469 2883 2647 2940 facere
2680 2884 2895 2950 debeat,
2924 2883 2969 2938 si
2997 2884 3113 2954 ipse
3150 2881 3399 2952 aquani-

1805 2974 1969 3029 miter
1994 2974 2203 3047 ﬂagella
2249 2974 2420 3045 culpa
2444 2982 2627 3044 portat
2655 2973 2865 3039 aliena,
2893 2981 2952 3028 ut
2978 2973 3105 3028 hinc
3141 2971 3399 3027 ostendat

1806 3068 1936 3139 quid
1976 3069 2033 3123 in
2062 3069 2406 3139 correptione
2432 3067 2599 3122 faciat
2626 3067 2892 3133 subditus,
2912 3065 2959 3121 si
2982 3066 3039 3120 in
3065 3062 3277 3136 ﬂagello
3301 3075 3398 3132 po-

1805 3161 1945 3218 situs
1971 3159 2123 3217 Patri
2147 3162 2354 3233 gratias
2375 3162 2487 3231 agit
2512 3158 2767 3231 aequales.

1876 3274 1983 3331 Hic
2012 3288 2029 3343 ξ
2036 3285 2110 3331 est
2164 3276 2301 3331 enim
2356 3277 2570 3346 sanguis
2621 3291 2767 3330 meus
2813 3275 2932 3330 novi
2969 3275 3284 3341 testamenti,
3310 3274 3402 3345 qui

1804 3383 1901 3438 pro
1952 3366 2135 3421 multis
2184 3367 2483 3437 e/fundetur
2531 3369 2588 3421 in
2634 3367 2992 3421 remissionem
3040 3375 3396 3437 peccatorum.

1807 3458 1993 3534 (ΚΑΒ.)
2016 3460 2152 3528 Quia
2175 3475 2306 3531 ergo
2334 3461 2490 3531 panis
2516 3460 2801 3515 confirmat
2825 3501 2840 3526 ,
2870 3459 3053 3514 vinum
3088 3473 3223 3515 vero
3271 3473 3402 3513 san-

1806 3554 2025 3626 guinem
2078 3562 2334 3625 operatur
2384 3553 2439 3607 in
2491 3569 2673 3617 carne,
2716 3554 2806 3608 hic
2852 3552 2919 3606 ad
2954 3567 3152 3622 corpus
3198 3549 3403 3607 Christi

1804 3645 2059 3717 mystice,
2105 3644 2237 3699 illud
2275 3644 2512 3701 refertur
2559 3645 2627 3700 ad
2674 3645 3011 3718 sanguinem.
3041 3643 3243 3700 Verum
3274 3641 3403 3713 quia

1804 3744 1861 3792 et
1880 3751 1981 3792 nos
2006 3738 2059 3792 in
2077 3736 2297 3792 Christo
2310 3744 2364 3792 et
2384 3736 2437 3791 in
2452 3736 2612 3792 nobis
2630 3735 2905 3792 Christum
2925 3750 3147 3790 manere
3161 3741 3400 3806 oportet,

1803 3830 1989 3886 vinum
2032 3830 2304 3885 Dominici
2360 3828 2545 3885 calicis
2593 3845 2733 3901 aqua
2784 3829 3063 3886 miscetur.
3094 3828 3404 3883 Attestante

1803 3922 1949 3978 enim
2018 3921 2245 3988 Joanne,
2303 3939 2455 3994 aqua:
2493 3920 2674 3994 populi
2727 3931 2849 3977 sunt
2901 3921 3087 3994 (Apoc.
3135 3919 3292 3992 xvu).
3335 3919 3405 3975 Et

1804 4028 1982 4085 neque
2019 4030 2215 4085 aquam
2245 4014 2415 4070 solam
2441 4029 2618 4083 neque
2661 4014 2834 4069 solum
2868 4013 3077 4081 vinum,
3132 4013 3273 4068 sicut
3300 4026 3402 4067 nec

1804 4119 2036 4175 granum
2078 4103 2335 4159 frumenti
2387 4104 2561 4160 solum
2614 4103 2729 4159 sine
2782 4120 2935 4174 aqua
2980 4103 3304 4158 admistione
3346 4102 3403 4156 in

1803 4210 1998 4267 panem
2038 4195 2290 4265 cuiquam
2317 4195 2443 4249 licet
2466 4192 2684 4261 offerre,
2715 4211 2784 4250 ne
2815 4195 2937 4250 talis
2964 4195 3217 4251 videlicet
3253 4193 3405 4249 obla-

1803 4286 1881 4341 tio
1925 4286 2081 4355 quasi
2130 4296 2292 4357 caput
2338 4286 2598 4341 membris
2628 4287 3021 4341 secernendum
3065 4268 3187 4341 esse
3237 4284 3406 4357 signi-

1764 4452 1771 4459 _
1804 4379 1948 4439 licet.
1977 4388 2033 4431 et
2052 4378 2137 4432 vel
2164 4378 2441 4433 Christum
2463 4378 2581 4432 sine
2594 4388 2792 4433 nostra
2808 4376 3193 4447 redemptionis
3216 4392 3405 4432 amore

1802 4470 1917 4540 pati
1947 4470 2209 4538 potuisse,
2254 4468 2338 4523 vel
2367 4482 2467 4523 nos
2506 4468 2623 4523 sine
2670 4468 2871 4524 Christi
2913 4469 3164 4539 passione
3204 4468 3402 4523 salvari

1806 4579 1870 4618 ac
1889 4562 2037 4617 Patri
2060 4562 2243 4618 ollerri
2260 4577 2418 4632 posse
2445 4560 2739 4633 contingat.
2769 4563 2924 4628 Quod
2948 4562 2991 4617 si
3008 4575 3169 4633 quem
3198 4567 3396 4627 movet,

1806 4672 1930 4712 cum
1960 4657 2191 4712 coenatis
2221 4655 2473 4711 Salvator
2495 4656 2754 4725 apostolis
2778 4670 2938 4710 suum
2966 4670 3165 4725 corpus
3186 4668 3251 4709 ac
3274 4669 3401 4709 san-

1801 4749 2019 4822 guinem
2052 4748 2353 4814 tradiderit,
2412 4762 2583 4818 quare
2638 4762 2737 4803 nos
2783 4743 3108 4801 universalis
3140 4742 3432 4822 Ecclesia!

1799 4840 2192 4897 consuetudine
2228 4836 2399 4908 jejuni
2474 4839 2766 4894 doceamur
2820 4837 3009 4893 eadem
3051 4842 3397 4891 sacramenta

1795 4931 2097 5004 percipere,
2140 4930 2383 4986 breviter
2410 4930 2615 4997 audiat,
2645 4930 2767 4986 ideo
2813 4938 2939 4984 tunc
2980 4934 3225 4984 canales
3248 4940 3397 4981 com-

1797 5024 2104 5079 municasse
2133 5021 2427 5093 apostolos,
2459 5022 2586 5093 quia
2609 5035 2832 5077 necesse
2866 5028 2987 5075 erat
3031 5017 3234 5089 pascha
3263 5015 3396 5073 illud

1795 5116 2034 5189 typicum
2064 5116 2453 5182 consummari,
2483 5122 2540 5171 et
2589 5114 2669 5170 sic
2710 5114 2777 5169 ad
2815 5113 2929 5169 veri
2950 5113 3166 5183 pascha
3212 5126 3396 5167 sacra-

1801 5218 1987 5263 menta
2018 5208 2257 5262 transiri.
2288 5206 2443 5262 Nunc
2472 5207 2527 5261 in
2574 5206 2835 5260 honorem
2879 5203 3014 5257 tanti
3044 5211 3261 5273 tamque
3284 5210 3395 5258 ter-

1800 5300 1973 5356 ribilis
1988 5301 2316 5356 sacramenti
2333 5300 2599 5371 placuisse
2614 5297 2892 5369 magistris
2913 5295 3192 5363 Ecclesia,
3214 5296 3393 5369 primo

1800 5407 1899 5448 nos
1930 5391 2223 5447 Dominica
2252 5389 2520 5461 passionis
2549 5388 2964 5459 participatione
2978 5386 3392 5458 muniri,primo

1800 5482 2134 5555 spiritalibus
2163 5480 2337 5553 epulis
2390 5479 2620 5536 interius
2674 5479 2901 5547 sacrari,
2949 5493 3014 5534 ac
3055 5478 3250 5535 deinde
3275 5486 3388 5532 ter-

1798 5579 1967 5634 renis-
1993 5578 2220 5648 dapibus
2259 5590 2457 5647 corpus
2499 5583 2559 5651 get
2585 5574 2782 5630 vilibus
2824 5574 2965 5630 escis
3002 5574 3176 5631 refici.
3234 5570 3390 5640 Quod

1798 5681 1979 5729 autem
2031 5673 2202 5728 dicit:
2234 5669 2340 5724 Hic
2385 5680 2457 5725 est
2486 5672 2702 5742 sanguis
2737 5685 2883 5723 meus
2920 5669 3038 5722 novi
3087 5663 3385 5723 testamenti

1798 5766 1866 5821 ad
1908 5763 2307 5819 distinctionem
2356 5760 2577 5831 respicit
2626 5759 2827 5815 veteris
2879 5755 3207 5821 testamenti,
3239 5753 3385 5824 quod

1796 5858 2070 5913 hircorum
2094 5863 2151 5910 et
2166 5855 2460 5910 vitulorum
2482 5862 2566 5909 est
2592 5852 2853 5924 sanguine
2883 5851 3144 5913 dicatum,
3167 5843 3385 5902 dicente

1795 5951 1941 6006 inter
1957 5953 2351 6019 aspergendum
2374 5946 2681 6015 legislatore
2709 5965 2723 6001 :
2747 5944 2853 6001 Hic
2876 5952 2951 6000 est
2978 5957 3194 6008 sanguis
3221 5946 3383 5994 testa-
