  <div class='ocr_page' id='page_1' title='image "/cluster/home/n/w/nwhite01/storage/ocr_20150623/107/hvd.32044015466832/560.png"; bbox 0 0 3898 6462; ppageno 0'>
   <div class='ocr_carea' id='block_1_1' title="bbox 246 504 382 563">
    <p class='ocr_par' dir='ltr' id='par_1_1' title="bbox 246 504 382 563">
     <span class='ocr_line' id='line_1_1' title="bbox 246 504 382 563; baseline -0.015 0"><span class='ocrx_word' id='word_1_1' title='bbox 246 504 382 563; x_wconf 84' lang='grc'><strong>1109</strong></span> 
     </span>
    </p>
   </div>
   <div class='ocr_carea' id='block_1_2' title="bbox 1161 429 2549 547">
    <p class='ocr_par' dir='ltr' id='par_1_2' title="bbox 1161 429 2549 547">
     <span class='ocr_line' id='line_1_2' title="bbox 1161 429 2549 547; baseline -0.014 0"><span class='ocrx_word' id='word_1_2' title='bbox 1161 463 1514 547; x_wconf 72' lang='lat' dir='ltr'><strong>coiiiisnr.</strong></span> <span class='ocrx_word' id='word_1_3' title='bbox 1552 479 1620 537; x_wconf 85' lang='lat' dir='ltr'><strong>1N</strong></span> <span class='ocrx_word' id='word_1_4' title='bbox 1660 442 2095 533; x_wconf 68' lang='grc' dir='ltr'>ιιΑΤΤιιίΕυιι.</span> <span class='ocrx_word' id='word_1_5' title='bbox 2133 461 2206 518; x_wconf 66' lang='lat'><strong>’—</strong></span> <span class='ocrx_word' id='word_1_6' title='bbox 2242 449 2370 532; x_wconf 70' lang='lat' dir='ltr'><strong>uti.</strong></span> <span class='ocrx_word' id='word_1_7' title='bbox 2412 429 2549 531; x_wconf 80' lang='lat' dir='ltr'><strong>vin.</strong></span> 
     </span>
    </p>
   </div>
   <div class='ocr_carea' id='block_1_3' title="bbox 3370 463 3512 525">
    <p class='ocr_par' dir='ltr' id='par_1_3' title="bbox 3370 463 3512 525">
     <span class='ocr_line' id='line_1_3' title="bbox 3370 463 3512 525; baseline -0.007 0"><span class='ocrx_word' id='word_1_8' title='bbox 3370 463 3512 525; x_wconf 86' lang='grc'><strong>1110</strong></span> 
     </span>
    </p>
   </div>
   <div class='ocr_carea' id='block_1_4' title="bbox 245 579 3514 678">
    <p class='ocr_par' dir='ltr' id='par_1_4' title="bbox 245 579 3514 678">
     <span class='ocr_line' id='line_1_4' title="bbox 245 579 3514 678; baseline -0.008 -10"><span class='ocrx_word' id='word_1_9' title='bbox 245 617 355 673; x_wconf 81' lang='lat' dir='ltr'><strong>Nos</strong></span> <span class='ocrx_word' id='word_1_10' title='bbox 384 628 511 668; x_wconf 91' lang='lat' dir='ltr'><strong>vero</strong></span> <span class='ocrx_word' id='word_1_11' title='bbox 539 599 780 668; x_wconf 85' lang='lat' dir='ltr'><strong>dicamus</strong></span> <span class='ocrx_word' id='word_1_12' title='bbox 816 627 830 661; x_wconf 87' lang='lat'><strong>:</strong></span> <span class='ocrx_word' id='word_1_13' title='bbox 882 607 1007 662; x_wconf 72' lang='lat' dir='ltr'><strong>Non:</strong></span> <span class='ocrx_word' id='word_1_14' title='bbox 1038 601 1315 678; x_wconf 64' lang='lat' dir='ltr'><strong>praeteriit,</strong></span> <span class='ocrx_word' id='word_1_15' title='bbox 1354 600 1466 654; x_wconf 83' lang='lat' dir='ltr'><strong>dies</strong></span> <span class='ocrx_word' id='word_1_16' title='bbox 1508 607 1682 652; x_wconf 83' lang='lat' dir='ltr'><strong>autem</strong></span> <span class='ocrx_word' id='word_1_17' title='bbox 1727 611 1820 663; x_wconf 82' lang='lat' dir='ltr'><strong>ap-</strong></span> <span class='ocrx_word' id='word_1_18' title='bbox 1845 579 1900 654; x_wconf 67' lang='grc' dir='ltr'><strong>Α</strong></span> <span class='ocrx_word' id='word_1_19' title='bbox 1925 599 2080 661; x_wconf 88' lang='lat' dir='ltr'><strong>cepta</strong></span> <span class='ocrx_word' id='word_1_20' title='bbox 2116 599 2218 645; x_wconf 90' lang='lat' dir='ltr'><strong>est.</strong></span> <span class='ocrx_word' id='word_1_21' title='bbox 2250 588 2364 644; x_wconf 86' lang='lat' dir='ltr'><strong>Nec</strong></span> <span class='ocrx_word' id='word_1_22' title='bbox 2400 589 2626 644; x_wconf 90' lang='lat' dir='ltr'><strong>interest</strong></span> <span class='ocrx_word' id='word_1_23' title='bbox 2652 587 2868 658; x_wconf 76' lang='lat' dir='ltr'><strong>quantis</strong></span> <span class='ocrx_word' id='word_1_24' title='bbox 2908 600 3187 642; x_wconf 89' lang='lat' dir='ltr'><strong>morarum</strong></span> <span class='ocrx_word' id='word_1_25' title='bbox 3215 582 3514 641; x_wconf 79' lang='lat' dir='ltr'><strong>intervallis</strong></span> 
     </span>
    </p>
   </div>
   <div class='ocr_carea' id='block_1_5' title="bbox 245 698 1000 780">
    <p class='ocr_par' dir='ltr' id='par_1_5' title="bbox 245 698 1000 780">
     <span class='ocr_line' id='line_1_5' title="bbox 245 698 1000 780; baseline -0.016 -16"><span class='ocrx_word' id='word_1_26' title='bbox 245 703 624 780; x_wconf 79' lang='lat' dir='ltr'><strong>propinquabit</strong></span> <span class='ocrx_word' id='word_1_27' title='bbox 653 700 833 774; x_wconf 90' lang='lat' dir='ltr'><strong>(Rom.</strong></span> <span class='ocrx_word' id='word_1_28' title='bbox 856 698 1000 771; x_wconf 81' lang='lat' dir='ltr'><strong>xm).</strong></span> 
     </span>
    </p>
   </div>
   <div class='ocr_carea' id='block_1_6' title="bbox 317 785 1826 870">
    <p class='ocr_par' dir='ltr' id='par_1_6' title="bbox 317 785 1826 870">
     <span class='ocr_line' id='line_1_6' title="bbox 317 785 1826 870; baseline -0.013 -15"><span class='ocrx_word' id='word_1_29' title='bbox 317 800 581 870; x_wconf 78' lang='lat' dir='ltr'><strong>Scriptum</strong></span> <span class='ocrx_word' id='word_1_30' title='bbox 615 807 687 851; x_wconf 88' lang='lat' dir='ltr'><strong>est</strong></span> <span class='ocrx_word' id='word_1_31' title='bbox 719 795 890 864; x_wconf 78' lang='lat' dir='ltr'><strong>enim:</strong></span> <span class='ocrx_word' id='word_1_32' title='bbox 919 791 1220 862; x_wconf 83' lang='lat' dir='ltr'><strong>Percutiam</strong></span> <span class='ocrx_word' id='word_1_33' title='bbox 1243 797 1504 860; x_wconf 81' lang='lat' dir='ltr'><strong>pastorem</strong></span> <span class='ocrx_word' id='word_1_34' title='bbox 1542 794 1591 840; x_wconf 90' lang='lat' dir='ltr'><strong>et</strong></span> <span class='ocrx_word' id='word_1_35' title='bbox 1627 785 1826 854; x_wconf 85' lang='lat' dir='ltr'><strong>disper-</strong></span> 
     </span>
    </p>
   </div>
   <div class='ocr_carea' id='block_1_7' title="bbox 247 877 1825 965">
    <p class='ocr_par' dir='ltr' id='par_1_7' title="bbox 247 877 1825 965">
     <span class='ocr_line' id='line_1_7' title="bbox 247 877 1825 965; baseline -0.011 -18"><span class='ocrx_word' id='word_1_36' title='bbox 247 902 433 965; x_wconf 86' lang='lat' dir='ltr'><strong>gentur</strong></span> <span class='ocrx_word' id='word_1_37' title='bbox 462 906 575 944; x_wconf 86' lang='lat' dir='ltr'><strong>oves</strong></span> <span class='ocrx_word' id='word_1_38' title='bbox 614 887 801 960; x_wconf 78' lang='lat' dir='ltr'><strong>gregis.</strong></span> <span class='ocrx_word' id='word_1_39' title='bbox 839 884 953 940; x_wconf 84' lang='lat' dir='ltr'><strong>Hoc</strong></span> <span class='ocrx_word' id='word_1_40' title='bbox 980 882 1100 937; x_wconf 89' lang='lat' dir='ltr'><strong>aliis</strong></span> <span class='ocrx_word' id='word_1_41' title='bbox 1123 879 1302 946; x_wconf 78' lang='lat' dir='ltr'><strong>verbis</strong></span> <span class='ocrx_word' id='word_1_42' title='bbox 1330 880 1389 933; x_wconf 82' lang='lat' dir='ltr'><strong>in</strong></span> <span class='ocrx_word' id='word_1_43' title='bbox 1408 877 1668 934; x_wconf 87' lang='lat' dir='ltr'><strong>Zacharia</strong></span> <span class='ocrx_word' id='word_1_44' title='bbox 1697 891 1825 947; x_wconf 86' lang='lat' dir='ltr'><strong>pro-</strong></span> 
     </span>
    </p>
   </div>
   <div class='ocr_carea' id='block_1_8' title="bbox 247 971 1829 1054">
    <p class='ocr_par' dir='ltr' id='par_1_8' title="bbox 247 971 1829 1054">
     <span class='ocr_line' id='line_1_8' title="bbox 247 971 1829 1054; baseline -0.008 -17"><span class='ocrx_word' id='word_1_45' title='bbox 247 983 410 1054; x_wconf 85' lang='lat' dir='ltr'><strong>pheta</strong></span> <span class='ocrx_word' id='word_1_46' title='bbox 472 979 732 1050; x_wconf 90' lang='lat' dir='ltr'><strong>scriptum</strong></span> <span class='ocrx_word' id='word_1_47' title='bbox 768 985 868 1042; x_wconf 87' lang='lat' dir='ltr'><strong>est,</strong></span> <span class='ocrx_word' id='word_1_48' title='bbox 921 983 976 1031; x_wconf 89' lang='lat' dir='ltr'><strong>et</strong></span> <span class='ocrx_word' id='word_1_49' title='bbox 1020 975 1075 1029; x_wconf 90' lang='lat' dir='ltr'><strong>ni</strong></span> <span class='ocrx_word' id='word_1_50' title='bbox 1121 971 1281 1027; x_wconf 85' lang='lat' dir='ltr'><strong>fallor</strong></span> <span class='ocrx_word' id='word_1_51' title='bbox 1327 987 1394 1026; x_wconf 86' lang='lat' dir='ltr'><strong>ex</strong></span> <span class='ocrx_word' id='word_1_52' title='bbox 1431 985 1665 1041; x_wconf 83' lang='lat' dir='ltr'><strong>persona</strong></span> <span class='ocrx_word' id='word_1_53' title='bbox 1701 984 1829 1039; x_wconf 89' lang='lat' dir='ltr'><strong>pro-</strong></span> 
     </span>
    </p>
   </div>
   <div class='ocr_carea' id='block_1_9' title="bbox 247 1063 1829 1145">
    <p class='ocr_par' dir='ltr' id='par_1_9' title="bbox 247 1063 1829 1145">
     <span class='ocr_line' id='line_1_9' title="bbox 247 1063 1829 1145; baseline -0.009 -15"><span class='ocrx_word' id='word_1_54' title='bbox 247 1076 423 1145; x_wconf 67' lang='lat' dir='ltr'><strong>pheta:</strong></span> <span class='ocrx_word' id='word_1_55' title='bbox 459 1073 525 1129; x_wconf 90' lang='lat' dir='ltr'><strong>ad</strong></span> <span class='ocrx_word' id='word_1_56' title='bbox 575 1072 743 1126; x_wconf 88' lang='lat' dir='ltr'><strong>Deum</strong></span> <span class='ocrx_word' id='word_1_57' title='bbox 784 1070 1021 1125; x_wconf 88' lang='lat' dir='ltr'><strong>dicitur:</strong></span> <span class='ocrx_word' id='word_1_58' title='bbox 1054 1067 1274 1123; x_wconf 86' lang='lat' dir='ltr'><strong>Percute</strong></span> <span class='ocrx_word' id='word_1_59' title='bbox 1315 1076 1600 1137; x_wconf 77' lang='lat' dir='ltr'><strong>pastorem,</strong></span> <span class='ocrx_word' id='word_1_60' title='bbox 1655 1072 1703 1118; x_wconf 90' lang='lat' dir='ltr'><strong>et</strong></span> <span class='ocrx_word' id='word_1_61' title='bbox 1745 1063 1829 1117; x_wconf 84' lang='lat' dir='ltr'><strong>di-</strong></span> 
     </span>
    </p>
   </div>
   <div class='ocr_carea' id='block_1_10' title="bbox 249 1159 1830 1238">
    <p class='ocr_par' dir='ltr' id='par_1_10' title="bbox 249 1159 1830 1238">
     <span class='ocr_line' id='line_1_10' title="bbox 249 1159 1830 1238; baseline -0.007 -16"><span class='ocrx_word' id='word_1_62' title='bbox 249 1176 552 1238; x_wconf 85' lang='lat' dir='ltr'><strong>spergentur</strong></span> <span class='ocrx_word' id='word_1_63' title='bbox 589 1181 704 1218; x_wconf 84' lang='lat' dir='ltr'><strong>oves</strong></span> <span class='ocrx_word' id='word_1_64' title='bbox 758 1161 942 1234; x_wconf 79' lang='lat' dir='ltr'><strong>(Zacli.</strong></span> <span class='ocrx_word' id='word_1_65' title='bbox 974 1159 1192 1230; x_wconf 57' lang='grc' dir='ltr'>χχχιιι).</span> <span class='ocrx_word' id='word_1_66' title='bbox 1229 1159 1576 1228; x_wconf 76' lang='lat' dir='ltr'><strong>Sexagesima</strong></span> <span class='ocrx_word' id='word_1_67' title='bbox 1619 1171 1830 1226; x_wconf 90' lang='lat' dir='ltr'><strong>quoque</strong></span> 
     </span>
    </p>
   </div>
   <div class='ocr_carea' id='block_1_11' title="bbox 251 1247 1832 1328">
    <p class='ocr_par' dir='ltr' id='par_1_11' title="bbox 251 1247 1832 1328">
     <span class='ocr_line' id='line_1_11' title="bbox 251 1247 1832 1328; baseline -0.007 -15"><span class='ocrx_word' id='word_1_68' title='bbox 251 1269 441 1314; x_wconf 88' lang='lat' dir='ltr'><strong>octavo</strong></span> <span class='ocrx_word' id='word_1_69' title='bbox 493 1257 724 1328; x_wconf 82' lang='lat' dir='ltr'><strong>psalmo,</strong></span> <span class='ocrx_word' id='word_1_70' title='bbox 773 1255 866 1324; x_wconf 86' lang='lat' dir='ltr'><strong>qui</strong></span> <span class='ocrx_word' id='word_1_71' title='bbox 907 1262 1051 1308; x_wconf 91' lang='lat' dir='ltr'><strong>totus</strong></span> <span class='ocrx_word' id='word_1_72' title='bbox 1098 1269 1128 1306; x_wconf 89' lang='lat' dir='ltr'><strong>a</strong></span> <span class='ocrx_word' id='word_1_73' title='bbox 1186 1251 1412 1306; x_wconf 90' lang='lat' dir='ltr'><strong>Domino</strong></span> <span class='ocrx_word' id='word_1_74' title='bbox 1457 1249 1668 1304; x_wconf 85' lang='lat' dir='ltr'><strong>canitur</strong></span> <span class='ocrx_word' id='word_1_75' title='bbox 1707 1247 1832 1302; x_wconf 84' lang='lat' dir='ltr'><strong>huic</strong></span> 
     </span>
    </p>
   </div>
   <div class='ocr_carea' id='block_1_12' title="bbox 251 1339 1832 1418">
    <p class='ocr_par' dir='ltr' id='par_1_12' title="bbox 251 1339 1832 1418">
     <span class='ocr_line' id='line_1_12' title="bbox 251 1339 1832 1418; baseline -0.009 -12"><span class='ocrx_word' id='word_1_76' title='bbox 251 1344 430 1406; x_wconf 85' lang='lat' dir='ltr'><strong>sensui</strong></span> <span class='ocrx_word' id='word_1_77' title='bbox 460 1353 813 1418; x_wconf 76' lang='lat' dir='ltr'><strong>congruente,</strong></span> <span class='ocrx_word' id='word_1_78' title='bbox 848 1343 1106 1409; x_wconf 79' lang='lat' dir='ltr'><strong>Quoniam</strong></span> <span class='ocrx_word' id='word_1_79' title='bbox 1132 1359 1282 1413; x_wconf 79' lang='lat' dir='ltr'><strong>quem</strong></span> <span class='ocrx_word' id='word_1_80' title='bbox 1307 1351 1361 1394; x_wconf 89' lang='lat' dir='ltr'><strong>tu</strong></span> <span class='ocrx_word' id='word_1_81' title='bbox 1383 1339 1708 1410; x_wconf 68' lang='lat' dir='ltr'><strong>percussisti,</strong></span> <span class='ocrx_word' id='word_1_82' title='bbox 1733 1339 1832 1408; x_wconf 82' lang='lat' dir='ltr'><strong>ipsi</strong></span> 
     </span>
    </p>
   </div>
   <div class='ocr_carea' id='block_1_13' title="bbox 251 1425 1835 1511">
    <p class='ocr_par' dir='ltr' id='par_1_13' title="bbox 251 1425 1835 1511">
     <span class='ocr_line' id='line_1_13' title="bbox 251 1425 1835 1511; baseline -0.006 -18"><span class='ocrx_word' id='word_1_83' title='bbox 251 1425 506 1511; x_wconf 64' lang='lat' dir='ltr'><strong>pcrsecuii</strong></span> <span class='ocrx_word' id='word_1_84' title='bbox 550 1447 689 1491; x_wconf 85' lang='lat' dir='ltr'><strong>sunt.</strong></span> <span class='ocrx_word' id='word_1_85' title='bbox 749 1435 1054 1490; x_wconf 83' lang='lat' dir='ltr'><strong>Percutitur</strong></span> <span class='ocrx_word' id='word_1_86' title='bbox 1105 1443 1283 1487; x_wconf 86' lang='lat' dir='ltr'><strong>autem</strong></span> <span class='ocrx_word' id='word_1_87' title='bbox 1335 1440 1520 1501; x_wconf 91' lang='lat' dir='ltr'><strong>pastor</strong></span> <span class='ocrx_word' id='word_1_88' title='bbox 1552 1431 1724 1484; x_wconf 88' lang='lat' dir='ltr'><strong>bonus</strong></span> <span class='ocrx_word' id='word_1_89' title='bbox 1775 1436 1835 1484; x_wconf 86' lang='lat' dir='ltr'><strong>ut</strong></span> 
     </span>
    </p>
   </div>
   <div class='ocr_carea' id='block_1_14' title="bbox 252 1522 1832 1603">
    <p class='ocr_par' dir='ltr' id='par_1_14' title="bbox 252 1522 1832 1603">
     <span class='ocr_line' id='line_1_14' title="bbox 252 1522 1832 1603; baseline -0.004 -19"><span class='ocrx_word' id='word_1_90' title='bbox 252 1541 416 1603; x_wconf 86' lang='lat' dir='ltr'><strong>ponat</strong></span> <span class='ocrx_word' id='word_1_91' title='bbox 442 1531 674 1585; x_wconf 89' lang='lat' dir='ltr'><strong>animam</strong></span> <span class='ocrx_word' id='word_1_92' title='bbox 701 1545 800 1599; x_wconf 87' lang='lat' dir='ltr'><strong>pro</strong></span> <span class='ocrx_word' id='word_1_93' title='bbox 825 1528 1015 1584; x_wconf 90' lang='lat' dir='ltr'><strong>ovibus</strong></span> <span class='ocrx_word' id='word_1_94' title='bbox 1053 1525 1165 1580; x_wconf 91' lang='lat' dir='ltr'><strong>suis</strong></span> <span class='ocrx_word' id='word_1_95' title='bbox 1193 1535 1248 1579; x_wconf 89' lang='lat' dir='ltr'><strong>et</strong></span> <span class='ocrx_word' id='word_1_96' title='bbox 1279 1525 1344 1580; x_wconf 88' lang='lat' dir='ltr'><strong>de</strong></span> <span class='ocrx_word' id='word_1_97' title='bbox 1379 1523 1560 1578; x_wconf 89' lang='lat' dir='ltr'><strong>multis</strong></span> <span class='ocrx_word' id='word_1_98' title='bbox 1580 1522 1832 1594; x_wconf 78' lang='lat' dir='ltr'><strong>gregibus</strong></span> 
     </span>
    </p>
   </div>
   <div class='ocr_carea' id='block_1_15' title="bbox 253 1622 1437 1688">
    <p class='ocr_par' dir='ltr' id='par_1_15' title="bbox 253 1622 1437 1688">
     <span class='ocr_line' id='line_1_15' title="bbox 253 1622 1437 1688; baseline -0.007 -11"><span class='ocrx_word' id='word_1_99' title='bbox 253 1639 503 1678; x_wconf 87' lang='lat' dir='ltr'><strong>errorum</strong></span> <span class='ocrx_word' id='word_1_100' title='bbox 538 1622 630 1675; x_wconf 82' lang='lat' dir='ltr'><strong>fiat</strong></span> <span class='ocrx_word' id='word_1_101' title='bbox 659 1637 797 1675; x_wconf 87' lang='lat' dir='ltr'><strong>unus</strong></span> <span class='ocrx_word' id='word_1_102' title='bbox 829 1636 960 1688; x_wconf 77' lang='lat' dir='ltr'><strong>grex</strong></span> <span class='ocrx_word' id='word_1_103' title='bbox 997 1627 1051 1673; x_wconf 90' lang='lat' dir='ltr'><strong>et</strong></span> <span class='ocrx_word' id='word_1_104' title='bbox 1073 1633 1213 1672; x_wconf 90' lang='lat' dir='ltr'><strong>unus</strong></span> <span class='ocrx_word' id='word_1_105' title='bbox 1234 1625 1437 1687; x_wconf 89' lang='lat' dir='ltr'><strong>pastor.</strong></span> 
     </span>
    </p>
   </div>
   <div class='ocr_carea' id='block_1_16' title="bbox 325 1705 1834 1784">
    <p class='ocr_par' dir='ltr' id='par_1_16' title="bbox 325 1705 1834 1784">
     <span class='ocr_line' id='line_1_16' title="bbox 325 1705 1834 1784; baseline -0.005 -15"><span class='ocrx_word' id='word_1_106' title='bbox 325 1717 611 1784; x_wconf 79' lang='lat' dir='ltr'><strong>Pos:quam</strong></span> <span class='ocrx_word' id='word_1_107' title='bbox 629 1726 802 1770; x_wconf 79' lang='lat' dir='ltr'><strong>autent</strong></span> <span class='ocrx_word' id='word_1_108' title='bbox 822 1730 1151 1769; x_wconf 65' lang='lat' dir='ltr'><strong>resurrexero</strong></span> <span class='ocrx_word' id='word_1_109' title='bbox 1172 1713 1464 1783; x_wconf 72' lang='lat' dir='ltr'><strong>prwcedam</strong></span> <span class='ocrx_word' id='word_1_110' title='bbox 1495 1727 1580 1765; x_wconf 84' lang='lat' dir='ltr'><strong>vos</strong></span> <span class='ocrx_word' id='word_1_111' title='bbox 1608 1711 1663 1765; x_wconf 90' lang='lat' dir='ltr'><strong>in</strong></span> <span class='ocrx_word' id='word_1_112' title='bbox 1686 1705 1834 1762; x_wconf 85' lang='lat' dir='ltr'><strong>Gali-</strong></span> 
     </span>
    </p>
   </div>
   <div class='ocr_carea' id='block_1_17' title="bbox 253 1804 1833 1878">
    <p class='ocr_par' dir='ltr' id='par_1_17' title="bbox 253 1804 1833 1878">
     <span class='ocr_line' id='line_1_17' title="bbox 253 1804 1833 1878; baseline -0.003 -18"><span class='ocrx_word' id='word_1_113' title='bbox 253 1806 426 1860; x_wconf 38' lang='lat' dir='ltr'><strong>laeam.</strong></span> <span class='ocrx_word' id='word_1_114' title='bbox 472 1807 696 1878; x_wconf 54' lang='lat' dir='ltr'><strong>(Maura)</strong></span> <span class='ocrx_word' id='word_1_115' title='bbox 733 1805 883 1860; x_wconf 88' lang='lat' dir='ltr'><strong>Sicut</strong></span> <span class='ocrx_word' id='word_1_116' title='bbox 914 1805 1057 1859; x_wconf 90' lang='lat' dir='ltr'><strong>enim</strong></span> <span class='ocrx_word' id='word_1_117' title='bbox 1099 1804 1166 1858; x_wconf 90' lang='lat' dir='ltr'><strong>ad</strong></span> <span class='ocrx_word' id='word_1_118' title='bbox 1201 1804 1504 1874; x_wconf 88' lang='lat' dir='ltr'><strong>passionem</strong></span> <span class='ocrx_word' id='word_1_119' title='bbox 1538 1816 1833 1872; x_wconf 88' lang='lat' dir='ltr'><strong>properans</strong></span> 
     </span>
    </p>
   </div>
   <div class='ocr_carea' id='block_1_18' title="bbox 255 1896 1831 1970">
    <p class='ocr_par' dir='ltr' id='par_1_18' title="bbox 255 1896 1831 1970">
     <span class='ocr_line' id='line_1_18' title="bbox 255 1896 1831 1970; baseline -0.001 -18"><span class='ocrx_word' id='word_1_120' title='bbox 255 1898 431 1955; x_wconf 90' lang='lat' dir='ltr'><strong>locum</strong></span> <span class='ocrx_word' id='word_1_121' title='bbox 474 1900 800 1970; x_wconf 71' lang='lat' dir='ltr'><strong>praedixerat</strong></span> <span class='ocrx_word' id='word_1_122' title='bbox 848 1899 1114 1969; x_wconf 80' lang='lat' dir='ltr'><strong>passionis</strong></span> <span class='ocrx_word' id='word_1_123' title='bbox 1150 1897 1388 1952; x_wconf 90' lang='lat' dir='ltr'><strong>futurum</strong></span> <span class='ocrx_word' id='word_1_124' title='bbox 1428 1899 1483 1952; x_wconf 93' lang='lat' dir='ltr'><strong>in</strong></span> <span class='ocrx_word' id='word_1_125' title='bbox 1530 1896 1831 1952; x_wconf 83' lang='lat' dir='ltr'><strong>Jerusalem</strong></span> 
     </span>
    </p>
   </div>
   <div class='ocr_carea' id='block_1_19' title="bbox 1929 679 3518 752">
    <p class='ocr_par' dir='ltr' id='par_1_19' title="bbox 1929 679 3518 752">
     <span class='ocr_line' id='line_1_19' title="bbox 1929 679 3518 752; baseline -0.001 -14"><span class='ocrx_word' id='word_1_126' title='bbox 1929 683 2069 738; x_wconf 88' lang='lat' dir='ltr'><strong>trina</strong></span> <span class='ocrx_word' id='word_1_127' title='bbox 2114 698 2249 738; x_wconf 86' lang='lat' dir='ltr'><strong>voce</strong></span> <span class='ocrx_word' id='word_1_128' title='bbox 2277 683 2556 738; x_wconf 86' lang='lat' dir='ltr'><strong>enuntiata</strong></span> <span class='ocrx_word' id='word_1_129' title='bbox 2607 683 2700 749; x_wconf 91' lang='lat' dir='ltr'><strong>sit,</strong></span> <span class='ocrx_word' id='word_1_130' title='bbox 2733 697 2855 737; x_wconf 91' lang='lat' dir='ltr'><strong>cum</strong></span> <span class='ocrx_word' id='word_1_131' title='bbox 2896 697 2994 752; x_wconf 78' lang='lat' dir='ltr'><strong>cor</strong></span> <span class='ocrx_word' id='word_1_132' title='bbox 3036 679 3152 750; x_wconf 86' lang='lat' dir='ltr'><strong>ejus</strong></span> <span class='ocrx_word' id='word_1_133' title='bbox 3187 679 3352 735; x_wconf 88' lang='lat' dir='ltr'><strong>etiam</strong></span> <span class='ocrx_word' id='word_1_134' title='bbox 3389 686 3518 737; x_wconf 85' lang='lat' dir='ltr'><strong>ante</strong></span> 
     </span>
    </p>
   </div>
   <div class='ocr_carea' id='block_1_20' title="bbox 1927 761 3518 848">
    <p class='ocr_par' dir='ltr' id='par_1_20' title="bbox 1927 761 3518 848">
     <span class='ocr_line' id='line_1_20' title="bbox 1927 761 3518 848; baseline -0.001 -18"><span class='ocrx_word' id='word_1_135' title='bbox 1927 777 2166 848; x_wconf 86' lang='lat' dir='ltr'><strong>primum</strong></span> <span class='ocrx_word' id='word_1_136' title='bbox 2202 775 2327 848; x_wconf 81' lang='lat' dir='ltr'><strong>galli</strong></span> <span class='ocrx_word' id='word_1_137' title='bbox 2378 784 2600 832; x_wconf 91' lang='lat' dir='ltr'><strong>cantum</strong></span> <span class='ocrx_word' id='word_1_138' title='bbox 2639 783 2752 830; x_wconf 88' lang='lat' dir='ltr'><strong>tota</strong></span> <span class='ocrx_word' id='word_1_139' title='bbox 2801 761 3106 847; x_wconf 72' lang='lat' dir='ltr'><strong>possederit</strong></span> <span class='ocrx_word' id='word_1_140' title='bbox 3163 781 3272 828; x_wconf 88' lang='lat' dir='ltr'><strong>tam</strong></span> <span class='ocrx_word' id='word_1_141' title='bbox 3321 789 3518 846; x_wconf 87' lang='lat' dir='ltr'><strong>magna</strong></span> 
     </span>
    </p>
   </div>
   <div class='ocr_carea' id='block_1_21' title="bbox 1930 851 3516 936">
    <p class='ocr_par' dir='ltr' id='par_1_21' title="bbox 1930 851 3516 936">
     <span class='ocr_line' id='line_1_21' title="bbox 1930 851 3516 936; baseline -0.002 -13"><span class='ocrx_word' id='word_1_142' title='bbox 1930 867 2138 923; x_wconf 75' lang='lat' dir='ltr'><strong>scilicet</strong></span> <span class='ocrx_word' id='word_1_143' title='bbox 2171 866 2459 923; x_wconf 87' lang='lat' dir='ltr'><strong>formidine</strong></span> <span class='ocrx_word' id='word_1_144' title='bbox 2485 851 2756 933; x_wconf 87' lang='lat' dir='ltr'><strong>imbibita,</strong></span> <span class='ocrx_word' id='word_1_145' title='bbox 2786 875 2845 921; x_wconf 93' lang='lat' dir='ltr'><strong>ut</strong></span> <span class='ocrx_word' id='word_1_146' title='bbox 2883 873 3070 936; x_wconf 82' lang='lat' dir='ltr'><strong>posset</strong></span> <span class='ocrx_word' id='word_1_147' title='bbox 3093 866 3382 921; x_wconf 89' lang='lat' dir='ltr'><strong>Dominum</strong></span> <span class='ocrx_word' id='word_1_148' title='bbox 3409 882 3516 920; x_wconf 70' lang='lat' dir='ltr'><strong>neu</strong></span> 
     </span>
    </p>
   </div>
   <div class='ocr_carea' id='block_1_22' title="bbox 1931 959 3521 1028">
    <p class='ocr_par' dir='ltr' id='par_1_22' title="bbox 1931 959 3521 1028">
     <span class='ocr_line' id='line_1_22' title="bbox 1931 959 3521 1028; baseline 0.001 -13"><span class='ocrx_word' id='word_1_149' title='bbox 1931 959 2101 1015; x_wconf 88' lang='lat' dir='ltr'><strong>solum</strong></span> <span class='ocrx_word' id='word_1_150' title='bbox 2136 959 2325 1026; x_wconf 88' lang='lat' dir='ltr'><strong>semel,</strong></span> <span class='ocrx_word' id='word_1_151' title='bbox 2357 961 2451 1015; x_wconf 91' lang='lat' dir='ltr'><strong>sed</strong></span> <span class='ocrx_word' id='word_1_152' title='bbox 2501 961 2697 1015; x_wconf 88' lang='lat' dir='ltr'><strong>iterum</strong></span> <span class='ocrx_word' id='word_1_153' title='bbox 2725 969 2780 1015; x_wconf 91' lang='lat' dir='ltr'><strong>et</strong></span> <span class='ocrx_word' id='word_1_154' title='bbox 2829 961 2989 1016; x_wconf 89' lang='lat' dir='ltr'><strong>tertio</strong></span> <span class='ocrx_word' id='word_1_155' title='bbox 3040 960 3405 1028; x_wconf 87' lang='lat' dir='ltr'><strong>interrogatus</strong></span> <span class='ocrx_word' id='word_1_156' title='bbox 3429 976 3521 1016; x_wconf 79' lang='lat' dir='ltr'><strong>ne-</strong></span> 
     </span>
    </p>
   </div>
   <div class='ocr_carea' id='block_1_23' title="bbox 1932 1050 3524 1123">
    <p class='ocr_par' dir='ltr' id='par_1_23' title="bbox 1932 1050 3524 1123">
     <span class='ocr_line' id='line_1_23' title="bbox 1932 1050 3524 1123; baseline 0.003 -20"><span class='ocrx_word' id='word_1_157' title='bbox 1932 1065 2080 1120; x_wconf 85' lang='lat' dir='ltr'><strong>gare,</strong></span> <span class='ocrx_word' id='word_1_158' title='bbox 2125 1060 2186 1104; x_wconf 87' lang='lat' dir='ltr'><strong>ut</strong></span> <span class='ocrx_word' id='word_1_159' title='bbox 2233 1051 2434 1105; x_wconf 88' lang='lat' dir='ltr'><strong>rectius</strong></span> <span class='ocrx_word' id='word_1_160' title='bbox 2472 1050 2890 1123; x_wconf 81' lang='lat' dir='ltr'><strong>diligentiusque</strong></span> <span class='ocrx_word' id='word_1_161' title='bbox 2924 1052 3352 1118; x_wconf 86' lang='lat' dir='ltr'><strong>attendentibus,</strong></span> <span class='ocrx_word' id='word_1_162' title='bbox 3392 1065 3524 1121; x_wconf 88' lang='lat' dir='ltr'><strong>quo-</strong></span> 
     </span>
    </p>
   </div>
   <div class='ocr_carea' id='block_1_24' title="bbox 1933 1140 3518 1213">
    <p class='ocr_par' dir='ltr' id='par_1_24' title="bbox 1933 1140 3518 1213">
     <span class='ocr_line' id='line_1_24' title="bbox 1933 1140 3518 1213; baseline 0.001 -19"><span class='ocrx_word' id='word_1_163' title='bbox 1933 1140 2094 1195; x_wconf 91' lang='lat' dir='ltr'><strong>modo</strong></span> <span class='ocrx_word' id='word_1_164' title='bbox 2115 1141 2226 1211; x_wconf 85' lang='lat' dir='ltr'><strong>jam</strong></span> <span class='ocrx_word' id='word_1_165' title='bbox 2253 1143 2559 1198; x_wconf 77' lang='lat' dir='ltr'><strong>mteeliatus</strong></span> <span class='ocrx_word' id='word_1_166' title='bbox 2585 1152 2668 1198; x_wconf 91' lang='lat' dir='ltr'><strong>est</strong></span> <span class='ocrx_word' id='word_1_167' title='bbox 2708 1143 2988 1198; x_wconf 88' lang='lat' dir='ltr'><strong>mulierem</strong></span> <span class='ocrx_word' id='word_1_168' title='bbox 3035 1143 3089 1196; x_wconf 92' lang='lat' dir='ltr'><strong>in</strong></span> <span class='ocrx_word' id='word_1_169' title='bbox 3117 1141 3280 1198; x_wconf 87' lang='lat' dir='ltr'><strong>corde</strong></span> <span class='ocrx_word' id='word_1_170' title='bbox 3302 1157 3401 1197; x_wconf 92' lang='lat' dir='ltr'><strong>suo</strong></span> <span class='ocrx_word' id='word_1_171' title='bbox 3427 1141 3518 1213; x_wconf 89' lang='lat' dir='ltr'><strong>qui</strong></span> 
     </span>
    </p>
   </div>
   <div class='ocr_carea' id='block_1_25' title="bbox 1932 1233 3527 1314">
    <p class='ocr_par' dir='ltr' id='par_1_25' title="bbox 1932 1233 3527 1314">
     <span class='ocr_line' id='line_1_25' title="bbox 1932 1233 3527 1314; baseline 0.002 -26"><span class='ocrx_word' id='word_1_172' title='bbox 1932 1250 2052 1289; x_wconf 89' lang='lat' dir='ltr'><strong>eam</strong></span> <span class='ocrx_word' id='word_1_173' title='bbox 2084 1235 2280 1314; x_wconf 78' lang='lat' dir='ltr'><strong>viderit.</strong></span> <span class='ocrx_word' id='word_1_174' title='bbox 2300 1233 2368 1290; x_wconf 91' lang='lat' dir='ltr'><strong>ad</strong></span> <span class='ocrx_word' id='word_1_175' title='bbox 2398 1236 2923 1308; x_wconf 88' lang='lat' dir='ltr'><strong>concupiscendum;</strong></span> <span class='ocrx_word' id='word_1_176' title='bbox 2959 1238 3037 1292; x_wconf 92' lang='lat' dir='ltr'><strong>sic</strong></span> <span class='ocrx_word' id='word_1_177' title='bbox 3063 1237 3258 1292; x_wconf 87' lang='lat' dir='ltr'><strong>Petrus</strong></span> <span class='ocrx_word' id='word_1_178' title='bbox 3283 1235 3527 1307; x_wconf 86' lang='lat' dir='ltr'><strong>quando-</strong></span> 
     </span>
    </p>
   </div>
   <div class='ocr_carea' id='block_1_26' title="bbox 1933 1327 3526 1400">
    <p class='ocr_par' dir='ltr' id='par_1_26' title="bbox 1933 1327 3526 1400">
     <span class='ocr_line' id='line_1_26' title="bbox 1933 1327 3526 1400; baseline 0.001 -17"><span class='ocrx_word' id='word_1_179' title='bbox 1933 1344 2146 1397; x_wconf 86' lang='lat' dir='ltr'><strong>cunque</strong></span> <span class='ocrx_word' id='word_1_180' title='bbox 2175 1327 2353 1382; x_wconf 87' lang='lat' dir='ltr'><strong>verbis</strong></span> <span class='ocrx_word' id='word_1_181' title='bbox 2382 1329 2568 1384; x_wconf 86' lang='lat' dir='ltr'><strong>ederet</strong></span> <span class='ocrx_word' id='word_1_182' title='bbox 2605 1331 2875 1397; x_wconf 87' lang='lat' dir='ltr'><strong>timorem,</strong></span> <span class='ocrx_word' id='word_1_183' title='bbox 2908 1346 3069 1400; x_wconf 88' lang='lat' dir='ltr'><strong>quem</strong></span> <span class='ocrx_word' id='word_1_184' title='bbox 3100 1339 3210 1384; x_wconf 90' lang='lat' dir='ltr'><strong>tam</strong></span> <span class='ocrx_word' id='word_1_185' title='bbox 3235 1330 3526 1385; x_wconf 83' lang='lat' dir='ltr'><strong>vehemen-</strong></span> 
     </span>
    </p>
   </div>
   <div class='ocr_carea' id='block_1_27' title="bbox 1934 1422 3529 1494">
    <p class='ocr_par' dir='ltr' id='par_1_27' title="bbox 1934 1422 3529 1494">
     <span class='ocr_line' id='line_1_27' title="bbox 1934 1422 3529 1494; baseline 0.003 -18"><span class='ocrx_word' id='word_1_186' title='bbox 1934 1430 2039 1476; x_wconf 87' lang='lat' dir='ltr'><strong>tem</strong></span> <span class='ocrx_word' id='word_1_187' title='bbox 2072 1422 2252 1476; x_wconf 89' lang='lat' dir='ltr'><strong>animo</strong></span> <span class='ocrx_word' id='word_1_188' title='bbox 2281 1430 2623 1493; x_wconf 88' lang='lat' dir='ltr'><strong>conceperat,</strong></span> <span class='ocrx_word' id='word_1_189' title='bbox 2653 1433 2712 1477; x_wconf 90' lang='lat' dir='ltr'><strong>ut</strong></span> <span class='ocrx_word' id='word_1_190' title='bbox 2735 1424 3030 1494; x_wconf 84' lang='lat' dir='ltr'><strong>perdurare</strong></span> <span class='ocrx_word' id='word_1_191' title='bbox 3057 1434 3243 1494; x_wconf 88' lang='lat' dir='ltr'><strong>posset</strong></span> <span class='ocrx_word' id='word_1_192' title='bbox 3264 1440 3433 1494; x_wconf 91' lang='lat' dir='ltr'><strong>usque</strong></span> <span class='ocrx_word' id='word_1_193' title='bbox 3460 1424 3529 1480; x_wconf 90' lang='lat' dir='ltr'><strong>ad</strong></span> 
     </span>
    </p>
   </div>
   <div class='ocr_carea' id='block_1_28' title="bbox 1934 1515 3531 1590">
    <p class='ocr_par' dir='ltr' id='par_1_28' title="bbox 1934 1515 3531 1590">
     <span class='ocr_line' id='line_1_28' title="bbox 1934 1515 3531 1590; baseline 0.004 -20"><span class='ocrx_word' id='word_1_194' title='bbox 1934 1516 2150 1570; x_wconf 85' lang='lat' dir='ltr'><strong>tertiam</strong></span> <span class='ocrx_word' id='word_1_195' title='bbox 2196 1515 2406 1571; x_wconf 90' lang='lat' dir='ltr'><strong>Domini</strong></span> <span class='ocrx_word' id='word_1_196' title='bbox 2457 1518 2817 1589; x_wconf 85' lang='lat' dir='ltr'><strong>negationem,</strong></span> <span class='ocrx_word' id='word_1_197' title='bbox 2872 1528 2982 1574; x_wconf 89' lang='lat' dir='ltr'><strong>tota</strong></span> <span class='ocrx_word' id='word_1_198' title='bbox 3033 1520 3173 1574; x_wconf 89' lang='lat' dir='ltr'><strong>trina</strong></span> <span class='ocrx_word' id='word_1_199' title='bbox 3216 1521 3432 1590; x_wconf 85' lang='lat' dir='ltr'><strong>negatio</strong></span> <span class='ocrx_word' id='word_1_200' title='bbox 3481 1521 3531 1576; x_wconf 91' lang='lat' dir='ltr'><strong>ei</strong></span> 
     </span>
    </p>
   </div>
   <div class='ocr_carea' id='block_1_29' title="bbox 1937 1607 3530 1684">
    <p class='ocr_par' dir='ltr' id='par_1_29' title="bbox 1937 1607 3530 1684">
     <span class='ocr_line' id='line_1_29' title="bbox 1937 1607 3530 1684; baseline 0.006 -25"><span class='ocrx_word' id='word_1_201' title='bbox 1937 1607 2162 1676; x_wconf 88' lang='lat' dir='ltr'><strong>tempori</strong></span> <span class='ocrx_word' id='word_1_202' title='bbox 2197 1609 2500 1678; x_wconf 86' lang='lat' dir='ltr'><strong>deputanda</strong></span> <span class='ocrx_word' id='word_1_203' title='bbox 2529 1620 2633 1676; x_wconf 86' lang='lat' dir='ltr'><strong>est,</strong></span> <span class='ocrx_word' id='word_1_204' title='bbox 2671 1611 2887 1681; x_wconf 82' lang='lat' dir='ltr'><strong>quando</strong></span> <span class='ocrx_word' id='word_1_205' title='bbox 2914 1627 3037 1667; x_wconf 90' lang='lat' dir='ltr'><strong>eum</strong></span> <span class='ocrx_word' id='word_1_206' title='bbox 3063 1611 3220 1667; x_wconf 80' lang='lat' dir='ltr'><strong>trime</strong></span> <span class='ocrx_word' id='word_1_207' title='bbox 3254 1612 3530 1684; x_wconf 78' lang='lat' dir='ltr'><strong>negationi</strong></span> 
     </span>
    </p>
   </div>
   <div class='ocr_carea' id='block_1_30' title="bbox 1934 1690 3624 1759">
    <p class='ocr_par' dir='ltr' id='par_1_30' title="bbox 1934 1690 3624 1759">
     <span class='ocr_line' id='line_1_30' title="bbox 1934 1690 3624 1759; baseline 0.007 -3"><span class='ocrx_word' id='word_1_208' title='bbox 1934 1700 2206 1756; x_wconf 84' lang='lat' dir='ltr'><strong>suﬂiciens</strong></span> <span class='ocrx_word' id='word_1_209' title='bbox 2239 1701 2399 1757; x_wconf 87' lang='lat' dir='ltr'><strong>timor</strong></span> <span class='ocrx_word' id='word_1_210' title='bbox 2429 1704 2646 1759; x_wconf 86' lang='lat' dir='ltr'><strong>invasit.</strong></span> <span class='ocrx_word' id='word_1_211' title='bbox 3373 1749 3382 1754; x_wconf 81' lang='lat'><strong><em>-</em></strong></span> <span class='ocrx_word' id='word_1_212' title='bbox 3587 1690 3624 1759; x_wconf 23' lang='lat' dir='ltr'><strong>in.</strong></span> 
     </span>
    </p>
   </div>
   <div class='ocr_carea' id='block_1_31' title="bbox 2005 1793 3593 1871">
    <p class='ocr_par' dir='ltr' id='par_1_31' title="bbox 2005 1793 3593 1871">
     <span class='ocr_line' id='line_1_31' title="bbox 2005 1793 3593 1871; baseline 0.004 -23"><span class='ocrx_word' id='word_1_213' title='bbox 2005 1795 2090 1848; x_wconf 87' lang='lat' dir='ltr'><strong>Ait</strong></span> <span class='ocrx_word' id='word_1_214' title='bbox 2122 1793 2199 1848; x_wconf 86' lang='lat' dir='ltr'><strong>illi</strong></span> <span class='ocrx_word' id='word_1_215' title='bbox 2217 1795 2446 1850; x_wconf 79' lang='lat' dir='ltr'><strong>Petrus:</strong></span> <span class='ocrx_word' id='word_1_216' title='bbox 2473 1797 2700 1853; x_wconf 85' lang='lat' dir='ltr'><strong>Etiamsi</strong></span> <span class='ocrx_word' id='word_1_217' title='bbox 2739 1801 3025 1871; x_wconf 81' lang='lat' dir='ltr'><strong>oportuerit</strong></span> <span class='ocrx_word' id='word_1_218' title='bbox 3051 1815 3134 1854; x_wconf 88' lang='lat' dir='ltr'><strong>me</strong></span> <span class='ocrx_word' id='word_1_219' title='bbox 3168 1800 3303 1856; x_wconf 87' lang='lat' dir='ltr'><strong>mori</strong></span> <span class='ocrx_word' id='word_1_220' title='bbox 3340 1808 3529 1869; x_wconf 84' lang='lat' dir='ltr'><strong>tecum,</strong></span> <span class='ocrx_word' id='word_1_221' title='bbox 3587 1795 3593 1815; x_wconf 56' lang='grc'><strong>⁸</strong></span> 
     </span>
    </p>
   </div>
   <div class='ocr_carea' id='block_1_32' title="bbox 1936 1891 3528 1964">
    <p class='ocr_par' dir='ltr' id='par_1_32' title="bbox 1936 1891 3528 1964">
     <span class='ocr_line' id='line_1_32' title="bbox 1936 1891 3528 1964; baseline 0.003 -20"><span class='ocrx_word' id='word_1_222' title='bbox 1936 1908 2038 1945; x_wconf 87' lang='grc' dir='ltr'><strong>ηοη</strong></span> <span class='ocrx_word' id='word_1_223' title='bbox 2063 1901 2109 1946; x_wconf 87' lang='lat' dir='ltr'><strong>te</strong></span> <span class='ocrx_word' id='word_1_224' title='bbox 2149 1891 2366 1960; x_wconf 84' lang='lat' dir='ltr'><strong>negabo.</strong></span> <span class='ocrx_word' id='word_1_225' title='bbox 2400 1891 2655 1947; x_wconf 84' lang='lat' dir='ltr'><strong>Similiter</strong></span> <span class='ocrx_word' id='word_1_226' title='bbox 2693 1904 2739 1946; x_wconf 92' lang='lat' dir='ltr'><strong>et</strong></span> <span class='ocrx_word' id='word_1_227' title='bbox 2767 1911 2940 1948; x_wconf 83' lang='lat' dir='ltr'><strong>omnes</strong></span> <span class='ocrx_word' id='word_1_228' title='bbox 2969 1893 3220 1964; x_wconf 70' lang='lat' dir='ltr'><strong>discipuli</strong></span> <span class='ocrx_word' id='word_1_229' title='bbox 3261 1894 3528 1949; x_wconf 73' lang='lat' dir='ltr'><strong>dixerunt.</strong></span> 
     </span>
    </p>
   </div>
   <div class='ocr_carea' id='block_1_33' title="bbox 256 1969 3533 2068">
    <p class='ocr_par' dir='ltr' id='par_1_33' title="bbox 256 1969 3533 2068">
     <span class='ocr_line' id='line_1_33' title="bbox 256 1969 3533 2068; baseline 0.003 -35"><span class='ocrx_word' id='word_1_230' title='bbox 256 2013 361 2068; x_wconf 69' lang='lat' dir='ltr'><strong>quo</strong></span> <span class='ocrx_word' id='word_1_231' title='bbox 413 1969 596 2054; x_wconf 33' lang='lat' dir='ltr'><strong>mins“</strong></span> <span class='ocrx_word' id='word_1_232' title='bbox 641 1999 770 2054; x_wconf 63' lang='grc' dir='ltr'><strong>[πη</strong></span> <span class='ocrx_word' id='word_1_233' title='bbox 801 2009 926 2054; x_wconf 71' lang='lat' dir='ltr'><strong>sum</strong></span> <span class='ocrx_word' id='word_1_234' title='bbox 954 1997 1220 2068; x_wconf 56' lang='lat' dir='ltr'><strong>discipuli,</strong></span> <span class='ocrx_word' id='word_1_235' title='bbox 1259 1997 1334 2050; x_wconf 55' lang='lat' dir='ltr'><strong>ita</strong></span> <span class='ocrx_word' id='word_1_236' title='bbox 1371 2004 1427 2051; x_wconf 69' lang='grc' dir='ltr'>ει</span> <span class='ocrx_word' id='word_1_237' title='bbox 1479 1995 1656 2050; x_wconf 72' lang='lat' dir='ltr'><strong>locum</strong></span> <span class='ocrx_word' id='word_1_238' title='bbox 1695 2009 1838 2065; x_wconf 64' lang='lat' dir='ltr'><strong>prae-</strong></span> <span class='ocrx_word' id='word_1_239' title='bbox 1866 1969 1914 2030; x_wconf 89' lang='grc' dir='ltr'><strong>Β</strong></span> <span class='ocrx_word' id='word_1_240' title='bbox 1945 1983 2171 2054; x_wconf 60' lang='lat' dir='ltr'><strong>(unum)</strong></span> <span class='ocrx_word' id='word_1_241' title='bbox 2201 1984 2474 2038; x_wconf 79' lang='lat' dir='ltr'><strong>lntcllexit</strong></span> <span class='ocrx_word' id='word_1_242' title='bbox 2510 2000 2638 2056; x_wconf 87' lang='lat' dir='ltr'><strong>ergo</strong></span> <span class='ocrx_word' id='word_1_243' title='bbox 2667 1985 2857 2040; x_wconf 86' lang='lat' dir='ltr'><strong>Petrus</strong></span> <span class='ocrx_word' id='word_1_244' title='bbox 2881 1987 3172 2041; x_wconf 88' lang='lat' dir='ltr'><strong>Dominum</strong></span> <span class='ocrx_word' id='word_1_245' title='bbox 3200 2002 3312 2056; x_wconf 75' lang='lat' dir='ltr'><strong>prae</strong></span> <span class='ocrx_word' id='word_1_246' title='bbox 3340 1986 3533 2042; x_wconf 90' lang='lat' dir='ltr'><strong>timore</strong></span> 
     </span>
    </p>
   </div>
   <div class='ocr_carea' id='block_1_34' title="bbox 254 2085 1836 2160">
    <p class='ocr_par' dir='ltr' id='par_1_34' title="bbox 254 2085 1836 2160">
     <span class='ocr_line' id='line_1_34' title="bbox 254 2085 1836 2160; baseline -0.003 -16"><span class='ocrx_word' id='word_1_247' title='bbox 254 2090 389 2145; x_wconf 78' lang='lat' dir='ltr'><strong>dixit</strong></span> <span class='ocrx_word' id='word_1_248' title='bbox 408 2105 525 2146; x_wconf 85' lang='lat' dir='ltr'><strong>esse</strong></span> <span class='ocrx_word' id='word_1_249' title='bbox 543 2092 595 2146; x_wconf 92' lang='lat' dir='ltr'><strong>in</strong></span> <span class='ocrx_word' id='word_1_250' title='bbox 622 2091 839 2146; x_wconf 75' lang='lat' dir='ltr'><strong>Galilaea</strong></span> <span class='ocrx_word' id='word_1_251' title='bbox 862 2091 914 2144; x_wconf 89' lang='lat' dir='ltr'><strong>in</strong></span> <span class='ocrx_word' id='word_1_252' title='bbox 945 2105 1051 2160; x_wconf 89' lang='lat' dir='ltr'><strong>quo</strong></span> <span class='ocrx_word' id='word_1_253' title='bbox 1079 2103 1365 2158; x_wconf 83' lang='lat' dir='ltr'><strong>resurgens</strong></span> <span class='ocrx_word' id='word_1_254' title='bbox 1393 2103 1423 2140; x_wconf 88' lang='lat' dir='ltr'><strong>a</strong></span> <span class='ocrx_word' id='word_1_255' title='bbox 1447 2085 1673 2142; x_wconf 83' lang='lat' dir='ltr'><strong>mortuis</strong></span> <span class='ocrx_word' id='word_1_256' title='bbox 1704 2099 1836 2140; x_wconf 87' lang='lat' dir='ltr'><strong>con-</strong></span> 
     </span>
    </p>
   </div>
   <div class='ocr_carea' id='block_1_35' title="bbox 255 2180 1408 2252">
    <p class='ocr_par' dir='ltr' id='par_1_35' title="bbox 255 2180 1408 2252">
     <span class='ocr_line' id='line_1_35' title="bbox 255 2180 1408 2252; baseline -0.003 -16"><span class='ocrx_word' id='word_1_257' title='bbox 255 2182 570 2238; x_wconf 87' lang='lat' dir='ltr'><strong>solationem</strong></span> <span class='ocrx_word' id='word_1_258' title='bbox 600 2183 824 2238; x_wconf 84' lang='lat' dir='ltr'><strong>visionis</strong></span> <span class='ocrx_word' id='word_1_259' title='bbox 854 2195 965 2237; x_wconf 72' lang='lat' dir='ltr'><strong>sua:</strong></span> <span class='ocrx_word' id='word_1_260' title='bbox 1002 2181 1080 2237; x_wconf 90' lang='lat' dir='ltr'><strong>eis</strong></span> <span class='ocrx_word' id='word_1_261' title='bbox 1119 2180 1408 2252; x_wconf 81' lang='lat' dir='ltr'><strong>praeberet.</strong></span> 
     </span>
    </p>
   </div>
   <div class='ocr_carea' id='block_1_36' title="bbox 327 2272 1838 2347">
    <p class='ocr_par' dir='ltr' id='par_1_36' title="bbox 327 2272 1838 2347">
     <span class='ocr_line' id='line_1_36' title="bbox 327 2272 1838 2347; baseline -0.001 -18"><span class='ocrx_word' id='word_1_262' title='bbox 327 2275 663 2347; x_wconf 73' lang='lat' dir='ltr'><strong>Respondeas</strong></span> <span class='ocrx_word' id='word_1_263' title='bbox 714 2286 887 2330; x_wconf 80' lang='lat' dir='ltr'><strong>autem</strong></span> <span class='ocrx_word' id='word_1_264' title='bbox 935 2276 1126 2330; x_wconf 84' lang='lat' dir='ltr'><strong>Petrus</strong></span> <span class='ocrx_word' id='word_1_265' title='bbox 1179 2277 1252 2330; x_wconf 88' lang='lat' dir='ltr'><strong>ait</strong></span> <span class='ocrx_word' id='word_1_266' title='bbox 1299 2273 1425 2329; x_wconf 82' lang='lat' dir='ltr'><strong>illi:</strong></span> <span class='ocrx_word' id='word_1_267' title='bbox 1468 2272 1537 2327; x_wconf 87' lang='lat' dir='ltr'><strong>Et</strong></span> <span class='ocrx_word' id='word_1_268' title='bbox 1571 2273 1620 2326; x_wconf 84' lang='lat' dir='ltr'><strong>si</strong></span> <span class='ocrx_word' id='word_1_269' title='bbox 1661 2288 1838 2327; x_wconf 85' lang='lat' dir='ltr'><strong>omnes</strong></span> 
     </span>
    </p>
   </div>
   <div class='ocr_carea' id='block_1_37' title="bbox 254 2365 1834 2439">
    <p class='ocr_par' dir='ltr' id='par_1_37' title="bbox 254 2365 1834 2439">
     <span class='ocr_line' id='line_1_37' title="bbox 254 2365 1834 2439; baseline -0.001 -18"><span class='ocrx_word' id='word_1_270' title='bbox 254 2367 600 2421; x_wconf 76' lang='lat' dir='ltr'><strong>scandali&#39;zati</strong></span> <span class='ocrx_word' id='word_1_271' title='bbox 626 2369 820 2438; x_wconf 80' lang='lat' dir='ltr'><strong>fuerint</strong></span> <span class='ocrx_word' id='word_1_272' title='bbox 844 2369 899 2422; x_wconf 85' lang='lat' dir='ltr'><strong>in</strong></span> <span class='ocrx_word' id='word_1_273' title='bbox 929 2369 995 2434; x_wconf 76' lang='lat' dir='ltr'><strong>te,</strong></span> <span class='ocrx_word' id='word_1_274' title='bbox 1019 2385 1112 2439; x_wconf 88' lang='lat' dir='ltr'><strong>ego</strong></span> <span class='ocrx_word' id='word_1_275' title='bbox 1129 2381 1394 2439; x_wconf 82' lang='lat' dir='ltr'><strong>nunquam</strong></span> <span class='ocrx_word' id='word_1_276' title='bbox 1416 2365 1834 2421; x_wconf 76' lang='lat' dir='ltr'><strong>&#39;scandalizabor.</strong></span> 
     </span>
    </p>
   </div>
   <div class='ocr_carea' id='block_1_38' title="bbox 259 2458 1840 2530">
    <p class='ocr_par' dir='ltr' id='par_1_38' title="bbox 259 2458 1840 2530">
     <span class='ocr_line' id='line_1_38' title="bbox 259 2458 1840 2530; baseline 0.001 -18"><span class='ocrx_word' id='word_1_277' title='bbox 259 2458 529 2530; x_wconf 77' lang='grc' dir='ltr'><strong>(Ηίενοη.)</strong></span> <span class='ocrx_word' id='word_1_278' title='bbox 557 2459 672 2514; x_wconf 89' lang='lat' dir='ltr'><strong>Non</strong></span> <span class='ocrx_word' id='word_1_279' title='bbox 709 2470 792 2515; x_wconf 88' lang='lat' dir='ltr'><strong>est</strong></span> <span class='ocrx_word' id='word_1_280' title='bbox 821 2462 1098 2516; x_wconf 88' lang='lat' dir='ltr'><strong>temeritas</strong></span> <span class='ocrx_word' id='word_1_281' title='bbox 1128 2477 1228 2516; x_wconf 88' lang='lat' dir='ltr'><strong>nec</strong></span> <span class='ocrx_word' id='word_1_282' title='bbox 1275 2460 1652 2525; x_wconf 86' lang='lat' dir='ltr'><strong>mendacium,</strong></span> <span class='ocrx_word' id='word_1_283' title='bbox 1706 2458 1840 2513; x_wconf 83' lang='lat' dir='ltr'><strong>ﬁdes</strong></span> 
     </span>
    </p>
   </div>
   <div class='ocr_carea' id='block_1_39' title="bbox 257 2551 1839 2621">
    <p class='ocr_par' dir='ltr' id='par_1_39' title="bbox 257 2551 1839 2621">
     <span class='ocr_line' id='line_1_39' title="bbox 257 2551 1839 2621; baseline -0.001 -16"><span class='ocrx_word' id='word_1_284' title='bbox 257 2558 340 2605; x_wconf 90' lang='lat' dir='ltr'><strong>est</strong></span> <span class='ocrx_word' id='word_1_285' title='bbox 372 2551 594 2620; x_wconf 86' lang='lat' dir='ltr'><strong>apostoli</strong></span> <span class='ocrx_word' id='word_1_286' title='bbox 632 2551 800 2617; x_wconf 86' lang='lat' dir='ltr'><strong>Petri,</strong></span> <span class='ocrx_word' id='word_1_287' title='bbox 833 2562 885 2608; x_wconf 86' lang='lat' dir='ltr'><strong>ct</strong></span> <span class='ocrx_word' id='word_1_288' title='bbox 911 2554 1112 2608; x_wconf 86' lang='lat' dir='ltr'><strong>ardens</strong></span> <span class='ocrx_word' id='word_1_289' title='bbox 1137 2552 1363 2608; x_wconf 68' lang='lat' dir='ltr'><strong>allectus</strong></span> <span class='ocrx_word' id='word_1_290' title='bbox 1389 2567 1520 2621; x_wconf 81' lang='lat' dir='ltr'><strong>erga</strong></span> <span class='ocrx_word' id='word_1_291' title='bbox 1552 2553 1839 2606; x_wconf 90' lang='lat' dir='ltr'><strong>Dominum</strong></span> 
     </span>
    </p>
   </div>
   <div class='ocr_carea' id='block_1_40' title="bbox 261 2642 1839 2702">
    <p class='ocr_par' dir='ltr' id='par_1_40' title="bbox 261 2642 1839 2702">
     <span class='ocr_line' id='line_1_40' title="bbox 261 2642 1839 2702; baseline 0 -4"><span class='ocrx_word' id='word_1_292' title='bbox 261 2642 615 2698; x_wconf 86' lang='lat' dir='ltr'><strong>Salvatorem.</strong></span> <span class='ocrx_word' id='word_1_293' title='bbox 659 2646 716 2699; x_wconf 89' lang='lat' dir='ltr'><strong>lu</strong></span> <span class='ocrx_word' id='word_1_294' title='bbox 750 2653 958 2700; x_wconf 87' lang='lat' dir='ltr'><strong>tantum</strong></span> <span class='ocrx_word' id='word_1_295' title='bbox 996 2648 1139 2701; x_wconf 91' lang='lat' dir='ltr'><strong>enim</strong></span> <span class='ocrx_word' id='word_1_296' title='bbox 1169 2656 1222 2702; x_wconf 87' lang='lat' dir='ltr'><strong>et</strong></span> <span class='ocrx_word' id='word_1_297' title='bbox 1266 2644 1459 2701; x_wconf 74' lang='lat' dir='ltr'><strong>affectu</strong></span> <span class='ocrx_word' id='word_1_298' title='bbox 1490 2655 1545 2700; x_wconf 88' lang='lat' dir='ltr'><strong>et</strong></span> <span class='ocrx_word' id='word_1_299' title='bbox 1573 2645 1839 2700; x_wconf 86' lang='lat' dir='ltr'><strong>charitate</strong></span> 
     </span>
    </p>
   </div>
   <div class='ocr_carea' id='block_1_41' title="bbox 257 2733 1843 2804">
    <p class='ocr_par' dir='ltr' id='par_1_41' title="bbox 257 2733 1843 2804">
     <span class='ocr_line' id='line_1_41' title="bbox 257 2733 1843 2804; baseline 0.001 -15"><span class='ocrx_word' id='word_1_300' title='bbox 257 2733 458 2790; x_wconf 87' lang='lat' dir='ltr'><strong>Christi</strong></span> <span class='ocrx_word' id='word_1_301' title='bbox 479 2734 822 2804; x_wconf 67' lang='lat' dir='ltr'><strong>efferebatur,</strong></span> <span class='ocrx_word' id='word_1_302' title='bbox 835 2747 958 2794; x_wconf 91' lang='lat' dir='ltr'><strong>utet</strong></span> <span class='ocrx_word' id='word_1_303' title='bbox 981 2739 1402 2794; x_wconf 79' lang='lat' dir='ltr'><strong>imbecillitatem</strong></span> <span class='ocrx_word' id='word_1_304' title='bbox 1433 2740 1612 2794; x_wconf 86' lang='lat' dir='ltr'><strong>carnis</strong></span> <span class='ocrx_word' id='word_1_305' title='bbox 1626 2753 1755 2800; x_wconf 63' lang='lat' dir='ltr'><strong>suae;</strong></span> <span class='ocrx_word' id='word_1_306' title='bbox 1787 2744 1843 2791; x_wconf 92' lang='lat' dir='ltr'><strong>et</strong></span> 
     </span>
    </p>
   </div>
   <div class='ocr_carea' id='block_1_42' title="bbox 257 2828 1841 2900">
    <p class='ocr_par' dir='ltr' id='par_1_42' title="bbox 257 2828 1841 2900">
     <span class='ocr_line' id='line_1_42' title="bbox 257 2828 1841 2900; baseline 0 -16"><span class='ocrx_word' id='word_1_307' title='bbox 257 2828 418 2884; x_wconf 87' lang='lat' dir='ltr'><strong>ﬁdem</strong></span> <span class='ocrx_word' id='word_1_308' title='bbox 468 2831 758 2885; x_wconf 84' lang='lat' dir='ltr'><strong>verborum</strong></span> <span class='ocrx_word' id='word_1_309' title='bbox 813 2831 910 2885; x_wconf 90' lang='lat' dir='ltr'><strong>Dei</strong></span> <span class='ocrx_word' id='word_1_310' title='bbox 951 2847 1057 2886; x_wconf 93' lang='lat' dir='ltr'><strong>non</strong></span> <span class='ocrx_word' id='word_1_311' title='bbox 1095 2839 1465 2896; x_wconf 56' lang='lat' dir='ltr'><strong>conluctetur;</strong></span> <span class='ocrx_word' id='word_1_312' title='bbox 1504 2829 1661 2900; x_wconf 88' lang='lat' dir='ltr'><strong>quasi</strong></span> <span class='ocrx_word' id='word_1_313' title='bbox 1709 2843 1841 2884; x_wconf 89' lang='lat' dir='ltr'><strong>vero</strong></span> 
     </span>
    </p>
   </div>
   <div class='ocr_carea' id='block_1_43' title="bbox 257 2923 1211 2993">
    <p class='ocr_par' dir='ltr' id='par_1_43' title="bbox 257 2923 1211 2993">
     <span class='ocr_line' id='line_1_43' title="bbox 257 2923 1211 2993; baseline 0.005 -17"><span class='ocrx_word' id='word_1_314' title='bbox 257 2923 400 2978; x_wconf 88' lang='lat' dir='ltr'><strong>dicta</strong></span> <span class='ocrx_word' id='word_1_315' title='bbox 429 2924 545 2993; x_wconf 81' lang='lat' dir='ltr'><strong>ejus</strong></span> <span class='ocrx_word' id='word_1_316' title='bbox 571 2923 846 2980; x_wconf 79' lang='lat' dir='ltr'><strong>efﬁcienda</strong></span> <span class='ocrx_word' id='word_1_317' title='bbox 881 2931 986 2981; x_wconf 78' lang='lat' dir='ltr'><strong>neu</strong></span> <span class='ocrx_word' id='word_1_318' title='bbox 1010 2935 1211 2981; x_wconf 91' lang='lat' dir='ltr'><strong>essent.</strong></span> 
     </span>
    </p>
   </div>
   <div class='ocr_carea' id='block_1_44' title="bbox 327 3017 1842 3090">
    <p class='ocr_par' dir='ltr' id='par_1_44' title="bbox 327 3017 1842 3090">
     <span class='ocr_line' id='line_1_44' title="bbox 327 3017 1842 3090; baseline 0.003 -21"><span class='ocrx_word' id='word_1_319' title='bbox 327 3017 416 3070; x_wconf 84' lang='lat' dir='ltr'><strong>Ait</strong></span> <span class='ocrx_word' id='word_1_320' title='bbox 446 3017 525 3071; x_wconf 85' lang='lat' dir='ltr'><strong>illi</strong></span> <span class='ocrx_word' id='word_1_321' title='bbox 560 3017 717 3072; x_wconf 80' lang='lat' dir='ltr'><strong>.Iesus</strong></span> <span class='ocrx_word' id='word_1_322' title='bbox 750 3036 762 3071; x_wconf 89' lang='lat'><strong>:</strong></span> <span class='ocrx_word' id='word_1_323' title='bbox 796 3017 960 3073; x_wconf 78' lang='lat' dir='ltr'><strong>Amen</strong></span> <span class='ocrx_word' id='word_1_324' title='bbox 1006 3019 1124 3072; x_wconf 85' lang='lat' dir='ltr'><strong>dico</strong></span> <span class='ocrx_word' id='word_1_325' title='bbox 1167 3019 1259 3073; x_wconf 86' lang='lat' dir='ltr'><strong>tibi</strong></span> <span class='ocrx_word' id='word_1_326' title='bbox 1283 3020 1410 3090; x_wconf 72' lang='lat' dir='ltr'><strong>quia</strong></span> <span class='ocrx_word' id='word_1_327' title='bbox 1445 3021 1502 3073; x_wconf 81' lang='lat' dir='ltr'><strong>in</strong></span> <span class='ocrx_word' id='word_1_328' title='bbox 1545 3021 1644 3074; x_wconf 82' lang='lat' dir='ltr'><strong>hac</strong></span> <span class='ocrx_word' id='word_1_329' title='bbox 1694 3028 1842 3074; x_wconf 75' lang='lat' dir='ltr'><strong>nocte</strong></span> 
     </span>
    </p>
   </div>
   <div class='ocr_carea' id='block_1_45' title="bbox 257 3109 1842 3182">
    <p class='ocr_par' dir='ltr' id='par_1_45' title="bbox 257 3109 1842 3182">
     <span class='ocr_line' id='line_1_45' title="bbox 257 3109 1842 3182; baseline 0.004 -21"><span class='ocrx_word' id='word_1_330' title='bbox 257 3117 535 3179; x_wconf 83' lang='lat' dir='ltr'><strong>antequam</strong></span> <span class='ocrx_word' id='word_1_331' title='bbox 569 3109 739 3180; x_wconf 83' lang='lat' dir='ltr'><strong>gallus</strong></span> <span class='ocrx_word' id='word_1_332' title='bbox 776 3120 966 3176; x_wconf 76' lang='lat' dir='ltr'><strong>cantet,</strong></span> <span class='ocrx_word' id='word_1_333' title='bbox 993 3121 1075 3164; x_wconf 87' lang='lat' dir='ltr'><strong>ter</strong></span> <span class='ocrx_word' id='word_1_334' title='bbox 1099 3127 1181 3165; x_wconf 85' lang='lat' dir='ltr'><strong>me</strong></span> <span class='ocrx_word' id='word_1_335' title='bbox 1203 3110 1431 3182; x_wconf 74' lang='lat' dir='ltr'><strong>negabis.</strong></span> <span class='ocrx_word' id='word_1_336' title='bbox 1458 3111 1526 3166; x_wconf 85' lang='lat' dir='ltr'><strong>Et.</strong></span> <span class='ocrx_word' id='word_1_337' title='bbox 1554 3111 1748 3167; x_wconf 85' lang='lat' dir='ltr'><strong>Petrus</strong></span> <span class='ocrx_word' id='word_1_338' title='bbox 1773 3113 1842 3168; x_wconf 82' lang='lat' dir='ltr'><strong>de</strong></span> 
     </span>
    </p>
   </div>
   <div class='ocr_carea' id='block_1_46' title="bbox 255 3201 1843 3274">
    <p class='ocr_par' dir='ltr' id='par_1_46' title="bbox 255 3201 1843 3274">
     <span class='ocr_line' id='line_1_46' title="bbox 255 3201 1843 3274; baseline 0.003 -20"><span class='ocrx_word' id='word_1_339' title='bbox 255 3201 450 3255; x_wconf 81' lang='lat' dir='ltr'><strong>ardore</strong></span> <span class='ocrx_word' id='word_1_340' title='bbox 475 3201 596 3256; x_wconf 82' lang='lat' dir='ltr'><strong>ﬁdei</strong></span> <span class='ocrx_word' id='word_1_341' title='bbox 637 3203 1004 3272; x_wconf 61' lang='lat' dir='ltr'><strong>promittebat;</strong></span> <span class='ocrx_word' id='word_1_342' title='bbox 1038 3211 1093 3257; x_wconf 91' lang='lat' dir='ltr'><strong>et</strong></span> <span class='ocrx_word' id='word_1_343' title='bbox 1118 3203 1367 3258; x_wconf 84' lang='lat' dir='ltr'><strong>Salvator</strong></span> <span class='ocrx_word' id='word_1_344' title='bbox 1396 3206 1552 3274; x_wconf 87' lang='lat' dir='ltr'><strong>quasi</strong></span> <span class='ocrx_word' id='word_1_345' title='bbox 1588 3207 1728 3259; x_wconf 92' lang='lat' dir='ltr'><strong>Deus</strong></span> <span class='ocrx_word' id='word_1_346' title='bbox 1757 3205 1843 3260; x_wconf 87' lang='lat' dir='ltr'><strong>fu-</strong></span> 
     </span>
    </p>
   </div>
   <div class='ocr_carea' id='block_1_47' title="bbox 259 3293 1836 3368">
    <p class='ocr_par' dir='ltr' id='par_1_47' title="bbox 259 3293 1836 3368">
     <span class='ocr_line' id='line_1_47' title="bbox 259 3293 1836 3368; baseline 0.004 -23"><span class='ocrx_word' id='word_1_347' title='bbox 259 3295 380 3346; x_wconf 87' lang='lat' dir='ltr'><strong>tura</strong></span> <span class='ocrx_word' id='word_1_348' title='bbox 414 3297 654 3346; x_wconf 80' lang='lat' dir='ltr'><strong>noverat.</strong></span> <span class='ocrx_word' id='word_1_349' title='bbox 687 3293 752 3346; x_wconf 78' lang='lat' dir='ltr'><strong>Et</strong></span> <span class='ocrx_word' id='word_1_350' title='bbox 797 3303 921 3347; x_wconf 85' lang='lat' dir='ltr'><strong>nota</strong></span> <span class='ocrx_word' id='word_1_351' title='bbox 953 3296 1095 3364; x_wconf 82' lang='lat' dir='ltr'><strong>quod</strong></span> <span class='ocrx_word' id='word_1_352' title='bbox 1151 3294 1344 3350; x_wconf 85' lang='lat' dir='ltr'><strong>Petrus</strong></span> <span class='ocrx_word' id='word_1_353' title='bbox 1379 3296 1433 3350; x_wconf 89' lang='lat' dir='ltr'><strong>in</strong></span> <span class='ocrx_word' id='word_1_354' title='bbox 1474 3307 1633 3353; x_wconf 90' lang='lat' dir='ltr'><strong>nocte</strong></span> <span class='ocrx_word' id='word_1_355' title='bbox 1657 3304 1836 3368; x_wconf 82' lang='lat' dir='ltr'><strong>neget,</strong></span> 
     </span>
    </p>
   </div>
   <div class='ocr_carea' id='block_1_48' title="bbox 1941 2077 3535 2149">
    <p class='ocr_par' dir='ltr' id='par_1_48' title="bbox 1941 2077 3535 2149">
     <span class='ocr_line' id='line_1_48' title="bbox 1941 2077 3535 2149; baseline 0.001 -17"><span class='ocrx_word' id='word_1_356' title='bbox 1941 2079 2133 2132; x_wconf 89' lang='lat' dir='ltr'><strong>mortis</strong></span> <span class='ocrx_word' id='word_1_357' title='bbox 2180 2093 2304 2132; x_wconf 89' lang='lat' dir='ltr'><strong>eum</strong></span> <span class='ocrx_word' id='word_1_358' title='bbox 2349 2077 2553 2132; x_wconf 76' lang='lat' dir='ltr'><strong>dixisse</strong></span> <span class='ocrx_word' id='word_1_359' title='bbox 2614 2093 2671 2132; x_wconf 92' lang='lat' dir='ltr'><strong>sc</strong></span> <span class='ocrx_word' id='word_1_360' title='bbox 2714 2087 3057 2149; x_wconf 87' lang='lat' dir='ltr'><strong>negaturum,</strong></span> <span class='ocrx_word' id='word_1_361' title='bbox 3089 2094 3196 2149; x_wconf 91' lang='lat' dir='ltr'><strong>quo</strong></span> <span class='ocrx_word' id='word_1_362' title='bbox 3228 2080 3332 2134; x_wconf 89' lang='lat' dir='ltr'><strong>hoc</strong></span> <span class='ocrx_word' id='word_1_363' title='bbox 3370 2095 3535 2134; x_wconf 83' lang='lat' dir='ltr'><strong>excu-</strong></span> 
     </span>
    </p>
   </div>
   <div class='ocr_carea' id='block_1_49' title="bbox 1943 2168 3536 2238">
    <p class='ocr_par' dir='ltr' id='par_1_49' title="bbox 1943 2168 3536 2238">
     <span class='ocr_line' id='line_1_49' title="bbox 1943 2168 3536 2238; baseline 0.003 -14"><span class='ocrx_word' id='word_1_364' title='bbox 1943 2170 2096 2224; x_wconf 86' lang='lat' dir='ltr'><strong>sabat</strong></span> <span class='ocrx_word' id='word_1_365' title='bbox 2123 2184 2202 2234; x_wconf 91' lang='lat' dir='ltr'><strong>se,</strong></span> <span class='ocrx_word' id='word_1_366' title='bbox 2261 2168 2388 2223; x_wconf 89' lang='lat' dir='ltr'><strong>licet</strong></span> <span class='ocrx_word' id='word_1_367' title='bbox 2421 2169 2719 2238; x_wconf 87' lang='lat' dir='ltr'><strong>periculum</strong></span> <span class='ocrx_word' id='word_1_368' title='bbox 2749 2172 2939 2226; x_wconf 89' lang='lat' dir='ltr'><strong>mortis</strong></span> <span class='ocrx_word' id='word_1_369' title='bbox 2967 2171 3279 2227; x_wconf 88' lang='lat' dir='ltr'><strong>immineret</strong></span> <span class='ocrx_word' id='word_1_370' title='bbox 3308 2179 3362 2226; x_wconf 90' lang='lat' dir='ltr'><strong>et</strong></span> <span class='ocrx_word' id='word_1_371' title='bbox 3385 2172 3536 2228; x_wconf 89' lang='lat' dir='ltr'><strong>nullo</strong></span> 
     </span>
    </p>
   </div>
   <div class='ocr_carea' id='block_1_50' title="bbox 1937 2260 3538 2334">
    <p class='ocr_par' dir='ltr' id='par_1_50' title="bbox 1937 2260 3538 2334">
     <span class='ocr_line' id='line_1_50' title="bbox 1937 2260 3538 2334; baseline 0.002 -18"><span class='ocrx_word' id='word_1_372' title='bbox 1937 2261 2102 2316; x_wconf 88' lang='lat' dir='ltr'><strong>modo</strong></span> <span class='ocrx_word' id='word_1_373' title='bbox 2131 2260 2199 2316; x_wconf 88' lang='lat' dir='ltr'><strong>ab</strong></span> <span class='ocrx_word' id='word_1_374' title='bbox 2244 2261 2359 2330; x_wconf 86' lang='lat' dir='ltr'><strong>ejus</strong></span> <span class='ocrx_word' id='word_1_375' title='bbox 2391 2261 2492 2315; x_wconf 82' lang='lat' dir='ltr'><strong>fide</strong></span> <span class='ocrx_word' id='word_1_376' title='bbox 2521 2270 2574 2315; x_wconf 89' lang='lat' dir='ltr'><strong>et</strong></span> <span class='ocrx_word' id='word_1_377' title='bbox 2616 2262 2951 2319; x_wconf 71' lang='lat' dir='ltr'><strong>confessione</strong></span> <span class='ocrx_word' id='word_1_378' title='bbox 2977 2278 3138 2334; x_wconf 87' lang='lat' dir='ltr'><strong>posse</strong></span> <span class='ocrx_word' id='word_1_379' title='bbox 3173 2264 3538 2333; x_wconf 78' lang='lat' dir='ltr'><strong>divellizquod</strong></span> 
     </span>
    </p>
   </div>
   <div class='ocr_carea' id='block_1_51' title="bbox 1942 2352 3539 2427">
    <p class='ocr_par' dir='ltr' id='par_1_51' title="bbox 1942 2352 3539 2427">
     <span class='ocr_line' id='line_1_51' title="bbox 1942 2352 3539 2427; baseline 0.003 -20"><span class='ocrx_word' id='word_1_380' title='bbox 1942 2360 1997 2407; x_wconf 93' lang='lat' dir='ltr'><strong>et</strong></span> <span class='ocrx_word' id='word_1_381' title='bbox 2023 2352 2113 2406; x_wconf 89' lang='lat' dir='ltr'><strong>alii</strong></span> <span class='ocrx_word' id='word_1_382' title='bbox 2157 2353 2383 2423; x_wconf 87' lang='lat' dir='ltr'><strong>apostoli</strong></span> <span class='ocrx_word' id='word_1_383' title='bbox 2422 2356 2611 2408; x_wconf 89' lang='lat' dir='ltr'><strong>eodem</strong></span> <span class='ocrx_word' id='word_1_384' title='bbox 2640 2355 2833 2408; x_wconf 87' lang='lat' dir='ltr'><strong>ardore</strong></span> <span class='ocrx_word' id='word_1_385' title='bbox 2862 2356 3101 2427; x_wconf 85' lang='lat' dir='ltr'><strong>instigati</strong></span> <span class='ocrx_word' id='word_1_386' title='bbox 3131 2356 3199 2412; x_wconf 90' lang='lat' dir='ltr'><strong>de</strong></span> <span class='ocrx_word' id='word_1_387' title='bbox 3229 2355 3539 2426; x_wconf 85' lang='lat' dir='ltr'><strong>semetipsis</strong></span> 
     </span>
    </p>
   </div>
   <div class='ocr_carea' id='block_1_52' title="bbox 1941 2446 3532 2516">
    <p class='ocr_par' dir='ltr' id='par_1_52' title="bbox 1941 2446 3532 2516">
     <span class='ocr_line' id='line_1_52' title="bbox 1941 2446 3532 2516; baseline 0.001 -17"><span class='ocrx_word' id='word_1_388' title='bbox 1941 2446 2357 2516; x_wconf 82' lang='lat' dir='ltr'><strong>praesumebant.</strong></span> <span class='ocrx_word' id='word_1_389' title='bbox 2399 2446 2534 2500; x_wconf 88' lang='lat' dir='ltr'><strong>Nam</strong></span> <span class='ocrx_word' id='word_1_390' title='bbox 2589 2447 2716 2515; x_wconf 89' lang='lat' dir='ltr'><strong>quia</strong></span> <span class='ocrx_word' id='word_1_391' title='bbox 2751 2448 3012 2516; x_wconf 88' lang='lat' dir='ltr'><strong>scriptum</strong></span> <span class='ocrx_word' id='word_1_392' title='bbox 3057 2455 3158 2503; x_wconf 88' lang='lat' dir='ltr'><strong>est.</strong></span> <span class='ocrx_word' id='word_1_393' title='bbox 3219 2446 3409 2501; x_wconf 75' lang='lat' dir='ltr'><strong>Valide</strong></span> <span class='ocrx_word' id='word_1_394' title='bbox 3458 2455 3532 2500; x_wconf 89' lang='lat' dir='ltr'><strong>est</strong></span> 
     </span>
    </p>
   </div>
   <div class='ocr_carea' id='block_1_53' title="bbox 1943 2533 3538 2605">
    <p class='ocr_par' dir='ltr' id='par_1_53' title="bbox 1943 2533 3538 2605">
     <span class='ocr_line' id='line_1_53' title="bbox 1943 2533 3538 2605; baseline 0.002 -17"><span class='ocrx_word' id='word_1_395' title='bbox 1943 2545 1998 2588; x_wconf 89' lang='lat' dir='ltr'><strong>ut</strong></span> <span class='ocrx_word' id='word_1_396' title='bbox 2053 2551 2192 2588; x_wconf 87' lang='lat' dir='ltr'><strong>mors</strong></span> <span class='ocrx_word' id='word_1_397' title='bbox 2231 2533 2441 2587; x_wconf 87' lang='lat' dir='ltr'><strong>dilectio</strong></span> <span class='ocrx_word' id='word_1_398' title='bbox 2485 2533 2662 2603; x_wconf 87' lang='lat' dir='ltr'><strong>(Cant.</strong></span> <span class='ocrx_word' id='word_1_399' title='bbox 2708 2538 2853 2604; x_wconf 82' lang='lat' dir='ltr'><strong>vin),</strong></span> <span class='ocrx_word' id='word_1_400' title='bbox 2897 2551 2994 2605; x_wconf 89' lang='lat' dir='ltr'><strong>per</strong></span> <span class='ocrx_word' id='word_1_401' title='bbox 3045 2537 3295 2591; x_wconf 79' lang='lat' dir='ltr'><strong>ardorem</strong></span> <span class='ocrx_word' id='word_1_402' title='bbox 3342 2535 3538 2591; x_wconf 88' lang='lat' dir='ltr'><strong>mentis</strong></span> 
     </span>
    </p>
   </div>
   <div class='ocr_carea' id='block_1_54' title="bbox 1942 2626 3542 2697">
    <p class='ocr_par' dir='ltr' id='par_1_54' title="bbox 1942 2626 3542 2697">
     <span class='ocr_line' id='line_1_54' title="bbox 1942 2626 3542 2697; baseline 0.003 -17"><span class='ocrx_word' id='word_1_403' title='bbox 1942 2642 2048 2680; x_wconf 90' lang='lat' dir='ltr'><strong>non</strong></span> <span class='ocrx_word' id='word_1_404' title='bbox 2076 2627 2369 2680; x_wconf 90' lang='lat' dir='ltr'><strong>tinmerunt</strong></span> <span class='ocrx_word' id='word_1_405' title='bbox 2395 2626 2653 2681; x_wconf 88' lang='lat' dir='ltr'><strong>damnum</strong></span> <span class='ocrx_word' id='word_1_406' title='bbox 2674 2629 2882 2683; x_wconf 90' lang='lat' dir='ltr'><strong>mortis.</strong></span> <span class='ocrx_word' id='word_1_407' title='bbox 2913 2628 3166 2697; x_wconf 67' lang='lat' dir='ltr'><strong>Sedjvera</strong></span> <span class='ocrx_word' id='word_1_408' title='bbox 3190 2628 3279 2683; x_wconf 90' lang='lat' dir='ltr'><strong>illa</strong></span> <span class='ocrx_word' id='word_1_409' title='bbox 3303 2629 3542 2685; x_wconf 87' lang='lat' dir='ltr'><strong>Psalmo—</strong></span> 
     </span>
    </p>
   </div>
   <div class='ocr_carea' id='block_1_55' title="bbox 1939 2701 3538 2789">
    <p class='ocr_par' dir='ltr' id='par_1_55' title="bbox 1939 2701 3538 2789">
     <span class='ocr_line' id='line_1_55' title="bbox 1939 2701 3538 2789; baseline 0.002 -18"><span class='ocrx_word' id='word_1_410' title='bbox 1939 2719 2128 2789; x_wconf 87' lang='lat' dir='ltr'><strong>graphi</strong></span> <span class='ocrx_word' id='word_1_411' title='bbox 2157 2718 2422 2774; x_wconf 87' lang='lat' dir='ltr'><strong>sententia</strong></span> <span class='ocrx_word' id='word_1_412' title='bbox 2448 2737 2460 2771; x_wconf 91' lang='lat'>:</span> <span class='ocrx_word' id='word_1_413' title='bbox 2491 2717 2612 2772; x_wconf 85' lang='lat' dir='ltr'><strong>Nisi</strong></span> <span class='ocrx_word' id='word_1_414' title='bbox 2640 2701 2896 2772; x_wconf 75' lang='lat' dir='ltr'><strong>Dbminus</strong></span> <span class='ocrx_word' id='word_1_415' title='bbox 2921 2720 3225 2774; x_wconf 84' lang='lat' dir='ltr'><strong>custodierit</strong></span> <span class='ocrx_word' id='word_1_416' title='bbox 3255 2721 3538 2786; x_wconf 77' lang='lat' dir='ltr'><strong>civitatem,</strong></span> 
     </span>
    </p>
   </div>
   <div class='ocr_carea' id='block_1_56' title="bbox 1941 2808 3534 2881">
    <p class='ocr_par' dir='ltr' id='par_1_56' title="bbox 1941 2808 3534 2881">
     <span class='ocr_line' id='line_1_56' title="bbox 1941 2808 3534 2881; baseline 0.001 -18"><span class='ocrx_word' id='word_1_417' title='bbox 1941 2809 1998 2864; x_wconf 85' lang='lat' dir='ltr'><strong>in</strong></span> <span class='ocrx_word' id='word_1_418' title='bbox 2050 2825 2242 2862; x_wconf 87' lang='lat' dir='ltr'><strong>vanum</strong></span> <span class='ocrx_word' id='word_1_419' title='bbox 2275 2808 2488 2878; x_wconf 86' lang='lat' dir='ltr'><strong>vigilant</strong></span> <span class='ocrx_word' id='word_1_420' title='bbox 2516 2810 2605 2880; x_wconf 86' lang='lat' dir='ltr'><strong>qui</strong></span> <span class='ocrx_word' id='word_1_421' title='bbox 2636 2809 2937 2863; x_wconf 83' lang='lat' dir='ltr'><strong>custodiunt</strong></span> <span class='ocrx_word' id='word_1_422' title='bbox 2960 2827 3074 2863; x_wconf 79' lang='lat' dir='ltr'><strong>eam</strong></span> <span class='ocrx_word' id='word_1_423' title='bbox 3111 2808 3284 2881; x_wconf 80' lang='lat' dir='ltr'><strong>(Psal.</strong></span> <span class='ocrx_word' id='word_1_424' title='bbox 3325 2813 3534 2881; x_wconf 75' lang='lat' dir='ltr'><strong>cxxvr).</strong></span> 
     </span>
    </p>
   </div>
   <div class='ocr_carea' id='block_1_57' title="bbox 1944 2899 3542 2976">
    <p class='ocr_par' dir='ltr' id='par_1_57' title="bbox 1944 2899 3542 2976">
     <span class='ocr_line' id='line_1_57' title="bbox 1944 2899 3542 2976; baseline 0.002 -22"><span class='ocrx_word' id='word_1_425' title='bbox 1944 2901 2128 2976; x_wconf 68' lang='lat' dir='ltr'><strong>[Aug]</strong></span> <span class='ocrx_word' id='word_1_426' title='bbox 2145 2903 2266 2956; x_wconf 85' lang='lat' dir='ltr'><strong>ideo</strong></span> <span class='ocrx_word' id='word_1_427' title='bbox 2290 2917 2429 2955; x_wconf 87' lang='lat' dir='ltr'><strong>vana</strong></span> <span class='ocrx_word' id='word_1_428' title='bbox 2454 2901 2551 2956; x_wconf 89' lang='lat' dir='ltr'><strong>fuit</strong></span> <span class='ocrx_word' id='word_1_429' title='bbox 2572 2903 2922 2973; x_wconf 70' lang='lat' dir='ltr'><strong>prtesumptio</strong></span> <span class='ocrx_word' id='word_1_430' title='bbox 2945 2904 3179 2957; x_wconf 82' lang='lat' dir='ltr'><strong>humana</strong></span> <span class='ocrx_word' id='word_1_431' title='bbox 3213 2902 3331 2957; x_wconf 86' lang='lat' dir='ltr'><strong>sine</strong></span> <span class='ocrx_word' id='word_1_432' title='bbox 3355 2899 3542 2972; x_wconf 80' lang='lat' dir='ltr'><strong>prote-</strong></span> 
     </span>
    </p>
   </div>
   <div class='ocr_carea' id='block_1_58' title="bbox 1943 2980 3575 3066">
    <p class='ocr_par' dir='ltr' id='par_1_58' title="bbox 1943 2980 3575 3066">
     <span class='ocr_line' id='line_1_58' title="bbox 1943 2980 3575 3066; baseline 0.001 -16"><span class='ocrx_word' id='word_1_433' title='bbox 1943 2996 2122 3050; x_wconf 88' lang='lat' dir='ltr'><strong>ctione</strong></span> <span class='ocrx_word' id='word_1_434' title='bbox 2139 2980 2338 3049; x_wconf 80' lang='lat' dir='ltr'><strong>divina.</strong></span> <span class='ocrx_word' id='word_1_435' title='bbox 2355 2993 2466 3049; x_wconf 86' lang='lat' dir='ltr'><strong>Nec</strong></span> <span class='ocrx_word' id='word_1_436' title='bbox 2488 2997 2918 3065; x_wconf 75' lang='lat' dir='ltr'><strong>prtetereundum</strong></span> <span class='ocrx_word' id='word_1_437' title='bbox 2932 2997 3175 3066; x_wconf 88' lang='lat' dir='ltr'><strong>estquod</strong></span> <span class='ocrx_word' id='word_1_438' title='bbox 3188 2995 3468 3051; x_wconf 64' lang='lat' dir='ltr'><strong>Matthzcus</strong></span> <span class='ocrx_word' id='word_1_439' title='bbox 3491 3005 3544 3051; x_wconf 89' lang='lat' dir='ltr'><strong>et</strong></span> <span class='ocrx_word' id='word_1_440' title='bbox 3567 3052 3575 3058; x_wconf 75' lang='grc'><strong>,</strong></span> 
     </span>
    </p>
   </div>
   <div class='ocr_carea' id='block_1_59' title="bbox 1941 3084 3544 3154">
    <p class='ocr_par' dir='ltr' id='par_1_59' title="bbox 1941 3084 3544 3154">
     <span class='ocr_line' id='line_1_59' title="bbox 1941 3084 3544 3154; baseline 0.003 -15"><span class='ocrx_word' id='word_1_441' title='bbox 1941 3084 2156 3140; x_wconf 83' lang='lat' dir='ltr'><strong>Marcus</strong></span> <span class='ocrx_word' id='word_1_442' title='bbox 2204 3086 2323 3154; x_wconf 90' lang='lat' dir='ltr'><strong>pari</strong></span> <span class='ocrx_word' id='word_1_443' title='bbox 2355 3085 2545 3141; x_wconf 80' lang='lat' dir='ltr'><strong>ordine</strong></span> <span class='ocrx_word' id='word_1_444' title='bbox 2593 3094 2647 3140; x_wconf 91' lang='lat' dir='ltr'><strong>et</strong></span> <span class='ocrx_word' id='word_1_445' title='bbox 2686 3085 2874 3142; x_wconf 90' lang='lat' dir='ltr'><strong>eodem</strong></span> <span class='ocrx_word' id='word_1_446' title='bbox 2907 3087 3235 3146; x_wconf 83' lang='lat' dir='ltr'><strong>narrationis</strong></span> <span class='ocrx_word' id='word_1_447' title='bbox 3265 3101 3376 3143; x_wconf 68' lang='lat' dir='ltr'><strong>suae</strong></span> <span class='ocrx_word' id='word_1_448' title='bbox 3423 3088 3544 3144; x_wconf 78' lang='lat' dir='ltr'><strong>luco</strong></span> 
     </span>
    </p>
   </div>
   <div class='ocr_carea' id='block_1_60' title="bbox 1941 3176 3546 3251">
    <p class='ocr_par' dir='ltr' id='par_1_60' title="bbox 1941 3176 3546 3251">
     <span class='ocr_line' id='line_1_60' title="bbox 1941 3176 3546 3251; baseline 0.002 -20"><span class='ocrx_word' id='word_1_449' title='bbox 1941 3177 2277 3245; x_wconf 84' lang='lat' dir='ltr'><strong>negationem</strong></span> <span class='ocrx_word' id='word_1_450' title='bbox 2309 3177 2456 3232; x_wconf 90' lang='lat' dir='ltr'><strong>Petri</strong></span> <span class='ocrx_word' id='word_1_451' title='bbox 2508 3179 2850 3245; x_wconf 78' lang='lat' dir='ltr'><strong>subnecwnt,</strong></span> <span class='ocrx_word' id='word_1_452' title='bbox 2884 3180 3111 3250; x_wconf 86' lang='lat' dir='ltr'><strong>apostoli</strong></span> <span class='ocrx_word' id='word_1_453' title='bbox 3150 3176 3309 3235; x_wconf 83' lang='lat' dir='ltr'><strong>ambo</strong></span> <span class='ocrx_word' id='word_1_454' title='bbox 3355 3187 3546 3251; x_wconf 77' lang='lat' dir='ltr'><strong>pOStca</strong></span> 
     </span>
    </p>
   </div>
   <div class='ocr_carea' id='block_1_61' title="bbox 1943 3270 3547 3340">
    <p class='ocr_par' dir='ltr' id='par_1_61' title="bbox 1943 3270 3547 3340">
     <span class='ocr_line' id='line_1_61' title="bbox 1943 3270 3547 3340; baseline 0.002 -18"><span class='ocrx_word' id='word_1_455' title='bbox 1943 3285 2101 3340; x_wconf 90' lang='lat' dir='ltr'><strong>quam</strong></span> <span class='ocrx_word' id='word_1_456' title='bbox 2161 3270 2420 3324; x_wconf 89' lang='lat' dir='ltr'><strong>Dominus</strong></span> <span class='ocrx_word' id='word_1_457' title='bbox 2459 3283 2710 3338; x_wconf 77' lang='lat' dir='ltr'><strong>egressus</strong></span> <span class='ocrx_word' id='word_1_458' title='bbox 2741 3279 2825 3326; x_wconf 89' lang='lat' dir='ltr'><strong>est</strong></span> <span class='ocrx_word' id='word_1_459' title='bbox 2863 3286 2929 3325; x_wconf 79' lang='lat' dir='ltr'><strong>ex</strong></span> <span class='ocrx_word' id='word_1_460' title='bbox 2978 3271 3067 3325; x_wconf 91' lang='lat' dir='ltr'><strong>illa</strong></span> <span class='ocrx_word' id='word_1_461' title='bbox 3090 3271 3250 3325; x_wconf 85' lang='lat' dir='ltr'><strong>domo</strong></span> <span class='ocrx_word' id='word_1_462' title='bbox 3274 3271 3364 3324; x_wconf 87' lang='lat' dir='ltr'><strong>ubi</strong></span> <span class='ocrx_word' id='word_1_463' title='bbox 3394 3275 3547 3325; x_wconf 81' lang='lat' dir='ltr'><strong>man-</strong></span> 
     </span>
    </p>
   </div>
   <div class='ocr_carea' id='block_1_62' title="bbox 259 3363 3542 3457">
    <p class='ocr_par' dir='ltr' id='par_1_62' title="bbox 259 3363 3542 3457">
     <span class='ocr_line' id='line_1_62' title="bbox 259 3363 3542 3457; baseline 0.005 -54"><span class='ocrx_word' id='word_1_464' title='bbox 259 3391 313 3437; x_wconf 54' lang='lat' dir='ltr'><strong>et</strong></span> <span class='ocrx_word' id='word_1_465' title='bbox 346 3392 504 3454; x_wconf 56' lang='lat' dir='ltr'><strong>“eset</strong></span> <span class='ocrx_word' id='word_1_466' title='bbox 557 3385 737 3437; x_wconf 44' lang='lat' dir='ltr'><strong>temo.</strong></span> <span class='ocrx_word' id='word_1_467' title='bbox 772 3363 1064 3455; x_wconf 46' lang='lat' dir='ltr'><strong>Postquam</strong></span> <span class='ocrx_word' id='word_1_468' title='bbox 1095 3394 1274 3441; x_wconf 52' lang='lat' dir='ltr'><strong>autem</strong></span> <span class='ocrx_word' id='word_1_469' title='bbox 1320 3388 1493 3457; x_wconf 56' lang='lat' dir='ltr'><strong>sanus</strong></span> <span class='ocrx_word' id='word_1_470' title='bbox 1536 3363 1754 3456; x_wconf 48' lang='lat' dir='ltr'><strong>cecinit:</strong></span> <span class='ocrx_word' id='word_1_471' title='bbox 1785 3363 1840 3447; x_wconf 39' lang='lat' dir='ltr'><strong>ei</strong></span> <span class='ocrx_word' id='word_1_472' title='bbox 1866 3369 1912 3432; x_wconf 69' lang='grc' dir='ltr'><strong>(ς’,</strong></span> <span class='ocrx_word' id='word_1_473' title='bbox 1943 3363 2278 3457; x_wconf 84' lang='lat' dir='ltr'><strong>ducaverunt</strong></span> <span class='ocrx_word' id='word_1_474' title='bbox 2305 3363 2526 3433; x_wconf 87' lang='lat' dir='ltr'><strong>pascha,</strong></span> <span class='ocrx_word' id='word_1_475' title='bbox 2550 3363 2724 3457; x_wconf 86' lang='lat' dir='ltr'><strong>Lucas</strong></span> <span class='ocrx_word' id='word_1_476' title='bbox 2749 3379 2877 3457; x_wconf 86' lang='lat' dir='ltr'><strong>vero</strong></span> <span class='ocrx_word' id='word_1_477' title='bbox 2907 3371 2959 3418; x_wconf 90' lang='lat' dir='ltr'><strong>et</strong></span> <span class='ocrx_word' id='word_1_478' title='bbox 2987 3363 3222 3420; x_wconf 84' lang='lat' dir='ltr'><strong>Joannes</strong></span> <span class='ocrx_word' id='word_1_479' title='bbox 3255 3371 3542 3457; x_wconf 83' lang='lat' dir='ltr'><strong>antequam</strong></span> 
     </span>
    </p>
   </div>
   <div class='ocr_carea' id='block_1_63' title="bbox 257 3472 1841 3547">
    <p class='ocr_par' dir='ltr' id='par_1_63' title="bbox 257 3472 1841 3547">
     <span class='ocr_line' id='line_1_63' title="bbox 257 3472 1841 3547; baseline 0.005 -18"><span class='ocrx_word' id='word_1_480' title='bbox 257 3472 695 3529; x_wconf 81' lang='lat' dir='ltr'><strong>decrescentibus</strong></span> <span class='ocrx_word' id='word_1_481' title='bbox 752 3475 990 3530; x_wconf 88' lang='lat' dir='ltr'><strong>tenebris</strong></span> <span class='ocrx_word' id='word_1_482' title='bbox 1043 3475 1221 3531; x_wconf 88' lang='lat' dir='ltr'><strong>vicina</strong></span> <span class='ocrx_word' id='word_1_483' title='bbox 1291 3478 1382 3532; x_wconf 64' lang='lat' dir='ltr'><strong>lux</strong></span> <span class='ocrx_word' id='word_1_484' title='bbox 1419 3480 1664 3534; x_wconf 88' lang='lat' dir='ltr'><strong>nuntiata</strong></span> <span class='ocrx_word' id='word_1_485' title='bbox 1737 3490 1841 3547; x_wconf 88' lang='lat' dir='ltr'><strong>est,</strong></span> 
     </span>
    </p>
   </div>
   <div class='ocr_carea' id='block_1_64' title="bbox 260 3568 1847 3643">
    <p class='ocr_par' dir='ltr' id='par_1_64' title="bbox 260 3568 1847 3643">
     <span class='ocr_line' id='line_1_64' title="bbox 260 3568 1847 3643; baseline 0.007 -25"><span class='ocrx_word' id='word_1_486' title='bbox 260 3574 539 3621; x_wconf 81' lang='lat' dir='ltr'><strong>conversus</strong></span> <span class='ocrx_word' id='word_1_487' title='bbox 584 3568 725 3637; x_wconf 74' lang='lat' dir='ltr'><strong>flevit</strong></span> <span class='ocrx_word' id='word_1_488' title='bbox 754 3583 954 3633; x_wconf 73' lang='lat' dir='ltr'><strong>amare;</strong></span> <span class='ocrx_word' id='word_1_489' title='bbox 1005 3568 1310 3639; x_wconf 81' lang='lat' dir='ltr'><strong>negationis</strong></span> <span class='ocrx_word' id='word_1_490' title='bbox 1370 3573 1556 3626; x_wconf 84' lang='lat' dir='ltr'><strong>sordes</strong></span> <span class='ocrx_word' id='word_1_491' title='bbox 1591 3572 1847 3643; x_wconf 91' lang='lat' dir='ltr'><strong>lacrymis</strong></span> 
     </span>
    </p>
   </div>
   <div class='ocr_carea' id='block_1_65' title="bbox 260 3658 1848 3731">
    <p class='ocr_par' dir='ltr' id='par_1_65' title="bbox 260 3658 1848 3731">
     <span class='ocr_line' id='line_1_65' title="bbox 260 3658 1848 3731; baseline 0.006 -20"><span class='ocrx_word' id='word_1_492' title='bbox 260 3658 467 3713; x_wconf 77' lang='lat' dir='ltr'><strong>lavans.</strong></span> <span class='ocrx_word' id='word_1_493' title='bbox 500 3659 680 3731; x_wconf 66' lang='grc' dir='ltr'><strong>(ΗΑΒ.)</strong></span> <span class='ocrx_word' id='word_1_494' title='bbox 706 3659 821 3713; x_wconf 87' lang='lat' dir='ltr'><strong>Non</strong></span> <span class='ocrx_word' id='word_1_495' title='bbox 844 3670 927 3716; x_wconf 88' lang='lat' dir='ltr'><strong>est</strong></span> <span class='ocrx_word' id='word_1_496' title='bbox 940 3676 1070 3716; x_wconf 89' lang='lat' dir='ltr'><strong>sane</strong></span> <span class='ocrx_word' id='word_1_497' title='bbox 1089 3663 1460 3718; x_wconf 80' lang='lat' dir='ltr'><strong>arbit&#39;randum</strong></span> <span class='ocrx_word' id='word_1_498' title='bbox 1490 3677 1610 3720; x_wconf 90' lang='lat' dir='ltr'><strong>esse</strong></span> <span class='ocrx_word' id='word_1_499' title='bbox 1632 3659 1848 3720; x_wconf 75' lang='lat' dir='ltr'><strong>contra-</strong></span> 
     </span>
    </p>
   </div>
   <div class='ocr_carea' id='block_1_66' title="bbox 262 3753 1846 3828">
    <p class='ocr_par' dir='ltr' id='par_1_66' title="bbox 262 3753 1846 3828">
     <span class='ocr_line' id='line_1_66' title="bbox 262 3753 1846 3828; baseline 0.006 -24"><span class='ocrx_word' id='word_1_500' title='bbox 262 3753 400 3805; x_wconf 90' lang='lat' dir='ltr'><strong>rium</strong></span> <span class='ocrx_word' id='word_1_501' title='bbox 469 3753 610 3822; x_wconf 90' lang='lat' dir='ltr'><strong>quod</strong></span> <span class='ocrx_word' id='word_1_502' title='bbox 653 3753 832 3808; x_wconf 82' lang='lat' dir='ltr'><strong>Marco</strong></span> <span class='ocrx_word' id='word_1_503' title='bbox 893 3754 1121 3821; x_wconf 87' lang='lat' dir='ltr'><strong>dicente,</strong></span> <span class='ocrx_word' id='word_1_504' title='bbox 1172 3755 1489 3828; x_wconf 84' lang='lat' dir='ltr'><strong>Priusquam</strong></span> <span class='ocrx_word' id='word_1_505' title='bbox 1543 3758 1713 3828; x_wconf 85' lang='lat' dir='ltr'><strong>gallus</strong></span> <span class='ocrx_word' id='word_1_506' title='bbox 1770 3760 1846 3813; x_wconf 86' lang='lat' dir='ltr'><strong>bis</strong></span> 
     </span>
    </p>
   </div>
   <div class='ocr_carea' id='block_1_67' title="bbox 262 3843 1846 3920">
    <p class='ocr_par' dir='ltr' id='par_1_67' title="bbox 262 3843 1846 3920">
     <span class='ocr_line' id='line_1_67' title="bbox 262 3843 1846 3920; baseline 0.005 -24"><span class='ocrx_word' id='word_1_507' title='bbox 262 3849 451 3896; x_wconf 78' lang='lat' dir='ltr'><strong>vocem</strong></span> <span class='ocrx_word' id='word_1_508' title='bbox 485 3843 693 3898; x_wconf 85' lang='lat' dir='ltr'><strong>dederit</strong></span> <span class='ocrx_word' id='word_1_509' title='bbox 723 3853 802 3898; x_wconf 89' lang='lat' dir='ltr'><strong>ter</strong></span> <span class='ocrx_word' id='word_1_510' title='bbox 835 3859 915 3899; x_wconf 87' lang='lat' dir='ltr'><strong>me</strong></span> <span class='ocrx_word' id='word_1_511' title='bbox 949 3862 1002 3899; x_wconf 90' lang='lat' dir='ltr'><strong>es</strong></span> <span class='ocrx_word' id='word_1_512' title='bbox 1047 3857 1350 3916; x_wconf 80' lang='lat' dir='ltr'><strong>negaturus,</strong></span> <span class='ocrx_word' id='word_1_513' title='bbox 1384 3849 1564 3903; x_wconf 65' lang='lat' dir='ltr'><strong>caeleri</strong></span> <span class='ocrx_word' id='word_1_514' title='bbox 1615 3863 1846 3920; x_wconf 84' lang='lat' dir='ltr'><strong>evange-</strong></span> 
     </span>
    </p>
   </div>
   <div class='ocr_carea' id='block_1_68' title="bbox 262 3932 1843 4006">
    <p class='ocr_par' dir='ltr' id='par_1_68' title="bbox 262 3932 1843 4006">
     <span class='ocr_line' id='line_1_68' title="bbox 262 3932 1843 4006; baseline 0.005 -22"><span class='ocrx_word' id='word_1_515' title='bbox 262 3932 398 3986; x_wconf 72' lang='lat' dir='ltr'><strong>lista:</strong></span> <span class='ocrx_word' id='word_1_516' title='bbox 430 3933 748 4004; x_wconf 77' lang='lat' dir='ltr'><strong>simpliciter</strong></span> <span class='ocrx_word' id='word_1_517' title='bbox 783 3935 1056 4000; x_wconf 73' lang='lat' dir='ltr'><strong>dixerunt,</strong></span> <span class='ocrx_word' id='word_1_518' title='bbox 1090 3934 1407 4006; x_wconf 72' lang='lat' dir='ltr'><strong>Priusquam</strong></span> <span class='ocrx_word' id='word_1_519' title='bbox 1435 3936 1608 4006; x_wconf 79' lang='lat' dir='ltr'><strong>gallus</strong></span> <span class='ocrx_word' id='word_1_520' title='bbox 1649 3947 1843 4005; x_wconf 84' lang='lat' dir='ltr'><strong>cantet,</strong></span> 
     </span>
    </p>
   </div>
   <div class='ocr_carea' id='block_1_69' title="bbox 261 4025 1841 4101">
    <p class='ocr_par' dir='ltr' id='par_1_69' title="bbox 261 4025 1841 4101">
     <span class='ocr_line' id='line_1_69' title="bbox 261 4025 1841 4101; baseline 0.004 -24"><span class='ocrx_word' id='word_1_521' title='bbox 261 4033 340 4078; x_wconf 87' lang='lat' dir='ltr'><strong>ter</strong></span> <span class='ocrx_word' id='word_1_522' title='bbox 383 4043 463 4079; x_wconf 88' lang='lat' dir='ltr'><strong>me</strong></span> <span class='ocrx_word' id='word_1_523' title='bbox 507 4027 738 4096; x_wconf 81' lang='lat' dir='ltr'><strong>negabis.</strong></span> <span class='ocrx_word' id='word_1_524' title='bbox 793 4027 974 4101; x_wconf 77' lang='lat' dir='ltr'><strong>(.iug.)</strong></span> <span class='ocrx_word' id='word_1_525' title='bbox 1024 4029 1158 4083; x_wconf 72' lang='lat' dir='ltr'><strong>Tuta</strong></span> <span class='ocrx_word' id='word_1_526' title='bbox 1209 4031 1353 4083; x_wconf 89' lang='lat' dir='ltr'><strong>enim</strong></span> <span class='ocrx_word' id='word_1_527' title='bbox 1402 4028 1547 4084; x_wconf 86' lang='lat' dir='ltr'><strong>Petri</strong></span> <span class='ocrx_word' id='word_1_528' title='bbox 1603 4025 1841 4101; x_wconf 66' lang='lat' dir='ltr'><strong>negatio,</strong></span> 
     </span>
    </p>
   </div>
   <div class='ocr_carea' id='block_1_70' title="bbox 197 4106 1847 4193">
    <p class='ocr_par' dir='ltr' id='par_1_70' title="bbox 197 4106 1847 4193">
     <span class='ocr_line' id='line_1_70' title="bbox 197 4106 1847 4193; baseline 0.003 -21"><span class='ocrx_word' id='word_1_529' title='bbox 197 4106 200 4109; x_wconf 58' lang='grc'><em>’</em></span> <span class='ocrx_word' id='word_1_530' title='bbox 261 4119 402 4172; x_wconf 89' lang='lat' dir='ltr'><strong>trina</strong></span> <span class='ocrx_word' id='word_1_531' title='bbox 433 4120 648 4188; x_wconf 80' lang='lat' dir='ltr'><strong>negatio</strong></span> <span class='ocrx_word' id='word_1_532' title='bbox 673 4128 776 4174; x_wconf 88' lang='lat' dir='ltr'><strong>est.</strong></span> <span class='ocrx_word' id='word_1_533' title='bbox 808 4120 864 4173; x_wconf 91' lang='lat' dir='ltr'><strong>ln</strong></span> <span class='ocrx_word' id='word_1_534' title='bbox 907 4122 1096 4176; x_wconf 88' lang='lat' dir='ltr'><strong>eadem</strong></span> <span class='ocrx_word' id='word_1_535' title='bbox 1127 4135 1356 4190; x_wconf 84' lang='lat' dir='ltr'><strong>namque</strong></span> <span class='ocrx_word' id='word_1_536' title='bbox 1401 4124 1704 4193; x_wconf 82' lang='lat' dir='ltr'><strong>permansit</strong></span> <span class='ocrx_word' id='word_1_537' title='bbox 1749 4137 1847 4177; x_wconf 88' lang='lat' dir='ltr'><strong>ne-</strong></span> 
     </span>
    </p>
   </div>
   <div class='ocr_carea' id='block_1_71' title="bbox 259 4210 1846 4282">
    <p class='ocr_par' dir='ltr' id='par_1_71' title="bbox 259 4210 1846 4282">
     <span class='ocr_line' id='line_1_71' title="bbox 259 4210 1846 4282; baseline 0.005 -20"><span class='ocrx_word' id='word_1_538' title='bbox 259 4210 474 4278; x_wconf 88' lang='lat' dir='ltr'><strong>gatione</strong></span> <span class='ocrx_word' id='word_1_539' title='bbox 513 4212 677 4264; x_wconf 79' lang='lat' dir='ltr'><strong>ahiini</strong></span> <span class='ocrx_word' id='word_1_540' title='bbox 714 4213 1095 4282; x_wconf 85' lang='lat' dir='ltr'><strong>propositoque</strong></span> <span class='ocrx_word' id='word_1_541' title='bbox 1121 4214 1408 4282; x_wconf 88' lang='lat' dir='ltr'><strong>mendacii,</strong></span> <span class='ocrx_word' id='word_1_542' title='bbox 1458 4215 1626 4270; x_wconf 90' lang='lat' dir='ltr'><strong>donec</strong></span> <span class='ocrx_word' id='word_1_543' title='bbox 1662 4213 1846 4270; x_wconf 64' lang='grc' dir='ltr'><strong>δάπισ-</strong></span> 
     </span>
    </p>
   </div>
   <div class='ocr_carea' id='block_1_72' title="bbox 263 4300 1845 4370">
    <p class='ocr_par' dir='ltr' id='par_1_72' title="bbox 263 4300 1845 4370">
     <span class='ocr_line' id='line_1_72' title="bbox 263 4300 1845 4370; baseline 0.004 -16"><span class='ocrx_word' id='word_1_544' title='bbox 263 4301 409 4355; x_wconf 87' lang='lat' dir='ltr'><strong>nitus</strong></span> <span class='ocrx_word' id='word_1_545' title='bbox 430 4300 558 4368; x_wconf 86' lang='lat' dir='ltr'><strong>quid</strong></span> <span class='ocrx_word' id='word_1_546' title='bbox 587 4302 636 4354; x_wconf 82' lang='lat' dir='ltr'><strong>ei</strong></span> <span class='ocrx_word' id='word_1_547' title='bbox 655 4301 974 4370; x_wconf 77' lang='lat' dir='ltr'><strong>praedictum</strong></span> <span class='ocrx_word' id='word_1_548' title='bbox 999 4303 1073 4356; x_wconf 85' lang='lat' dir='ltr'><strong>&#39;sit</strong></span> <span class='ocrx_word' id='word_1_549' title='bbox 1096 4305 1280 4358; x_wconf 82' lang='lat' dir='ltr'><strong>amaro</strong></span> <span class='ocrx_word' id='word_1_550' title='bbox 1309 4304 1438 4359; x_wconf 84' lang='lat' dir='ltr'><strong>ﬂetu</strong></span> <span class='ocrx_word' id='word_1_551' title='bbox 1461 4313 1519 4359; x_wconf 84' lang='lat' dir='ltr'><strong>et</strong></span> <span class='ocrx_word' id='word_1_552' title='bbox 1546 4306 1725 4361; x_wconf 88' lang='lat' dir='ltr'><strong>cordis</strong></span> <span class='ocrx_word' id='word_1_553' title='bbox 1750 4305 1845 4360; x_wconf 86' lang='lat' dir='ltr'><strong>do-</strong></span> 
     </span>
    </p>
   </div>
   <div class='ocr_carea' id='block_1_73' title="bbox 263 4394 1841 4472">
    <p class='ocr_par' dir='ltr' id='par_1_73' title="bbox 263 4394 1841 4472">
     <span class='ocr_line' id='line_1_73' title="bbox 263 4394 1841 4472; baseline 0.004 -24"><span class='ocrx_word' id='word_1_554' title='bbox 263 4394 377 4449; x_wconf 90' lang='lat' dir='ltr'><strong>lore</strong></span> <span class='ocrx_word' id='word_1_555' title='bbox 405 4403 706 4448; x_wconf 88' lang='lat' dir='ltr'><strong>sanaretur.</strong></span> <span class='ocrx_word' id='word_1_556' title='bbox 736 4395 862 4450; x_wconf 67' lang='lat' dir='ltr'><strong>llaec</strong></span> <span class='ocrx_word' id='word_1_557' title='bbox 887 4406 1065 4450; x_wconf 84' lang='lat' dir='ltr'><strong>autem</strong></span> <span class='ocrx_word' id='word_1_558' title='bbox 1097 4405 1231 4463; x_wconf 84' lang='lat' dir='ltr'><strong>tota,</strong></span> <span class='ocrx_word' id='word_1_559' title='bbox 1256 4398 1310 4452; x_wconf 91' lang='lat' dir='ltr'><strong>id</strong></span> <span class='ocrx_word' id='word_1_560' title='bbox 1333 4407 1418 4453; x_wconf 91' lang='lat' dir='ltr'><strong>est</strong></span> <span class='ocrx_word' id='word_1_561' title='bbox 1436 4395 1579 4454; x_wconf 73' lang='lat' dir='ltr'><strong>trina</strong></span> <span class='ocrx_word' id='word_1_562' title='bbox 1606 4402 1841 4472; x_wconf 86' lang='lat' dir='ltr'><strong>negatio,</strong></span> 
     </span>
    </p>
   </div>
   <div class='ocr_carea' id='block_1_74' title="bbox 263 4486 1839 4562">
    <p class='ocr_par' dir='ltr' id='par_1_74' title="bbox 263 4486 1839 4562">
     <span class='ocr_line' id='line_1_74' title="bbox 263 4486 1839 4562; baseline 0.006 -22"><span class='ocrx_word' id='word_1_563' title='bbox 263 4486 307 4541; x_wconf 89' lang='lat' dir='ltr'><strong>si</strong></span> <span class='ocrx_word' id='word_1_564' title='bbox 335 4495 456 4556; x_wconf 89' lang='lat' dir='ltr'><strong>post</strong></span> <span class='ocrx_word' id='word_1_565' title='bbox 482 4488 714 4557; x_wconf 84' lang='lat' dir='ltr'><strong>primum</strong></span> <span class='ocrx_word' id='word_1_566' title='bbox 748 4487 870 4557; x_wconf 85' lang='lat' dir='ltr'><strong>galli</strong></span> <span class='ocrx_word' id='word_1_567' title='bbox 925 4489 1144 4543; x_wconf 81' lang='lat' dir='ltr'><strong>cantum</strong></span> <span class='ocrx_word' id='word_1_568' title='bbox 1169 4491 1449 4562; x_wconf 89' lang='lat' dir='ltr'><strong>inciperet,</strong></span> <span class='ocrx_word' id='word_1_569' title='bbox 1506 4493 1702 4548; x_wconf 75' lang='lat' dir='ltr'><strong>falsum</strong></span> <span class='ocrx_word' id='word_1_570' title='bbox 1755 4495 1839 4549; x_wconf 89' lang='lat' dir='ltr'><strong>di-</strong></span> 
     </span>
    </p>
   </div>
   <div class='ocr_carea' id='block_1_75' title="bbox 264 4578 1842 4648">
    <p class='ocr_par' dir='ltr' id='par_1_75' title="bbox 264 4578 1842 4648">
     <span class='ocr_line' id='line_1_75' title="bbox 264 4578 1842 4648; baseline 0.005 -16"><span class='ocrx_word' id='word_1_571' title='bbox 264 4578 410 4632; x_wconf 85' lang='lat' dir='ltr'><strong>xisse</strong></span> <span class='ocrx_word' id='word_1_572' title='bbox 438 4578 750 4633; x_wconf 80' lang='lat' dir='ltr'><strong>viderentur</strong></span> <span class='ocrx_word' id='word_1_573' title='bbox 784 4579 916 4644; x_wconf 83' lang='lat' dir='ltr'><strong>tres,</strong></span> <span class='ocrx_word' id='word_1_574' title='bbox 939 4578 1030 4648; x_wconf 86' lang='lat' dir='ltr'><strong>qui</strong></span> <span class='ocrx_word' id='word_1_575' title='bbox 1058 4578 1307 4635; x_wconf 63' lang='lat' dir='ltr'><strong>dixerunt</strong></span> <span class='ocrx_word' id='word_1_576' title='bbox 1328 4581 1532 4638; x_wconf 82' lang='lat' dir='ltr'><strong>dixisse</strong></span> <span class='ocrx_word' id='word_1_577' title='bbox 1554 4584 1842 4641; x_wconf 84' lang='lat' dir='ltr'><strong>Dominum</strong></span> 
     </span>
    </p>
   </div>
   <div class='ocr_carea' id='block_1_76' title="bbox 263 4667 1844 4738">
    <p class='ocr_par' dir='ltr' id='par_1_76' title="bbox 263 4667 1844 4738">
     <span class='ocr_line' id='line_1_76' title="bbox 263 4667 1844 4738; baseline 0.007 -18"><span class='ocrx_word' id='word_1_578' title='bbox 263 4668 404 4737; x_wconf 90' lang='lat' dir='ltr'><strong>quod</strong></span> <span class='ocrx_word' id='word_1_579' title='bbox 429 4677 714 4738; x_wconf 83' lang='lat' dir='ltr'><strong>antequam</strong></span> <span class='ocrx_word' id='word_1_580' title='bbox 743 4667 914 4738; x_wconf 83' lang='lat' dir='ltr'><strong>gallus</strong></span> <span class='ocrx_word' id='word_1_581' title='bbox 935 4680 1200 4734; x_wconf 83' lang='lat' dir='ltr'><strong>cantaret,</strong></span> <span class='ocrx_word' id='word_1_582' title='bbox 1239 4680 1320 4727; x_wconf 87' lang='lat' dir='ltr'><strong>ter</strong></span> <span class='ocrx_word' id='word_1_583' title='bbox 1339 4675 1460 4727; x_wconf 84' lang='lat' dir='ltr'><strong>eum</strong></span> <span class='ocrx_word' id='word_1_584' title='bbox 1490 4673 1680 4730; x_wconf 79' lang='lat' dir='ltr'><strong>Petrus</strong></span> <span class='ocrx_word' id='word_1_585' title='bbox 1702 4687 1844 4731; x_wconf 86' lang='lat' dir='ltr'><strong>esset</strong></span> 
     </span>
    </p>
   </div>
   <div class='ocr_carea' id='block_1_77' title="bbox 1953 3453 3545 3530">
    <p class='ocr_par' dir='ltr' id='par_1_77' title="bbox 1953 3453 3545 3530">
     <span class='ocr_line' id='line_1_77' title="bbox 1953 3453 3545 3530; baseline 0.003 -21"><span class='ocrx_word' id='word_1_586' title='bbox 1953 3455 2078 3510; x_wconf 91' lang='lat' dir='ltr'><strong>inde</strong></span> <span class='ocrx_word' id='word_1_587' title='bbox 2104 3463 2248 3510; x_wconf 87' lang='lat' dir='ltr'><strong>esset</strong></span> <span class='ocrx_word' id='word_1_588' title='bbox 2284 3470 2556 3526; x_wconf 84' lang='lat' dir='ltr'><strong>egressus.</strong></span> <span class='ocrx_word' id='word_1_589' title='bbox 2590 3456 2694 3512; x_wconf 87' lang='lat' dir='ltr'><strong>Sed</strong></span> <span class='ocrx_word' id='word_1_590' title='bbox 2732 3456 2888 3513; x_wconf 85' lang='lat' dir='ltr'><strong>facile</strong></span> <span class='ocrx_word' id='word_1_591' title='bbox 2922 3472 3208 3528; x_wconf 89' lang='lat' dir='ltr'><strong>possumus</strong></span> <span class='ocrx_word' id='word_1_592' title='bbox 3237 3453 3545 3530; x_wconf 81' lang='lat' dir='ltr'><strong>intelligere</strong></span> 
     </span>
    </p>
   </div>
   <div class='ocr_carea' id='block_1_78' title="bbox 1950 3547 3546 3621">
    <p class='ocr_par' dir='ltr' id='par_1_78' title="bbox 1950 3547 3546 3621">
     <span class='ocr_line' id='line_1_78' title="bbox 1950 3547 3546 3621; baseline 0.003 -19"><span class='ocrx_word' id='word_1_593' title='bbox 1950 3557 2043 3602; x_wconf 87' lang='lat' dir='ltr'><strong>aut</strong></span> <span class='ocrx_word' id='word_1_594' title='bbox 2072 3547 2190 3602; x_wconf 92' lang='lat' dir='ltr'><strong>illos</strong></span> <span class='ocrx_word' id='word_1_595' title='bbox 2220 3548 2353 3603; x_wconf 89' lang='lat' dir='ltr'><strong>duos</strong></span> <span class='ocrx_word' id='word_1_596' title='bbox 2396 3563 2514 3603; x_wconf 89' lang='lat' dir='ltr'><strong>eam</strong></span> <span class='ocrx_word' id='word_1_597' title='bbox 2557 3549 2963 3618; x_wconf 86' lang='lat' dir='ltr'><strong>recapitulando</strong></span> <span class='ocrx_word' id='word_1_598' title='bbox 2987 3551 3256 3621; x_wconf 87' lang='lat' dir='ltr'><strong>posuisse,</strong></span> <span class='ocrx_word' id='word_1_599' title='bbox 3296 3559 3388 3605; x_wconf 87' lang='lat' dir='ltr'><strong>aut</strong></span> <span class='ocrx_word' id='word_1_600' title='bbox 3411 3551 3546 3606; x_wconf 90' lang='lat' dir='ltr'><strong>istos</strong></span> 
     </span>
    </p>
   </div>
   <div class='ocr_carea' id='block_1_79' title="bbox 1947 3641 3544 3713">
    <p class='ocr_par' dir='ltr' id='par_1_79' title="bbox 1947 3641 3544 3713">
     <span class='ocr_line' id='line_1_79' title="bbox 1947 3641 3544 3713; baseline 0.001 -18"><span class='ocrx_word' id='word_1_601' title='bbox 1947 3641 2395 3712; x_wconf 63' lang='lat' dir='ltr'><strong>praeoccupando,</strong></span> <span class='ocrx_word' id='word_1_602' title='bbox 2424 3642 2525 3696; x_wconf 92' lang='lat' dir='ltr'><strong>nisi</strong></span> <span class='ocrx_word' id='word_1_603' title='bbox 2557 3643 2728 3712; x_wconf 86' lang='lat' dir='ltr'><strong>magis</strong></span> <span class='ocrx_word' id='word_1_604' title='bbox 2757 3652 2996 3698; x_wconf 87' lang='lat' dir='ltr'><strong>moveret</strong></span> <span class='ocrx_word' id='word_1_605' title='bbox 3017 3642 3162 3713; x_wconf 88' lang='lat' dir='ltr'><strong>quod</strong></span> <span class='ocrx_word' id='word_1_606' title='bbox 3197 3651 3306 3697; x_wconf 90' lang='lat' dir='ltr'><strong>tam</strong></span> <span class='ocrx_word' id='word_1_607' title='bbox 3333 3644 3544 3698; x_wconf 85' lang='lat' dir='ltr'><strong>diversa</strong></span> 
     </span>
    </p>
   </div>
   <div class='ocr_carea' id='block_1_80' title="bbox 1949 3736 3544 3805">
    <p class='ocr_par' dir='ltr' id='par_1_80' title="bbox 1949 3736 3544 3805">
     <span class='ocr_line' id='line_1_80' title="bbox 1949 3736 3544 3805; baseline 0.001 -17"><span class='ocrx_word' id='word_1_608' title='bbox 1949 3751 2056 3789; x_wconf 89' lang='lat' dir='ltr'><strong>non</strong></span> <span class='ocrx_word' id='word_1_609' title='bbox 2080 3745 2285 3789; x_wconf 90' lang='lat' dir='ltr'><strong>tantum</strong></span> <span class='ocrx_word' id='word_1_610' title='bbox 2316 3736 2498 3799; x_wconf 86' lang='lat' dir='ltr'><strong>verba,</strong></span> <span class='ocrx_word' id='word_1_611' title='bbox 2527 3736 2623 3790; x_wconf 84' lang='lat' dir='ltr'><strong>sed</strong></span> <span class='ocrx_word' id='word_1_612' title='bbox 2645 3736 2813 3790; x_wconf 86' lang='lat' dir='ltr'><strong>etiam</strong></span> <span class='ocrx_word' id='word_1_613' title='bbox 2843 3737 3144 3791; x_wconf 87' lang='lat' dir='ltr'><strong>sententias</strong></span> <span class='ocrx_word' id='word_1_614' title='bbox 3166 3737 3378 3790; x_wconf 83' lang='lat' dir='ltr'><strong>Domini</strong></span> <span class='ocrx_word' id='word_1_615' title='bbox 3404 3741 3544 3805; x_wconf 69' lang='lat' dir='ltr'><strong>prtu-</strong></span> 
     </span>
    </p>
   </div>
   <div class='ocr_carea' id='block_1_81' title="bbox 1950 3829 3538 3899">
    <p class='ocr_par' dir='ltr' id='par_1_81' title="bbox 1950 3829 3538 3899">
     <span class='ocr_line' id='line_1_81' title="bbox 1950 3829 3538 3899; baseline -0.002 -14"><span class='ocrx_word' id='word_1_616' title='bbox 1950 3830 2174 3885; x_wconf 89' lang='lat' dir='ltr'><strong>mittunt</strong></span> <span class='ocrx_word' id='word_1_617' title='bbox 2215 3829 2411 3899; x_wconf 85' lang='lat' dir='ltr'><strong>quibus</strong></span> <span class='ocrx_word' id='word_1_618' title='bbox 2476 3839 2755 3899; x_wconf 88' lang='lat' dir='ltr'><strong>permotus</strong></span> <span class='ocrx_word' id='word_1_619' title='bbox 2819 3829 3011 3885; x_wconf 84' lang='lat' dir='ltr'><strong>Petrus</strong></span> <span class='ocrx_word' id='word_1_620' title='bbox 3079 3830 3226 3883; x_wconf 85' lang='lat' dir='ltr'><strong>illam</strong></span> <span class='ocrx_word' id='word_1_621' title='bbox 3275 3831 3538 3898; x_wconf 65' lang='lat' dir='ltr'><strong>priesum-</strong></span> 
     </span>
    </p>
   </div>
   <div class='ocr_carea' id='block_1_82' title="bbox 1947 3921 3540 3992">
    <p class='ocr_par' dir='ltr' id='par_1_82' title="bbox 1947 3921 3540 3992">
     <span class='ocr_line' id='line_1_82' title="bbox 1947 3921 3540 3992; baseline -0.001 -16"><span class='ocrx_word' id='word_1_622' title='bbox 1947 3923 2186 3992; x_wconf 90' lang='lat' dir='ltr'><strong>ptionem</strong></span> <span class='ocrx_word' id='word_1_623' title='bbox 2225 3922 2511 3991; x_wconf 85' lang='lat' dir='ltr'><strong>proferret,</strong></span> <span class='ocrx_word' id='word_1_624' title='bbox 2546 3922 2631 3976; x_wconf 91' lang='lat' dir='ltr'><strong>vel</strong></span> <span class='ocrx_word' id='word_1_625' title='bbox 2656 3923 2777 3977; x_wconf 87' lang='lat' dir='ltr'><strong>cum</strong></span> <span class='ocrx_word' id='word_1_626' title='bbox 2819 3923 3044 3977; x_wconf 87' lang='lat' dir='ltr'><strong>Domino</strong></span> <span class='ocrx_word' id='word_1_627' title='bbox 3075 3922 3156 3976; x_wconf 88' lang='lat' dir='ltr'><strong>vel</strong></span> <span class='ocrx_word' id='word_1_628' title='bbox 3185 3931 3284 3990; x_wconf 86' lang='lat' dir='ltr'><strong>pro</strong></span> <span class='ocrx_word' id='word_1_629' title='bbox 3312 3921 3540 3974; x_wconf 91' lang='lat' dir='ltr'><strong>Domino</strong></span> 
     </span>
    </p>
   </div>
   <div class='ocr_carea' id='block_1_83' title="bbox 1948 4009 3542 4084">
    <p class='ocr_par' dir='ltr' id='par_1_83' title="bbox 1948 4009 3542 4084">
     <span class='ocr_line' id='line_1_83' title="bbox 1948 4009 3542 4084; baseline -0.003 -16"><span class='ocrx_word' id='word_1_630' title='bbox 1948 4013 2234 4078; x_wconf 87' lang='lat' dir='ltr'><strong>moriendi,</strong></span> <span class='ocrx_word' id='word_1_631' title='bbox 2259 4023 2317 4068; x_wconf 89' lang='lat' dir='ltr'><strong>ut</strong></span> <span class='ocrx_word' id='word_1_632' title='bbox 2359 4014 2534 4083; x_wconf 71' lang='lat' dir='ltr'><strong>magis</strong></span> <span class='ocrx_word' id='word_1_633' title='bbox 2559 4022 2754 4084; x_wconf 86' lang='lat' dir='ltr'><strong>cogant</strong></span> <span class='ocrx_word' id='word_1_634' title='bbox 2783 4012 3005 4083; x_wconf 76' lang='lat' dir='ltr'><strong>intelligi</strong></span> <span class='ocrx_word' id='word_1_635' title='bbox 3035 4009 3119 4067; x_wconf 86' lang='lat' dir='ltr'><strong>vel</strong></span> <span class='ocrx_word' id='word_1_636' title='bbox 3155 4021 3236 4067; x_wconf 92' lang='lat' dir='ltr'><strong>ter</strong></span> <span class='ocrx_word' id='word_1_637' title='bbox 3261 4020 3384 4066; x_wconf 87' lang='lat' dir='ltr'><strong>eum</strong></span> <span class='ocrx_word' id='word_1_638' title='bbox 3444 4017 3542 4065; x_wconf 80' lang='lat' dir='ltr'><strong>ex-</strong></span> 
     </span>
    </p>
   </div>
   <div class='ocr_carea' id='block_1_84' title="bbox 1949 4101 3544 4176">
    <p class='ocr_par' dir='ltr' id='par_1_84' title="bbox 1949 4101 3544 4176">
     <span class='ocr_line' id='line_1_84' title="bbox 1949 4101 3544 4176; baseline -0.003 -16"><span class='ocrx_word' id='word_1_639' title='bbox 1949 4105 2217 4176; x_wconf 88' lang='lat' dir='ltr'><strong>pressisse</strong></span> <span class='ocrx_word' id='word_1_640' title='bbox 2245 4106 2726 4176; x_wconf 68' lang='lat' dir='ltr'><strong>praesumptionem</strong></span> <span class='ocrx_word' id='word_1_641' title='bbox 2756 4121 2907 4160; x_wconf 89' lang='lat' dir='ltr'><strong>suam</strong></span> <span class='ocrx_word' id='word_1_642' title='bbox 2933 4106 3161 4160; x_wconf 88' lang='lat' dir='ltr'><strong>diversis</strong></span> <span class='ocrx_word' id='word_1_643' title='bbox 3183 4105 3316 4159; x_wconf 89' lang='lat' dir='ltr'><strong>locis</strong></span> <span class='ocrx_word' id='word_1_644' title='bbox 3341 4101 3406 4158; x_wconf 87' lang='lat' dir='ltr'><strong>ad</strong></span> <span class='ocrx_word' id='word_1_645' title='bbox 3433 4115 3544 4158; x_wconf 84' lang='lat' dir='ltr'><strong>ser-</strong></span> 
     </span>
    </p>
   </div>
   <div class='ocr_carea' id='block_1_85' title="bbox 1947 4194 3545 4267">
    <p class='ocr_par' dir='ltr' id='par_1_85' title="bbox 1947 4194 3545 4267">
     <span class='ocr_line' id='line_1_85' title="bbox 1947 4194 3545 4267; baseline -0.001 -16"><span class='ocrx_word' id='word_1_646' title='bbox 1947 4211 2136 4252; x_wconf 87' lang='lat' dir='ltr'><strong>mones</strong></span> <span class='ocrx_word' id='word_1_647' title='bbox 2180 4195 2400 4262; x_wconf 85' lang='lat' dir='ltr'><strong>Christi,</strong></span> <span class='ocrx_word' id='word_1_648' title='bbox 2431 4207 2486 4251; x_wconf 90' lang='lat' dir='ltr'><strong>et</strong></span> <span class='ocrx_word' id='word_1_649' title='bbox 2527 4206 2607 4251; x_wconf 88' lang='lat' dir='ltr'><strong>ter</strong></span> <span class='ocrx_word' id='word_1_650' title='bbox 2650 4197 2727 4250; x_wconf 90' lang='lat' dir='ltr'><strong>illi</strong></span> <span class='ocrx_word' id='word_1_651' title='bbox 2752 4194 3035 4251; x_wconf 80' lang='lat' dir='ltr'><strong>a&#39;Domino</strong></span> <span class='ocrx_word' id='word_1_652' title='bbox 3057 4206 3377 4267; x_wconf 87' lang='lat' dir='ltr'><strong>responsum</strong></span> <span class='ocrx_word' id='word_1_653' title='bbox 3397 4194 3545 4264; x_wconf 78' lang='lat' dir='ltr'><strong>quod</strong></span> 
     </span>
    </p>
   </div>
   <div class='ocr_carea' id='block_1_86' title="bbox 1949 4287 3544 4359">
    <p class='ocr_par' dir='ltr' id='par_1_86' title="bbox 1949 4287 3544 4359">
     <span class='ocr_line' id='line_1_86' title="bbox 1949 4287 3544 4359; baseline -0.001 -15"><span class='ocrx_word' id='word_1_654' title='bbox 1949 4303 2071 4345; x_wconf 87' lang='lat' dir='ltr'><strong>eum</strong></span> <span class='ocrx_word' id='word_1_655' title='bbox 2100 4297 2247 4344; x_wconf 88' lang='lat' dir='ltr'><strong>esset</strong></span> <span class='ocrx_word' id='word_1_656' title='bbox 2275 4297 2400 4344; x_wconf 85' lang='lat' dir='ltr'><strong>ante</strong></span> <span class='ocrx_word' id='word_1_657' title='bbox 2451 4289 2578 4359; x_wconf 88' lang='lat' dir='ltr'><strong>galli</strong></span> <span class='ocrx_word' id='word_1_658' title='bbox 2608 4297 2825 4342; x_wconf 89' lang='lat' dir='ltr'><strong>cantum</strong></span> <span class='ocrx_word' id='word_1_659' title='bbox 2855 4297 2940 4344; x_wconf 90' lang='lat' dir='ltr'><strong>ter</strong></span> <span class='ocrx_word' id='word_1_660' title='bbox 2984 4298 3298 4357; x_wconf 85' lang='lat' dir='ltr'><strong>negaturus.</strong></span> <span class='ocrx_word' id='word_1_661' title='bbox 3357 4287 3544 4358; x_wconf 83' lang='lat' dir='ltr'><strong>Neque</strong></span> 
     </span>
    </p>
   </div>
   <div class='ocr_carea' id='block_1_87' title="bbox 1947 4380 3542 4447">
    <p class='ocr_par' dir='ltr' id='par_1_87' title="bbox 1947 4380 3542 4447">
     <span class='ocr_line' id='line_1_87' title="bbox 1947 4380 3542 4447; baseline 0 -13"><span class='ocrx_word' id='word_1_662' title='bbox 1947 4382 2091 4435; x_wconf 91' lang='lat' dir='ltr'><strong>enim</strong></span> <span class='ocrx_word' id='word_1_663' title='bbox 2115 4380 2427 4434; x_wconf 83' lang='lat' dir='ltr'><strong>incredibile</strong></span> <span class='ocrx_word' id='word_1_664' title='bbox 2449 4387 2531 4432; x_wconf 87' lang='lat' dir='ltr'><strong>est</strong></span> <span class='ocrx_word' id='word_1_665' title='bbox 2564 4380 2900 4447; x_wconf 82' lang='lat' dir='ltr'><strong>aliquantum</strong></span> <span class='ocrx_word' id='word_1_666' title='bbox 2951 4381 3222 4434; x_wconf 86' lang='lat' dir='ltr'><strong>distinctis</strong></span> <span class='ocrx_word' id='word_1_667' title='bbox 3241 4381 3542 4434; x_wconf 88' lang='lat' dir='ltr'><strong>intervallis</strong></span> 
     </span>
    </p>
   </div>
   <div class='ocr_carea' id='block_1_88' title="bbox 1949 4473 3534 4543">
    <p class='ocr_par' dir='ltr' id='par_1_88' title="bbox 1949 4473 3534 4543">
     <span class='ocr_line' id='line_1_88' title="bbox 1949 4473 3534 4543; baseline -0.001 -16"><span class='ocrx_word' id='word_1_668' title='bbox 1949 4482 2250 4541; x_wconf 88' lang='lat' dir='ltr'><strong>temporum</strong></span> <span class='ocrx_word' id='word_1_669' title='bbox 2271 4473 2491 4526; x_wconf 83' lang='lat' dir='ltr'><strong>Petrum</strong></span> <span class='ocrx_word' id='word_1_670' title='bbox 2505 4480 2833 4526; x_wconf 89' lang='lat' dir='ltr'><strong>commotum</strong></span> <span class='ocrx_word' id='word_1_671' title='bbox 2855 4485 2977 4527; x_wconf 90' lang='lat' dir='ltr'><strong>esse</strong></span> <span class='ocrx_word' id='word_1_672' title='bbox 2999 4474 3066 4526; x_wconf 89' lang='lat' dir='ltr'><strong>ad</strong></span> <span class='ocrx_word' id='word_1_673' title='bbox 3093 4473 3534 4543; x_wconf 63' lang='lat' dir='ltr'><strong>praesumendum</strong></span> 
     </span>
    </p>
   </div>
   <div class='ocr_carea' id='block_1_89' title="bbox 1949 4563 3541 4634">
    <p class='ocr_par' dir='ltr' id='par_1_89' title="bbox 1949 4563 3541 4634">
     <span class='ocr_line' id='line_1_89' title="bbox 1949 4563 3541 4634; baseline -0.002 -14"><span class='ocrx_word' id='word_1_674' title='bbox 1949 4566 2088 4621; x_wconf 88' lang='lat' dir='ltr'><strong>sicut</strong></span> <span class='ocrx_word' id='word_1_675' title='bbox 2115 4565 2182 4618; x_wconf 90' lang='lat' dir='ltr'><strong>ad</strong></span> <span class='ocrx_word' id='word_1_676' title='bbox 2209 4564 2536 4634; x_wconf 84' lang='lat' dir='ltr'><strong>negandum,</strong></span> <span class='ocrx_word' id='word_1_677' title='bbox 2586 4563 2668 4618; x_wconf 88' lang='lat' dir='ltr'><strong>vel</strong></span> <span class='ocrx_word' id='word_1_678' title='bbox 2708 4564 2756 4618; x_wconf 87' lang='lat' dir='ltr'><strong>ei</strong></span> <span class='ocrx_word' id='word_1_679' title='bbox 2790 4563 3076 4619; x_wconf 79' lang='lat' dir='ltr'><strong>DOminum</strong></span> <span class='ocrx_word' id='word_1_680' title='bbox 3119 4563 3320 4634; x_wconf 81' lang='lat' dir='ltr'><strong>aliquid</strong></span> <span class='ocrx_word' id='word_1_681' title='bbox 3351 4575 3433 4618; x_wconf 87' lang='lat' dir='ltr'><strong>ter</strong></span> <span class='ocrx_word' id='word_1_682' title='bbox 3469 4563 3541 4618; x_wconf 91' lang='lat' dir='ltr'><strong>si-</strong></span> 
     </span>
    </p>
   </div>
   <div class='ocr_carea' id='block_1_90' title="bbox 1952 4652 3536 4722">
    <p class='ocr_par' dir='ltr' id='par_1_90' title="bbox 1952 4652 3536 4722">
     <span class='ocr_line' id='line_1_90' title="bbox 1952 4652 3536 4722; baseline -0.001 -14"><span class='ocrx_word' id='word_1_683' title='bbox 1952 4654 2151 4708; x_wconf 88' lang='lat' dir='ltr'><strong>militer</strong></span> <span class='ocrx_word' id='word_1_684' title='bbox 2172 4653 2532 4722; x_wconf 87' lang='lat' dir='ltr'><strong>respondisse.</strong></span> <span class='ocrx_word' id='word_1_685' title='bbox 2558 4652 3004 4722; x_wconf 83' lang='lat' dir='ltr'><strong>Quandoquidem</strong></span> <span class='ocrx_word' id='word_1_686' title='bbox 3029 4653 3193 4708; x_wconf 88' lang='lat' dir='ltr'><strong>etiam</strong></span> <span class='ocrx_word' id='word_1_687' title='bbox 3241 4655 3536 4709; x_wconf 80' lang='lat' dir='ltr'><strong>contextim</strong></span> 
     </span>
    </p>
   </div>
   <div class='ocr_carea' id='block_1_91' title="bbox 263 4737 3534 4837">
    <p class='ocr_par' dir='ltr' id='par_1_91' title="bbox 263 4737 3534 4837">
     <span class='ocr_line' id='line_1_91' title="bbox 263 4737 3534 4837; baseline 0.002 -43"><span class='ocrx_word' id='word_1_688' title='bbox 263 4737 586 4829; x_wconf 29' lang='lat' dir='ltr'><strong>negaturus;</strong></span> <span class='ocrx_word' id='word_1_689' title='bbox 627 4737 836 4816; x_wconf 62' lang='grc' dir='ltr'><strong>ῃητέηε</strong></span> <span class='ocrx_word' id='word_1_690' title='bbox 870 4762 916 4816; x_wconf 72' lang='lat' dir='ltr'><strong>si</strong></span> <span class='ocrx_word' id='word_1_691' title='bbox 938 4765 1105 4817; x_wconf 56' lang='grc' dir='ltr'>ιοιθω</span> <span class='ocrx_word' id='word_1_692' title='bbox 1131 4766 1329 4819; x_wconf 61' lang='lat' dir='ltr'><strong>mnam</strong></span> <span class='ocrx_word' id='word_1_693' title='bbox 1356 4767 1692 4837; x_wconf 53' lang='lat' dir='ltr'><strong>nmmum</strong></span> <span class='ocrx_word' id='word_1_694' title='bbox 1720 4778 1844 4823; x_wconf 52' lang='lat' dir='ltr'><strong>ante</strong></span> <span class='ocrx_word' id='word_1_695' title='bbox 1868 4737 1923 4799; x_wconf 87' lang='lat' dir='ltr'><strong>D</strong></span> <span class='ocrx_word' id='word_1_696' title='bbox 1949 4745 2110 4800; x_wconf 88' lang='lat' dir='ltr'><strong>nullis</strong></span> <span class='ocrx_word' id='word_1_697' title='bbox 2159 4744 2278 4799; x_wconf 89' lang='lat' dir='ltr'><strong>aliis</strong></span> <span class='ocrx_word' id='word_1_698' title='bbox 2314 4745 2647 4814; x_wconf 76' lang='lat' dir='ltr'><strong>interpositis</strong></span> <span class='ocrx_word' id='word_1_699' title='bbox 2673 4746 2833 4800; x_wconf 89' lang='lat' dir='ltr'><strong>rebus</strong></span> <span class='ocrx_word' id='word_1_700' title='bbox 2865 4755 2959 4799; x_wconf 82' lang='lat' dir='ltr'><strong>aut</strong></span> <span class='ocrx_word' id='word_1_701' title='bbox 2988 4746 3168 4801; x_wconf 89' lang='lat' dir='ltr'><strong>verbis</strong></span> <span class='ocrx_word' id='word_1_702' title='bbox 3189 4753 3313 4816; x_wconf 88' lang='lat' dir='ltr'><strong>post</strong></span> <span class='ocrx_word' id='word_1_703' title='bbox 3348 4760 3534 4801; x_wconf 89' lang='lat' dir='ltr'><strong>resur-</strong></span> 
     </span>
    </p>
   </div>
   <div class='ocr_carea' id='block_1_92' title="bbox 260 4851 1848 4929">
    <p class='ocr_par' dir='ltr' id='par_1_92' title="bbox 260 4851 1848 4929">
     <span class='ocr_line' id='line_1_92' title="bbox 260 4851 1848 4929; baseline 0.008 -26"><span class='ocrx_word' id='word_1_704' title='bbox 260 4851 560 4922; x_wconf 81' lang='lat' dir='ltr'><strong>peregisset</strong></span> <span class='ocrx_word' id='word_1_705' title='bbox 592 4868 752 4921; x_wconf 88' lang='lat' dir='ltr'><strong>quam</strong></span> <span class='ocrx_word' id='word_1_706' title='bbox 782 4863 1001 4908; x_wconf 84' lang='lat' dir='ltr'><strong>cantare</strong></span> <span class='ocrx_word' id='word_1_707' title='bbox 1039 4855 1211 4926; x_wconf 85' lang='lat' dir='ltr'><strong>gallus</strong></span> <span class='ocrx_word' id='word_1_708' title='bbox 1253 4857 1532 4926; x_wconf 73' lang='lat' dir='ltr'><strong>inciperet,</strong></span> <span class='ocrx_word' id='word_1_709' title='bbox 1577 4861 1848 4929; x_wconf 67' lang='lat' dir='ltr'><strong>supeiﬂ‘uo</strong></span> 
     </span>
    </p>
   </div>
   <div class='ocr_carea' id='block_1_93' title="bbox 266 4941 1844 5019">
    <p class='ocr_par' dir='ltr' id='par_1_93' title="bbox 266 4941 1844 5019">
     <span class='ocr_line' id='line_1_93' title="bbox 266 4941 1844 5019; baseline 0.005 -23"><span class='ocrx_word' id='word_1_710' title='bbox 266 4941 468 4996; x_wconf 74' lang='lat' dir='ltr'><strong>dixisse</strong></span> <span class='ocrx_word' id='word_1_711' title='bbox 496 4941 714 4997; x_wconf 84' lang='lat' dir='ltr'><strong>Marcus</strong></span> <span class='ocrx_word' id='word_1_712' title='bbox 742 4944 1238 5013; x_wconf 83' lang='lat' dir='ltr'><strong>deprehenderetur</strong></span> <span class='ocrx_word' id='word_1_713' title='bbox 1265 4963 1331 5002; x_wconf 75' lang='lat' dir='ltr'><strong>ex</strong></span> <span class='ocrx_word' id='word_1_714' title='bbox 1352 4961 1585 5019; x_wconf 82' lang='lat' dir='ltr'><strong>persona</strong></span> <span class='ocrx_word' id='word_1_715' title='bbox 1612 4945 1844 5017; x_wconf 85' lang='lat' dir='ltr'><strong>Domini,</strong></span> 
     </span>
    </p>
   </div>
   <div class='ocr_carea' id='block_1_94' title="bbox 265 5032 1846 5113">
    <p class='ocr_par' dir='ltr' id='par_1_94' title="bbox 265 5032 1846 5113">
     <span class='ocr_line' id='line_1_94' title="bbox 265 5032 1846 5113; baseline 0.008 -28"><span class='ocrx_word' id='word_1_716' title='bbox 265 5032 428 5087; x_wconf 86' lang='lat' dir='ltr'><strong>Amen</strong></span> <span class='ocrx_word' id='word_1_717' title='bbox 457 5032 577 5087; x_wconf 79' lang='lat' dir='ltr'><strong>dico</strong></span> <span class='ocrx_word' id='word_1_718' title='bbox 607 5033 699 5087; x_wconf 82' lang='lat' dir='ltr'><strong>tibi</strong></span> <span class='ocrx_word' id='word_1_719' title='bbox 734 5035 858 5105; x_wconf 81' lang='lat' dir='ltr'><strong>quia</strong></span> <span class='ocrx_word' id='word_1_720' title='bbox 889 5045 944 5088; x_wconf 85' lang='lat' dir='ltr'><strong>tu</strong></span> <span class='ocrx_word' id='word_1_721' title='bbox 975 5037 1031 5089; x_wconf 89' lang='lat' dir='ltr'><strong>in</strong></span> <span class='ocrx_word' id='word_1_722' title='bbox 1059 5048 1206 5091; x_wconf 79' lang='lat' dir='ltr'><strong>nocte</strong></span> <span class='ocrx_word' id='word_1_723' title='bbox 1229 5039 1326 5093; x_wconf 86' lang='lat' dir='ltr'><strong>hac</strong></span> <span class='ocrx_word' id='word_1_724' title='bbox 1354 5043 1658 5112; x_wconf 80' lang='lat' dir='ltr'><strong>priusquam</strong></span> <span class='ocrx_word' id='word_1_725' title='bbox 1676 5037 1846 5113; x_wconf 81' lang='lat' dir='ltr'><strong>gallus</strong></span> 
     </span>
    </p>
   </div>
   <div class='ocr_carea' id='block_1_95' title="bbox 267 5124 1847 5204">
    <p class='ocr_par' dir='ltr' id='par_1_95' title="bbox 267 5124 1847 5204">
     <span class='ocr_line' id='line_1_95' title="bbox 267 5124 1847 5204; baseline 0.008 -27"><span class='ocrx_word' id='word_1_726' title='bbox 267 5124 344 5178; x_wconf 79' lang='lat' dir='ltr'><strong>bis</strong></span> <span class='ocrx_word' id='word_1_727' title='bbox 381 5135 550 5181; x_wconf 78' lang='lat' dir='ltr'><strong>uocem</strong></span> <span class='ocrx_word' id='word_1_728' title='bbox 573 5126 794 5189; x_wconf 87' lang='lat' dir='ltr'><strong>dederit,</strong></span> <span class='ocrx_word' id='word_1_729' title='bbox 821 5138 898 5182; x_wconf 84' lang='lat' dir='ltr'><strong>ter</strong></span> <span class='ocrx_word' id='word_1_730' title='bbox 922 5145 1003 5182; x_wconf 89' lang='lat' dir='ltr'><strong>me</strong></span> <span class='ocrx_word' id='word_1_731' title='bbox 1027 5141 1308 5200; x_wconf 82' lang='lat' dir='ltr'><strong>negaturus</strong></span> <span class='ocrx_word' id='word_1_732' title='bbox 1327 5150 1400 5186; x_wconf 89' lang='lat' dir='ltr'><strong>es.</strong></span> <span class='ocrx_word' id='word_1_733' title='bbox 1429 5135 1534 5188; x_wconf 83' lang='lat' dir='ltr'><strong>Sed</strong></span> <span class='ocrx_word' id='word_1_734' title='bbox 1562 5136 1687 5204; x_wconf 88' lang='lat' dir='ltr'><strong>quia</strong></span> <span class='ocrx_word' id='word_1_735' title='bbox 1723 5129 1847 5191; x_wconf 81' lang='lat' dir='ltr'><strong>ante</strong></span> 
     </span>
    </p>
   </div>
   <div class='ocr_carea' id='block_1_96' title="bbox 264 5221 1844 5298">
    <p class='ocr_par' dir='ltr' id='par_1_96' title="bbox 264 5221 1844 5298">
     <span class='ocr_line' id='line_1_96' title="bbox 264 5221 1844 5298; baseline 0.006 -25"><span class='ocrx_word' id='word_1_736' title='bbox 264 5221 497 5291; x_wconf 89' lang='lat' dir='ltr'><strong>primum</strong></span> <span class='ocrx_word' id='word_1_737' title='bbox 521 5221 644 5289; x_wconf 84' lang='lat' dir='ltr'><strong>galli</strong></span> <span class='ocrx_word' id='word_1_738' title='bbox 670 5225 885 5277; x_wconf 81' lang='lat' dir='ltr'><strong>cantum</strong></span> <span class='ocrx_word' id='word_1_739' title='bbox 913 5234 1087 5294; x_wconf 76' lang='lat' dir='ltr'><strong>erepta</strong></span> <span class='ocrx_word' id='word_1_740' title='bbox 1111 5233 1193 5279; x_wconf 89' lang='lat' dir='ltr'><strong>est</strong></span> <span class='ocrx_word' id='word_1_741' title='bbox 1214 5227 1356 5280; x_wconf 88' lang='lat' dir='ltr'><strong>trina</strong></span> <span class='ocrx_word' id='word_1_742' title='bbox 1389 5227 1478 5280; x_wconf 87' lang='lat' dir='ltr'><strong>illa</strong></span> <span class='ocrx_word' id='word_1_743' title='bbox 1501 5229 1732 5298; x_wconf 78' lang='lat' dir='ltr'><strong>negatio,</strong></span> <span class='ocrx_word' id='word_1_744' title='bbox 1761 5238 1844 5282; x_wconf 90' lang='lat' dir='ltr'><strong>at-</strong></span> 
     </span>
    </p>
   </div>
   <div class='ocr_carea' id='block_1_97' title="bbox 266 5312 1846 5388">
    <p class='ocr_par' dir='ltr' id='par_1_97' title="bbox 266 5312 1846 5388">
     <span class='ocr_line' id='line_1_97' title="bbox 266 5312 1846 5388; baseline 0.003 -22"><span class='ocrx_word' id='word_1_745' title='bbox 266 5313 556 5366; x_wconf 86' lang='lat' dir='ltr'><strong>tenderunt</strong></span> <span class='ocrx_word' id='word_1_746' title='bbox 582 5312 658 5366; x_wconf 89' lang='lat' dir='ltr'><strong>illi</strong></span> <span class='ocrx_word' id='word_1_747' title='bbox 682 5317 790 5366; x_wconf 83' lang='lat' dir='ltr'><strong>tres</strong></span> <span class='ocrx_word' id='word_1_748' title='bbox 819 5330 922 5368; x_wconf 85' lang='lat' dir='ltr'><strong>non</strong></span> <span class='ocrx_word' id='word_1_749' title='bbox 951 5316 1164 5384; x_wconf 88' lang='lat' dir='ltr'><strong>quando</strong></span> <span class='ocrx_word' id='word_1_750' title='bbox 1178 5329 1298 5372; x_wconf 86' lang='lat' dir='ltr'><strong>eam</strong></span> <span class='ocrx_word' id='word_1_751' title='bbox 1321 5318 1682 5388; x_wconf 88' lang='lat' dir='ltr'><strong>completurus</strong></span> <span class='ocrx_word' id='word_1_752' title='bbox 1705 5327 1846 5373; x_wconf 87' lang='lat' dir='ltr'><strong>esset</strong></span> 
     </span>
    </p>
   </div>
   <div class='ocr_carea' id='block_1_98' title="bbox 266 5402 1845 5478">
    <p class='ocr_par' dir='ltr' id='par_1_98' title="bbox 266 5402 1845 5478">
     <span class='ocr_line' id='line_1_98' title="bbox 266 5402 1845 5478; baseline 0.003 -20"><span class='ocrx_word' id='word_1_753' title='bbox 266 5402 490 5467; x_wconf 77' lang='lat' dir='ltr'><strong>Petrus,</strong></span> <span class='ocrx_word' id='word_1_754' title='bbox 540 5402 634 5456; x_wconf 88' lang='lat' dir='ltr'><strong>sed</strong></span> <span class='ocrx_word' id='word_1_755' title='bbox 674 5411 876 5472; x_wconf 85' lang='lat' dir='ltr'><strong>quanta</strong></span> <span class='ocrx_word' id='word_1_756' title='bbox 925 5404 1106 5460; x_wconf 87' lang='lat' dir='ltr'><strong>futura</strong></span> <span class='ocrx_word' id='word_1_757' title='bbox 1147 5417 1312 5473; x_wconf 70' lang='lat' dir='ltr'><strong>esset,</strong></span> <span class='ocrx_word' id='word_1_758' title='bbox 1358 5407 1681 5478; x_wconf 79' lang='lat' dir='ltr'><strong>quanquue</strong></span> <span class='ocrx_word' id='word_1_759' title='bbox 1735 5419 1845 5462; x_wconf 84' lang='lat' dir='ltr'><strong>eoe-</strong></span> 
     </span>
    </p>
   </div>
   <div class='ocr_carea' id='block_1_99' title="bbox 265 5493 1840 5568">
    <p class='ocr_par' dir='ltr' id='par_1_99' title="bbox 265 5493 1840 5568">
     <span class='ocr_line' id='line_1_99' title="bbox 265 5493 1840 5568; baseline 0.003 -21"><span class='ocrx_word' id='word_1_760' title='bbox 265 5502 458 5568; x_wconf 87' lang='lat' dir='ltr'><strong>ptura;</strong></span> <span class='ocrx_word' id='word_1_761' title='bbox 509 5493 562 5547; x_wconf 90' lang='lat' dir='ltr'><strong>id</strong></span> <span class='ocrx_word' id='word_1_762' title='bbox 602 5502 706 5560; x_wconf 85' lang='lat' dir='ltr'><strong>est,</strong></span> <span class='ocrx_word' id='word_1_763' title='bbox 739 5494 867 5564; x_wconf 80' lang='lat' dir='ltr'><strong>quia</strong></span> <span class='ocrx_word' id='word_1_764' title='bbox 895 5495 1035 5548; x_wconf 90' lang='lat' dir='ltr'><strong>trina</strong></span> <span class='ocrx_word' id='word_1_765' title='bbox 1058 5506 1112 5551; x_wconf 90' lang='lat' dir='ltr'><strong>et</strong></span> <span class='ocrx_word' id='word_1_766' title='bbox 1137 5498 1261 5567; x_wconf 86' lang='lat' dir='ltr'><strong>quia</strong></span> <span class='ocrx_word' id='word_1_767' title='bbox 1291 5507 1414 5552; x_wconf 84' lang='lat' dir='ltr'><strong>ante</strong></span> <span class='ocrx_word' id='word_1_768' title='bbox 1437 5498 1558 5568; x_wconf 83' lang='lat' dir='ltr'><strong>galli</strong></span> <span class='ocrx_word' id='word_1_769' title='bbox 1601 5507 1840 5563; x_wconf 89' lang='lat' dir='ltr'><strong>cantum,</strong></span> 
     </span>
    </p>
   </div>
   <div class='ocr_carea' id='block_1_100' title="bbox 269 5585 1843 5660">
    <p class='ocr_par' dir='ltr' id='par_1_100' title="bbox 269 5585 1843 5660">
     <span class='ocr_line' id='line_1_100' title="bbox 269 5585 1843 5660; baseline 0.004 -20"><span class='ocrx_word' id='word_1_770' title='bbox 269 5599 577 5655; x_wconf 80' lang='lat' dir='ltr'><strong>quanquam</strong></span> <span class='ocrx_word' id='word_1_771' title='bbox 609 5585 662 5640; x_wconf 91' lang='lat' dir='ltr'><strong>in</strong></span> <span class='ocrx_word' id='word_1_772' title='bbox 677 5585 856 5640; x_wconf 86' lang='lat' dir='ltr'><strong>animo</strong></span> <span class='ocrx_word' id='word_1_773' title='bbox 869 5585 985 5654; x_wconf 83' lang='lat' dir='ltr'><strong>ejus</strong></span> <span class='ocrx_word' id='word_1_774' title='bbox 1003 5591 1191 5643; x_wconf 87' lang='lat' dir='ltr'><strong>etante</strong></span> <span class='ocrx_word' id='word_1_775' title='bbox 1216 5589 1447 5658; x_wconf 83' lang='lat' dir='ltr'><strong>primum</strong></span> <span class='ocrx_word' id='word_1_776' title='bbox 1461 5589 1590 5660; x_wconf 86' lang='lat' dir='ltr'><strong>galli</strong></span> <span class='ocrx_word' id='word_1_777' title='bbox 1627 5599 1843 5646; x_wconf 90' lang='lat' dir='ltr'><strong>cantum</strong></span> 
     </span>
    </p>
   </div>
   <div class='ocr_carea' id='block_1_101' title="bbox 271 5677 1847 5752">
    <p class='ocr_par' dir='ltr' id='par_1_101' title="bbox 271 5677 1847 5752">
     <span class='ocr_line' id='line_1_101' title="bbox 271 5677 1847 5752; baseline 0.003 -19"><span class='ocrx_word' id='word_1_778' title='bbox 271 5685 384 5733; x_wconf 81' lang='lat' dir='ltr'><strong>tota</strong></span> <span class='ocrx_word' id='word_1_779' title='bbox 417 5678 585 5747; x_wconf 91' lang='lat' dir='ltr'><strong>possit</strong></span> <span class='ocrx_word' id='word_1_780' title='bbox 614 5677 853 5748; x_wconf 89' lang='lat' dir='ltr'><strong>intelligi.</strong></span> <span class='ocrx_word' id='word_1_781' title='bbox 896 5677 1151 5745; x_wconf 83' lang='lat' dir='ltr'><strong>Quamvis</strong></span> <span class='ocrx_word' id='word_1_782' title='bbox 1192 5681 1334 5735; x_wconf 90' lang='lat' dir='ltr'><strong>enim</strong></span> <span class='ocrx_word' id='word_1_783' title='bbox 1379 5681 1558 5736; x_wconf 85' lang='lat' dir='ltr'><strong>verbis</strong></span> <span class='ocrx_word' id='word_1_784' title='bbox 1602 5683 1847 5752; x_wconf 81' lang='lat' dir='ltr'><strong>negantis</strong></span> 
     </span>
    </p>
   </div>
   <div class='ocr_carea' id='block_1_102' title="bbox 267 5772 1846 5847">
    <p class='ocr_par' dir='ltr' id='par_1_102' title="bbox 267 5772 1846 5847">
     <span class='ocr_line' id='line_1_102' title="bbox 267 5772 1846 5847; baseline 0.002 -20"><span class='ocrx_word' id='word_1_785' title='bbox 267 5779 401 5827; x_wconf 81' lang='lat' dir='ltr'><strong>ante</strong></span> <span class='ocrx_word' id='word_1_786' title='bbox 433 5772 664 5841; x_wconf 88' lang='lat' dir='ltr'><strong>primum</strong></span> <span class='ocrx_word' id='word_1_787' title='bbox 717 5780 916 5843; x_wconf 71' lang='lat' dir='ltr'><strong>erepta,</strong></span> <span class='ocrx_word' id='word_1_788' title='bbox 966 5781 1092 5828; x_wconf 86' lang='lat' dir='ltr'><strong>ante</strong></span> <span class='ocrx_word' id='word_1_789' title='bbox 1144 5775 1438 5829; x_wconf 90' lang='lat' dir='ltr'><strong>secundum</strong></span> <span class='ocrx_word' id='word_1_790' title='bbox 1491 5784 1670 5830; x_wconf 88' lang='lat' dir='ltr'><strong>autem</strong></span> <span class='ocrx_word' id='word_1_791' title='bbox 1723 5775 1846 5847; x_wconf 83' lang='lat' dir='ltr'><strong>galli</strong></span> 
     </span>
    </p>
   </div>
   <div class='ocr_carea' id='block_1_103' title="bbox 271 5865 1848 5938">
    <p class='ocr_par' dir='ltr' id='par_1_103' title="bbox 271 5865 1848 5938">
     <span class='ocr_line' id='line_1_103' title="bbox 271 5865 1848 5938; baseline -0.001 -16"><span class='ocrx_word' id='word_1_792' title='bbox 271 5871 494 5922; x_wconf 66' lang='lat' dir='ltr'><strong>(tantum</strong></span> <span class='ocrx_word' id='word_1_793' title='bbox 517 5874 736 5934; x_wconf 79' lang='lat' dir='ltr'><strong>peracta</strong></span> <span class='ocrx_word' id='word_1_794' title='bbox 774 5867 846 5920; x_wconf 84' lang='lat' dir='ltr'><strong>sit</strong></span> <span class='ocrx_word' id='word_1_795' title='bbox 880 5873 988 5919; x_wconf 89' lang='lat' dir='ltr'><strong>tota</strong></span> <span class='ocrx_word' id='word_1_796' title='bbox 1017 5865 1104 5920; x_wconf 78' lang='lat' dir='ltr'><strong>ilia</strong></span> <span class='ocrx_word' id='word_1_797' title='bbox 1133 5866 1270 5920; x_wconf 87' lang='lat' dir='ltr'><strong>trina</strong></span> <span class='ocrx_word' id='word_1_798' title='bbox 1299 5869 1536 5938; x_wconf 73' lang='lat' dir='ltr'><strong>negatio,</strong></span> <span class='ocrx_word' id='word_1_799' title='bbox 1567 5879 1743 5922; x_wconf 89' lang='lat' dir='ltr'><strong>tamen</strong></span> <span class='ocrx_word' id='word_1_800' title='bbox 1767 5868 1848 5921; x_wconf 86' lang='lat' dir='ltr'><strong>al-</strong></span> 
     </span>
    </p>
   </div>
   <div class='ocr_carea' id='block_1_104' title="bbox 277 5954 1850 6026">
    <p class='ocr_par' dir='ltr' id='par_1_104' title="bbox 277 5954 1850 6026">
     <span class='ocr_line' id='line_1_104' title="bbox 277 5954 1850 6026; baseline 0.003 -15"><span class='ocrx_word' id='word_1_801' title='bbox 277 5955 510 6011; x_wconf 81' lang='lat' dir='ltr'><strong>l‘ectione</strong></span> <span class='ocrx_word' id='word_1_802' title='bbox 537 5954 702 6012; x_wconf 84' lang='lat' dir='ltr'><strong>animi</strong></span> <span class='ocrx_word' id='word_1_803' title='bbox 727 5964 783 6012; x_wconf 89' lang='lat' dir='ltr'><strong>et</strong></span> <span class='ocrx_word' id='word_1_804' title='bbox 803 5957 994 6013; x_wconf 90' lang='lat' dir='ltr'><strong>timorc</strong></span> <span class='ocrx_word' id='word_1_805' title='bbox 1018 5955 1162 6012; x_wconf 85' lang='lat' dir='ltr'><strong>Petri</strong></span> <span class='ocrx_word' id='word_1_806' title='bbox 1188 5964 1312 6013; x_wconf 86' lang='lat' dir='ltr'><strong>ante</strong></span> <span class='ocrx_word' id='word_1_807' title='bbox 1335 5957 1563 6026; x_wconf 91' lang='lat' dir='ltr'><strong>primum</strong></span> <span class='ocrx_word' id='word_1_808' title='bbox 1589 5967 1701 6015; x_wconf 88' lang='lat' dir='ltr'><strong>tota</strong></span> <span class='ocrx_word' id='word_1_809' title='bbox 1722 5973 1850 6014; x_wconf 89' lang='lat' dir='ltr'><strong>con-</strong></span> 
     </span>
    </p>
   </div>
   <div class='ocr_carea' id='block_1_105' title="bbox 1951 4836 3541 4908">
    <p class='ocr_par' dir='ltr' id='par_1_105' title="bbox 1951 4836 3541 4908">
     <span class='ocr_line' id='line_1_105' title="bbox 1951 4836 3541 4908; baseline 0.002 -18"><span class='ocrx_word' id='word_1_810' title='bbox 1951 4837 2246 4890; x_wconf 84' lang='lat' dir='ltr'><strong>reetionem</strong></span> <span class='ocrx_word' id='word_1_811' title='bbox 2275 4845 2356 4892; x_wconf 88' lang='lat' dir='ltr'><strong>ter</strong></span> <span class='ocrx_word' id='word_1_812' title='bbox 2384 4836 2530 4890; x_wconf 87' lang='lat' dir='ltr'><strong>illum</strong></span> <span class='ocrx_word' id='word_1_813' title='bbox 2559 4837 2975 4908; x_wconf 80' lang='lat' dir='ltr'><strong>iuterrogaverit</strong></span> <span class='ocrx_word' id='word_1_814' title='bbox 3005 4847 3186 4894; x_wconf 87' lang='lat' dir='ltr'><strong>utrum</strong></span> <span class='ocrx_word' id='word_1_815' title='bbox 3239 4847 3467 4906; x_wconf 82' lang='lat' dir='ltr'><strong>amaret,</strong></span> <span class='ocrx_word' id='word_1_816' title='bbox 3489 4847 3541 4894; x_wconf 91' lang='lat' dir='ltr'><strong>et</strong></span> 
     </span>
    </p>
   </div>
   <div class='ocr_carea' id='block_1_106' title="bbox 1954 4929 3536 5002">
    <p class='ocr_par' dir='ltr' id='par_1_106' title="bbox 1954 4929 3536 5002">
     <span class='ocr_line' id='line_1_106' title="bbox 1954 4929 3536 5002; baseline 0.002 -19"><span class='ocrx_word' id='word_1_817' title='bbox 1954 4938 2036 4984; x_wconf 89' lang='lat' dir='ltr'><strong>ter</strong></span> <span class='ocrx_word' id='word_1_818' title='bbox 2071 4929 2120 4984; x_wconf 89' lang='lat' dir='ltr'><strong>ei</strong></span> <span class='ocrx_word' id='word_1_819' title='bbox 2147 4930 2251 4983; x_wconf 89' lang='lat' dir='ltr'><strong>hoc</strong></span> <span class='ocrx_word' id='word_1_820' title='bbox 2271 4929 2617 4998; x_wconf 87' lang='lat' dir='ltr'><strong>respondenti</strong></span> <span class='ocrx_word' id='word_1_821' title='bbox 2647 4931 2812 4984; x_wconf 87' lang='lat' dir='ltr'><strong>etiam</strong></span> <span class='ocrx_word' id='word_1_822' title='bbox 2844 4931 2959 5000; x_wconf 88' lang='lat' dir='ltr'><strong>ipse</strong></span> <span class='ocrx_word' id='word_1_823' title='bbox 2980 4933 3295 4986; x_wconf 84' lang='lat' dir='ltr'><strong>mandatum</strong></span> <span class='ocrx_word' id='word_1_824' title='bbox 3320 4933 3386 4987; x_wconf 90' lang='lat' dir='ltr'><strong>de</strong></span> <span class='ocrx_word' id='word_1_825' title='bbox 3416 4941 3536 5002; x_wconf 88' lang='lat' dir='ltr'><strong>pas-</strong></span> 
     </span>
    </p>
   </div>
   <div class='ocr_carea' id='block_1_107' title="bbox 1951 5022 3530 5094">
    <p class='ocr_par' dir='ltr' id='par_1_107' title="bbox 1951 5022 3530 5094">
     <span class='ocr_line' id='line_1_107' title="bbox 1951 5022 3530 5094; baseline -0.001 -16"><span class='ocrx_word' id='word_1_826' title='bbox 1951 5024 2136 5078; x_wconf 88' lang='lat' dir='ltr'><strong>cendis</strong></span> <span class='ocrx_word' id='word_1_827' title='bbox 2157 5023 2346 5077; x_wconf 83' lang='lat' dir='ltr'><strong>ovibus</strong></span> <span class='ocrx_word' id='word_1_828' title='bbox 2359 5022 2470 5078; x_wconf 90' lang='lat' dir='ltr'><strong>suis</strong></span> <span class='ocrx_word' id='word_1_829' title='bbox 2484 5039 2650 5077; x_wconf 91' lang='lat' dir='ltr'><strong>unum</strong></span> <span class='ocrx_word' id='word_1_830' title='bbox 2675 5023 2924 5092; x_wconf 83' lang='lat' dir='ltr'><strong>idemque</strong></span> <span class='ocrx_word' id='word_1_831' title='bbox 2947 5032 3028 5076; x_wconf 88' lang='lat' dir='ltr'><strong>ter</strong></span> <span class='ocrx_word' id='word_1_832' title='bbox 3049 5023 3306 5093; x_wconf 79' lang='lat' dir='ltr'><strong>praecepit</strong></span> <span class='ocrx_word' id='word_1_833' title='bbox 3345 5023 3530 5094; x_wconf 85' lang='lat' dir='ltr'><strong>(Joan.</strong></span> 
     </span>
    </p>
   </div>
   <div class='ocr_carea' id='block_1_108' title="bbox 1950 5117 3536 5190">
    <p class='ocr_par' dir='ltr' id='par_1_108' title="bbox 1950 5117 3536 5190">
     <span class='ocr_line' id='line_1_108' title="bbox 1950 5117 3536 5190; baseline -0.003 -15"><span class='ocrx_word' id='word_1_834' title='bbox 1950 5121 2089 5190; x_wconf 64' lang='grc' dir='ltr'>χιι.)</span> <span class='ocrx_word' id='word_1_835' title='bbox 2123 5120 2235 5174; x_wconf 84' lang='lat' dir='ltr'><strong>Hoc</strong></span> <span class='ocrx_word' id='word_1_836' title='bbox 2271 5119 2454 5189; x_wconf 85' lang='lat' dir='ltr'><strong>itaque</strong></span> <span class='ocrx_word' id='word_1_837' title='bbox 2483 5119 2809 5174; x_wconf 88' lang='lat' dir='ltr'><strong>credendum</strong></span> <span class='ocrx_word' id='word_1_838' title='bbox 2837 5127 2920 5173; x_wconf 88' lang='lat' dir='ltr'><strong>est</strong></span> <span class='ocrx_word' id='word_1_839' title='bbox 2945 5119 3090 5188; x_wconf 88' lang='lat' dir='ltr'><strong>quod</strong></span> <span class='ocrx_word' id='word_1_840' title='bbox 3125 5127 3211 5174; x_wconf 82' lang='lat' dir='ltr'><strong>ter</strong></span> <span class='ocrx_word' id='word_1_841' title='bbox 3237 5117 3536 5173; x_wconf 84' lang='lat' dir='ltr'><strong>ostenderit</strong></span> 
     </span>
    </p>
   </div>
   <div class='ocr_carea' id='block_1_109' title="bbox 1953 5212 3535 5285">
    <p class='ocr_par' dir='ltr' id='par_1_109' title="bbox 1953 5212 3535 5285">
     <span class='ocr_line' id='line_1_109' title="bbox 1953 5212 3535 5285; baseline -0.004 -15"><span class='ocrx_word' id='word_1_842' title='bbox 1953 5215 2428 5285; x_wconf 64' lang='lat' dir='ltr'><strong>prtrsumptionem</strong></span> <span class='ocrx_word' id='word_1_843' title='bbox 2467 5229 2616 5268; x_wconf 87' lang='lat' dir='ltr'><strong>suam</strong></span> <span class='ocrx_word' id='word_1_844' title='bbox 2649 5214 2842 5267; x_wconf 85' lang='lat' dir='ltr'><strong>Petrus</strong></span> <span class='ocrx_word' id='word_1_845' title='bbox 2863 5221 2917 5266; x_wconf 90' lang='lat' dir='ltr'><strong>et</strong></span> <span class='ocrx_word' id='word_1_846' title='bbox 2951 5213 3018 5266; x_wconf 88' lang='lat' dir='ltr'><strong>de</strong></span> <span class='ocrx_word' id='word_1_847' title='bbox 3057 5212 3198 5266; x_wconf 85' lang='lat' dir='ltr'><strong>trina</strong></span> <span class='ocrx_word' id='word_1_848' title='bbox 3231 5226 3329 5267; x_wconf 88' lang='lat' dir='ltr'><strong>sua</strong></span> <span class='ocrx_word' id='word_1_849' title='bbox 3372 5224 3535 5280; x_wconf 84' lang='lat' dir='ltr'><strong>nega-</strong></span> 
     </span>
    </p>
   </div>
   <div class='ocr_carea' id='block_1_110' title="bbox 1953 5308 3114 5378">
    <p class='ocr_par' dir='ltr' id='par_1_110' title="bbox 1953 5308 3114 5378">
     <span class='ocr_line' id='line_1_110' title="bbox 1953 5308 3114 5378; baseline -0.004 -11"><span class='ocrx_word' id='word_1_850' title='bbox 1953 5315 2100 5368; x_wconf 87' lang='lat' dir='ltr'><strong>tione</strong></span> <span class='ocrx_word' id='word_1_851' title='bbox 2122 5321 2206 5366; x_wconf 90' lang='lat' dir='ltr'><strong>ter</strong></span> <span class='ocrx_word' id='word_1_852' title='bbox 2231 5329 2256 5365; x_wconf 89' lang='lat' dir='ltr'><strong>a</strong></span> <span class='ocrx_word' id='word_1_853' title='bbox 2289 5312 2515 5368; x_wconf 90' lang='lat' dir='ltr'><strong>Domino</strong></span> <span class='ocrx_word' id='word_1_854' title='bbox 2541 5309 2790 5365; x_wconf 87' lang='lat' dir='ltr'><strong>audierit.</strong></span> <span class='ocrx_word' id='word_1_855' title='bbox 2821 5308 3078 5378; x_wconf 87' lang='lat' dir='ltr'><strong>Sequitur</strong></span> <span class='ocrx_word' id='word_1_856' title='bbox 3102 5326 3114 5362; x_wconf 90' lang='lat'><strong>:</strong></span> 
     </span>
    </p>
   </div>
   <div class='ocr_carea' id='block_1_111' title="bbox 2030 5392 3538 5471">
    <p class='ocr_par' dir='ltr' id='par_1_111' title="bbox 2030 5392 3538 5471">
     <span class='ocr_line' id='line_1_111' title="bbox 2030 5392 3538 5471; baseline -0.004 -13"><span class='ocrx_word' id='word_1_857' title='bbox 2030 5403 2175 5458; x_wconf 78' lang='lat' dir='ltr'><strong>Tunc</strong></span> <span class='ocrx_word' id='word_1_858' title='bbox 2199 5405 2331 5459; x_wconf 81' lang='lat' dir='ltr'><strong>venit</strong></span> <span class='ocrx_word' id='word_1_859' title='bbox 2377 5402 2532 5456; x_wconf 70' lang='lat' dir='ltr'><strong>Iesus</strong></span> <span class='ocrx_word' id='word_1_860' title='bbox 2573 5411 2690 5454; x_wconf 85' lang='lat' dir='ltr'><strong>cum</strong></span> <span class='ocrx_word' id='word_1_861' title='bbox 2733 5401 2838 5454; x_wconf 87' lang='lat' dir='ltr'><strong>illis</strong></span> <span class='ocrx_word' id='word_1_862' title='bbox 2879 5402 2933 5454; x_wconf 88' lang='lat' dir='ltr'><strong>in</strong></span> <span class='ocrx_word' id='word_1_863' title='bbox 2967 5400 3144 5456; x_wconf 80' lang='lat' dir='ltr'><strong>villam</strong></span> <span class='ocrx_word' id='word_1_864' title='bbox 3172 5392 3290 5471; x_wconf 65' lang='lat' dir='ltr'><strong>que</strong></span> <span class='ocrx_word' id='word_1_865' title='bbox 3341 5401 3538 5454; x_wconf 80' lang='lat' dir='ltr'><strong>dicitur</strong></span> 
     </span>
    </p>
   </div>
   <div class='ocr_carea' id='block_1_112' title="bbox 1953 5487 3539 5561">
    <p class='ocr_par' dir='ltr' id='par_1_112' title="bbox 1953 5487 3539 5561">
     <span class='ocr_line' id='line_1_112' title="bbox 1953 5487 3539 5561; baseline -0.003 -14"><span class='ocrx_word' id='word_1_866' title='bbox 1953 5493 2323 5549; x_wconf 82' lang='lat' dir='ltr'><strong>Gethsemami.</strong></span> <span class='ocrx_word' id='word_1_867' title='bbox 2379 5493 2435 5545; x_wconf 90' lang='lat' dir='ltr'><strong>ln</strong></span> <span class='ocrx_word' id='word_1_868' title='bbox 2460 5492 2605 5546; x_wconf 87' lang='lat' dir='ltr'><strong>Luca</strong></span> <span class='ocrx_word' id='word_1_869' title='bbox 2634 5493 2705 5545; x_wconf 82' lang='lat' dir='ltr'><strong>ita</strong></span> <span class='ocrx_word' id='word_1_870' title='bbox 2735 5492 2996 5561; x_wconf 81' lang='lat' dir='ltr'><strong>scriptum</strong></span> <span class='ocrx_word' id='word_1_871' title='bbox 3037 5497 3119 5546; x_wconf 86' lang='lat' dir='ltr'><strong>est</strong></span> <span class='ocrx_word' id='word_1_872' title='bbox 3155 5509 3168 5545; x_wconf 93' lang='lat'>:</span> <span class='ocrx_word' id='word_1_873' title='bbox 3207 5487 3276 5545; x_wconf 86' lang='lat' dir='ltr'><strong>Et</strong></span> <span class='ocrx_word' id='word_1_874' title='bbox 3304 5505 3539 5560; x_wconf 84' lang='lat' dir='ltr'><strong>egressus</strong></span> 
     </span>
    </p>
   </div>
   <div class='ocr_carea' id='block_1_113' title="bbox 1951 5571 3540 5640">
    <p class='ocr_par' dir='ltr' id='par_1_113' title="bbox 1951 5571 3540 5640">
     <span class='ocr_line' id='line_1_113' title="bbox 1951 5571 3540 5640; baseline -0.004 0"><span class='ocrx_word' id='word_1_875' title='bbox 1951 5587 2059 5640; x_wconf 87' lang='lat' dir='ltr'><strong>ibat</strong></span> <span class='ocrx_word' id='word_1_876' title='bbox 2095 5584 2378 5639; x_wconf 82' lang='lat' dir='ltr'><strong>secundum</strong></span> <span class='ocrx_word' id='word_1_877' title='bbox 2428 5583 2852 5638; x_wconf 76' lang='lat' dir='ltr'><strong>consuetudinem</strong></span> <span class='ocrx_word' id='word_1_878' title='bbox 2891 5571 2948 5636; x_wconf 73' lang='lat' dir='ltr'><strong>in</strong></span> <span class='ocrx_word' id='word_1_879' title='bbox 3007 5580 3232 5637; x_wconf 82' lang='lat' dir='ltr'><strong>montem</strong></span> <span class='ocrx_word' id='word_1_880' title='bbox 3269 5580 3540 5635; x_wconf 71' lang='lat' dir='ltr'><strong>Oliuarum</strong></span> 
     </span>
    </p>
   </div>
   <div class='ocr_carea' id='block_1_114' title="bbox 1953 5667 3538 5748">
    <p class='ocr_par' dir='ltr' id='par_1_114' title="bbox 1953 5667 3538 5748">
     <span class='ocr_line' id='line_1_114' title="bbox 1953 5667 3538 5748; baseline -0.003 -17"><span class='ocrx_word' id='word_1_881' title='bbox 1953 5678 2104 5748; x_wconf 86' lang='lat' dir='ltr'><strong>(Luc.</strong></span> <span class='ocrx_word' id='word_1_882' title='bbox 2133 5677 2288 5746; x_wconf 71' lang='lat' dir='ltr'><strong>xm).</strong></span> <span class='ocrx_word' id='word_1_883' title='bbox 2338 5668 2404 5729; x_wconf 81' lang='lat' dir='ltr'><strong>Et</strong></span> <span class='ocrx_word' id='word_1_884' title='bbox 2436 5669 2487 5728; x_wconf 81' lang='lat' dir='ltr'><strong>in</strong></span> <span class='ocrx_word' id='word_1_885' title='bbox 2529 5674 2778 5730; x_wconf 78' lang='lat' dir='ltr'><strong>Joanne:</strong></span> <span class='ocrx_word' id='word_1_886' title='bbox 2807 5671 2937 5728; x_wconf 65' lang='lat' dir='ltr'><strong>Huc</strong></span> <span class='ocrx_word' id='word_1_887' title='bbox 2980 5674 3101 5728; x_wconf 77' lang='lat' dir='ltr'><strong>’cum</strong></span> <span class='ocrx_word' id='word_1_888' title='bbox 3125 5675 3340 5730; x_wconf 73' lang='lat' dir='ltr'><strong>dixisset</strong></span> <span class='ocrx_word' id='word_1_889' title='bbox 3383 5667 3538 5726; x_wconf 71' lang='lat' dir='ltr'><strong>Iesus</strong></span> 
     </span>
    </p>
   </div>
   <div class='ocr_carea' id='block_1_115' title="bbox 1951 5761 3538 5841">
    <p class='ocr_par' dir='ltr' id='par_1_115' title="bbox 1951 5761 3538 5841">
     <span class='ocr_line' id='line_1_115' title="bbox 1951 5761 3538 5841; baseline -0.003 -15"><span class='ocrx_word' id='word_1_890' title='bbox 1951 5786 2189 5841; x_wconf 84' lang='lat' dir='ltr'><strong>egressus</strong></span> <span class='ocrx_word' id='word_1_891' title='bbox 2243 5778 2319 5824; x_wconf 80' lang='lat' dir='ltr'><strong>est</strong></span> <span class='ocrx_word' id='word_1_892' title='bbox 2386 5779 2503 5823; x_wconf 78' lang='lat' dir='ltr'><strong>cum</strong></span> <span class='ocrx_word' id='word_1_893' title='bbox 2567 5769 2838 5840; x_wconf 83' lang='lat' dir='ltr'><strong>discipulis</strong></span> <span class='ocrx_word' id='word_1_894' title='bbox 2893 5761 3003 5825; x_wconf 83' lang='lat' dir='ltr'><strong>suis</strong></span> <span class='ocrx_word' id='word_1_895' title='bbox 3059 5780 3205 5825; x_wconf 85' lang='lat' dir='ltr'><strong>trans</strong></span> <span class='ocrx_word' id='word_1_896' title='bbox 3257 5765 3538 5822; x_wconf 76' lang='lat' dir='ltr'><strong>torrentem</strong></span> 
     </span>
    </p>
   </div>
   <div class='ocr_carea' id='block_1_116' title="bbox 1954 5849 3538 5934">
    <p class='ocr_par' dir='ltr' id='par_1_116' title="bbox 1954 5849 3538 5934">
     <span class='ocr_line' id='line_1_116' title="bbox 1954 5849 3538 5934; baseline -0.003 -14"><span class='ocrx_word' id='word_1_897' title='bbox 1954 5863 2181 5928; x_wconf 86' lang='lat' dir='ltr'><strong>Cedron,</strong></span> <span class='ocrx_word' id='word_1_898' title='bbox 2205 5864 2295 5917; x_wconf 80' lang='lat' dir='ltr'><strong>ubi</strong></span> <span class='ocrx_word' id='word_1_899' title='bbox 2346 5873 2456 5917; x_wconf 85' lang='lat' dir='ltr'><strong>erat</strong></span> <span class='ocrx_word' id='word_1_900' title='bbox 2512 5865 2694 5918; x_wconf 81' lang='lat' dir='ltr'><strong>hartus</strong></span> <span class='ocrx_word' id='word_1_901' title='bbox 2740 5849 2922 5934; x_wconf 79' lang='lat' dir='ltr'><strong>(Jodn.</strong></span> <span class='ocrx_word' id='word_1_902' title='bbox 2969 5864 3146 5934; x_wconf 80' lang='lat' dir='ltr'><strong>xvm).</strong></span> <span class='ocrx_word' id='word_1_903' title='bbox 3195 5861 3348 5929; x_wconf 83' lang='lat' dir='ltr'><strong>Quod</strong></span> <span class='ocrx_word' id='word_1_904' title='bbox 3391 5860 3538 5916; x_wconf 89' lang='lat' dir='ltr'><strong>nullo</strong></span> 
     </span>
    </p>
   </div>
   <div class='ocr_carea' id='block_1_117' title="bbox 1956 5952 3536 6028">
    <p class='ocr_par' dir='ltr' id='par_1_117' title="bbox 1956 5952 3536 6028">
     <span class='ocr_line' id='line_1_117' title="bbox 1956 5952 3536 6028; baseline -0.002 -15"><span class='ocrx_word' id='word_1_905' title='bbox 1956 5955 2120 6013; x_wconf 85' lang='lat' dir='ltr'><strong>modo</strong></span> <span class='ocrx_word' id='word_1_906' title='bbox 2149 5955 2485 6011; x_wconf 86' lang='lat' dir='ltr'><strong>contrarium</strong></span> <span class='ocrx_word' id='word_1_907' title='bbox 2529 5965 2614 6013; x_wconf 83' lang='lat' dir='ltr'><strong>est</strong></span> <span class='ocrx_word' id='word_1_908' title='bbox 2661 5955 2932 6025; x_wconf 82' lang='lat' dir='ltr'><strong>Matthaeo,</strong></span> <span class='ocrx_word' id='word_1_909' title='bbox 2960 5956 3052 6028; x_wconf 89' lang='lat' dir='ltr'><strong>qui</strong></span> <span class='ocrx_word' id='word_1_910' title='bbox 3079 5955 3146 6013; x_wconf 89' lang='lat' dir='ltr'><strong>de</strong></span> <span class='ocrx_word' id='word_1_911' title='bbox 3190 5952 3536 6014; x_wconf 79' lang='lat' dir='ltr'><strong>Gethsemant</strong></span> 
     </span>
    </p>
   </div>
  </div>
