  <div class='ocr_page' id='page_1' title='image "/cluster/home/n/w/nwhite01/storage/ocr_20150623/107/hvd.32044015466832/561.png"; bbox 0 0 3898 6458; ppageno 0'>
   <div class='ocr_carea' id='block_1_1' title="bbox 1118 395 3048 468">
    <p class='ocr_par' dir='ltr' id='par_1_1' title="bbox 1118 395 3048 468">
     <span class='ocr_line' id='line_1_1' title="bbox 1118 395 3048 468; baseline 0.008 -17"><span class='ocrx_word' id='word_1_1' title='bbox 1118 398 1178 452; x_wconf 88' lang='grc' dir='ltr'><strong>Β.</strong></span> <span class='ocrx_word' id='word_1_2' title='bbox 1216 395 1470 458; x_wconf 81' lang='lat' dir='ltr'><strong>RABANI</strong></span> <span class='ocrx_word' id='word_1_3' title='bbox 1503 398 1725 461; x_wconf 71' lang='lat' dir='ltr'><strong>MAURI</strong></span> <span class='ocrx_word' id='word_1_4' title='bbox 1761 403 2077 462; x_wconf 80' lang='lat' dir='ltr'><strong>ARCHIEP.</strong></span> <span class='ocrx_word' id='word_1_5' title='bbox 2121 404 2428 463; x_wconf 81' lang='lat' dir='ltr'><strong>MOGUNT.</strong></span> <span class='ocrx_word' id='word_1_6' title='bbox 2469 407 2756 466; x_wconf 79' lang='lat' dir='ltr'><strong>OPERUM</strong></span> <span class='ocrx_word' id='word_1_7' title='bbox 2792 408 2970 468; x_wconf 80' lang='lat' dir='ltr'><strong>PARS</strong></span> <span class='ocrx_word' id='word_1_8' title='bbox 3006 412 3048 467; x_wconf 87' lang='lat' dir='ltr'><strong>l.</strong></span> 
     </span>
    </p>
   </div>
   <div class='ocr_carea' id='block_1_2' title="bbox 3570 417 3719 474">
    <p class='ocr_par' dir='ltr' id='par_1_2' title="bbox 3570 417 3719 474">
     <span class='ocr_line' id='line_1_2' title="bbox 3570 417 3719 474; baseline 0.013 -2"><span class='ocrx_word' id='word_1_9' title='bbox 3570 417 3719 474; x_wconf 63' lang='lat' dir='ltr'><strong>HI!</strong></span> 
     </span>
    </p>
   </div>
   <div class='ocr_carea' id='block_1_3' title="bbox 437 512 3717 599">
    <p class='ocr_par' dir='ltr' id='par_1_3' title="bbox 437 512 3717 599">
     <span class='ocr_line' id='line_1_3' title="bbox 437 512 3717 599; baseline 0.005 -31"><span class='ocrx_word' id='word_1_10' title='bbox 437 512 701 569; x_wconf 85' lang='lat' dir='ltr'><strong>narravit.</strong></span> <span class='ocrx_word' id='word_1_11' title='bbox 734 513 1063 571; x_wconf 84' lang='lat' dir='ltr'><strong>Monstratur</strong></span> <span class='ocrx_word' id='word_1_12' title='bbox 1078 517 1224 572; x_wconf 89' lang='lat' dir='ltr'><strong>enim</strong></span> <span class='ocrx_word' id='word_1_13' title='bbox 1248 533 1420 588; x_wconf 87' lang='lat' dir='ltr'><strong>usque</strong></span> <span class='ocrx_word' id='word_1_14' title='bbox 1444 518 1603 574; x_wconf 83' lang='lat' dir='ltr'><strong>hodie</strong></span> <span class='ocrx_word' id='word_1_15' title='bbox 1629 520 1781 576; x_wconf 90' lang='lat' dir='ltr'><strong>locus</strong></span> <span class='ocrx_word' id='word_1_16' title='bbox 1804 519 2026 576; x_wconf 88' lang='lat' dir='ltr'><strong>Getbse-</strong></span> <span class='ocrx_word' id='word_1_17' title='bbox 2049 523 2104 586; x_wconf 89' lang='grc' dir='ltr'>Α</span> <span class='ocrx_word' id='word_1_18' title='bbox 2128 519 2324 574; x_wconf 89' lang='lat' dir='ltr'><strong>simum</strong></span> <span class='ocrx_word' id='word_1_19' title='bbox 2351 518 2544 575; x_wconf 69' lang='lat' dir='ltr'><strong>ludam</strong></span> <span class='ocrx_word' id='word_1_20' title='bbox 2592 531 2649 576; x_wconf 91' lang='lat' dir='ltr'><strong>et</strong></span> <span class='ocrx_word' id='word_1_21' title='bbox 2695 523 3004 578; x_wconf 85' lang='lat' dir='ltr'><strong>scandalum</strong></span> <span class='ocrx_word' id='word_1_22' title='bbox 3044 525 3284 583; x_wconf 89' lang='lat' dir='ltr'><strong>omnium</strong></span> <span class='ocrx_word' id='word_1_23' title='bbox 3334 530 3717 599; x_wconf 74' lang='lat' dir='ltr'><strong>apostolorum</strong></span> 
     </span>
    </p>
   </div>
   <div class='ocr_carea' id='block_1_4' title="bbox 439 604 2021 676">
    <p class='ocr_par' dir='ltr' id='par_1_4' title="bbox 439 604 2021 676">
     <span class='ocr_line' id='line_1_4' title="bbox 439 604 2021 676; baseline 0.004 -17"><span class='ocrx_word' id='word_1_24' title='bbox 439 604 589 659; x_wconf 86' lang='lat' dir='ltr'><strong>mani</strong></span> <span class='ocrx_word' id='word_1_25' title='bbox 616 605 672 658; x_wconf 92' lang='lat' dir='ltr'><strong>in</strong></span> <span class='ocrx_word' id='word_1_26' title='bbox 693 621 802 676; x_wconf 89' lang='lat' dir='ltr'><strong>quo</strong></span> <span class='ocrx_word' id='word_1_27' title='bbox 838 606 1098 662; x_wconf 84' lang='lat' dir='ltr'><strong>Dominus</strong></span> <span class='ocrx_word' id='word_1_28' title='bbox 1121 608 1296 662; x_wconf 89' lang='lat' dir='ltr'><strong>oravit</strong></span> <span class='ocrx_word' id='word_1_29' title='bbox 1331 609 1414 663; x_wconf 90' lang='lat' dir='ltr'><strong>ad.</strong></span> <span class='ocrx_word' id='word_1_30' title='bbox 1433 609 1644 665; x_wconf 82' lang='lat' dir='ltr'><strong>radices</strong></span> <span class='ocrx_word' id='word_1_31' title='bbox 1672 611 1871 666; x_wconf 90' lang='lat' dir='ltr'><strong>montis</strong></span> <span class='ocrx_word' id='word_1_32' title='bbox 1908 610 2021 667; x_wconf 91' lang='lat' dir='ltr'><strong>Oli-</strong></span> 
     </span>
    </p>
   </div>
   <div class='ocr_carea' id='block_1_5' title="bbox 438 695 2021 773">
    <p class='ocr_par' dir='ltr' id='par_1_5' title="bbox 438 695 2021 773">
     <span class='ocr_line' id='line_1_5' title="bbox 438 695 2021 773; baseline 0.007 -26"><span class='ocrx_word' id='word_1_33' title='bbox 438 695 572 750; x_wconf 87' lang='lat' dir='ltr'><strong>veti.</strong></span> <span class='ocrx_word' id='word_1_34' title='bbox 601 695 704 751; x_wconf 86' lang='lat' dir='ltr'><strong>Ubi</strong></span> <span class='ocrx_word' id='word_1_35' title='bbox 751 695 1097 767; x_wconf 78' lang='lat' dir='ltr'><strong>intelligimus</strong></span> <span class='ocrx_word' id='word_1_36' title='bbox 1129 697 1280 753; x_wconf 88' lang='lat' dir='ltr'><strong>illum</strong></span> <span class='ocrx_word' id='word_1_37' title='bbox 1324 698 1494 754; x_wconf 87' lang='lat' dir='ltr'><strong>fuisse</strong></span> <span class='ocrx_word' id='word_1_38' title='bbox 1542 701 1760 755; x_wconf 85' lang='lat' dir='ltr'><strong>hortum</strong></span> <span class='ocrx_word' id='word_1_39' title='bbox 1794 703 1860 758; x_wconf 92' lang='lat' dir='ltr'><strong>de</strong></span> <span class='ocrx_word' id='word_1_40' title='bbox 1913 719 2021 773; x_wconf 91' lang='lat' dir='ltr'><strong>quo</strong></span> 
     </span>
    </p>
   </div>
   <div class='ocr_carea' id='block_1_6' title="bbox 437 776 2021 860">
    <p class='ocr_par' dir='ltr' id='par_1_6' title="bbox 437 776 2021 860">
     <span class='ocr_line' id='line_1_6' title="bbox 437 776 2021 860; baseline 0.005 -18"><span class='ocrx_word' id='word_1_41' title='bbox 437 784 675 844; x_wconf 83' lang='lat' dir='ltr'><strong>Joannes</strong></span> <span class='ocrx_word' id='word_1_42' title='bbox 713 778 973 854; x_wconf 83' lang='lat' dir='ltr'><strong>narravit,</strong></span> <span class='ocrx_word' id='word_1_43' title='bbox 1013 804 1262 860; x_wconf 90' lang='lat' dir='ltr'><strong>nuncque</strong></span> <span class='ocrx_word' id='word_1_44' title='bbox 1300 791 1533 860; x_wconf 85' lang='lat' dir='ltr'><strong>desuper</strong></span> <span class='ocrx_word' id='word_1_45' title='bbox 1569 791 1808 848; x_wconf 87' lang='lat' dir='ltr'><strong>Ecclesia</strong></span> <span class='ocrx_word' id='word_1_46' title='bbox 1856 776 2021 850; x_wconf 66' lang='lat' dir='ltr'><strong>aedifi-</strong></span> 
     </span>
    </p>
   </div>
   <div class='ocr_carea' id='block_1_7' title="bbox 439 879 2018 950">
    <p class='ocr_par' dir='ltr' id='par_1_7' title="bbox 439 879 2018 950">
     <span class='ocr_line' id='line_1_7' title="bbox 439 879 2018 950; baseline 0.003 -14"><span class='ocrx_word' id='word_1_47' title='bbox 439 888 562 936; x_wconf 84' lang='lat' dir='ltr'><strong>cata</strong></span> <span class='ocrx_word' id='word_1_48' title='bbox 585 888 814 935; x_wconf 91' lang='lat' dir='ltr'><strong>constat.</strong></span> <span class='ocrx_word' id='word_1_49' title='bbox 851 879 1246 950; x_wconf 87' lang='lat' dir='ltr'><strong>Interpretatur</strong></span> <span class='ocrx_word' id='word_1_50' title='bbox 1283 890 1464 937; x_wconf 90' lang='lat' dir='ltr'><strong>autem</strong></span> <span class='ocrx_word' id='word_1_51' title='bbox 1498 882 1845 939; x_wconf 88' lang='lat' dir='ltr'><strong>Gethsemani</strong></span> <span class='ocrx_word' id='word_1_52' title='bbox 1867 884 2018 940; x_wconf 78' lang='lat' dir='ltr'><strong>vallis</strong></span> 
     </span>
    </p>
   </div>
   <div class='ocr_carea' id='block_1_8' title="bbox 435 974 2020 1048">
    <p class='ocr_par' dir='ltr' id='par_1_8' title="bbox 435 974 2020 1048">
     <span class='ocr_line' id='line_1_8' title="bbox 435 974 2020 1048; baseline 0.006 -23"><span class='ocrx_word' id='word_1_53' title='bbox 435 974 711 1044; x_wconf 79' lang='lat' dir='ltr'><strong>pinguium</strong></span> <span class='ocrx_word' id='word_1_54' title='bbox 756 974 872 1030; x_wconf 87' lang='lat' dir='ltr'><strong>sive</strong></span> <span class='ocrx_word' id='word_1_55' title='bbox 919 977 1316 1048; x_wconf 86' lang='lat' dir='ltr'><strong>pinguedinum.</strong></span> <span class='ocrx_word' id='word_1_56' title='bbox 1367 978 1501 1046; x_wconf 83' lang='lat' dir='ltr'><strong>Quia</strong></span> <span class='ocrx_word' id='word_1_57' title='bbox 1537 995 1665 1034; x_wconf 89' lang='lat' dir='ltr'><strong>vero</strong></span> <span class='ocrx_word' id='word_1_58' title='bbox 1707 996 1812 1035; x_wconf 89' lang='lat' dir='ltr'><strong>non</strong></span> <span class='ocrx_word' id='word_1_59' title='bbox 1844 981 2020 1036; x_wconf 87' lang='lat' dir='ltr'><strong>solum</strong></span> 
     </span>
    </p>
   </div>
   <div class='ocr_carea' id='block_1_9' title="bbox 437 1065 2020 1138">
    <p class='ocr_par' dir='ltr' id='par_1_9' title="bbox 437 1065 2020 1138">
     <span class='ocr_line' id='line_1_9' title="bbox 437 1065 2020 1138; baseline 0.006 -18"><span class='ocrx_word' id='word_1_60' title='bbox 437 1065 579 1120; x_wconf 87' lang='lat' dir='ltr'><strong>dicta</strong></span> <span class='ocrx_word' id='word_1_61' title='bbox 617 1065 702 1121; x_wconf 87' lang='lat' dir='ltr'><strong>vel</strong></span> <span class='ocrx_word' id='word_1_62' title='bbox 738 1082 903 1136; x_wconf 85' lang='lat' dir='ltr'><strong>opera</strong></span> <span class='ocrx_word' id='word_1_63' title='bbox 932 1069 1104 1124; x_wconf 85' lang='lat' dir='ltr'><strong>nostri</strong></span> <span class='ocrx_word' id='word_1_64' title='bbox 1135 1068 1452 1138; x_wconf 88' lang='lat' dir='ltr'><strong>Salvatoris,</strong></span> <span class='ocrx_word' id='word_1_65' title='bbox 1479 1087 1667 1128; x_wconf 88' lang='lat' dir='ltr'><strong>verum</strong></span> <span class='ocrx_word' id='word_1_66' title='bbox 1696 1075 1860 1129; x_wconf 87' lang='lat' dir='ltr'><strong>etiam</strong></span> <span class='ocrx_word' id='word_1_67' title='bbox 1902 1075 2020 1130; x_wconf 89' lang='lat' dir='ltr'><strong>loca</strong></span> 
     </span>
    </p>
   </div>
   <div class='ocr_carea' id='block_1_10' title="bbox 434 1157 2019 1236">
    <p class='ocr_par' dir='ltr' id='par_1_10' title="bbox 434 1157 2019 1236">
     <span class='ocr_line' id='line_1_10' title="bbox 434 1157 2019 1236; baseline 0.009 -28"><span class='ocrx_word' id='word_1_68' title='bbox 434 1161 491 1208; x_wconf 88' lang='lat' dir='ltr'><strong>et</strong></span> <span class='ocrx_word' id='word_1_69' title='bbox 526 1162 770 1226; x_wconf 86' lang='lat' dir='ltr'><strong>tempora</strong></span> <span class='ocrx_word' id='word_1_70' title='bbox 796 1157 851 1210; x_wconf 92' lang='lat' dir='ltr'><strong>in</strong></span> <span class='ocrx_word' id='word_1_71' title='bbox 895 1159 1090 1226; x_wconf 90' lang='lat' dir='ltr'><strong>quibus</strong></span> <span class='ocrx_word' id='word_1_72' title='bbox 1113 1169 1370 1229; x_wconf 87' lang='lat' dir='ltr'><strong>operatur</strong></span> <span class='ocrx_word' id='word_1_73' title='bbox 1405 1171 1460 1218; x_wconf 94' lang='lat' dir='ltr'><strong>et</strong></span> <span class='ocrx_word' id='word_1_74' title='bbox 1490 1163 1728 1233; x_wconf 88' lang='lat' dir='ltr'><strong>loquitur</strong></span> <span class='ocrx_word' id='word_1_75' title='bbox 1753 1166 2019 1236; x_wconf 86' lang='lat' dir='ltr'><strong>mysticis,</strong></span> 
     </span>
    </p>
   </div>
   <div class='ocr_carea' id='block_1_11' title="bbox 433 1248 2023 1326">
    <p class='ocr_par' dir='ltr' id='par_1_11' title="bbox 433 1248 2023 1326">
     <span class='ocr_line' id='line_1_11' title="bbox 433 1248 2023 1326; baseline 0.009 -26"><span class='ocrx_word' id='word_1_76' title='bbox 433 1254 494 1301; x_wconf 90' lang='lat' dir='ltr'><strong>ut</strong></span> <span class='ocrx_word' id='word_1_77' title='bbox 519 1261 660 1317; x_wconf 70' lang='lat' dir='ltr'><strong>saape</strong></span> <span class='ocrx_word' id='word_1_78' title='bbox 686 1248 889 1303; x_wconf 91' lang='lat' dir='ltr'><strong>dictum</strong></span> <span class='ocrx_word' id='word_1_79' title='bbox 916 1259 1019 1316; x_wconf 90' lang='lat' dir='ltr'><strong>est,</strong></span> <span class='ocrx_word' id='word_1_80' title='bbox 1047 1253 1338 1322; x_wconf 88' lang='lat' dir='ltr'><strong>suntplena</strong></span> <span class='ocrx_word' id='word_1_81' title='bbox 1361 1254 1569 1326; x_wconf 82' lang='lat' dir='ltr'><strong>ﬁguris,</strong></span> <span class='ocrx_word' id='word_1_82' title='bbox 1595 1271 1717 1312; x_wconf 89' lang='lat' dir='ltr'><strong>cum</strong></span> <span class='ocrx_word' id='word_1_83' title='bbox 1748 1258 1802 1312; x_wconf 91' lang='lat' dir='ltr'><strong>in</strong></span> <span class='ocrx_word' id='word_1_84' title='bbox 1841 1268 2023 1316; x_wconf 89' lang='lat' dir='ltr'><strong>monte</strong></span> 
     </span>
    </p>
   </div>
   <div class='ocr_carea' id='block_1_12' title="bbox 432 1340 2024 1411">
    <p class='ocr_par' dir='ltr' id='par_1_12' title="bbox 432 1340 2024 1411">
     <span class='ocr_line' id='line_1_12' title="bbox 432 1340 2024 1411; baseline 0.009 -19"><span class='ocrx_word' id='word_1_85' title='bbox 432 1349 554 1394; x_wconf 90' lang='lat' dir='ltr'><strong>orat</strong></span> <span class='ocrx_word' id='word_1_86' title='bbox 575 1340 838 1396; x_wconf 89' lang='lat' dir='ltr'><strong>Dominus</strong></span> <span class='ocrx_word' id='word_1_87' title='bbox 860 1343 1016 1411; x_wconf 91' lang='lat' dir='ltr'><strong>quasi</strong></span> <span class='ocrx_word' id='word_1_88' title='bbox 1037 1345 1199 1400; x_wconf 88' lang='lat' dir='ltr'><strong>tacite</strong></span> <span class='ocrx_word' id='word_1_89' title='bbox 1221 1362 1321 1401; x_wconf 91' lang='lat' dir='ltr'><strong>nos</strong></span> <span class='ocrx_word' id='word_1_90' title='bbox 1349 1347 1605 1403; x_wconf 87' lang='lat' dir='ltr'><strong>admonet</strong></span> <span class='ocrx_word' id='word_1_91' title='bbox 1631 1350 1879 1406; x_wconf 87' lang='lat' dir='ltr'><strong>sublimia</strong></span> <span class='ocrx_word' id='word_1_92' title='bbox 1903 1359 2024 1406; x_wconf 90' lang='lat' dir='ltr'><strong>tan—</strong></span> 
     </span>
    </p>
   </div>
   <div class='ocr_carea' id='block_1_13' title="bbox 430 1430 2020 1510">
    <p class='ocr_par' dir='ltr' id='par_1_13' title="bbox 430 1430 2020 1510">
     <span class='ocr_line' id='line_1_13' title="bbox 430 1430 2020 1510; baseline 0.009 -29"><span class='ocrx_word' id='word_1_93' title='bbox 430 1435 548 1483; x_wconf 88' lang='lat' dir='ltr'><strong>tum</strong></span> <span class='ocrx_word' id='word_1_94' title='bbox 575 1430 780 1485; x_wconf 91' lang='lat' dir='ltr'><strong>orando</strong></span> <span class='ocrx_word' id='word_1_95' title='bbox 811 1432 1103 1502; x_wconf 86' lang='lat' dir='ltr'><strong>inquirere,</strong></span> <span class='ocrx_word' id='word_1_96' title='bbox 1128 1444 1182 1490; x_wconf 90' lang='lat' dir='ltr'><strong>et</strong></span> <span class='ocrx_word' id='word_1_97' title='bbox 1205 1451 1305 1506; x_wconf 92' lang='lat' dir='ltr'><strong>pro</strong></span> <span class='ocrx_word' id='word_1_98' title='bbox 1335 1437 1648 1494; x_wconf 67' lang='lat' dir='ltr'><strong>caalestibus</strong></span> <span class='ocrx_word' id='word_1_99' title='bbox 1691 1441 1848 1495; x_wconf 90' lang='lat' dir='ltr'><strong>bonis</strong></span> <span class='ocrx_word' id='word_1_100' title='bbox 1893 1457 2020 1510; x_wconf 93' lang='lat' dir='ltr'><strong>sup-</strong></span> 
     </span>
    </p>
   </div>
   <div class='ocr_carea' id='block_1_14' title="bbox 436 1524 2023 1600">
    <p class='ocr_par' dir='ltr' id='par_1_14' title="bbox 436 1524 2023 1600">
     <span class='ocr_line' id='line_1_14' title="bbox 436 1524 2023 1600; baseline 0.008 -23"><span class='ocrx_word' id='word_1_101' title='bbox 436 1524 642 1592; x_wconf 90' lang='lat' dir='ltr'><strong>plicare</strong></span> <span class='ocrx_word' id='word_1_102' title='bbox 670 1527 892 1585; x_wconf 86' lang='lat' dir='ltr'><strong>debere.</strong></span> <span class='ocrx_word' id='word_1_103' title='bbox 916 1529 988 1584; x_wconf 88' lang='lat' dir='ltr'><strong>At</strong></span> <span class='ocrx_word' id='word_1_104' title='bbox 1016 1546 1138 1586; x_wconf 92' lang='lat' dir='ltr'><strong>cum</strong></span> <span class='ocrx_word' id='word_1_105' title='bbox 1177 1533 1230 1586; x_wconf 90' lang='lat' dir='ltr'><strong>in</strong></span> <span class='ocrx_word' id='word_1_106' title='bbox 1257 1532 1394 1588; x_wconf 85' lang='lat' dir='ltr'><strong>valle</strong></span> <span class='ocrx_word' id='word_1_107' title='bbox 1415 1542 1560 1600; x_wconf 89' lang='lat' dir='ltr'><strong>orat,</strong></span> <span class='ocrx_word' id='word_1_108' title='bbox 1590 1545 1645 1590; x_wconf 91' lang='lat' dir='ltr'><strong>et</strong></span> <span class='ocrx_word' id='word_1_109' title='bbox 1674 1536 1777 1590; x_wconf 89' lang='lat' dir='ltr'><strong>hoc</strong></span> <span class='ocrx_word' id='word_1_110' title='bbox 1800 1537 1852 1590; x_wconf 93' lang='lat' dir='ltr'><strong>in</strong></span> <span class='ocrx_word' id='word_1_111' title='bbox 1882 1538 2023 1590; x_wconf 83' lang='lat' dir='ltr'><strong>valle</strong></span> 
     </span>
    </p>
   </div>
   <div class='ocr_carea' id='block_1_15' title="bbox 429 1615 2024 1696">
    <p class='ocr_par' dir='ltr' id='par_1_15' title="bbox 429 1615 2024 1696">
     <span class='ocr_line' id='line_1_15' title="bbox 429 1615 2024 1696; baseline 0.011 -28"><span class='ocrx_word' id='word_1_112' title='bbox 429 1615 710 1687; x_wconf 75' lang='lat' dir='ltr'><strong>pinguium</strong></span> <span class='ocrx_word' id='word_1_113' title='bbox 742 1621 853 1676; x_wconf 86' lang='lat' dir='ltr'><strong>sive</strong></span> <span class='ocrx_word' id='word_1_114' title='bbox 887 1623 1224 1694; x_wconf 89' lang='lat' dir='ltr'><strong>pinguedinis</strong></span> <span class='ocrx_word' id='word_1_115' title='bbox 1255 1625 1424 1696; x_wconf 78' lang='lat' dir='ltr'><strong>ipsius</strong></span> <span class='ocrx_word' id='word_1_116' title='bbox 1440 1643 1592 1696; x_wconf 70' lang='lat' dir='ltr'><strong>aeque</strong></span> <span class='ocrx_word' id='word_1_117' title='bbox 1611 1629 1845 1683; x_wconf 88' lang='lat' dir='ltr'><strong>insinuat</strong></span> <span class='ocrx_word' id='word_1_118' title='bbox 1867 1632 2024 1686; x_wconf 88' lang='lat' dir='ltr'><strong>nobis</strong></span> 
     </span>
    </p>
   </div>
   <div class='ocr_carea' id='block_1_16' title="bbox 431 1708 2024 1794">
    <p class='ocr_par' dir='ltr' id='par_1_16' title="bbox 431 1708 2024 1794">
     <span class='ocr_line' id='line_1_16' title="bbox 431 1708 2024 1794; baseline 0.012 -34"><span class='ocrx_word' id='word_1_119' title='bbox 431 1708 790 1766; x_wconf 89' lang='lat' dir='ltr'><strong>humilitatem</strong></span> <span class='ocrx_word' id='word_1_120' title='bbox 817 1729 1032 1785; x_wconf 89' lang='lat' dir='ltr'><strong>semper</strong></span> <span class='ocrx_word' id='word_1_121' title='bbox 1069 1717 1123 1772; x_wconf 92' lang='lat' dir='ltr'><strong>in</strong></span> <span class='ocrx_word' id='word_1_122' title='bbox 1171 1719 1524 1785; x_wconf 86' lang='lat' dir='ltr'><strong>orationibus,</strong></span> <span class='ocrx_word' id='word_1_123' title='bbox 1549 1730 1604 1776; x_wconf 90' lang='lat' dir='ltr'><strong>et</strong></span> <span class='ocrx_word' id='word_1_124' title='bbox 1653 1721 1880 1778; x_wconf 67' lang='lat' dir='ltr'><strong>interna:</strong></span> <span class='ocrx_word' id='word_1_125' title='bbox 1903 1725 2024 1794; x_wconf 90' lang='lat' dir='ltr'><strong>pin-</strong></span> 
     </span>
    </p>
   </div>
   <div class='ocr_carea' id='block_1_17' title="bbox 427 1800 2020 1882">
    <p class='ocr_par' dir='ltr' id='par_1_17' title="bbox 427 1800 2020 1882">
     <span class='ocr_line' id='line_1_17' title="bbox 427 1800 2020 1882; baseline 0.013 -31"><span class='ocrx_word' id='word_1_126' title='bbox 427 1800 715 1867; x_wconf 88' lang='lat' dir='ltr'><strong>guedinem</strong></span> <span class='ocrx_word' id='word_1_127' title='bbox 746 1803 1048 1861; x_wconf 87' lang='lat' dir='ltr'><strong>dilectionis</strong></span> <span class='ocrx_word' id='word_1_128' title='bbox 1074 1822 1194 1862; x_wconf 88' lang='lat' dir='ltr'><strong>esse</strong></span> <span class='ocrx_word' id='word_1_129' title='bbox 1230 1809 1552 1864; x_wconf 88' lang='lat' dir='ltr'><strong>servandam</strong></span> <span class='ocrx_word' id='word_1_130' title='bbox 1584 1829 1597 1864; x_wconf 90' lang='lat'>:</span> <span class='ocrx_word' id='word_1_131' title='bbox 1633 1825 1703 1866; x_wconf 87' lang='lat' dir='ltr'><strong>ne</strong></span> <span class='ocrx_word' id='word_1_132' title='bbox 1729 1814 1851 1882; x_wconf 90' lang='lat' dir='ltr'><strong>quis</strong></span> <span class='ocrx_word' id='word_1_133' title='bbox 1874 1815 2020 1870; x_wconf 86' lang='lat' dir='ltr'><strong>vide-</strong></span> 
     </span>
    </p>
   </div>
   <div class='ocr_carea' id='block_1_18' title="bbox 2123 606 3715 684">
    <p class='ocr_par' dir='ltr' id='par_1_18' title="bbox 2123 606 3715 684">
     <span class='ocr_line' id='line_1_18' title="bbox 2123 606 3715 684; baseline 0.008 -20"><span class='ocrx_word' id='word_1_134' title='bbox 2123 619 2178 665; x_wconf 92' lang='lat' dir='ltr'><strong>et</strong></span> <span class='ocrx_word' id='word_1_135' title='bbox 2240 610 2589 681; x_wconf 86' lang='lat' dir='ltr'><strong>rejectionem</strong></span> <span class='ocrx_word' id='word_1_136' title='bbox 2641 606 2825 684; x_wconf 70' lang='lat' dir='ltr'><strong>&#39;populi</strong></span> <span class='ocrx_word' id='word_1_137' title='bbox 2874 613 3204 684; x_wconf 62' lang='lat' dir='ltr'><strong>Iudaeorum,</strong></span> <span class='ocrx_word' id='word_1_138' title='bbox 3253 627 3309 673; x_wconf 89' lang='lat' dir='ltr'><strong>et</strong></span> <span class='ocrx_word' id='word_1_139' title='bbox 3359 622 3715 677; x_wconf 79' lang='lat' dir='ltr'><strong>eversionem</strong></span> 
     </span>
    </p>
   </div>
   <div class='ocr_carea' id='block_1_19' title="bbox 2122 703 3717 782">
    <p class='ocr_par' dir='ltr' id='par_1_19' title="bbox 2122 703 3717 782">
     <span class='ocr_line' id='line_1_19' title="bbox 2122 703 3717 782; baseline 0.009 -25"><span class='ocrx_word' id='word_1_140' title='bbox 2122 703 2334 759; x_wconf 69' lang='lat' dir='ltr'><strong>miserae</strong></span> <span class='ocrx_word' id='word_1_141' title='bbox 2378 703 2698 761; x_wconf 86' lang='lat' dir='ltr'><strong>Jerusalem.</strong></span> <span class='ocrx_word' id='word_1_142' title='bbox 2731 706 2884 763; x_wconf 91' lang='lat' dir='ltr'><strong>Unde</strong></span> <span class='ocrx_word' id='word_1_143' title='bbox 2925 717 2981 763; x_wconf 87' lang='lat' dir='ltr'><strong>et</strong></span> <span class='ocrx_word' id='word_1_144' title='bbox 3015 709 3181 766; x_wconf 85' lang='lat' dir='ltr'><strong>Jonas</strong></span> <span class='ocrx_word' id='word_1_145' title='bbox 3230 727 3396 782; x_wconf 87' lang='lat' dir='ltr'><strong>super</strong></span> <span class='ocrx_word' id='word_1_146' title='bbox 3453 715 3717 772; x_wconf 82' lang='lat' dir='ltr'><strong>ariditate</strong></span> 
     </span>
    </p>
   </div>
   <div class='ocr_carea' id='block_1_20' title="bbox 2124 795 3715 876">
    <p class='ocr_par' dir='ltr' id='par_1_20' title="bbox 2124 795 3715 876">
     <span class='ocr_line' id='line_1_20' title="bbox 2124 795 3715 876; baseline 0.009 -28"><span class='ocrx_word' id='word_1_147' title='bbox 2124 795 2416 851; x_wconf 71' lang='lat' dir='ltr'><strong>cucurbita:</strong></span> <span class='ocrx_word' id='word_1_148' title='bbox 2437 797 2517 852; x_wconf 89' lang='lat' dir='ltr'><strong>vel</strong></span> <span class='ocrx_word' id='word_1_149' title='bbox 2547 798 2758 853; x_wconf 69' lang='lat' dir='ltr'><strong>hedera:</strong></span> <span class='ocrx_word' id='word_1_150' title='bbox 2792 801 3235 871; x_wconf 84' lang='lat' dir='ltr'><strong>contristabatur,</strong></span> <span class='ocrx_word' id='word_1_151' title='bbox 3283 805 3482 861; x_wconf 87' lang='lat' dir='ltr'><strong>nolens</strong></span> <span class='ocrx_word' id='word_1_152' title='bbox 3535 810 3715 876; x_wconf 83' lang='lat' dir='ltr'><strong>perire</strong></span> 
     </span>
    </p>
   </div>
   <div class='ocr_carea' id='block_1_21' title="bbox 2121 889 3335 969">
    <p class='ocr_par' dir='ltr' id='par_1_21' title="bbox 2121 889 3335 969">
     <span class='ocr_line' id='line_1_21' title="bbox 2121 889 3335 969; baseline 0.008 -28"><span class='ocrx_word' id='word_1_153' title='bbox 2121 889 2392 956; x_wconf 85' lang='lat' dir='ltr'><strong>quondam</strong></span> <span class='ocrx_word' id='word_1_154' title='bbox 2423 890 2828 946; x_wconf 86' lang='lat' dir='ltr'><strong>tabernaculum</strong></span> <span class='ocrx_word' id='word_1_155' title='bbox 2855 907 3010 948; x_wconf 91' lang='lat' dir='ltr'><strong>suum</strong></span> <span class='ocrx_word' id='word_1_156' title='bbox 3042 894 3218 966; x_wconf 72' lang='lat' dir='ltr'><strong>(Jama</strong></span> <span class='ocrx_word' id='word_1_157' title='bbox 3238 897 3335 969; x_wconf 80' lang='lat' dir='ltr'><strong>Iv).</strong></span> 
     </span>
    </p>
   </div>
   <div class='ocr_carea' id='block_1_22' title="bbox 2195 977 3714 1058">
    <p class='ocr_par' dir='ltr' id='par_1_22' title="bbox 2195 977 3714 1058">
     <span class='ocr_line' id='line_1_22' title="bbox 2195 977 3714 1058; baseline 0.008 -27"><span class='ocrx_word' id='word_1_158' title='bbox 2195 977 2340 1034; x_wconf 83' lang='lat' dir='ltr'><strong>Tunc</strong></span> <span class='ocrx_word' id='word_1_159' title='bbox 2381 981 2453 1033; x_wconf 96' lang='lat' dir='ltr'><strong>ait</strong></span> <span class='ocrx_word' id='word_1_160' title='bbox 2487 980 2590 1035; x_wconf 89' lang='lat' dir='ltr'><strong>illis</strong></span> <span class='ocrx_word' id='word_1_161' title='bbox 2629 995 2646 1033; x_wconf 93' lang='lat'><em>:</em></span> <span class='ocrx_word' id='word_1_162' title='bbox 2689 979 2872 1037; x_wconf 87' lang='lat' dir='ltr'><strong>Tristis</strong></span> <span class='ocrx_word' id='word_1_163' title='bbox 2925 993 2998 1037; x_wconf 87' lang='lat' dir='ltr'><strong>est</strong></span> <span class='ocrx_word' id='word_1_164' title='bbox 3043 985 3221 1040; x_wconf 81' lang='lat' dir='ltr'><strong>anima</strong></span> <span class='ocrx_word' id='word_1_165' title='bbox 3271 1004 3389 1042; x_wconf 84' lang='lat' dir='ltr'><strong>mea</strong></span> <span class='ocrx_word' id='word_1_166' title='bbox 3439 1005 3614 1058; x_wconf 72' lang='lat' dir='ltr'><strong>usque</strong></span> <span class='ocrx_word' id='word_1_167' title='bbox 3649 994 3714 1043; x_wconf 77' lang='lat' dir='ltr'><strong>ad</strong></span> 
     </span>
    </p>
   </div>
   <div class='ocr_carea' id='block_1_23' title="bbox 2123 1069 3714 1150">
    <p class='ocr_par' dir='ltr' id='par_1_23' title="bbox 2123 1069 3714 1150">
     <span class='ocr_line' id='line_1_23' title="bbox 2123 1069 3714 1150; baseline 0.008 -29"><span class='ocrx_word' id='word_1_168' title='bbox 2123 1079 2360 1123; x_wconf 85' lang='lat' dir='ltr'><strong>mortem.</strong></span> <span class='ocrx_word' id='word_1_169' title='bbox 2391 1069 2520 1137; x_wconf 69' lang='lat' dir='ltr'><strong>Qua:</strong></span> <span class='ocrx_word' id='word_1_170' title='bbox 2547 1071 2899 1126; x_wconf 86' lang='lat' dir='ltr'><strong>contristatur</strong></span> <span class='ocrx_word' id='word_1_171' title='bbox 2947 1073 3125 1129; x_wconf 89' lang='lat' dir='ltr'><strong>anima</strong></span> <span class='ocrx_word' id='word_1_172' title='bbox 3182 1085 3286 1141; x_wconf 91' lang='lat' dir='ltr'><strong>est,</strong></span> <span class='ocrx_word' id='word_1_173' title='bbox 3323 1086 3382 1131; x_wconf 91' lang='lat' dir='ltr'><strong>et</strong></span> <span class='ocrx_word' id='word_1_174' title='bbox 3423 1094 3544 1132; x_wconf 90' lang='lat' dir='ltr'><strong>non</strong></span> <span class='ocrx_word' id='word_1_175' title='bbox 3587 1096 3714 1150; x_wconf 58' lang='lat' dir='ltr'><strong>pro»</strong></span> 
     </span>
    </p>
   </div>
   <div class='ocr_carea' id='block_1_24' title="bbox 2123 1167 3718 1236">
    <p class='ocr_par' dir='ltr' id='par_1_24' title="bbox 2123 1167 3718 1236">
     <span class='ocr_line' id='line_1_24' title="bbox 2123 1167 3718 1236; baseline 0.006 -20"><span class='ocrx_word' id='word_1_176' title='bbox 2123 1171 2243 1232; x_wconf 89' lang='lat' dir='ltr'><strong>pter</strong></span> <span class='ocrx_word' id='word_1_177' title='bbox 2263 1171 2513 1228; x_wconf 91' lang='lat' dir='ltr'><strong>mortem,</strong></span> <span class='ocrx_word' id='word_1_178' title='bbox 2541 1167 2634 1218; x_wconf 90' lang='lat' dir='ltr'><strong>sed</strong></span> <span class='ocrx_word' id='word_1_179' title='bbox 2674 1180 2842 1236; x_wconf 89' lang='lat' dir='ltr'><strong>usque</strong></span> <span class='ocrx_word' id='word_1_180' title='bbox 2868 1167 2935 1220; x_wconf 91' lang='lat' dir='ltr'><strong>ad</strong></span> <span class='ocrx_word' id='word_1_181' title='bbox 2962 1177 3190 1223; x_wconf 87' lang='lat' dir='ltr'><strong>mortem</strong></span> <span class='ocrx_word' id='word_1_182' title='bbox 3221 1171 3595 1225; x_wconf 76' lang='lat' dir='ltr'><strong>contristatur</strong></span> <span class='ocrx_word' id='word_1_183' title='bbox 3627 1173 3718 1226; x_wconf 89' lang='lat' dir='ltr'><strong>do-</strong></span> 
     </span>
    </p>
   </div>
   <div class='ocr_carea' id='block_1_25' title="bbox 2124 1257 3717 1334">
    <p class='ocr_par' dir='ltr' id='par_1_25' title="bbox 2124 1257 3717 1334">
     <span class='ocr_line' id='line_1_25' title="bbox 2124 1257 3717 1334; baseline 0.006 -24"><span class='ocrx_word' id='word_1_184' title='bbox 2124 1271 2226 1311; x_wconf 90' lang='lat' dir='ltr'><strong>nec</strong></span> <span class='ocrx_word' id='word_1_185' title='bbox 2258 1257 2528 1326; x_wconf 89' lang='lat' dir='ltr'><strong>apostolos</strong></span> <span class='ocrx_word' id='word_1_186' title='bbox 2567 1273 2662 1312; x_wconf 91' lang='lat' dir='ltr'><strong>sua</strong></span> <span class='ocrx_word' id='word_1_187' title='bbox 2690 1257 2948 1314; x_wconf 84' lang='lat' dir='ltr'><strong>liberaret</strong></span> <span class='ocrx_word' id='word_1_188' title='bbox 2977 1262 3254 1331; x_wconf 89' lang='lat' dir='ltr'><strong>passione.</strong></span> <span class='ocrx_word' id='word_1_189' title='bbox 3286 1262 3497 1318; x_wconf 86' lang='lat' dir='ltr'><strong>Dicant</strong></span> <span class='ocrx_word' id='word_1_190' title='bbox 3525 1267 3621 1334; x_wconf 89' lang='lat' dir='ltr'><strong>qui</strong></span> <span class='ocrx_word' id='word_1_191' title='bbox 3647 1265 3717 1320; x_wconf 87' lang='lat' dir='ltr'><strong>ir-</strong></span> 
     </span>
    </p>
   </div>
   <div class='ocr_carea' id='block_1_26' title="bbox 2127 1347 3718 1425">
    <p class='ocr_par' dir='ltr' id='par_1_26' title="bbox 2127 1347 3718 1425">
     <span class='ocr_line' id='line_1_26' title="bbox 2127 1347 3718 1425; baseline 0.008 -25"><span class='ocrx_word' id='word_1_192' title='bbox 2127 1347 2503 1402; x_wconf 90' lang='lat' dir='ltr'><strong>rationabilem</strong></span> <span class='ocrx_word' id='word_1_193' title='bbox 2529 1347 2713 1404; x_wconf 81' lang='lat' dir='ltr'><strong>Jesum</strong></span> <span class='ocrx_word' id='word_1_194' title='bbox 2741 1352 3035 1420; x_wconf 88' lang='lat' dir='ltr'><strong>sumpsisse</strong></span> <span class='ocrx_word' id='word_1_195' title='bbox 3074 1354 3313 1408; x_wconf 89' lang='lat' dir='ltr'><strong>animam</strong></span> <span class='ocrx_word' id='word_1_196' title='bbox 3363 1356 3718 1425; x_wconf 74' lang='lat' dir='ltr'><strong>suspicantur</strong></span> 
     </span>
    </p>
   </div>
   <div class='ocr_carea' id='block_1_27' title="bbox 2125 1440 3715 1514">
    <p class='ocr_par' dir='ltr' id='par_1_27' title="bbox 2125 1440 3715 1514">
     <span class='ocr_line' id='line_1_27' title="bbox 2125 1440 3715 1514; baseline 0.008 -24"><span class='ocrx_word' id='word_1_197' title='bbox 2125 1440 2392 1506; x_wconf 90' lang='lat' dir='ltr'><strong>quomodo</strong></span> <span class='ocrx_word' id='word_1_198' title='bbox 2421 1441 2822 1505; x_wconf 87' lang='lat' dir='ltr'><strong>constristetur,</strong></span> <span class='ocrx_word' id='word_1_199' title='bbox 2865 1450 2920 1496; x_wconf 91' lang='lat' dir='ltr'><strong>et</strong></span> <span class='ocrx_word' id='word_1_200' title='bbox 2958 1445 3173 1499; x_wconf 91' lang='lat' dir='ltr'><strong>noverit</strong></span> <span class='ocrx_word' id='word_1_201' title='bbox 3209 1454 3429 1514; x_wconf 88' lang='lat' dir='ltr'><strong>tempus</strong></span> <span class='ocrx_word' id='word_1_202' title='bbox 3457 1448 3715 1502; x_wconf 58' lang='lat' dir='ltr'><strong>tristitia;</strong></span> 
     </span>
    </p>
   </div>
   <div class='ocr_carea' id='block_1_28' title="bbox 2125 1525 3718 1601">
    <p class='ocr_par' dir='ltr' id='par_1_28' title="bbox 2125 1525 3718 1601">
     <span class='ocr_line' id='line_1_28' title="bbox 2125 1525 3718 1601; baseline 0.008 -22"><span class='ocrx_word' id='word_1_203' title='bbox 2125 1525 2444 1597; x_wconf 86' lang='lat' dir='ltr'><strong>Quanquam</strong></span> <span class='ocrx_word' id='word_1_204' title='bbox 2460 1529 2602 1582; x_wconf 92' lang='lat' dir='ltr'><strong>enim</strong></span> <span class='ocrx_word' id='word_1_205' title='bbox 2630 1538 2685 1583; x_wconf 92' lang='lat' dir='ltr'><strong>et</strong></span> <span class='ocrx_word' id='word_1_206' title='bbox 2722 1531 2878 1584; x_wconf 86' lang='lat' dir='ltr'><strong>bruta</strong></span> <span class='ocrx_word' id='word_1_207' title='bbox 2913 1543 3182 1588; x_wconf 67' lang='lat' dir='ltr'><strong>maereant</strong></span> <span class='ocrx_word' id='word_1_208' title='bbox 3218 1536 3509 1601; x_wconf 73' lang='lat' dir='ltr'><strong>animalia,</strong></span> <span class='ocrx_word' id='word_1_209' title='bbox 3544 1547 3718 1591; x_wconf 78' lang='lat' dir='ltr'><strong>tamen</strong></span> 
     </span>
    </p>
   </div>
   <div class='ocr_carea' id='block_1_29' title="bbox 2125 1630 3721 1698">
    <p class='ocr_par' dir='ltr' id='par_1_29' title="bbox 2125 1630 3721 1698">
     <span class='ocr_line' id='line_1_29' title="bbox 2125 1630 3721 1698; baseline 0.007 -25"><span class='ocrx_word' id='word_1_210' title='bbox 2125 1634 2230 1674; x_wconf 91' lang='lat' dir='ltr'><strong>non</strong></span> <span class='ocrx_word' id='word_1_211' title='bbox 2261 1630 2459 1675; x_wconf 87' lang='lat' dir='ltr'><strong>norunt</strong></span> <span class='ocrx_word' id='word_1_212' title='bbox 2486 1637 2587 1677; x_wconf 91' lang='lat' dir='ltr'><strong>nec</strong></span> <span class='ocrx_word' id='word_1_213' title='bbox 2613 1639 2824 1687; x_wconf 87' lang='lat' dir='ltr'><strong>causas,</strong></span> <span class='ocrx_word' id='word_1_214' title='bbox 2870 1639 2968 1681; x_wconf 90' lang='lat' dir='ltr'><strong>nec</strong></span> <span class='ocrx_word' id='word_1_215' title='bbox 3014 1634 3225 1697; x_wconf 86' lang='lat' dir='ltr'><strong>tempus</strong></span> <span class='ocrx_word' id='word_1_216' title='bbox 3257 1644 3437 1698; x_wconf 86' lang='lat' dir='ltr'><strong>usque</strong></span> <span class='ocrx_word' id='word_1_217' title='bbox 3470 1630 3546 1683; x_wconf 89' lang='lat' dir='ltr'><strong>ad</strong></span> <span class='ocrx_word' id='word_1_218' title='bbox 3588 1636 3721 1698; x_wconf 79' lang='lat' dir='ltr'><strong>quod</strong></span> 
     </span>
    </p>
   </div>
   <div class='ocr_carea' id='block_1_30' title="bbox 2125 1712 3717 1791">
    <p class='ocr_par' dir='ltr' id='par_1_30' title="bbox 2125 1712 3717 1791">
     <span class='ocr_line' id='line_1_30' title="bbox 2125 1712 3717 1791; baseline 0.004 -24"><span class='ocrx_word' id='word_1_219' title='bbox 2125 1712 2356 1767; x_wconf 89' lang='lat' dir='ltr'><strong>debeant</strong></span> <span class='ocrx_word' id='word_1_220' title='bbox 2388 1715 2718 1770; x_wconf 88' lang='lat' dir='ltr'><strong>contristari.</strong></span> <span class='ocrx_word' id='word_1_221' title='bbox 2749 1716 3055 1772; x_wconf 83' lang='lat' dir='ltr'><strong>Notandum</strong></span> <span class='ocrx_word' id='word_1_222' title='bbox 3095 1730 3276 1774; x_wconf 88' lang='lat' dir='ltr'><strong>autem</strong></span> <span class='ocrx_word' id='word_1_223' title='bbox 3308 1723 3463 1791; x_wconf 88' lang='lat' dir='ltr'><strong>quod</strong></span> <span class='ocrx_word' id='word_1_224' title='bbox 3508 1723 3565 1776; x_wconf 89' lang='lat' dir='ltr'><strong>in</strong></span> <span class='ocrx_word' id='word_1_225' title='bbox 3593 1722 3717 1775; x_wconf 75' lang='lat' dir='ltr'><strong>Mar-</strong></span> 
     </span>
    </p>
   </div>
   <div class='ocr_carea' id='block_1_31' title="bbox 2125 1804 3720 1878">
    <p class='ocr_par' dir='ltr' id='par_1_31' title="bbox 2125 1804 3720 1878">
     <span class='ocr_line' id='line_1_31' title="bbox 2125 1804 3720 1878; baseline 0.005 -21"><span class='ocrx_word' id='word_1_226' title='bbox 2125 1816 2188 1857; x_wconf 91' lang='lat' dir='ltr'><strong>co</strong></span> <span class='ocrx_word' id='word_1_227' title='bbox 2234 1804 2492 1873; x_wconf 85' lang='lat' dir='ltr'><strong>scriptum</strong></span> <span class='ocrx_word' id='word_1_228' title='bbox 2521 1815 2640 1860; x_wconf 89' lang='lat' dir='ltr'><strong>est:</strong></span> <span class='ocrx_word' id='word_1_229' title='bbox 2668 1806 2736 1860; x_wconf 87' lang='lat' dir='ltr'><strong>Et</strong></span> <span class='ocrx_word' id='word_1_230' title='bbox 2763 1810 2908 1878; x_wconf 64' lang='lat' dir='ltr'><strong>erepit</strong></span> <span class='ocrx_word' id='word_1_231' title='bbox 2937 1825 3124 1878; x_wconf 85' lang='lat' dir='ltr'><strong>pavere</strong></span> <span class='ocrx_word' id='word_1_232' title='bbox 3149 1821 3196 1863; x_wconf 89' lang='lat' dir='ltr'><strong>et</strong></span> <span class='ocrx_word' id='word_1_233' title='bbox 3221 1812 3439 1874; x_wconf 67' lang='lat' dir='ltr'><strong>taedere,</strong></span> <span class='ocrx_word' id='word_1_234' title='bbox 3479 1822 3548 1866; x_wconf 87' lang='lat' dir='ltr'><strong>ut</strong></span> <span class='ocrx_word' id='word_1_235' title='bbox 3589 1815 3720 1866; x_wconf 80' lang='lat' dir='ltr'><strong>veri-</strong></span> 
     </span>
    </p>
   </div>
   <div class='ocr_carea' id='block_1_32' title="bbox 428 1890 2011 1976">
    <p class='ocr_par' dir='ltr' id='par_1_32' title="bbox 428 1890 2011 1976">
     <span class='ocr_line' id='line_1_32' title="bbox 428 1890 2011 1976; baseline 0.012 -33"><span class='ocrx_word' id='word_1_236' title='bbox 428 1890 556 1945; x_wconf 90' lang='lat' dir='ltr'><strong>licet</strong></span> <span class='ocrx_word' id='word_1_237' title='bbox 599 1908 764 1949; x_wconf 92' lang='lat' dir='ltr'><strong>orans</strong></span> <span class='ocrx_word' id='word_1_238' title='bbox 795 1895 1005 1951; x_wconf 88' lang='lat' dir='ltr'><strong>Domini</strong></span> <span class='ocrx_word' id='word_1_239' title='bbox 1027 1899 1238 1968; x_wconf 87' lang='lat' dir='ltr'><strong>jactare</strong></span> <span class='ocrx_word' id='word_1_240' title='bbox 1270 1917 1368 1956; x_wconf 90' lang='lat' dir='ltr'><strong>sua</strong></span> <span class='ocrx_word' id='word_1_241' title='bbox 1404 1905 1597 1958; x_wconf 88' lang='lat' dir='ltr'><strong>merita</strong></span> <span class='ocrx_word' id='word_1_242' title='bbox 1629 1904 1683 1959; x_wconf 89' lang='lat' dir='ltr'><strong>in</strong></span> <span class='ocrx_word' id='word_1_243' title='bbox 1708 1907 2011 1976; x_wconf 81' lang='lat' dir='ltr'><strong>exemplum</strong></span> 
     </span>
    </p>
   </div>
   <div class='ocr_carea' id='block_1_33' title="bbox 2118 1890 3718 1976">
    <p class='ocr_par' dir='ltr' id='par_1_33' title="bbox 2124 1896 3718 1974">
     <span class='ocr_line' id='line_1_33' title="bbox 2124 1896 3718 1974; baseline 0.009 -29"><span class='ocrx_word' id='word_1_244' title='bbox 2124 1901 2288 1948; x_wconf 88' lang='lat' dir='ltr'><strong>tatem</strong></span> <span class='ocrx_word' id='word_1_245' title='bbox 2317 1896 2525 1951; x_wconf 89' lang='lat' dir='ltr'><strong>scilicet</strong></span> <span class='ocrx_word' id='word_1_246' title='bbox 2562 1906 2762 1953; x_wconf 61' lang='lat' dir='ltr'><strong>nostrae</strong></span> <span class='ocrx_word' id='word_1_247' title='bbox 2786 1902 3095 1955; x_wconf 88' lang='lat' dir='ltr'><strong>ostenderet</strong></span> <span class='ocrx_word' id='word_1_248' title='bbox 3121 1911 3352 1957; x_wconf 67' lang='lat' dir='ltr'><strong>naturae.</strong></span> <span class='ocrx_word' id='word_1_249' title='bbox 3385 1905 3587 1974; x_wconf 71' lang='grc' dir='ltr'><strong>(Αας.)</strong></span> <span class='ocrx_word' id='word_1_250' title='bbox 3623 1906 3718 1960; x_wconf 72' lang='lat' dir='ltr'><strong>Sed</strong></span> 
     </span>
    </p>
   </div>
   <div class='ocr_carea' id='block_1_34' title="bbox 427 1980 2019 2066">
    <p class='ocr_par' dir='ltr' id='par_1_34' title="bbox 427 1980 2019 2066">
     <span class='ocr_line' id='line_1_34' title="bbox 427 1980 2019 2066; baseline 0.013 -33"><span class='ocrx_word' id='word_1_251' title='bbox 427 1980 686 2038; x_wconf 56' lang='lat' dir='ltr'><strong>Pharisaei</strong></span> <span class='ocrx_word' id='word_1_252' title='bbox 735 1988 1095 2055; x_wconf 86' lang='lat' dir='ltr'><strong>superbientis</strong></span> <span class='ocrx_word' id='word_1_253' title='bbox 1144 1992 1360 2059; x_wconf 86' lang='lat' dir='ltr'><strong>audeat,</strong></span> <span class='ocrx_word' id='word_1_254' title='bbox 1412 1995 1540 2062; x_wconf 93' lang='lat' dir='ltr'><strong>quin</strong></span> <span class='ocrx_word' id='word_1_255' title='bbox 1590 1997 1769 2066; x_wconf 88' lang='lat' dir='ltr'><strong>potius</strong></span> <span class='ocrx_word' id='word_1_256' title='bbox 1827 2000 2019 2055; x_wconf 92' lang='lat' dir='ltr'><strong>humili</strong></span> 
     </span>
    </p>
   </div>
   <div class='ocr_carea' id='block_1_35' title="bbox 430 2083 2019 2158">
    <p class='ocr_par' dir='ltr' id='par_1_35' title="bbox 430 2083 2019 2158">
     <span class='ocr_line' id='line_1_35' title="bbox 430 2083 2019 2158; baseline 0.011 -30"><span class='ocrx_word' id='word_1_257' title='bbox 430 2090 559 2129; x_wconf 92' lang='lat' dir='ltr'><strong>voce</strong></span> <span class='ocrx_word' id='word_1_258' title='bbox 611 2085 664 2130; x_wconf 93' lang='lat' dir='ltr'><strong>et</strong></span> <span class='ocrx_word' id='word_1_259' title='bbox 702 2089 880 2134; x_wconf 83' lang='lat' dir='ltr'><strong>mente</strong></span> <span class='ocrx_word' id='word_1_260' title='bbox 924 2083 1242 2151; x_wconf 89' lang='lat' dir='ltr'><strong>proclamet,</strong></span> <span class='ocrx_word' id='word_1_261' title='bbox 1267 2084 1430 2151; x_wconf 84' lang='lat' dir='ltr'><strong>Deus,</strong></span> <span class='ocrx_word' id='word_1_262' title='bbox 1463 2089 1718 2158; x_wconf 88' lang='lat' dir='ltr'><strong>propitius</strong></span> <span class='ocrx_word' id='word_1_263' title='bbox 1753 2101 1861 2145; x_wconf 89' lang='lat' dir='ltr'><strong>esto</strong></span> <span class='ocrx_word' id='word_1_264' title='bbox 1891 2093 2019 2145; x_wconf 87' lang='lat' dir='ltr'><strong>mihi</strong></span> 
     </span>
    </p>
   </div>
   <div class='ocr_carea' id='block_1_36' title="bbox 427 2169 2018 2250">
    <p class='ocr_par' dir='ltr' id='par_1_36' title="bbox 427 2169 2018 2250">
     <span class='ocr_line' id='line_1_36' title="bbox 427 2169 2018 2250; baseline 0.011 -32"><span class='ocrx_word' id='word_1_265' title='bbox 427 2171 690 2234; x_wconf 88' lang='lat' dir='ltr'><strong>peccatori</strong></span> <span class='ocrx_word' id='word_1_266' title='bbox 720 2169 870 2238; x_wconf 87' lang='lat' dir='ltr'><strong>(Luc.</strong></span> <span class='ocrx_word' id='word_1_267' title='bbox 916 2174 1093 2242; x_wconf 79' lang='lat' dir='ltr'><strong>xvm),</strong></span> <span class='ocrx_word' id='word_1_268' title='bbox 1143 2190 1211 2230; x_wconf 90' lang='lat' dir='ltr'><strong>ne</strong></span> <span class='ocrx_word' id='word_1_269' title='bbox 1251 2175 1462 2230; x_wconf 89' lang='lat' dir='ltr'><strong>aridum</strong></span> <span class='ocrx_word' id='word_1_270' title='bbox 1487 2193 1517 2231; x_wconf 92' lang='lat' dir='ltr'><strong>a</strong></span> <span class='ocrx_word' id='word_1_271' title='bbox 1554 2179 1846 2235; x_wconf 86' lang='lat' dir='ltr'><strong>dilectione</strong></span> <span class='ocrx_word' id='word_1_272' title='bbox 1895 2197 2018 2250; x_wconf 88' lang='lat' dir='ltr'><strong>pro-</strong></span> 
     </span>
    </p>
   </div>
   <div class='ocr_carea' id='block_1_37' title="bbox 427 2257 2017 2343">
    <p class='ocr_par' dir='ltr' id='par_1_37' title="bbox 427 2257 2017 2343">
     <span class='ocr_line' id='line_1_37' title="bbox 427 2257 2017 2343; baseline 0.011 -33"><span class='ocrx_word' id='word_1_273' title='bbox 427 2257 560 2311; x_wconf 83' lang='lat' dir='ltr'><strong>ximi</strong></span> <span class='ocrx_word' id='word_1_274' title='bbox 585 2274 679 2314; x_wconf 92' lang='lat' dir='ltr'><strong>cor</strong></span> <span class='ocrx_word' id='word_1_275' title='bbox 704 2271 924 2331; x_wconf 77' lang='lat' dir='ltr'><strong>gestans</strong></span> <span class='ocrx_word' id='word_1_276' title='bbox 945 2265 1010 2318; x_wconf 90' lang='lat' dir='ltr'><strong>ad</strong></span> <span class='ocrx_word' id='word_1_277' title='bbox 1025 2269 1325 2334; x_wconf 89' lang='lat' dir='ltr'><strong>pacandam</strong></span> <span class='ocrx_word' id='word_1_278' title='bbox 1341 2268 1442 2322; x_wconf 88' lang='lat' dir='ltr'><strong>sibi</strong></span> <span class='ocrx_word' id='word_1_279' title='bbox 1466 2271 1762 2326; x_wconf 87' lang='lat' dir='ltr'><strong>conditoris</strong></span> <span class='ocrx_word' id='word_1_280' title='bbox 1787 2275 2017 2343; x_wconf 80' lang='lat' dir='ltr'><strong>gratiam</strong></span> 
     </span>
    </p>
   </div>
   <div class='ocr_carea' id='block_1_38' title="bbox 425 2349 2018 2427">
    <p class='ocr_par' dir='ltr' id='par_1_38' title="bbox 425 2349 2018 2427">
     <span class='ocr_line' id='line_1_38' title="bbox 425 2349 2018 2427; baseline 0.011 -26"><span class='ocrx_word' id='word_1_281' title='bbox 425 2363 568 2417; x_wconf 87' lang='lat' dir='ltr'><strong>genu</strong></span> <span class='ocrx_word' id='word_1_282' title='bbox 626 2349 804 2407; x_wconf 85' lang='lat' dir='ltr'><strong>ﬂectat</strong></span> <span class='ocrx_word' id='word_1_283' title='bbox 827 2353 981 2423; x_wconf 79' lang='lat' dir='ltr'><strong>juxta</strong></span> <span class='ocrx_word' id='word_1_284' title='bbox 1032 2371 1156 2410; x_wconf 93' lang='lat' dir='ltr'><strong>eum</strong></span> <span class='ocrx_word' id='word_1_285' title='bbox 1179 2358 1270 2427; x_wconf 92' lang='lat' dir='ltr'><strong>qui</strong></span> <span class='ocrx_word' id='word_1_286' title='bbox 1320 2367 1535 2414; x_wconf 87' lang='lat' dir='ltr'><strong>centum</strong></span> <span class='ocrx_word' id='word_1_287' title='bbox 1581 2361 1832 2418; x_wconf 90' lang='lat' dir='ltr'><strong>denarios</strong></span> <span class='ocrx_word' id='word_1_288' title='bbox 1861 2364 2018 2419; x_wconf 82' lang='lat' dir='ltr'><strong>fratri</strong></span> 
     </span>
    </p>
   </div>
   <div class='ocr_carea' id='block_1_39' title="bbox 424 2442 2019 2515">
    <p class='ocr_par' dir='ltr' id='par_1_39' title="bbox 424 2442 2019 2515">
     <span class='ocr_line' id='line_1_39' title="bbox 424 2442 2019 2515; baseline 0.011 -25"><span class='ocrx_word' id='word_1_289' title='bbox 424 2455 562 2508; x_wconf 86' lang='lat' dir='ltr'><strong>quos</strong></span> <span class='ocrx_word' id='word_1_290' title='bbox 597 2442 697 2496; x_wconf 87' lang='lat' dir='ltr'><strong>sibi</strong></span> <span class='ocrx_word' id='word_1_291' title='bbox 730 2444 963 2500; x_wconf 86' lang='lat' dir='ltr'><strong>debebat</strong></span> <span class='ocrx_word' id='word_1_292' title='bbox 991 2447 1266 2502; x_wconf 89' lang='lat' dir='ltr'><strong>dimittere</strong></span> <span class='ocrx_word' id='word_1_293' title='bbox 1292 2450 1498 2515; x_wconf 90' lang='lat' dir='ltr'><strong>nolens,</strong></span> <span class='ocrx_word' id='word_1_294' title='bbox 1526 2451 1710 2506; x_wconf 92' lang='lat' dir='ltr'><strong>decem</strong></span> <span class='ocrx_word' id='word_1_295' title='bbox 1746 2453 1910 2507; x_wconf 89' lang='lat' dir='ltr'><strong>millia</strong></span> <span class='ocrx_word' id='word_1_296' title='bbox 1937 2464 2019 2509; x_wconf 87' lang='lat' dir='ltr'><strong>ta-</strong></span> 
     </span>
    </p>
   </div>
   <div class='ocr_carea' id='block_1_40' title="bbox 423 2529 2013 2612">
    <p class='ocr_par' dir='ltr' id='par_1_40' title="bbox 423 2529 2013 2612">
     <span class='ocr_line' id='line_1_40' title="bbox 423 2529 2013 2612; baseline 0.01 -30"><span class='ocrx_word' id='word_1_297' title='bbox 423 2529 569 2584; x_wconf 84' lang='lat' dir='ltr'><strong>lenta</strong></span> <span class='ocrx_word' id='word_1_298' title='bbox 593 2532 696 2585; x_wconf 89' lang='lat' dir='ltr'><strong>sibi</strong></span> <span class='ocrx_word' id='word_1_299' title='bbox 712 2549 742 2586; x_wconf 91' lang='lat' dir='ltr'><strong>a</strong></span> <span class='ocrx_word' id='word_1_300' title='bbox 760 2535 984 2590; x_wconf 90' lang='lat' dir='ltr'><strong>Domino</strong></span> <span class='ocrx_word' id='word_1_301' title='bbox 1003 2537 1208 2591; x_wconf 85' lang='lat' dir='ltr'><strong>frustra</strong></span> <span class='ocrx_word' id='word_1_302' title='bbox 1235 2542 1560 2608; x_wconf 86' lang='lat' dir='ltr'><strong>precabatur</strong></span> <span class='ocrx_word' id='word_1_303' title='bbox 1578 2542 1778 2596; x_wconf 89' lang='lat' dir='ltr'><strong>remitti</strong></span> <span class='ocrx_word' id='word_1_304' title='bbox 1798 2543 2013 2612; x_wconf 81' lang='lat' dir='ltr'><strong>(Matth.</strong></span> 
     </span>
    </p>
   </div>
   <div class='ocr_carea' id='block_1_41' title="bbox 424 2620 2018 2703">
    <p class='ocr_par' dir='ltr' id='par_1_41' title="bbox 424 2620 2018 2703">
     <span class='ocr_line' id='line_1_41' title="bbox 424 2620 2018 2703; baseline 0.014 -31"><span class='ocrx_word' id='word_1_305' title='bbox 424 2620 606 2691; x_wconf 83' lang='lat' dir='ltr'><strong>xvm),</strong></span> <span class='ocrx_word' id='word_1_306' title='bbox 635 2637 703 2676; x_wconf 92' lang='lat' dir='ltr'><strong>ne</strong></span> <span class='ocrx_word' id='word_1_307' title='bbox 724 2623 969 2693; x_wconf 90' lang='lat' dir='ltr'><strong>jejunum</strong></span> <span class='ocrx_word' id='word_1_308' title='bbox 999 2629 1067 2682; x_wconf 91' lang='lat' dir='ltr'><strong>ab</strong></span> <span class='ocrx_word' id='word_1_309' title='bbox 1094 2642 1278 2684; x_wconf 90' lang='lat' dir='ltr'><strong>amore</strong></span> <span class='ocrx_word' id='word_1_310' title='bbox 1299 2632 1595 2687; x_wconf 88' lang='lat' dir='ltr'><strong>conditoris</strong></span> <span class='ocrx_word' id='word_1_311' title='bbox 1609 2644 1798 2703; x_wconf 89' lang='lat' dir='ltr'><strong>pectus</strong></span> <span class='ocrx_word' id='word_1_312' title='bbox 1815 2637 2018 2694; x_wconf 89' lang='lat' dir='ltr'><strong>habens</strong></span> 
     </span>
    </p>
   </div>
   <div class='ocr_carea' id='block_1_42' title="bbox 425 2711 2017 2798">
    <p class='ocr_par' dir='ltr' id='par_1_42' title="bbox 425 2711 2017 2798">
     <span class='ocr_line' id='line_1_42' title="bbox 425 2711 2017 2798; baseline 0.014 -36"><span class='ocrx_word' id='word_1_313' title='bbox 425 2711 745 2780; x_wconf 88' lang='lat' dir='ltr'><strong>temporalia</strong></span> <span class='ocrx_word' id='word_1_314' title='bbox 790 2716 1041 2782; x_wconf 59' lang='lat' dir='ltr'><strong>quaslibet</strong></span> <span class='ocrx_word' id='word_1_315' title='bbox 1078 2719 1258 2788; x_wconf 90' lang='lat' dir='ltr'><strong>potius</strong></span> <span class='ocrx_word' id='word_1_316' title='bbox 1304 2722 1360 2776; x_wconf 92' lang='lat' dir='ltr'><strong>in</strong></span> <span class='ocrx_word' id='word_1_317' title='bbox 1409 2724 1678 2792; x_wconf 87' lang='lat' dir='ltr'><strong>oratione,</strong></span> <span class='ocrx_word' id='word_1_318' title='bbox 1705 2717 1867 2796; x_wconf 86' lang='lat' dir='ltr'><strong>quam</strong></span> <span class='ocrx_word' id='word_1_319' title='bbox 1898 2728 2017 2798; x_wconf 88' lang='lat' dir='ltr'><strong>ejus</strong></span> 
     </span>
    </p>
   </div>
   <div class='ocr_carea' id='block_1_43' title="bbox 422 2803 2017 2890">
    <p class='ocr_par' dir='ltr' id='par_1_43' title="bbox 422 2803 2017 2890">
     <span class='ocr_line' id='line_1_43' title="bbox 422 2803 2017 2890; baseline 0.014 -35"><span class='ocrx_word' id='word_1_320' title='bbox 422 2803 686 2859; x_wconf 90' lang='lat' dir='ltr'><strong>visionem</strong></span> <span class='ocrx_word' id='word_1_321' title='bbox 716 2808 978 2877; x_wconf 87' lang='lat' dir='ltr'><strong>requirat,</strong></span> <span class='ocrx_word' id='word_1_322' title='bbox 1023 2816 1462 2872; x_wconf 90' lang='lat' dir='ltr'><strong>annumerandus</strong></span> <span class='ocrx_word' id='word_1_323' title='bbox 1504 2817 1556 2871; x_wconf 93' lang='lat' dir='ltr'><strong>in</strong></span> <span class='ocrx_word' id='word_1_324' title='bbox 1595 2819 1676 2873; x_wconf 93' lang='lat' dir='ltr'><strong>eis</strong></span> <span class='ocrx_word' id='word_1_325' title='bbox 1714 2819 1781 2874; x_wconf 91' lang='lat' dir='ltr'><strong>de</strong></span> <span class='ocrx_word' id='word_1_326' title='bbox 1819 2821 2017 2890; x_wconf 90' lang='lat' dir='ltr'><strong>quibus</strong></span> 
     </span>
    </p>
   </div>
   <div class='ocr_carea' id='block_1_44' title="bbox 423 2891 2016 2983">
    <p class='ocr_par' dir='ltr' id='par_1_44' title="bbox 423 2891 2016 2983">
     <span class='ocr_line' id='line_1_44' title="bbox 423 2891 2016 2983; baseline 0.014 -37"><span class='ocrx_word' id='word_1_327' title='bbox 423 2891 501 2948; x_wconf 88' lang='lat' dir='ltr'><strong>ait</strong></span> <span class='ocrx_word' id='word_1_328' title='bbox 526 2894 640 2964; x_wconf 89' lang='lat' dir='ltr'><strong>ipse</strong></span> <span class='ocrx_word' id='word_1_329' title='bbox 669 2914 682 2949; x_wconf 88' lang='lat'><strong>:</strong></span> <span class='ocrx_word' id='word_1_330' title='bbox 715 2896 820 2963; x_wconf 83' lang='lat' dir='ltr'><strong>Qui</strong></span> <span class='ocrx_word' id='word_1_331' title='bbox 851 2913 1153 2972; x_wconf 86' lang='lat' dir='ltr'><strong>receperunt</strong></span> <span class='ocrx_word' id='word_1_332' title='bbox 1178 2907 1468 2961; x_wconf 86' lang='lat' dir='ltr'><strong>mercedem</strong></span> <span class='ocrx_word' id='word_1_333' title='bbox 1513 2926 1684 2964; x_wconf 88' lang='lat' dir='ltr'><strong>suam.</strong></span> <span class='ocrx_word' id='word_1_334' title='bbox 1717 2908 1922 2983; x_wconf 87' lang='lat' dir='ltr'><strong>(Greg.)</strong></span> <span class='ocrx_word' id='word_1_335' title='bbox 1955 2913 2016 2968; x_wconf 90' lang='lat' dir='ltr'><strong>In</strong></span> 
     </span>
    </p>
   </div>
   <div class='ocr_carea' id='block_1_45' title="bbox 421 2983 2014 3070">
    <p class='ocr_par' dir='ltr' id='par_1_45' title="bbox 421 2983 2014 3070">
     <span class='ocr_line' id='line_1_45' title="bbox 421 2983 2014 3070; baseline 0.013 -33"><span class='ocrx_word' id='word_1_336' title='bbox 421 2983 532 3039; x_wconf 88' lang='lat' dir='ltr'><strong>imo</strong></span> <span class='ocrx_word' id='word_1_337' title='bbox 582 2987 779 3058; x_wconf 91' lang='lat' dir='ltr'><strong>quippe</strong></span> <span class='ocrx_word' id='word_1_338' title='bbox 845 2993 1225 3062; x_wconf 83' lang='lat' dir='ltr'><strong>cogitationem</strong></span> <span class='ocrx_word' id='word_1_339' title='bbox 1278 3012 1512 3067; x_wconf 72' lang='lat' dir='ltr'><strong>ponere,</strong></span> <span class='ocrx_word' id='word_1_340' title='bbox 1556 3001 1686 3070; x_wconf 88' lang='lat' dir='ltr'><strong>quid</strong></span> <span class='ocrx_word' id='word_1_341' title='bbox 1730 3010 1813 3056; x_wconf 88' lang='lat' dir='ltr'><strong>est</strong></span> <span class='ocrx_word' id='word_1_342' title='bbox 1868 3002 2014 3058; x_wconf 88' lang='lat' dir='ltr'><strong>aliud</strong></span> 
     </span>
    </p>
   </div>
   <div class='ocr_carea' id='block_1_46' title="bbox 423 3080 2013 3157">
    <p class='ocr_par' dir='ltr' id='par_1_46' title="bbox 423 3080 2013 3157">
     <span class='ocr_line' id='line_1_46' title="bbox 423 3080 2013 3157; baseline 0.016 -31"><span class='ocrx_word' id='word_1_343' title='bbox 423 3089 590 3144; x_wconf 89' lang='lat' dir='ltr'><strong>quam</strong></span> <span class='ocrx_word' id='word_1_344' title='bbox 613 3080 859 3146; x_wconf 71' lang='lat' dir='ltr'><strong>quaedam</strong></span> <span class='ocrx_word' id='word_1_345' title='bbox 891 3084 1111 3140; x_wconf 88' lang='lat' dir='ltr'><strong>ariditas</strong></span> <span class='ocrx_word' id='word_1_346' title='bbox 1133 3088 1364 3143; x_wconf 88' lang='lat' dir='ltr'><strong>mentis?</strong></span> <span class='ocrx_word' id='word_1_347' title='bbox 1389 3089 1493 3157; x_wconf 85' lang='lat' dir='ltr'><strong>Qui</strong></span> <span class='ocrx_word' id='word_1_348' title='bbox 1525 3101 1706 3148; x_wconf 88' lang='lat' dir='ltr'><strong>autem</strong></span> <span class='ocrx_word' id='word_1_349' title='bbox 1734 3095 2013 3152; x_wconf 91' lang='lat' dir='ltr'><strong>intellectu</strong></span> 
     </span>
    </p>
   </div>
   <div class='ocr_carea' id='block_1_47' title="bbox 421 3165 2007 3255">
    <p class='ocr_par' dir='ltr' id='par_1_47' title="bbox 421 3165 2007 3255">
     <span class='ocr_line' id='line_1_47' title="bbox 421 3165 2007 3255; baseline 0.015 -35"><span class='ocrx_word' id='word_1_350' title='bbox 421 3165 730 3223; x_wconf 72' lang='lat' dir='ltr'><strong>ctelestium</strong></span> <span class='ocrx_word' id='word_1_351' title='bbox 759 3171 874 3241; x_wconf 89' lang='lat' dir='ltr'><strong>jam</strong></span> <span class='ocrx_word' id='word_1_352' title='bbox 900 3189 997 3243; x_wconf 90' lang='lat' dir='ltr'><strong>per</strong></span> <span class='ocrx_word' id='word_1_353' title='bbox 1018 3186 1204 3233; x_wconf 88' lang='lat' dir='ltr'><strong>sancta</strong></span> <span class='ocrx_word' id='word_1_354' title='bbox 1235 3180 1502 3236; x_wconf 90' lang='lat' dir='ltr'><strong>desideria</strong></span> <span class='ocrx_word' id='word_1_355' title='bbox 1531 3183 1597 3239; x_wconf 92' lang='lat' dir='ltr'><strong>de</strong></span> <span class='ocrx_word' id='word_1_356' title='bbox 1637 3187 1885 3255; x_wconf 90' lang='lat' dir='ltr'><strong>supernis</strong></span> <span class='ocrx_word' id='word_1_357' title='bbox 1913 3189 2007 3243; x_wconf 92' lang='lat' dir='ltr'><strong>de-</strong></span> 
     </span>
    </p>
   </div>
   <div class='ocr_carea' id='block_1_48' title="bbox 2122 1985 3722 2051">
    <p class='ocr_par' dir='ltr' id='par_1_48' title="bbox 2122 1985 3722 2051">
     <span class='ocr_line' id='line_1_48' title="bbox 2122 1985 3722 2051; baseline 0.008 -14"><span class='ocrx_word' id='word_1_358' title='bbox 2122 1998 2220 2037; x_wconf 93' lang='lat' dir='ltr'><strong>cur</strong></span> <span class='ocrx_word' id='word_1_359' title='bbox 2247 1985 2398 2040; x_wconf 92' lang='lat' dir='ltr'><strong>timet</strong></span> <span class='ocrx_word' id='word_1_360' title='bbox 2439 1987 2716 2051; x_wconf 87' lang='lat' dir='ltr'><strong>Christus,</strong></span> <span class='ocrx_word' id='word_1_361' title='bbox 2763 2005 2886 2044; x_wconf 86' lang='lat' dir='ltr'><strong>cum</strong></span> <span class='ocrx_word' id='word_1_362' title='bbox 2917 1990 3110 2046; x_wconf 89' lang='lat' dir='ltr'><strong>Petrus</strong></span> <span class='ocrx_word' id='word_1_363' title='bbox 3148 2008 3254 2046; x_wconf 90' lang='lat' dir='ltr'><strong>non</strong></span> <span class='ocrx_word' id='word_1_364' title='bbox 3296 1995 3548 2048; x_wconf 81' lang='lat' dir='ltr'><strong>timeat?</strong></span> <span class='ocrx_word' id='word_1_365' title='bbox 3575 1994 3722 2049; x_wconf 85' lang='lat' dir='ltr'><strong>Chri-</strong></span> 
     </span>
    </p>
   </div>
   <div class='ocr_carea' id='block_1_49' title="bbox 2123 2078 3721 2150">
    <p class='ocr_par' dir='ltr' id='par_1_49' title="bbox 2123 2078 3721 2150">
     <span class='ocr_line' id='line_1_49' title="bbox 2123 2078 3721 2150; baseline 0.008 -22"><span class='ocrx_word' id='word_1_366' title='bbox 2123 2081 2210 2132; x_wconf 91' lang='lat' dir='ltr'><strong>tus</strong></span> <span class='ocrx_word' id='word_1_367' title='bbox 2238 2078 2393 2132; x_wconf 90' lang='lat' dir='ltr'><strong>timet</strong></span> <span class='ocrx_word' id='word_1_368' title='bbox 2417 2088 2472 2133; x_wconf 87' lang='lat' dir='ltr'><strong>et</strong></span> <span class='ocrx_word' id='word_1_369' title='bbox 2495 2081 2674 2145; x_wconf 64' lang='lat' dir='ltr'><strong>taadet,</strong></span> <span class='ocrx_word' id='word_1_370' title='bbox 2692 2088 2856 2150; x_wconf 90' lang='lat' dir='ltr'><strong>atque</strong></span> <span class='ocrx_word' id='word_1_371' title='bbox 2878 2083 3257 2149; x_wconf 86' lang='lat' dir='ltr'><strong>contristatur,</strong></span> <span class='ocrx_word' id='word_1_372' title='bbox 3285 2097 3344 2139; x_wconf 87' lang='lat' dir='ltr'><strong>et</strong></span> <span class='ocrx_word' id='word_1_373' title='bbox 3365 2086 3546 2139; x_wconf 86' lang='lat' dir='ltr'><strong>dicit:</strong></span> <span class='ocrx_word' id='word_1_374' title='bbox 3573 2085 3721 2140; x_wconf 65' lang='lat' dir='ltr'><strong>Nu:</strong></span> 
     </span>
    </p>
   </div>
   <div class='ocr_carea' id='block_1_50' title="bbox 2121 2169 3721 2231">
    <p class='ocr_par' dir='ltr' id='par_1_50' title="bbox 2121 2169 3721 2231">
     <span class='ocr_line' id='line_1_50' title="bbox 2121 2169 3721 2231; baseline 0.007 -11"><span class='ocrx_word' id='word_1_375' title='bbox 2121 2169 2300 2222; x_wconf 90' lang='lat' dir='ltr'><strong>anima</strong></span> <span class='ocrx_word' id='word_1_376' title='bbox 2336 2186 2450 2224; x_wconf 90' lang='lat' dir='ltr'><strong>mea</strong></span> <span class='ocrx_word' id='word_1_377' title='bbox 2495 2171 2756 2227; x_wconf 86' lang='lat' dir='ltr'><strong>turbatur.</strong></span> <span class='ocrx_word' id='word_1_378' title='bbox 2810 2173 3002 2228; x_wconf 87' lang='lat' dir='ltr'><strong>Petrus</strong></span> <span class='ocrx_word' id='word_1_379' title='bbox 3042 2175 3200 2229; x_wconf 89' lang='lat' dir='ltr'><strong>dicit:</strong></span> <span class='ocrx_word' id='word_1_380' title='bbox 3247 2174 3518 2230; x_wconf 84' lang='lat' dir='ltr'><strong>Animam</strong></span> <span class='ocrx_word' id='word_1_381' title='bbox 3555 2194 3721 2231; x_wconf 62' lang='lat' dir='ltr'><strong>mam</strong></span> 
     </span>
    </p>
   </div>
   <div class='ocr_carea' id='block_1_51' title="bbox 2121 2262 3720 2338">
    <p class='ocr_par' dir='ltr' id='par_1_51' title="bbox 2121 2262 3720 2338">
     <span class='ocr_line' id='line_1_51' title="bbox 2121 2262 3720 2338; baseline 0.006 -26"><span class='ocrx_word' id='word_1_382' title='bbox 2121 2275 2318 2329; x_wconf 89' lang='lat' dir='ltr'><strong>ponam</strong></span> <span class='ocrx_word' id='word_1_383' title='bbox 2349 2276 2448 2330; x_wconf 91' lang='lat' dir='ltr'><strong>pro</strong></span> <span class='ocrx_word' id='word_1_384' title='bbox 2480 2271 2550 2316; x_wconf 90' lang='lat' dir='ltr'><strong>te.</strong></span> <span class='ocrx_word' id='word_1_385' title='bbox 2585 2262 2884 2332; x_wconf 89' lang='lat' dir='ltr'><strong>Utrumque</strong></span> <span class='ocrx_word' id='word_1_386' title='bbox 2915 2279 3044 2336; x_wconf 84' lang='lat' dir='ltr'><strong>ergo</strong></span> <span class='ocrx_word' id='word_1_387' title='bbox 3087 2281 3274 2320; x_wconf 88' lang='lat' dir='ltr'><strong>verum</strong></span> <span class='ocrx_word' id='word_1_388' title='bbox 3302 2276 3394 2321; x_wconf 80' lang='lat' dir='ltr'><strong>est</strong></span> <span class='ocrx_word' id='word_1_389' title='bbox 3416 2277 3474 2321; x_wconf 89' lang='lat' dir='ltr'><strong>et</strong></span> <span class='ocrx_word' id='word_1_390' title='bbox 3511 2267 3720 2338; x_wconf 85' lang='lat' dir='ltr'><strong>plenum</strong></span> 
     </span>
    </p>
   </div>
   <div class='ocr_carea' id='block_1_52' title="bbox 2127 2355 3721 2425">
    <p class='ocr_par' dir='ltr' id='par_1_52' title="bbox 2127 2355 3721 2425">
     <span class='ocr_line' id='line_1_52' title="bbox 2127 2355 3721 2425; baseline 0.004 -19"><span class='ocrx_word' id='word_1_391' title='bbox 2127 2362 2419 2421; x_wconf 90' lang='lat' dir='ltr'><strong>utrumque</strong></span> <span class='ocrx_word' id='word_1_392' title='bbox 2443 2355 2672 2418; x_wconf 86' lang='lat' dir='ltr'><strong>ratione,</strong></span> <span class='ocrx_word' id='word_1_393' title='bbox 2698 2356 2840 2424; x_wconf 87' lang='lat' dir='ltr'><strong>quod</strong></span> <span class='ocrx_word' id='word_1_394' title='bbox 2871 2367 2926 2408; x_wconf 91' lang='lat' dir='ltr'><strong>et</strong></span> <span class='ocrx_word' id='word_1_395' title='bbox 2954 2355 3045 2411; x_wconf 92' lang='lat' dir='ltr'><strong>ille</strong></span> <span class='ocrx_word' id='word_1_396' title='bbox 3081 2357 3171 2425; x_wconf 89' lang='lat' dir='ltr'><strong>qui</strong></span> <span class='ocrx_word' id='word_1_397' title='bbox 3217 2366 3301 2412; x_wconf 90' lang='lat' dir='ltr'><strong>est</strong></span> <span class='ocrx_word' id='word_1_398' title='bbox 3355 2357 3601 2412; x_wconf 80' lang='lat' dir='ltr'><strong>inferior</strong></span> <span class='ocrx_word' id='word_1_399' title='bbox 3628 2375 3721 2413; x_wconf 71' lang='lat' dir='ltr'><strong>nan</strong></span> 
     </span>
    </p>
   </div>
   <div class='ocr_carea' id='block_1_53' title="bbox 2121 2445 3722 2520">
    <p class='ocr_par' dir='ltr' id='par_1_53' title="bbox 2121 2445 3722 2520">
     <span class='ocr_line' id='line_1_53' title="bbox 2121 2445 3722 2520; baseline 0.003 -22"><span class='ocrx_word' id='word_1_400' title='bbox 2121 2445 2296 2510; x_wconf 91' lang='lat' dir='ltr'><strong>timet,</strong></span> <span class='ocrx_word' id='word_1_401' title='bbox 2340 2455 2393 2498; x_wconf 80' lang='lat' dir='ltr'><strong>et</strong></span> <span class='ocrx_word' id='word_1_402' title='bbox 2438 2445 2525 2500; x_wconf 93' lang='lat' dir='ltr'><strong>ille</strong></span> <span class='ocrx_word' id='word_1_403' title='bbox 2575 2447 2665 2515; x_wconf 89' lang='lat' dir='ltr'><strong>qui</strong></span> <span class='ocrx_word' id='word_1_404' title='bbox 2713 2455 2795 2500; x_wconf 92' lang='lat' dir='ltr'><strong>est</strong></span> <span class='ocrx_word' id='word_1_405' title='bbox 2833 2449 3081 2516; x_wconf 89' lang='lat' dir='ltr'><strong>superior</strong></span> <span class='ocrx_word' id='word_1_406' title='bbox 3129 2449 3272 2520; x_wconf 87' lang='lat' dir='ltr'><strong>gerit</strong></span> <span class='ocrx_word' id='word_1_407' title='bbox 3303 2451 3573 2505; x_wconf 85' lang='lat' dir='ltr'><strong>timentis</strong></span> <span class='ocrx_word' id='word_1_408' title='bbox 3606 2451 3722 2504; x_wconf 63' lang='grc' dir='ltr'><strong>εστ-</strong></span> 
     </span>
    </p>
   </div>
   <div class='ocr_carea' id='block_1_54' title="bbox 2120 2541 3720 2616">
    <p class='ocr_par' dir='ltr' id='par_1_54' title="bbox 2120 2541 3720 2616">
     <span class='ocr_line' id='line_1_54' title="bbox 2120 2541 3720 2616; baseline 0.001 -20"><span class='ocrx_word' id='word_1_409' title='bbox 2120 2549 2285 2596; x_wconf 88' lang='lat' dir='ltr'><strong>ctum.</strong></span> <span class='ocrx_word' id='word_1_410' title='bbox 2319 2541 2410 2595; x_wconf 89' lang='lat' dir='ltr'><strong>llle</strong></span> <span class='ocrx_word' id='word_1_411' title='bbox 2437 2541 2580 2595; x_wconf 91' lang='lat' dir='ltr'><strong>enim</strong></span> <span class='ocrx_word' id='word_1_412' title='bbox 2607 2543 2762 2612; x_wconf 90' lang='lat' dir='ltr'><strong>quasi</strong></span> <span class='ocrx_word' id='word_1_413' title='bbox 2803 2543 2962 2597; x_wconf 91' lang='lat' dir='ltr'><strong>homo</strong></span> <span class='ocrx_word' id='word_1_414' title='bbox 2982 2544 3092 2598; x_wconf 89' lang='lat' dir='ltr'><strong>vim</strong></span> <span class='ocrx_word' id='word_1_415' title='bbox 3123 2545 3316 2599; x_wconf 89' lang='lat' dir='ltr'><strong>mortis</strong></span> <span class='ocrx_word' id='word_1_416' title='bbox 3346 2544 3606 2616; x_wconf 79' lang='lat' dir='ltr'><strong>ignorat,</strong></span> <span class='ocrx_word' id='word_1_417' title='bbox 3629 2545 3720 2598; x_wconf 79' lang='lat' dir='ltr'><strong>iste</strong></span> 
     </span>
    </p>
   </div>
   <div class='ocr_carea' id='block_1_55' title="bbox 2119 2636 3717 2710">
    <p class='ocr_par' dir='ltr' id='par_1_55' title="bbox 2119 2636 3717 2710">
     <span class='ocr_line' id='line_1_55' title="bbox 2119 2636 3717 2710; baseline 0.002 -21"><span class='ocrx_word' id='word_1_418' title='bbox 2119 2643 2300 2690; x_wconf 90' lang='lat' dir='ltr'><strong>autem</strong></span> <span class='ocrx_word' id='word_1_419' title='bbox 2326 2637 2480 2704; x_wconf 90' lang='lat' dir='ltr'><strong>quasi</strong></span> <span class='ocrx_word' id='word_1_420' title='bbox 2504 2636 2645 2691; x_wconf 91' lang='lat' dir='ltr'><strong>Deus</strong></span> <span class='ocrx_word' id='word_1_421' title='bbox 2670 2639 2973 2707; x_wconf 78' lang='lat' dir='ltr'><strong>in,corpore</strong></span> <span class='ocrx_word' id='word_1_422' title='bbox 2998 2639 3330 2693; x_wconf 86' lang='lat' dir='ltr'><strong>constitutus</strong></span> <span class='ocrx_word' id='word_1_423' title='bbox 3362 2638 3717 2710; x_wconf 75' lang='lat' dir='ltr'><strong>fragilitatem</strong></span> 
     </span>
    </p>
   </div>
   <div class='ocr_carea' id='block_1_56' title="bbox 2119 2730 3718 2800">
    <p class='ocr_par' dir='ltr' id='par_1_56' title="bbox 2119 2730 3718 2800">
     <span class='ocr_line' id='line_1_56' title="bbox 2119 2730 3718 2800; baseline 0.001 -15"><span class='ocrx_word' id='word_1_424' title='bbox 2119 2730 2300 2785; x_wconf 90' lang='lat' dir='ltr'><strong>carnis</strong></span> <span class='ocrx_word' id='word_1_425' title='bbox 2319 2731 2560 2800; x_wconf 74' lang='lat' dir='ltr'><strong>exponit,</strong></span> <span class='ocrx_word' id='word_1_426' title='bbox 2592 2739 2655 2782; x_wconf 92' lang='lat' dir='ltr'><strong>ut</strong></span> <span class='ocrx_word' id='word_1_427' title='bbox 2679 2745 2868 2785; x_wconf 92' lang='lat' dir='ltr'><strong>eorum</strong></span> <span class='ocrx_word' id='word_1_428' title='bbox 2900 2732 2992 2800; x_wconf 89' lang='lat' dir='ltr'><strong>qui</strong></span> <span class='ocrx_word' id='word_1_429' title='bbox 3031 2741 3447 2788; x_wconf 88' lang='lat' dir='ltr'><strong>sacramentum</strong></span> <span class='ocrx_word' id='word_1_430' title='bbox 3475 2734 3718 2788; x_wconf 79' lang='lat' dir='ltr'><strong>incarna-</strong></span> 
     </span>
    </p>
   </div>
   <div class='ocr_carea' id='block_1_57' title="bbox 2118 2821 3716 2895">
    <p class='ocr_par' dir='ltr' id='par_1_57' title="bbox 2118 2821 3716 2895">
     <span class='ocr_line' id='line_1_57' title="bbox 2118 2821 3716 2895; baseline 0.003 -20"><span class='ocrx_word' id='word_1_431' title='bbox 2118 2821 2280 2876; x_wconf 90' lang='lat' dir='ltr'><strong>tionis</strong></span> <span class='ocrx_word' id='word_1_432' title='bbox 2305 2823 2946 2893; x_wconf 79' lang='lat' dir='ltr'><strong>abjurantexcluderetur</strong></span> <span class='ocrx_word' id='word_1_433' title='bbox 2967 2825 3236 2894; x_wconf 88' lang='lat' dir='ltr'><strong>impietas.</strong></span> <span class='ocrx_word' id='word_1_434' title='bbox 3260 2825 3526 2895; x_wconf 87' lang='lat' dir='ltr'><strong>Denique</strong></span> <span class='ocrx_word' id='word_1_435' title='bbox 3548 2834 3603 2880; x_wconf 87' lang='lat' dir='ltr'><strong>et</strong></span> <span class='ocrx_word' id='word_1_436' title='bbox 3614 2826 3716 2880; x_wconf 66' lang='lat' dir='ltr'><strong>hac</strong></span> 
     </span>
    </p>
   </div>
   <div class='ocr_carea' id='block_1_58' title="bbox 2118 2914 3716 2992">
    <p class='ocr_par' dir='ltr' id='par_1_58' title="bbox 2118 2914 3716 2992">
     <span class='ocr_line' id='line_1_58' title="bbox 2118 2914 3716 2992; baseline 0.004 -24"><span class='ocrx_word' id='word_1_437' title='bbox 2118 2914 2342 2980; x_wconf 81' lang='lat' dir='ltr'><strong>dixit,ct</strong></span> <span class='ocrx_word' id='word_1_438' title='bbox 2372 2915 2698 2972; x_wconf 78' lang='lat' dir='ltr'><strong>Manichzeus</strong></span> <span class='ocrx_word' id='word_1_439' title='bbox 2727 2933 2834 2972; x_wconf 92' lang='lat' dir='ltr'><strong>non</strong></span> <span class='ocrx_word' id='word_1_440' title='bbox 2859 2918 3449 2984; x_wconf 63' lang='lat' dir='ltr'><strong>crediditNalentinus</strong></span> <span class='ocrx_word' id='word_1_441' title='bbox 3476 2923 3716 2992; x_wconf 82' lang='lat' dir='ltr'><strong>negavit,</strong></span> 
     </span>
    </p>
   </div>
   <div class='ocr_carea' id='block_1_59' title="bbox 2115 3006 3716 3081">
    <p class='ocr_par' dir='ltr' id='par_1_59' title="bbox 2115 3006 3716 3081">
     <span class='ocr_line' id='line_1_59' title="bbox 2115 3006 3716 3081; baseline 0.004 -20"><span class='ocrx_word' id='word_1_442' title='bbox 2115 3014 2170 3061; x_wconf 91' lang='lat' dir='ltr'><strong>et</strong></span> <span class='ocrx_word' id='word_1_443' title='bbox 2193 3006 2433 3063; x_wconf 85' lang='lat' dir='ltr'><strong>Marcion</strong></span> <span class='ocrx_word' id='word_1_444' title='bbox 2462 3009 2784 3078; x_wconf 88' lang='lat' dir='ltr'><strong>phantasma</strong></span> <span class='ocrx_word' id='word_1_445' title='bbox 2799 3009 3081 3081; x_wconf 89' lang='lat' dir='ltr'><strong>judicavit.</strong></span> <span class='ocrx_word' id='word_1_446' title='bbox 3100 3011 3176 3066; x_wconf 88' lang='lat' dir='ltr'><strong>Eo</strong></span> <span class='ocrx_word' id='word_1_447' title='bbox 3197 3027 3378 3081; x_wconf 91' lang='lat' dir='ltr'><strong>usque</strong></span> <span class='ocrx_word' id='word_1_448' title='bbox 3407 3023 3604 3068; x_wconf 86' lang='lat' dir='ltr'><strong>autem</strong></span> <span class='ocrx_word' id='word_1_449' title='bbox 3627 3013 3716 3067; x_wconf 82' lang='lat' dir='ltr'><strong>ho-</strong></span> 
     </span>
    </p>
   </div>
   <div class='ocr_carea' id='block_1_60' title="bbox 2116 3099 3716 3175">
    <p class='ocr_par' dir='ltr' id='par_1_60' title="bbox 2116 3099 3716 3175">
     <span class='ocr_line' id='line_1_60' title="bbox 2116 3099 3716 3175; baseline 0.004 -24"><span class='ocrx_word' id='word_1_450' title='bbox 2116 3099 2322 3152; x_wconf 88' lang='lat' dir='ltr'><strong>minem</strong></span> <span class='ocrx_word' id='word_1_451' title='bbox 2349 3115 2508 3169; x_wconf 85' lang='lat' dir='ltr'><strong>quem</strong></span> <span class='ocrx_word' id='word_1_452' title='bbox 2537 3101 2768 3157; x_wconf 87' lang='lat' dir='ltr'><strong>veritate</strong></span> <span class='ocrx_word' id='word_1_453' title='bbox 2781 3103 3023 3172; x_wconf 91' lang='lat' dir='ltr'><strong>corporis</strong></span> <span class='ocrx_word' id='word_1_454' title='bbox 3037 3103 3456 3158; x_wconf 86' lang='lat' dir='ltr'><strong>demonstrabat</strong></span> <span class='ocrx_word' id='word_1_455' title='bbox 3468 3106 3716 3175; x_wconf 69' lang='lat' dir='ltr'><strong>aequabat</strong></span> 
     </span>
    </p>
   </div>
   <div class='ocr_carea' id='block_1_61' title="bbox 2116 3189 3716 3265">
    <p class='ocr_par' dir='ltr' id='par_1_61' title="bbox 2116 3189 3716 3265">
     <span class='ocr_line' id='line_1_61' title="bbox 2116 3189 3716 3265; baseline 0.003 -21"><span class='ocrx_word' id='word_1_456' title='bbox 2116 3189 2330 3257; x_wconf 70' lang='lat' dir='ltr'><strong>affectu,</strong></span> <span class='ocrx_word' id='word_1_457' title='bbox 2362 3201 2421 3246; x_wconf 90' lang='lat' dir='ltr'><strong>ut</strong></span> <span class='ocrx_word' id='word_1_458' title='bbox 2442 3195 2682 3250; x_wconf 88' lang='lat' dir='ltr'><strong>diceret:</strong></span> <span class='ocrx_word' id='word_1_459' title='bbox 2723 3192 2825 3249; x_wconf 87' lang='lat' dir='ltr'><strong>Sed</strong></span> <span class='ocrx_word' id='word_1_460' title='bbox 2845 3205 3020 3249; x_wconf 83' lang='lat' dir='ltr'><strong>tamen</strong></span> <span class='ocrx_word' id='word_1_461' title='bbox 3042 3211 3146 3248; x_wconf 85' lang='lat' dir='ltr'><strong>non</strong></span> <span class='ocrx_word' id='word_1_462' title='bbox 3167 3196 3303 3249; x_wconf 81' lang='lat' dir='ltr'><strong>sicut</strong></span> <span class='ocrx_word' id='word_1_463' title='bbox 3324 3212 3452 3265; x_wconf 82' lang='lat' dir='ltr'><strong>ego,</strong></span> <span class='ocrx_word' id='word_1_464' title='bbox 3476 3196 3576 3249; x_wconf 74' lang='lat' dir='ltr'><strong>sed</strong></span> <span class='ocrx_word' id='word_1_465' title='bbox 3598 3198 3716 3249; x_wconf 61' lang='lat' dir='ltr'><strong>sicut</strong></span> 
     </span>
    </p>
   </div>
   <div class='ocr_carea' id='block_1_62' title="bbox 421 3256 3712 3358">
    <p class='ocr_par' dir='ltr' id='par_1_62' title="bbox 421 3256 3712 3358">
     <span class='ocr_line' id='line_1_62' title="bbox 421 3256 3712 3358; baseline 0.009 -48"><span class='ocrx_word' id='word_1_466' title='bbox 421 3256 728 3317; x_wconf 86' lang='lat' dir='ltr'><strong>lectationis</strong></span> <span class='ocrx_word' id='word_1_467' title='bbox 752 3263 957 3322; x_wconf 69' lang='lat' dir='ltr'><strong>intima:</strong></span> <span class='ocrx_word' id='word_1_468' title='bbox 980 3268 1116 3323; x_wconf 90' lang='lat' dir='ltr'><strong>cibis</strong></span> <span class='ocrx_word' id='word_1_469' title='bbox 1142 3282 1459 3340; x_wconf 91' lang='lat' dir='ltr'><strong>pascuntur,</strong></span> <span class='ocrx_word' id='word_1_470' title='bbox 1483 3277 1639 3344; x_wconf 92' lang='lat' dir='ltr'><strong>quasi</strong></span> <span class='ocrx_word' id='word_1_471' title='bbox 1671 3277 1891 3348; x_wconf 82' lang='lat' dir='ltr'><strong>largiori</strong></span> <span class='ocrx_word' id='word_1_472' title='bbox 1914 3279 2012 3334; x_wconf 86' lang='lat' dir='ltr'><strong>ali-</strong></span> <span class='ocrx_word' id='word_1_473' title='bbox 2039 3259 2083 3321; x_wconf 79' lang='lat' dir='ltr'>C</span> <span class='ocrx_word' id='word_1_474' title='bbox 2121 3290 2177 3335; x_wconf 88' lang='lat' dir='ltr'><strong>tu</strong></span> <span class='ocrx_word' id='word_1_475' title='bbox 2189 3283 2288 3336; x_wconf 85' lang='lat' dir='ltr'><strong>vis.</strong></span> <span class='ocrx_word' id='word_1_476' title='bbox 2310 3282 2701 3356; x_wconf 89' lang='lat' dir='ltr'><strong>Suscepitergo</strong></span> <span class='ocrx_word' id='word_1_477' title='bbox 2720 3285 3052 3341; x_wconf 88' lang='lat' dir='ltr'><strong>voluntatem</strong></span> <span class='ocrx_word' id='word_1_478' title='bbox 3069 3300 3268 3350; x_wconf 89' lang='lat' dir='ltr'><strong>meam,</strong></span> <span class='ocrx_word' id='word_1_479' title='bbox 3287 3289 3546 3358; x_wconf 79' lang='lat' dir='ltr'><strong>suscepit</strong></span> <span class='ocrx_word' id='word_1_480' title='bbox 3563 3288 3712 3342; x_wconf 84' lang='lat' dir='ltr'><strong>tristi-</strong></span> 
     </span>
    </p>
   </div>
   <div class='ocr_carea' id='block_1_63' title="bbox 419 3353 2017 3441">
    <p class='ocr_par' dir='ltr' id='par_1_63' title="bbox 419 3353 2017 3441">
     <span class='ocr_line' id='line_1_63' title="bbox 419 3353 2017 3441; baseline 0.014 -39"><span class='ocrx_word' id='word_1_481' title='bbox 419 3358 604 3405; x_wconf 89' lang='lat' dir='ltr'><strong>mento</strong></span> <span class='ocrx_word' id='word_1_482' title='bbox 640 3353 1018 3433; x_wconf 82' lang='lat' dir='ltr'><strong>pinguescunt.</strong></span> <span class='ocrx_word' id='word_1_483' title='bbox 1071 3359 1183 3416; x_wconf 88' lang='lat' dir='ltr'><strong>Hac</strong></span> <span class='ocrx_word' id='word_1_484' title='bbox 1227 3363 1372 3417; x_wconf 90' lang='lat' dir='ltr'><strong>enim</strong></span> <span class='ocrx_word' id='word_1_485' title='bbox 1413 3365 1738 3436; x_wconf 80' lang='lat' dir='ltr'><strong>pinguedine</strong></span> <span class='ocrx_word' id='word_1_486' title='bbox 1780 3371 2017 3441; x_wconf 82' lang='lat' dir='ltr'><strong>saginari</strong></span> 
     </span>
    </p>
   </div>
   <div class='ocr_carea' id='block_1_64' title="bbox 419 3441 2017 3536">
    <p class='ocr_par' dir='ltr' id='par_1_64' title="bbox 419 3441 2017 3536">
     <span class='ocr_line' id='line_1_64' title="bbox 419 3441 2017 3536; baseline 0.017 -42"><span class='ocrx_word' id='word_1_487' title='bbox 419 3441 705 3500; x_wconf 82' lang='lat' dir='ltr'><strong>Psalmista</strong></span> <span class='ocrx_word' id='word_1_488' title='bbox 718 3452 1090 3521; x_wconf 89' lang='lat' dir='ltr'><strong>concupierat,</strong></span> <span class='ocrx_word' id='word_1_489' title='bbox 1104 3469 1226 3510; x_wconf 89' lang='lat' dir='ltr'><strong>cum</strong></span> <span class='ocrx_word' id='word_1_490' title='bbox 1241 3457 1456 3513; x_wconf 91' lang='lat' dir='ltr'><strong>dicebat</strong></span> <span class='ocrx_word' id='word_1_491' title='bbox 1475 3477 1486 3510; x_wconf 92' lang='lat'>:</span> <span class='ocrx_word' id='word_1_492' title='bbox 1509 3459 1659 3515; x_wconf 83' lang='lat' dir='ltr'><strong>Sicut</strong></span> <span class='ocrx_word' id='word_1_493' title='bbox 1671 3464 1825 3534; x_wconf 87' lang='lat' dir='ltr'><strong>adipe</strong></span> <span class='ocrx_word' id='word_1_494' title='bbox 1839 3474 1884 3518; x_wconf 89' lang='lat' dir='ltr'><strong>et</strong></span> <span class='ocrx_word' id='word_1_495' title='bbox 1905 3468 2017 3536; x_wconf 82' lang='lat' dir='ltr'><strong>pin-</strong></span> 
     </span>
    </p>
   </div>
   <div class='ocr_carea' id='block_1_65' title="bbox 418 3539 2016 3628">
    <p class='ocr_par' dir='ltr' id='par_1_65' title="bbox 418 3539 2016 3628">
     <span class='ocr_line' id='line_1_65' title="bbox 418 3539 2016 3628; baseline 0.016 -40"><span class='ocrx_word' id='word_1_496' title='bbox 418 3539 644 3606; x_wconf 87' lang='lat' dir='ltr'><strong>guedine</strong></span> <span class='ocrx_word' id='word_1_497' title='bbox 659 3541 920 3611; x_wconf 81' lang='lat' dir='ltr'><strong>repleatur</strong></span> <span class='ocrx_word' id='word_1_498' title='bbox 941 3547 1119 3602; x_wconf 87' lang='lat' dir='ltr'><strong>anima</strong></span> <span class='ocrx_word' id='word_1_499' title='bbox 1132 3566 1248 3603; x_wconf 90' lang='lat' dir='ltr'><strong>mea</strong></span> <span class='ocrx_word' id='word_1_500' title='bbox 1286 3549 1600 3623; x_wconf 63' lang='lat' dir='ltr'><strong>(Psalmxn)</strong></span> <span class='ocrx_word' id='word_1_501' title='bbox 1636 3553 1819 3628; x_wconf 70' lang='grc' dir='ltr'><strong>(ΗΑΒ.)</strong></span> <span class='ocrx_word' id='word_1_502' title='bbox 1835 3557 2016 3624; x_wconf 90' lang='lat' dir='ltr'><strong>Quan-</strong></span> 
     </span>
    </p>
   </div>
   <div class='ocr_carea' id='block_1_66' title="bbox 418 3635 2012 3719">
    <p class='ocr_par' dir='ltr' id='par_1_66' title="bbox 418 3635 2012 3719">
     <span class='ocr_line' id='line_1_66' title="bbox 418 3635 2012 3719; baseline 0.019 -39"><span class='ocrx_word' id='word_1_503' title='bbox 418 3635 536 3682; x_wconf 92' lang='lat' dir='ltr'><strong>tum</strong></span> <span class='ocrx_word' id='word_1_504' title='bbox 553 3645 680 3685; x_wconf 87' lang='lat' dir='ltr'><strong>vero</strong></span> <span class='ocrx_word' id='word_1_505' title='bbox 693 3635 758 3687; x_wconf 92' lang='lat' dir='ltr'><strong>ad</strong></span> <span class='ocrx_word' id='word_1_506' title='bbox 773 3636 942 3704; x_wconf 90' lang='lat' dir='ltr'><strong>ipsam</strong></span> <span class='ocrx_word' id='word_1_507' title='bbox 959 3640 1260 3698; x_wconf 70' lang='lat' dir='ltr'><strong>Dominicaz.</strong></span> <span class='ocrx_word' id='word_1_508' title='bbox 1277 3645 1542 3714; x_wconf 88' lang='lat' dir='ltr'><strong>passionis</strong></span> <span class='ocrx_word' id='word_1_509' title='bbox 1555 3649 2012 3719; x_wconf 88' lang='lat' dir='ltr'><strong>dispensationem</strong></span> 
     </span>
    </p>
   </div>
   <div class='ocr_carea' id='block_1_67' title="bbox 421 3719 2014 3802">
    <p class='ocr_par' dir='ltr' id='par_1_67' title="bbox 421 3719 2014 3802">
     <span class='ocr_line' id='line_1_67' title="bbox 421 3719 2014 3802; baseline 0.019 -32"><span class='ocrx_word' id='word_1_510' title='bbox 421 3719 636 3786; x_wconf 88' lang='lat' dir='ltr'><strong>attinet,</strong></span> <span class='ocrx_word' id='word_1_511' title='bbox 669 3732 792 3793; x_wconf 89' lang='lat' dir='ltr'><strong>apte</strong></span> <span class='ocrx_word' id='word_1_512' title='bbox 838 3731 1276 3802; x_wconf 90' lang='lat' dir='ltr'><strong>appropinquans</strong></span> <span class='ocrx_word' id='word_1_513' title='bbox 1302 3737 1463 3790; x_wconf 91' lang='lat' dir='ltr'><strong>morti</strong></span> <span class='ocrx_word' id='word_1_514' title='bbox 1492 3737 1753 3796; x_wconf 91' lang='lat' dir='ltr'><strong>Dominus</strong></span> <span class='ocrx_word' id='word_1_515' title='bbox 1790 3744 1843 3797; x_wconf 93' lang='lat' dir='ltr'><strong>in</strong></span> <span class='ocrx_word' id='word_1_516' title='bbox 1876 3747 2014 3800; x_wconf 90' lang='lat' dir='ltr'><strong>valle</strong></span> 
     </span>
    </p>
   </div>
   <div class='ocr_carea' id='block_1_68' title="bbox 417 3809 2010 3904">
    <p class='ocr_par' dir='ltr' id='par_1_68' title="bbox 417 3809 2010 3904">
     <span class='ocr_line' id='line_1_68' title="bbox 417 3809 2010 3904; baseline 0.019 -42"><span class='ocrx_word' id='word_1_517' title='bbox 417 3809 762 3880; x_wconf 87' lang='lat' dir='ltr'><strong>pinguedinis</strong></span> <span class='ocrx_word' id='word_1_518' title='bbox 783 3821 958 3873; x_wconf 86' lang='lat' dir='ltr'><strong>oravit</strong></span> <span class='ocrx_word' id='word_1_519' title='bbox 976 3838 988 3874; x_wconf 89' lang='lat'>:</span> <span class='ocrx_word' id='word_1_520' title='bbox 1008 3820 1142 3888; x_wconf 87' lang='lat' dir='ltr'><strong>Quia</strong></span> <span class='ocrx_word' id='word_1_521' title='bbox 1155 3839 1256 3893; x_wconf 89' lang='lat' dir='ltr'><strong>per</strong></span> <span class='ocrx_word' id='word_1_522' title='bbox 1278 3826 1470 3881; x_wconf 84' lang='lat' dir='ltr'><strong>vallem</strong></span> <span class='ocrx_word' id='word_1_523' title='bbox 1487 3828 1806 3888; x_wconf 88' lang='lat' dir='ltr'><strong>humilitatis</strong></span> <span class='ocrx_word' id='word_1_524' title='bbox 1822 3836 1978 3904; x_wconf 90' lang='lat' dir='ltr'><strong>etpin</strong></span> <span class='ocrx_word' id='word_1_525' title='bbox 1994 3866 2010 3877; x_wconf 88' lang='lat'><strong>-</strong></span> 
     </span>
    </p>
   </div>
   <div class='ocr_carea' id='block_1_69' title="bbox 417 3905 2015 3984">
    <p class='ocr_par' dir='ltr' id='par_1_69' title="bbox 417 3905 2015 3984">
     <span class='ocr_line' id='line_1_69' title="bbox 417 3905 2015 3984; baseline 0.017 -28"><span class='ocrx_word' id='word_1_526' title='bbox 417 3905 706 3972; x_wconf 88' lang='lat' dir='ltr'><strong>guedinem</strong></span> <span class='ocrx_word' id='word_1_527' title='bbox 721 3909 868 3966; x_wconf 89' lang='lat' dir='ltr'><strong>chari</strong></span> <span class='ocrx_word' id='word_1_528' title='bbox 877 3913 1003 3968; x_wconf 86' lang='lat' dir='ltr'><strong>tatis</strong></span> <span class='ocrx_word' id='word_1_529' title='bbox 1015 3930 1113 3984; x_wconf 94' lang='lat' dir='ltr'><strong>pro</strong></span> <span class='ocrx_word' id='word_1_530' title='bbox 1125 3917 1280 3973; x_wconf 92' lang='lat' dir='ltr'><strong>nobis</strong></span> <span class='ocrx_word' id='word_1_531' title='bbox 1293 3928 1524 3976; x_wconf 87' lang='lat' dir='ltr'><strong>mortem</strong></span> <span class='ocrx_word' id='word_1_532' title='bbox 1539 3923 1730 3979; x_wconf 87' lang='lat' dir='ltr'><strong>subiit:</strong></span> <span class='ocrx_word' id='word_1_533' title='bbox 1749 3924 1798 3978; x_wconf 88' lang='grc' dir='ltr'><em>Η</em></span> <span class='ocrx_word' id='word_1_534' title='bbox 1806 3927 2015 3983; x_wconf 78' lang='lat' dir='ltr'><strong>umilia—</strong></span> 
     </span>
    </p>
   </div>
   <div class='ocr_carea' id='block_1_70' title="bbox 416 3995 2010 4087">
    <p class='ocr_par' dir='ltr' id='par_1_70' title="bbox 416 3995 2010 4087">
     <span class='ocr_line' id='line_1_70' title="bbox 416 3995 2010 4087; baseline 0.019 -41"><span class='ocrx_word' id='word_1_535' title='bbox 416 3995 487 4047; x_wconf 84' lang='lat' dir='ltr'><strong>vit</strong></span> <span class='ocrx_word' id='word_1_536' title='bbox 509 3998 647 4050; x_wconf 85' lang='lat' dir='ltr'><strong>enim</strong></span> <span class='ocrx_word' id='word_1_537' title='bbox 657 4003 986 4072; x_wconf 81' lang='lat' dir='ltr'><strong>semetipsum</strong></span> <span class='ocrx_word' id='word_1_538' title='bbox 1004 4006 1174 4075; x_wconf 81' lang='lat' dir='ltr'><strong>factus</strong></span> <span class='ocrx_word' id='word_1_539' title='bbox 1188 4010 1428 4068; x_wconf 86' lang='lat' dir='ltr'><strong>obediens</strong></span> <span class='ocrx_word' id='word_1_540' title='bbox 1445 4012 1599 4069; x_wconf 87' lang='lat' dir='ltr'><strong>Patri</strong></span> <span class='ocrx_word' id='word_1_541' title='bbox 1610 4033 1773 4087; x_wconf 87' lang='lat' dir='ltr'><strong>usque</strong></span> <span class='ocrx_word' id='word_1_542' title='bbox 1787 4019 1857 4074; x_wconf 86' lang='lat' dir='ltr'><strong>ad</strong></span> <span class='ocrx_word' id='word_1_543' title='bbox 1870 4038 2010 4075; x_wconf 87' lang='lat' dir='ltr'><strong>mor-</strong></span> 
     </span>
    </p>
   </div>
   <div class='ocr_carea' id='block_1_71' title="bbox 416 4087 2010 4167">
    <p class='ocr_par' dir='ltr' id='par_1_71' title="bbox 416 4087 2010 4167">
     <span class='ocr_line' id='line_1_71' title="bbox 416 4087 2010 4167; baseline 0.019 -31"><span class='ocrx_word' id='word_1_544' title='bbox 416 4094 518 4139; x_wconf 87' lang='lat' dir='ltr'><strong>tem</strong></span> <span class='ocrx_word' id='word_1_545' title='bbox 535 4087 754 4160; x_wconf 83' lang='lat' dir='ltr'><strong>(Philip.</strong></span> <span class='ocrx_word' id='word_1_546' title='bbox 775 4094 857 4163; x_wconf 87' lang='grc' dir='ltr'><strong>ιι).</strong></span> <span class='ocrx_word' id='word_1_547' title='bbox 881 4095 949 4148; x_wconf 88' lang='lat' dir='ltr'><strong>Et</strong></span> <span class='ocrx_word' id='word_1_548' title='bbox 961 4099 1326 4167; x_wconf 83' lang='lat' dir='ltr'><strong>majorem/mc</strong></span> <span class='ocrx_word' id='word_1_549' title='bbox 1346 4104 1675 4162; x_wconf 83' lang='lat' dir='ltr'><strong>dilectionem</strong></span> <span class='ocrx_word' id='word_1_550' title='bbox 1690 4126 1840 4164; x_wconf 86' lang='lat' dir='ltr'><strong>nemo</strong></span> <span class='ocrx_word' id='word_1_551' title='bbox 1855 4113 2010 4166; x_wconf 84' lang='lat' dir='ltr'><strong>habet</strong></span> 
     </span>
    </p>
   </div>
   <div class='ocr_carea' id='block_1_72' title="bbox 415 4180 2004 4272">
    <p class='ocr_par' dir='ltr' id='par_1_72' title="bbox 415 4180 2004 4272">
     <span class='ocr_line' id='line_1_72' title="bbox 415 4180 2004 4272; baseline 0.019 -44"><span class='ocrx_word' id='word_1_552' title='bbox 415 4186 474 4228; x_wconf 90' lang='lat' dir='ltr'><strong>ut</strong></span> <span class='ocrx_word' id='word_1_553' title='bbox 495 4180 727 4234; x_wconf 84' lang='lat' dir='ltr'><strong>animum</strong></span> <span class='ocrx_word' id='word_1_554' title='bbox 747 4200 896 4236; x_wconf 87' lang='lat' dir='ltr'><strong>suam</strong></span> <span class='ocrx_word' id='word_1_555' title='bbox 919 4189 1035 4255; x_wconf 88' lang='lat' dir='ltr'><strong>quis</strong></span> <span class='ocrx_word' id='word_1_556' title='bbox 1055 4201 1212 4257; x_wconf 86' lang='lat' dir='ltr'><strong>ponat</strong></span> <span class='ocrx_word' id='word_1_557' title='bbox 1234 4210 1327 4262; x_wconf 90' lang='lat' dir='ltr'><strong>pro</strong></span> <span class='ocrx_word' id='word_1_558' title='bbox 1350 4197 1531 4250; x_wconf 86' lang='lat' dir='ltr'><strong>amicis</strong></span> <span class='ocrx_word' id='word_1_559' title='bbox 1547 4200 1677 4253; x_wconf 87' lang='lat' dir='ltr'><strong>suis.</strong></span> <span class='ocrx_word' id='word_1_560' title='bbox 1703 4199 1868 4271; x_wconf 78' lang='lat' dir='ltr'><strong>(Joan</strong></span> <span class='ocrx_word' id='word_1_561' title='bbox 1891 4204 2004 4272; x_wconf 82' lang='lat' dir='ltr'><strong>xv).</strong></span> 
     </span>
    </p>
   </div>
   <div class='ocr_carea' id='block_1_73' title="bbox 489 4267 2005 4349">
    <p class='ocr_par' dir='ltr' id='par_1_73' title="bbox 489 4267 2005 4349">
     <span class='ocr_line' id='line_1_73' title="bbox 489 4267 2005 4349; baseline 0.018 -29"><span class='ocrx_word' id='word_1_562' title='bbox 489 4267 558 4321; x_wconf 87' lang='lat' dir='ltr'><strong>Et</strong></span> <span class='ocrx_word' id='word_1_563' title='bbox 585 4269 717 4325; x_wconf 76' lang='lat' dir='ltr'><strong>dixit</strong></span> <span class='ocrx_word' id='word_1_564' title='bbox 745 4273 1018 4345; x_wconf 86' lang='lat' dir='ltr'><strong>discipulis</strong></span> <span class='ocrx_word' id='word_1_565' title='bbox 1037 4281 1182 4334; x_wconf 84' lang='lat' dir='ltr'><strong>suis:</strong></span> <span class='ocrx_word' id='word_1_566' title='bbox 1207 4282 1394 4338; x_wconf 87' lang='lat' dir='ltr'><strong>Sedete</strong></span> <span class='ocrx_word' id='word_1_567' title='bbox 1416 4287 1500 4340; x_wconf 90' lang='lat' dir='ltr'><strong>hic</strong></span> <span class='ocrx_word' id='word_1_568' title='bbox 1523 4288 1687 4344; x_wconf 85' lang='lat' dir='ltr'><strong>donec</strong></span> <span class='ocrx_word' id='word_1_569' title='bbox 1713 4267 1911 4348; x_wconf 66' lang='lat' dir='ltr'><strong>cadam</strong></span> <span class='ocrx_word' id='word_1_570' title='bbox 1939 4267 2005 4349; x_wconf 80' lang='lat' dir='ltr'><strong>il-</strong></span> 
     </span>
    </p>
   </div>
   <div class='ocr_carea' id='block_1_74' title="bbox 416 4358 2003 4452">
    <p class='ocr_par' dir='ltr' id='par_1_74' title="bbox 416 4358 2003 4452">
     <span class='ocr_line' id='line_1_74' title="bbox 416 4358 2003 4452; baseline 0.02 -41"><span class='ocrx_word' id='word_1_571' title='bbox 416 4358 572 4414; x_wconf 88' lang='lat' dir='ltr'><strong>lucet</strong></span> <span class='ocrx_word' id='word_1_572' title='bbox 597 4377 759 4417; x_wconf 89' lang='lat' dir='ltr'><strong>orem.</strong></span> <span class='ocrx_word' id='word_1_573' title='bbox 793 4363 1064 4442; x_wconf 76' lang='grc' dir='ltr'><strong>(Ηίενοη.)</strong></span> <span class='ocrx_word' id='word_1_574' title='bbox 1100 4371 1368 4444; x_wconf 79' lang='lat' dir='ltr'><strong>Egressus</strong></span> <span class='ocrx_word' id='word_1_575' title='bbox 1400 4377 1467 4432; x_wconf 90' lang='lat' dir='ltr'><strong>de</strong></span> <span class='ocrx_word' id='word_1_576' title='bbox 1514 4378 1676 4438; x_wconf 90' lang='lat' dir='ltr'><strong>domo</strong></span> <span class='ocrx_word' id='word_1_577' title='bbox 1725 4382 1902 4452; x_wconf 86' lang='lat' dir='ltr'><strong>Jesus,</strong></span> <span class='ocrx_word' id='word_1_578' title='bbox 1947 4387 2003 4442; x_wconf 88' lang='lat' dir='ltr'><strong>in</strong></span> 
     </span>
    </p>
   </div>
   <div class='ocr_carea' id='block_1_75' title="bbox 416 4456 2005 4543">
    <p class='ocr_par' dir='ltr' id='par_1_75' title="bbox 416 4456 2005 4543">
     <span class='ocr_line' id='line_1_75' title="bbox 416 4456 2005 4543; baseline 0.018 -38"><span class='ocrx_word' id='word_1_579' title='bbox 416 4467 524 4543; x_wconf 85' lang='lat' dir='ltr'><strong>qua</strong></span> <span class='ocrx_word' id='word_1_580' title='bbox 555 4467 678 4508; x_wconf 89' lang='lat' dir='ltr'><strong>cum</strong></span> <span class='ocrx_word' id='word_1_581' title='bbox 709 4456 989 4528; x_wconf 90' lang='lat' dir='ltr'><strong>discipulis</strong></span> <span class='ocrx_word' id='word_1_582' title='bbox 1017 4465 1222 4532; x_wconf 88' lang='lat' dir='ltr'><strong>pascha</strong></span> <span class='ocrx_word' id='word_1_583' title='bbox 1271 4469 1658 4539; x_wconf 89' lang='lat' dir='ltr'><strong>manducabat,</strong></span> <span class='ocrx_word' id='word_1_584' title='bbox 1702 4472 1868 4543; x_wconf 88' lang='lat' dir='ltr'><strong>jussit</strong></span> <span class='ocrx_word' id='word_1_585' title='bbox 1910 4492 2005 4533; x_wconf 86' lang='lat' dir='ltr'><strong>eos</strong></span> 
     </span>
    </p>
   </div>
   <div class='ocr_carea' id='block_1_76' title="bbox 413 4542 2004 4638">
    <p class='ocr_par' dir='ltr' id='par_1_76' title="bbox 413 4542 2004 4638">
     <span class='ocr_line' id='line_1_76' title="bbox 413 4542 2004 4638; baseline 0.019 -42"><span class='ocrx_word' id='word_1_586' title='bbox 413 4542 607 4599; x_wconf 90' lang='lat' dir='ltr'><strong>sedere</strong></span> <span class='ocrx_word' id='word_1_587' title='bbox 628 4547 921 4618; x_wconf 87' lang='lat' dir='ltr'><strong>paulisper,</strong></span> <span class='ocrx_word' id='word_1_588' title='bbox 953 4561 1008 4606; x_wconf 90' lang='lat' dir='ltr'><strong>et</strong></span> <span class='ocrx_word' id='word_1_589' title='bbox 1029 4567 1348 4625; x_wconf 82' lang='lat' dir='ltr'><strong>exspectare</strong></span> <span class='ocrx_word' id='word_1_590' title='bbox 1368 4562 1685 4620; x_wconf 90' lang='lat' dir='ltr'><strong>redeuntem</strong></span> <span class='ocrx_word' id='word_1_591' title='bbox 1709 4566 1882 4624; x_wconf 90' lang='lat' dir='ltr'><strong>donec</strong></span> <span class='ocrx_word' id='word_1_592' title='bbox 1905 4585 2004 4638; x_wconf 91' lang='lat' dir='ltr'><strong>pro</strong></span> 
     </span>
    </p>
   </div>
   <div class='ocr_carea' id='block_1_77' title="bbox 413 4638 2004 4726">
    <p class='ocr_par' dir='ltr' id='par_1_77' title="bbox 413 4638 2004 4726">
     <span class='ocr_line' id='line_1_77' title="bbox 413 4638 2004 4726; baseline 0.018 -37"><span class='ocrx_word' id='word_1_593' title='bbox 413 4638 626 4693; x_wconf 89' lang='lat' dir='ltr'><strong>cunctis</strong></span> <span class='ocrx_word' id='word_1_594' title='bbox 659 4639 919 4698; x_wconf 89' lang='lat' dir='ltr'><strong>Dominus</strong></span> <span class='ocrx_word' id='word_1_595' title='bbox 948 4645 1095 4702; x_wconf 90' lang='lat' dir='ltr'><strong>solus</strong></span> <span class='ocrx_word' id='word_1_596' title='bbox 1124 4659 1282 4706; x_wconf 89' lang='lat' dir='ltr'><strong>oret:</strong></span> <span class='ocrx_word' id='word_1_597' title='bbox 1347 4655 1474 4723; x_wconf 90' lang='lat' dir='ltr'><strong>quia</strong></span> <span class='ocrx_word' id='word_1_598' title='bbox 1519 4655 1636 4726; x_wconf 90' lang='lat' dir='ltr'><strong>ejus</strong></span> <span class='ocrx_word' id='word_1_599' title='bbox 1689 4661 1864 4715; x_wconf 90' lang='lat' dir='ltr'><strong>oratio</strong></span> <span class='ocrx_word' id='word_1_600' title='bbox 1907 4678 2004 4717; x_wconf 90' lang='lat' dir='ltr'><strong>no-</strong></span> 
     </span>
    </p>
   </div>
   <div class='ocr_carea' id='block_1_78' title="bbox 411 4917 1996 5007">
    <p class='ocr_par' dir='ltr' id='par_1_78' title="bbox 411 4917 1996 5007">
     <span class='ocr_line' id='line_1_78' title="bbox 411 4917 1996 5007; baseline 0.02 -45"><span class='ocrx_word' id='word_1_601' title='bbox 411 4922 719 4980; x_wconf 90' lang='lat' dir='ltr'><strong>acceperat,</strong></span> <span class='ocrx_word' id='word_1_602' title='bbox 751 4917 846 4971; x_wconf 92' lang='lat' dir='ltr'><strong>sed</strong></span> <span class='ocrx_word' id='word_1_603' title='bbox 873 4928 928 4972; x_wconf 90' lang='lat' dir='ltr'><strong>et</strong></span> <span class='ocrx_word' id='word_1_604' title='bbox 977 4922 1271 4980; x_wconf 90' lang='lat' dir='ltr'><strong>turbandos</strong></span> <span class='ocrx_word' id='word_1_605' title='bbox 1320 4936 1374 4983; x_wconf 91' lang='lat' dir='ltr'><strong>et</strong></span> <span class='ocrx_word' id='word_1_606' title='bbox 1430 4930 1722 4988; x_wconf 80' lang='lat' dir='ltr'><strong>diffusuros</strong></span> <span class='ocrx_word' id='word_1_607' title='bbox 1770 4937 1996 5007; x_wconf 89' lang='lat' dir='ltr'><strong>sciebat,</strong></span> 
     </span>
    </p>
   </div>
   <div class='ocr_carea' id='block_1_79' title="bbox 412 5006 1997 5093">
    <p class='ocr_par' dir='ltr' id='par_1_79' title="bbox 412 5006 1997 5093">
     <span class='ocr_line' id='line_1_79' title="bbox 412 5006 1997 5093; baseline 0.021 -39"><span class='ocrx_word' id='word_1_608' title='bbox 412 5015 547 5070; x_wconf 91' lang='lat' dir='ltr'><strong>quos</strong></span> <span class='ocrx_word' id='word_1_609' title='bbox 576 5006 766 5060; x_wconf 87' lang='lat' dir='ltr'><strong>sedere</strong></span> <span class='ocrx_word' id='word_1_610' title='bbox 801 5008 858 5062; x_wconf 91' lang='lat' dir='ltr'><strong>in</strong></span> <span class='ocrx_word' id='word_1_611' title='bbox 889 5009 1010 5066; x_wconf 92' lang='lat' dir='ltr'><strong>loco</strong></span> <span class='ocrx_word' id='word_1_612' title='bbox 1029 5011 1185 5082; x_wconf 87' lang='lat' dir='ltr'><strong>jubet</strong></span> <span class='ocrx_word' id='word_1_613' title='bbox 1222 5018 1350 5072; x_wconf 90' lang='lat' dir='ltr'><strong>dum</strong></span> <span class='ocrx_word' id='word_1_614' title='bbox 1375 5025 1794 5093; x_wconf 84' lang='lat' dir='ltr'><strong>progrederetur</strong></span> <span class='ocrx_word' id='word_1_615' title='bbox 1819 5006 1997 5088; x_wconf 84' lang='lat' dir='ltr'><strong>orare.</strong></span> 
     </span>
    </p>
   </div>
   <div class='ocr_carea' id='block_1_80' title="bbox 480 5095 2002 5193">
    <p class='ocr_par' dir='ltr' id='par_1_80' title="bbox 480 5095 2002 5193">
     <span class='ocr_line' id='line_1_80' title="bbox 480 5095 2002 5193; baseline 0.019 -43"><span class='ocrx_word' id='word_1_616' title='bbox 480 5095 552 5150; x_wconf 88' lang='lat' dir='ltr'><strong>Et</strong></span> <span class='ocrx_word' id='word_1_617' title='bbox 563 5113 830 5172; x_wconf 85' lang='lat' dir='ltr'><strong>assumpto</strong></span> <span class='ocrx_word' id='word_1_618' title='bbox 850 5103 1008 5160; x_wconf 86' lang='lat' dir='ltr'><strong>Petro</strong></span> <span class='ocrx_word' id='word_1_619' title='bbox 1022 5119 1070 5163; x_wconf 88' lang='lat' dir='ltr'><strong>et</strong></span> <span class='ocrx_word' id='word_1_620' title='bbox 1089 5110 1292 5166; x_wconf 85' lang='lat' dir='ltr'><strong>duobus</strong></span> <span class='ocrx_word' id='word_1_621' title='bbox 1308 5113 1434 5183; x_wconf 84' lang='lat' dir='ltr'><strong>[iliis</strong></span> <span class='ocrx_word' id='word_1_622' title='bbox 1449 5114 1690 5174; x_wconf 68' lang='lat' dir='ltr'><strong>Zebedazi</strong></span> <span class='ocrx_word' id='word_1_623' title='bbox 1706 5124 1855 5193; x_wconf 69' lang='lat' dir='ltr'><strong>carpit</strong></span> <span class='ocrx_word' id='word_1_624' title='bbox 1877 5141 2002 5180; x_wconf 87' lang='lat' dir='ltr'><strong>con-</strong></span> 
     </span>
    </p>
   </div>
   <div class='ocr_carea' id='block_1_81' title="bbox 411 5189 2002 5284">
    <p class='ocr_par' dir='ltr' id='par_1_81' title="bbox 411 5189 2002 5284">
     <span class='ocr_line' id='line_1_81' title="bbox 411 5189 2002 5284; baseline 0.02 -44"><span class='ocrx_word' id='word_1_625' title='bbox 411 5189 614 5284; x_wconf 77' lang='lat' dir='ltr'><strong>tristari</strong></span> <span class='ocrx_word' id='word_1_626' title='bbox 642 5202 690 5246; x_wconf 87' lang='lat' dir='ltr'><strong>et</strong></span> <span class='ocrx_word' id='word_1_627' title='bbox 709 5205 919 5252; x_wconf 63' lang='lat' dir='ltr'><strong>mestus</strong></span> <span class='ocrx_word' id='word_1_628' title='bbox 940 5217 1069 5255; x_wconf 83' lang='lat' dir='ltr'><strong>esse.</strong></span> <span class='ocrx_word' id='word_1_629' title='bbox 1099 5201 1372 5278; x_wconf 86' lang='lat' dir='ltr'><strong>(Hieron.)</strong></span> <span class='ocrx_word' id='word_1_630' title='bbox 1395 5206 1528 5263; x_wconf 85' lang='lat' dir='ltr'><strong>Illud</strong></span> <span class='ocrx_word' id='word_1_631' title='bbox 1551 5213 1693 5278; x_wconf 87' lang='lat' dir='ltr'><strong>quod</strong></span> <span class='ocrx_word' id='word_1_632' title='bbox 1720 5189 1882 5284; x_wconf 83' lang='lat' dir='ltr'><strong>supra</strong></span> <span class='ocrx_word' id='word_1_633' title='bbox 1921 5217 2002 5272; x_wconf 85' lang='lat' dir='ltr'><strong>di-</strong></span> 
     </span>
    </p>
   </div>
   <div class='ocr_carea' id='block_1_82' title="bbox 409 5281 2002 5376">
    <p class='ocr_par' dir='ltr' id='par_1_82' title="bbox 409 5281 2002 5376">
     <span class='ocr_line' id='line_1_82' title="bbox 409 5281 2002 5376; baseline 0.019 -43"><span class='ocrx_word' id='word_1_634' title='bbox 409 5281 590 5337; x_wconf 84' lang='lat' dir='ltr'><strong>ximus</strong></span> <span class='ocrx_word' id='word_1_635' title='bbox 640 5285 706 5340; x_wconf 92' lang='lat' dir='ltr'><strong>de</strong></span> <span class='ocrx_word' id='word_1_636' title='bbox 761 5291 1017 5358; x_wconf 88' lang='lat' dir='ltr'><strong>passione</strong></span> <span class='ocrx_word' id='word_1_637' title='bbox 1066 5303 1121 5349; x_wconf 92' lang='lat' dir='ltr'><strong>et</strong></span> <span class='ocrx_word' id='word_1_638' title='bbox 1157 5311 1256 5365; x_wconf 90' lang='lat' dir='ltr'><strong>pro</strong></span> <span class='ocrx_word' id='word_1_639' title='bbox 1285 5298 1560 5366; x_wconf 89' lang='lat' dir='ltr'><strong>passione,</strong></span> <span class='ocrx_word' id='word_1_640' title='bbox 1589 5302 1754 5358; x_wconf 90' lang='lat' dir='ltr'><strong>etiam</strong></span> <span class='ocrx_word' id='word_1_641' title='bbox 1784 5281 1841 5360; x_wconf 82' lang='lat' dir='ltr'><strong>in</strong></span> <span class='ocrx_word' id='word_1_642' title='bbox 1862 5322 2002 5376; x_wconf 71' lang='lat' dir='ltr'><strong>pra:-</strong></span> 
     </span>
    </p>
   </div>
   <div class='ocr_carea' id='block_1_83' title="bbox 405 5373 2000 5456">
    <p class='ocr_par' dir='ltr' id='par_1_83' title="bbox 405 5373 2000 5456">
     <span class='ocr_line' id='line_1_83' title="bbox 405 5373 2000 5456; baseline 0.018 -31"><span class='ocrx_word' id='word_1_643' title='bbox 405 5373 549 5428; x_wconf 86' lang='lat' dir='ltr'><strong>senti</strong></span> <span class='ocrx_word' id='word_1_644' title='bbox 586 5377 825 5447; x_wconf 91' lang='lat' dir='ltr'><strong>capitulo</strong></span> <span class='ocrx_word' id='word_1_645' title='bbox 858 5383 1188 5450; x_wconf 88' lang='lat' dir='ltr'><strong>ostenditur,</strong></span> <span class='ocrx_word' id='word_1_646' title='bbox 1235 5389 1377 5456; x_wconf 90' lang='lat' dir='ltr'><strong>quod</strong></span> <span class='ocrx_word' id='word_1_647' title='bbox 1423 5389 1686 5448; x_wconf 90' lang='lat' dir='ltr'><strong>Dominus</strong></span> <span class='ocrx_word' id='word_1_648' title='bbox 1715 5373 2000 5453; x_wconf 81' lang='lat' dir='ltr'><strong>veritatem</strong></span> 
     </span>
    </p>
   </div>
   <div class='ocr_carea' id='block_1_84' title="bbox 411 5469 1995 5550">
    <p class='ocr_par' dir='ltr' id='par_1_84' title="bbox 411 5469 1995 5550">
     <span class='ocr_line' id='line_1_84' title="bbox 411 5469 1995 5550; baseline 0.015 -31"><span class='ocrx_word' id='word_1_649' title='bbox 411 5469 674 5538; x_wconf 87' lang='lat' dir='ltr'><strong>assumpti</strong></span> <span class='ocrx_word' id='word_1_650' title='bbox 701 5474 959 5540; x_wconf 86' lang='lat' dir='ltr'><strong>probaret</strong></span> <span class='ocrx_word' id='word_1_651' title='bbox 992 5475 1225 5532; x_wconf 90' lang='lat' dir='ltr'><strong>hominis</strong></span> <span class='ocrx_word' id='word_1_652' title='bbox 1248 5493 1373 5534; x_wconf 86' lang='lat' dir='ltr'><strong>vere</strong></span> <span class='ocrx_word' id='word_1_653' title='bbox 1395 5483 1612 5550; x_wconf 90' lang='lat' dir='ltr'><strong>quidem</strong></span> <span class='ocrx_word' id='word_1_654' title='bbox 1638 5486 1995 5543; x_wconf 90' lang='lat' dir='ltr'><strong>contristatus</strong></span> 
     </span>
    </p>
   </div>
   <div class='ocr_carea' id='block_1_85' title="bbox 409 5555 1997 5646">
    <p class='ocr_par' dir='ltr' id='par_1_85' title="bbox 409 5555 1997 5646">
     <span class='ocr_line' id='line_1_85' title="bbox 409 5555 1997 5646; baseline 0.013 -35"><span class='ocrx_word' id='word_1_655' title='bbox 409 5555 502 5624; x_wconf 86' lang='lat' dir='ltr'><strong>sit,</strong></span> <span class='ocrx_word' id='word_1_656' title='bbox 529 5559 626 5613; x_wconf 86' lang='lat' dir='ltr'><strong>sed</strong></span> <span class='ocrx_word' id='word_1_657' title='bbox 663 5575 733 5614; x_wconf 90' lang='lat' dir='ltr'><strong>ne</strong></span> <span class='ocrx_word' id='word_1_658' title='bbox 779 5563 957 5631; x_wconf 91' lang='lat' dir='ltr'><strong>passio</strong></span> <span class='ocrx_word' id='word_1_659' title='bbox 1010 5566 1066 5619; x_wconf 90' lang='lat' dir='ltr'><strong>in</strong></span> <span class='ocrx_word' id='word_1_660' title='bbox 1108 5567 1291 5623; x_wconf 89' lang='lat' dir='ltr'><strong>animo</strong></span> <span class='ocrx_word' id='word_1_661' title='bbox 1326 5569 1471 5627; x_wconf 91' lang='lat' dir='ltr'><strong>illius</strong></span> <span class='ocrx_word' id='word_1_662' title='bbox 1497 5573 1870 5629; x_wconf 87' lang='lat' dir='ltr'><strong>dominaretur</strong></span> <span class='ocrx_word' id='word_1_663' title='bbox 1900 5593 1997 5646; x_wconf 87' lang='lat' dir='ltr'><strong>per</strong></span> 
     </span>
    </p>
   </div>
   <div class='ocr_carea' id='block_1_86' title="bbox 407 5650 1996 5726">
    <p class='ocr_par' dir='ltr' id='par_1_86' title="bbox 407 5650 1996 5726">
     <span class='ocr_line' id='line_1_86' title="bbox 407 5650 1996 5726; baseline 0.014 -24"><span class='ocrx_word' id='word_1_664' title='bbox 407 5650 817 5717; x_wconf 87' lang='lat' dir='ltr'><strong>propassionem</strong></span> <span class='ocrx_word' id='word_1_665' title='bbox 875 5657 1101 5726; x_wconf 66' lang='lat' dir='ltr'><strong>coeperit</strong></span> <span class='ocrx_word' id='word_1_666' title='bbox 1166 5661 1502 5718; x_wconf 89' lang='lat' dir='ltr'><strong>contristari.</strong></span> <span class='ocrx_word' id='word_1_667' title='bbox 1558 5663 1996 5725; x_wconf 85' lang='lat' dir='ltr'><strong>Contristabatur</strong></span> 
     </span>
    </p>
   </div>
   <div class='ocr_carea' id='block_1_87' title="bbox 409 5744 1989 5829">
    <p class='ocr_par' dir='ltr' id='par_1_87' title="bbox 409 5744 1989 5829">
     <span class='ocr_line' id='line_1_87' title="bbox 409 5744 1989 5829; baseline 0.014 -35"><span class='ocrx_word' id='word_1_668' title='bbox 409 5757 515 5798; x_wconf 87' lang='lat' dir='ltr'><strong>non</strong></span> <span class='ocrx_word' id='word_1_669' title='bbox 541 5744 736 5800; x_wconf 88' lang='lat' dir='ltr'><strong>timore</strong></span> <span class='ocrx_word' id='word_1_670' title='bbox 759 5747 997 5814; x_wconf 88' lang='lat' dir='ltr'><strong>patiendi</strong></span> <span class='ocrx_word' id='word_1_671' title='bbox 1024 5751 1116 5821; x_wconf 90' lang='lat' dir='ltr'><strong>qui</strong></span> <span class='ocrx_word' id='word_1_672' title='bbox 1143 5754 1208 5808; x_wconf 92' lang='lat' dir='ltr'><strong>ad</strong></span> <span class='ocrx_word' id='word_1_673' title='bbox 1243 5755 1346 5811; x_wconf 90' lang='lat' dir='ltr'><strong>hoc</strong></span> <span class='ocrx_word' id='word_1_674' title='bbox 1371 5766 1596 5812; x_wconf 85' lang='lat' dir='ltr'><strong>venerat</strong></span> <span class='ocrx_word' id='word_1_675' title='bbox 1617 5767 1989 5829; x_wconf 86' lang='lat' dir='ltr'><strong>utpateretur,</strong></span> 
     </span>
    </p>
   </div>
   <div class='ocr_carea' id='block_1_88' title="bbox 409 5833 1990 5922">
    <p class='ocr_par' dir='ltr' id='par_1_88' title="bbox 409 5833 1990 5922">
     <span class='ocr_line' id='line_1_88' title="bbox 409 5833 1990 5922; baseline 0.014 -34"><span class='ocrx_word' id='word_1_676' title='bbox 409 5842 467 5888; x_wconf 88' lang='lat' dir='ltr'><strong>et</strong></span> <span class='ocrx_word' id='word_1_677' title='bbox 498 5833 716 5892; x_wconf 85' lang='lat' dir='ltr'><strong>Petrum</strong></span> <span class='ocrx_word' id='word_1_678' title='bbox 748 5841 1053 5898; x_wconf 87' lang='lat' dir='ltr'><strong>timiditatis</strong></span> <span class='ocrx_word' id='word_1_679' title='bbox 1072 5857 1345 5916; x_wconf 86' lang='lat' dir='ltr'><strong>arguerat,</strong></span> <span class='ocrx_word' id='word_1_680' title='bbox 1365 5851 1460 5906; x_wconf 88' lang='lat' dir='ltr'><strong>sed</strong></span> <span class='ocrx_word' id='word_1_681' title='bbox 1485 5861 1708 5922; x_wconf 82' lang='lat' dir='ltr'><strong>prepter</strong></span> <span class='ocrx_word' id='word_1_682' title='bbox 1730 5851 1990 5910; x_wconf 87' lang='lat' dir='ltr'><strong>infelicis-</strong></span> 
     </span>
    </p>
   </div>
   <div class='ocr_carea' id='block_1_89' title="bbox 2122 3374 3716 3447">
    <p class='ocr_par' dir='ltr' id='par_1_89' title="bbox 2122 3374 3716 3447">
     <span class='ocr_line' id='line_1_89' title="bbox 2122 3374 3716 3447; baseline 0.004 -21"><span class='ocrx_word' id='word_1_683' title='bbox 2122 3374 2255 3427; x_wconf 91' lang='lat' dir='ltr'><strong>tiam</strong></span> <span class='ocrx_word' id='word_1_684' title='bbox 2285 3389 2480 3440; x_wconf 90' lang='lat' dir='ltr'><strong>meam,</strong></span> <span class='ocrx_word' id='word_1_685' title='bbox 2510 3376 2843 3430; x_wconf 83' lang='lat' dir='ltr'><strong>conﬁdenter</strong></span> <span class='ocrx_word' id='word_1_686' title='bbox 2873 3376 3150 3430; x_wconf 88' lang='lat' dir='ltr'><strong>tristitiam</strong></span> <span class='ocrx_word' id='word_1_687' title='bbox 3179 3376 3431 3440; x_wconf 88' lang='lat' dir='ltr'><strong>nomino,</strong></span> <span class='ocrx_word' id='word_1_688' title='bbox 3456 3379 3716 3447; x_wconf 71' lang='lat' dir='ltr'><strong>quisent-</strong></span> 
     </span>
    </p>
   </div>
   <div class='ocr_carea' id='block_1_90' title="bbox 2121 3465 3714 3537">
    <p class='ocr_par' dir='ltr' id='par_1_90' title="bbox 2121 3465 3714 3537">
     <span class='ocr_line' id='line_1_90' title="bbox 2121 3465 3714 3537; baseline 0.001 -18"><span class='ocrx_word' id='word_1_689' title='bbox 2121 3479 2237 3519; x_wconf 82' lang='lat' dir='ltr'><strong>cem</strong></span> <span class='ocrx_word' id='word_1_690' title='bbox 2249 3466 2502 3534; x_wconf 68' lang='lat' dir='ltr'><strong>praedico.</strong></span> <span class='ocrx_word' id='word_1_691' title='bbox 2531 3465 2646 3521; x_wconf 88' lang='lat' dir='ltr'><strong>Mea</strong></span> <span class='ocrx_word' id='word_1_692' title='bbox 2671 3475 2756 3522; x_wconf 91' lang='lat' dir='ltr'><strong>est</strong></span> <span class='ocrx_word' id='word_1_693' title='bbox 2773 3465 3022 3522; x_wconf 91' lang='lat' dir='ltr'><strong>voluntas</strong></span> <span class='ocrx_word' id='word_1_694' title='bbox 3043 3482 3204 3537; x_wconf 87' lang='lat' dir='ltr'><strong>quam</strong></span> <span class='ocrx_word' id='word_1_695' title='bbox 3223 3482 3384 3522; x_wconf 86' lang='lat' dir='ltr'><strong>suam</strong></span> <span class='ocrx_word' id='word_1_696' title='bbox 3404 3468 3573 3532; x_wconf 79' lang='lat' dir='ltr'><strong>dixit,</strong></span> <span class='ocrx_word' id='word_1_697' title='bbox 3597 3467 3714 3537; x_wconf 79' lang='lat' dir='ltr'><strong>quia</strong></span> 
     </span>
    </p>
   </div>
   <div class='ocr_carea' id='block_1_91' title="bbox 2118 3557 3712 3629">
    <p class='ocr_par' dir='ltr' id='par_1_91' title="bbox 2118 3557 3712 3629">
     <span class='ocr_line' id='line_1_91' title="bbox 2118 3557 3712 3629; baseline 0.002 -19"><span class='ocrx_word' id='word_1_698' title='bbox 2118 3564 2180 3610; x_wconf 91' lang='lat' dir='ltr'><strong>ut</strong></span> <span class='ocrx_word' id='word_1_699' title='bbox 2192 3557 2354 3612; x_wconf 90' lang='lat' dir='ltr'><strong>homo</strong></span> <span class='ocrx_word' id='word_1_700' title='bbox 2369 3557 2606 3627; x_wconf 88' lang='lat' dir='ltr'><strong>suscepit</strong></span> <span class='ocrx_word' id='word_1_701' title='bbox 2623 3558 2900 3612; x_wconf 90' lang='lat' dir='ltr'><strong>tristitiam</strong></span> <span class='ocrx_word' id='word_1_702' title='bbox 2915 3572 3112 3622; x_wconf 91' lang='lat' dir='ltr'><strong>meam,</strong></span> <span class='ocrx_word' id='word_1_703' title='bbox 3127 3566 3188 3612; x_wconf 90' lang='lat' dir='ltr'><strong>ut</strong></span> <span class='ocrx_word' id='word_1_704' title='bbox 3201 3557 3366 3629; x_wconf 90' lang='lat' dir='ltr'><strong>homo</strong></span> <span class='ocrx_word' id='word_1_705' title='bbox 3382 3558 3607 3614; x_wconf 88' lang='lat' dir='ltr'><strong>locutus</strong></span> <span class='ocrx_word' id='word_1_706' title='bbox 3619 3569 3712 3613; x_wconf 80' lang='lat' dir='ltr'><strong>est.</strong></span> 
     </span>
    </p>
   </div>
   <div class='ocr_carea' id='block_1_92' title="bbox 2117 3648 3712 3721">
    <p class='ocr_par' dir='ltr' id='par_1_92' title="bbox 2117 3648 3712 3721">
     <span class='ocr_line' id='line_1_92' title="bbox 2117 3648 3712 3721; baseline 0.001 -19"><span class='ocrx_word' id='word_1_707' title='bbox 2117 3648 2322 3704; x_wconf 87' lang='lat' dir='ltr'><strong>Etideo</strong></span> <span class='ocrx_word' id='word_1_708' title='bbox 2349 3650 2462 3704; x_wconf 87' lang='lat' dir='ltr'><strong>ait:</strong></span> <span class='ocrx_word' id='word_1_709' title='bbox 2493 3649 2618 3704; x_wconf 87' lang='lat' dir='ltr'><strong>Non</strong></span> <span class='ocrx_word' id='word_1_710' title='bbox 2645 3651 2778 3704; x_wconf 87' lang='lat' dir='ltr'><strong>sicut</strong></span> <span class='ocrx_word' id='word_1_711' title='bbox 2801 3667 2894 3721; x_wconf 84' lang='lat' dir='ltr'><strong>ego</strong></span> <span class='ocrx_word' id='word_1_712' title='bbox 2921 3650 3161 3716; x_wconf 83' lang='lat' dir='ltr'><strong>volo,sed</strong></span> <span class='ocrx_word' id='word_1_713' title='bbox 3201 3650 3335 3705; x_wconf 88' lang='lat' dir='ltr'><strong>sicut</strong></span> <span class='ocrx_word' id='word_1_714' title='bbox 3377 3661 3438 3704; x_wconf 79' lang='lat' dir='ltr'><strong>tu</strong></span> <span class='ocrx_word' id='word_1_715' title='bbox 3471 3653 3577 3705; x_wconf 70' lang='lat' dir='ltr'><strong>eis.</strong></span> <span class='ocrx_word' id='word_1_716' title='bbox 3609 3651 3712 3705; x_wconf 67' lang='lat' dir='ltr'><strong>Hea</strong></span> 
     </span>
    </p>
   </div>
   <div class='ocr_carea' id='block_1_93' title="bbox 2117 3743 3709 3816">
    <p class='ocr_par' dir='ltr' id='par_1_93' title="bbox 2117 3743 3709 3816">
     <span class='ocr_line' id='line_1_93' title="bbox 2117 3743 3709 3816; baseline 0.002 -20"><span class='ocrx_word' id='word_1_717' title='bbox 2117 3750 2198 3796; x_wconf 89' lang='lat' dir='ltr'><strong>est</strong></span> <span class='ocrx_word' id='word_1_718' title='bbox 2236 3743 2454 3797; x_wconf 87' lang='lat' dir='ltr'><strong>tristitia</strong></span> <span class='ocrx_word' id='word_1_719' title='bbox 2483 3758 2642 3814; x_wconf 88' lang='lat' dir='ltr'><strong>quam</strong></span> <span class='ocrx_word' id='word_1_720' title='bbox 2679 3760 2802 3798; x_wconf 89' lang='lat' dir='ltr'><strong>meo</strong></span> <span class='ocrx_word' id='word_1_721' title='bbox 2843 3746 3082 3812; x_wconf 88' lang='lat' dir='ltr'><strong>suscepit</strong></span> <span class='ocrx_word' id='word_1_722' title='bbox 3139 3743 3362 3800; x_wconf 80' lang='lat' dir='ltr'><strong>aﬂ‘ectu.</strong></span> <span class='ocrx_word' id='word_1_723' title='bbox 3418 3745 3574 3816; x_wconf 79' lang='lat' dir='ltr'><strong>Ergo</strong></span> <span class='ocrx_word' id='word_1_724' title='bbox 3623 3763 3709 3816; x_wconf 78' lang='lat' dir='ltr'><strong>pm</strong></span> 
     </span>
    </p>
   </div>
   <div class='ocr_carea' id='block_1_94' title="bbox 2116 3836 3710 3909">
    <p class='ocr_par' dir='ltr' id='par_1_94' title="bbox 2116 3836 3710 3909">
     <span class='ocr_line' id='line_1_94' title="bbox 2116 3836 3710 3909; baseline 0.003 -20"><span class='ocrx_word' id='word_1_725' title='bbox 2116 3850 2204 3889; x_wconf 88' lang='lat' dir='ltr'><strong>me</strong></span> <span class='ocrx_word' id='word_1_726' title='bbox 2227 3836 2395 3891; x_wconf 90' lang='lat' dir='ltr'><strong>doluit</strong></span> <span class='ocrx_word' id='word_1_727' title='bbox 2419 3837 2512 3907; x_wconf 89' lang='lat' dir='ltr'><strong>qui</strong></span> <span class='ocrx_word' id='word_1_728' title='bbox 2539 3853 2637 3908; x_wconf 91' lang='lat' dir='ltr'><strong>pro</strong></span> <span class='ocrx_word' id='word_1_729' title='bbox 2663 3854 2720 3894; x_wconf 90' lang='lat' dir='ltr'><strong>se</strong></span> <span class='ocrx_word' id='word_1_730' title='bbox 2747 3839 2879 3893; x_wconf 92' lang='lat' dir='ltr'><strong>nihil</strong></span> <span class='ocrx_word' id='word_1_731' title='bbox 2903 3839 3093 3894; x_wconf 88' lang='lat' dir='ltr'><strong>habuit</strong></span> <span class='ocrx_word' id='word_1_732' title='bbox 3111 3841 3256 3909; x_wconf 90' lang='lat' dir='ltr'><strong>quod</strong></span> <span class='ocrx_word' id='word_1_733' title='bbox 3277 3839 3517 3895; x_wconf 79' lang='lat' dir='ltr'><strong>doleret.</strong></span> <span class='ocrx_word' id='word_1_734' title='bbox 3544 3841 3615 3894; x_wconf 82' lang='lat' dir='ltr'><strong>Et</strong></span> <span class='ocrx_word' id='word_1_735' title='bbox 3638 3856 3710 3893; x_wconf 84' lang='lat' dir='ltr'><strong>se-</strong></span> 
     </span>
    </p>
   </div>
   <div class='ocr_carea' id='block_1_95' title="bbox 2114 3926 3708 3994">
    <p class='ocr_par' dir='ltr' id='par_1_95' title="bbox 2114 3926 3708 3994">
     <span class='ocr_line' id='line_1_95' title="bbox 2114 3926 3708 3994; baseline 0.006 -18"><span class='ocrx_word' id='word_1_736' title='bbox 2114 3932 2390 3994; x_wconf 86' lang='lat' dir='ltr'><strong>questrata</strong></span> <span class='ocrx_word' id='word_1_737' title='bbox 2416 3926 2773 3983; x_wconf 89' lang='lat' dir='ltr'><strong>delectatione</strong></span> <span class='ocrx_word' id='word_1_738' title='bbox 2801 3929 3101 3985; x_wconf 91' lang='lat' dir='ltr'><strong>divinitatis</strong></span> <span class='ocrx_word' id='word_1_739' title='bbox 3129 3938 3346 3984; x_wconf 59' lang='lat' dir='ltr'><strong>asterna:</strong></span> <span class='ocrx_word' id='word_1_740' title='bbox 3375 3931 3550 3986; x_wconf 69' lang='lat' dir='ltr'><strong>taedio</strong></span> <span class='ocrx_word' id='word_1_741' title='bbox 3589 3947 3708 3985; x_wconf 80' lang='lat' dir='ltr'><strong>mea:</strong></span> 
     </span>
    </p>
   </div>
   <div class='ocr_carea' id='block_1_96' title="bbox 2115 4018 3706 4092">
    <p class='ocr_par' dir='ltr' id='par_1_96' title="bbox 2115 4018 3706 4092">
     <span class='ocr_line' id='line_1_96' title="bbox 2115 4018 3706 4092; baseline 0.004 -20"><span class='ocrx_word' id='word_1_742' title='bbox 2115 4018 2448 4075; x_wconf 83' lang='lat' dir='ltr'><strong>infirmitatis</strong></span> <span class='ocrx_word' id='word_1_743' title='bbox 2479 4019 2728 4076; x_wconf 82' lang='lat' dir='ltr'><strong>aﬂicitur.</strong></span> <span class='ocrx_word' id='word_1_744' title='bbox 2764 4021 2974 4087; x_wconf 79' lang='lat' dir='ltr'><strong>Tristia,</strong></span> <span class='ocrx_word' id='word_1_745' title='bbox 3015 4023 3215 4092; x_wconf 92' lang='lat' dir='ltr'><strong>inquit,</strong></span> <span class='ocrx_word' id='word_1_746' title='bbox 3259 4034 3336 4077; x_wconf 83' lang='lat' dir='ltr'><strong>est</strong></span> <span class='ocrx_word' id='word_1_747' title='bbox 3386 4027 3577 4078; x_wconf 77' lang='lat' dir='ltr'><strong>anima</strong></span> <span class='ocrx_word' id='word_1_748' title='bbox 3604 4042 3706 4078; x_wconf 71' lang='lat' dir='ltr'><strong>una</strong></span> 
     </span>
    </p>
   </div>
   <div class='ocr_carea' id='block_1_97' title="bbox 2115 4112 3706 4185">
    <p class='ocr_par' dir='ltr' id='par_1_97' title="bbox 2115 4112 3706 4185">
     <span class='ocr_line' id='line_1_97' title="bbox 2115 4112 3706 4185; baseline 0.003 -21"><span class='ocrx_word' id='word_1_749' title='bbox 2115 4127 2277 4183; x_wconf 86' lang='lat' dir='ltr'><strong>usque</strong></span> <span class='ocrx_word' id='word_1_750' title='bbox 2302 4112 2371 4164; x_wconf 87' lang='lat' dir='ltr'><strong>ad</strong></span> <span class='ocrx_word' id='word_1_751' title='bbox 2435 4123 2674 4168; x_wconf 88' lang='lat' dir='ltr'><strong>mortem.</strong></span> <span class='ocrx_word' id='word_1_752' title='bbox 2728 4114 2844 4169; x_wconf 87' lang='lat' dir='ltr'><strong>Non</strong></span> <span class='ocrx_word' id='word_1_753' title='bbox 2892 4123 3115 4185; x_wconf 89' lang='lat' dir='ltr'><strong>propter</strong></span> <span class='ocrx_word' id='word_1_754' title='bbox 3151 4124 3390 4171; x_wconf 89' lang='lat' dir='ltr'><strong>mortem</strong></span> <span class='ocrx_word' id='word_1_755' title='bbox 3426 4117 3611 4171; x_wconf 85' lang='lat' dir='ltr'><strong>tristis</strong></span> <span class='ocrx_word' id='word_1_756' title='bbox 3633 4128 3706 4170; x_wconf 81' lang='lat' dir='ltr'><strong>est</strong></span> 
     </span>
    </p>
   </div>
   <div class='ocr_carea' id='block_1_98' title="bbox 2113 4203 3708 4275">
    <p class='ocr_par' dir='ltr' id='par_1_98' title="bbox 2113 4203 3708 4275">
     <span class='ocr_line' id='line_1_98' title="bbox 2113 4203 3708 4275; baseline 0.003 -18"><span class='ocrx_word' id='word_1_757' title='bbox 2113 4203 2392 4270; x_wconf 89' lang='lat' dir='ltr'><strong>Dominus,</strong></span> <span class='ocrx_word' id='word_1_758' title='bbox 2425 4205 2550 4274; x_wconf 90' lang='lat' dir='ltr'><strong>quia</strong></span> <span class='ocrx_word' id='word_1_759' title='bbox 2573 4220 2696 4260; x_wconf 92' lang='lat' dir='ltr'><strong>eum</strong></span> <span class='ocrx_word' id='word_1_760' title='bbox 2725 4206 2962 4261; x_wconf 91' lang='lat' dir='ltr'><strong>conditio</strong></span> <span class='ocrx_word' id='word_1_761' title='bbox 2989 4207 3293 4275; x_wconf 87' lang='lat' dir='ltr'><strong>corporalis</strong></span> <span class='ocrx_word' id='word_1_762' title='bbox 3322 4204 3564 4262; x_wconf 71' lang='lat' dir='ltr'><strong>aﬂectus</strong></span> <span class='ocrx_word' id='word_1_763' title='bbox 3610 4224 3708 4262; x_wconf 84' lang='lat' dir='ltr'><strong>non</strong></span> 
     </span>
    </p>
   </div>
   <div class='ocr_carea' id='block_1_99' title="bbox 2111 4297 3706 4369">
    <p class='ocr_par' dir='ltr' id='par_1_99' title="bbox 2111 4297 3706 4369">
     <span class='ocr_line' id='line_1_99' title="bbox 2111 4297 3706 4369; baseline 0 -19"><span class='ocrx_word' id='word_1_764' title='bbox 2111 4297 2343 4354; x_wconf 79' lang='lat' dir='ltr'><strong>formido</strong></span> <span class='ocrx_word' id='word_1_765' title='bbox 2373 4298 2566 4354; x_wconf 90' lang='lat' dir='ltr'><strong>mortis</strong></span> <span class='ocrx_word' id='word_1_766' title='bbox 2613 4297 2857 4354; x_wconf 68' lang='lat' dir='ltr'><strong>offendit.</strong></span> <span class='ocrx_word' id='word_1_767' title='bbox 2917 4297 3053 4354; x_wconf 87' lang='lat' dir='ltr'><strong>Nam</strong></span> <span class='ocrx_word' id='word_1_768' title='bbox 3107 4299 3202 4369; x_wconf 90' lang='lat' dir='ltr'><strong>qui</strong></span> <span class='ocrx_word' id='word_1_769' title='bbox 3240 4312 3446 4368; x_wconf 91' lang='lat' dir='ltr'><strong>corpus</strong></span> <span class='ocrx_word' id='word_1_770' title='bbox 3476 4300 3706 4369; x_wconf 76' lang='lat' dir='ltr'><strong>suscepit</strong></span> 
     </span>
    </p>
   </div>
   <div class='ocr_carea' id='block_1_100' title="bbox 2110 4389 3702 4460">
    <p class='ocr_par' dir='ltr' id='par_1_100' title="bbox 2110 4389 3702 4460">
     <span class='ocr_line' id='line_1_100' title="bbox 2110 4389 3702 4460; baseline 0.001 -19"><span class='ocrx_word' id='word_1_771' title='bbox 2110 4389 2292 4442; x_wconf 87' lang='lat' dir='ltr'><strong>omnia</strong></span> <span class='ocrx_word' id='word_1_772' title='bbox 2325 4389 2512 4444; x_wconf 89' lang='lat' dir='ltr'><strong>debuit</strong></span> <span class='ocrx_word' id='word_1_773' title='bbox 2539 4389 2722 4444; x_wconf 85' lang='lat' dir='ltr'><strong>subire</strong></span> <span class='ocrx_word' id='word_1_774' title='bbox 2751 4405 2871 4460; x_wconf 71' lang='lat' dir='ltr'><strong>qua:</strong></span> <span class='ocrx_word' id='word_1_775' title='bbox 2899 4390 3145 4458; x_wconf 90' lang='lat' dir='ltr'><strong>corporis</strong></span> <span class='ocrx_word' id='word_1_776' title='bbox 3183 4397 3332 4453; x_wconf 90' lang='lat' dir='ltr'><strong>sunt,</strong></span> <span class='ocrx_word' id='word_1_777' title='bbox 3360 4398 3426 4442; x_wconf 88' lang='lat' dir='ltr'><strong>ut</strong></span> <span class='ocrx_word' id='word_1_778' title='bbox 3453 4391 3702 4453; x_wconf 74' lang='lat' dir='ltr'><strong>esuriret,</strong></span> 
     </span>
    </p>
   </div>
   <div class='ocr_carea' id='block_1_101' title="bbox 2113 4482 3705 4554">
    <p class='ocr_par' dir='ltr' id='par_1_101' title="bbox 2113 4482 3705 4554">
     <span class='ocr_line' id='line_1_101' title="bbox 2113 4482 3705 4554; baseline 0.001 -19"><span class='ocrx_word' id='word_1_779' title='bbox 2113 4482 2312 4548; x_wconf 90' lang='lat' dir='ltr'><strong>sitiret,</strong></span> <span class='ocrx_word' id='word_1_780' title='bbox 2369 4492 2678 4554; x_wconf 87' lang='lat' dir='ltr'><strong>angeretur,</strong></span> <span class='ocrx_word' id='word_1_781' title='bbox 2735 4483 3175 4538; x_wconf 89' lang='lat' dir='ltr'><strong>contristaretur.</strong></span> <span class='ocrx_word' id='word_1_782' title='bbox 3223 4482 3498 4536; x_wconf 88' lang='lat' dir='ltr'><strong>Divinitas</strong></span> <span class='ocrx_word' id='word_1_783' title='bbox 3527 4492 3705 4536; x_wconf 77' lang='lat' dir='ltr'><strong>autem</strong></span> 
     </span>
    </p>
   </div>
   <div class='ocr_carea' id='block_1_102' title="bbox 2111 4571 3704 4644">
    <p class='ocr_par' dir='ltr' id='par_1_102' title="bbox 2111 4571 3704 4644">
     <span class='ocr_line' id='line_1_102' title="bbox 2111 4571 3704 4644; baseline -0.001 -18"><span class='ocrx_word' id='word_1_784' title='bbox 2111 4574 2432 4627; x_wconf 87' lang='lat' dir='ltr'><strong>eommutari</strong></span> <span class='ocrx_word' id='word_1_785' title='bbox 2446 4588 2542 4644; x_wconf 88' lang='lat' dir='ltr'><strong>per</strong></span> <span class='ocrx_word' id='word_1_786' title='bbox 2555 4574 2653 4628; x_wconf 92' lang='lat' dir='ltr'><strong>hos</strong></span> <span class='ocrx_word' id='word_1_787' title='bbox 2664 4574 2839 4629; x_wconf 90' lang='lat' dir='ltr'><strong>nescit</strong></span> <span class='ocrx_word' id='word_1_788' title='bbox 2863 4571 3104 4630; x_wconf 75' lang='lat' dir='ltr'><strong>affectus.</strong></span> <span class='ocrx_word' id='word_1_789' title='bbox 3127 4573 3400 4630; x_wconf 85' lang='lat' dir='ltr'><strong>Sustinete</strong></span> <span class='ocrx_word' id='word_1_790' title='bbox 3427 4574 3542 4638; x_wconf 84' lang='lat' dir='ltr'><strong>hic,</strong></span> <span class='ocrx_word' id='word_1_791' title='bbox 3561 4585 3612 4627; x_wconf 80' lang='lat' dir='ltr'><strong>et</strong></span> <span class='ocrx_word' id='word_1_792' title='bbox 3640 4575 3704 4624; x_wconf 78' lang='lat' dir='ltr'><strong>ri-</strong></span> 
     </span>
    </p>
   </div>
   <div class='ocr_carea' id='block_1_103' title="bbox 2109 4661 3698 4737">
    <p class='ocr_par' dir='ltr' id='par_1_103' title="bbox 2109 4661 3698 4737">
     <span class='ocr_line' id='line_1_103' title="bbox 2109 4661 3698 4737; baseline 0.001 -21"><span class='ocrx_word' id='word_1_793' title='bbox 2109 4661 2265 4733; x_wconf 88' lang='lat' dir='ltr'><strong>gilate</strong></span> <span class='ocrx_word' id='word_1_794' title='bbox 2292 4679 2512 4718; x_wconf 85' lang='lat' dir='ltr'><strong>mecum.</strong></span> <span class='ocrx_word' id='word_1_795' title='bbox 2531 4663 2682 4730; x_wconf 91' lang='lat' dir='ltr'><strong>Quod</strong></span> <span class='ocrx_word' id='word_1_796' title='bbox 2698 4665 3248 4737; x_wconf 58' lang='lat' dir='ltr'><strong>prrecepigSustinete</strong></span> <span class='ocrx_word' id='word_1_797' title='bbox 3269 4667 3376 4732; x_wconf 88' lang='lat' dir='ltr'><strong>hic,</strong></span> <span class='ocrx_word' id='word_1_798' title='bbox 3407 4678 3460 4720; x_wconf 84' lang='lat' dir='ltr'><strong>et</strong></span> <span class='ocrx_word' id='word_1_799' title='bbox 3489 4666 3698 4737; x_wconf 76' lang='lat' dir='ltr'><strong>rigilate</strong></span> 
     </span>
    </p>
   </div>
   <div class='ocr_carea' id='block_1_104' title="bbox 2111 4758 3701 4829">
    <p class='ocr_par' dir='ltr' id='par_1_104' title="bbox 2111 4758 3701 4829">
     <span class='ocr_line' id='line_1_104' title="bbox 2111 4758 3701 4829; baseline 0.001 -18"><span class='ocrx_word' id='word_1_800' title='bbox 2111 4773 2337 4822; x_wconf 88' lang='lat' dir='ltr'><strong>mecum,</strong></span> <span class='ocrx_word' id='word_1_801' title='bbox 2380 4771 2489 4813; x_wconf 92' lang='lat' dir='ltr'><strong>non</strong></span> <span class='ocrx_word' id='word_1_802' title='bbox 2536 4773 2566 4810; x_wconf 90' lang='lat' dir='ltr'><strong>a</strong></span> <span class='ocrx_word' id='word_1_803' title='bbox 2619 4773 2811 4814; x_wconf 91' lang='lat' dir='ltr'><strong>somno</strong></span> <span class='ocrx_word' id='word_1_804' title='bbox 2859 4758 3113 4829; x_wconf 89' lang='lat' dir='ltr'><strong>prohibet</strong></span> <span class='ocrx_word' id='word_1_805' title='bbox 3148 4758 3305 4829; x_wconf 87' lang='lat' dir='ltr'><strong>cujus</strong></span> <span class='ocrx_word' id='word_1_806' title='bbox 3350 4767 3573 4828; x_wconf 86' lang='lat' dir='ltr'><strong>tempus</strong></span> <span class='ocrx_word' id='word_1_807' title='bbox 3605 4774 3701 4812; x_wconf 80' lang='lat' dir='ltr'><strong>mn</strong></span> 
     </span>
    </p>
   </div>
   <div class='ocr_carea' id='block_1_105' title="bbox 2110 4847 3701 4914">
    <p class='ocr_par' dir='ltr' id='par_1_105' title="bbox 2110 4847 3701 4914">
     <span class='ocr_line' id='line_1_105' title="bbox 2110 4847 3701 4914; baseline 0 -12"><span class='ocrx_word' id='word_1_808' title='bbox 2110 4856 2243 4912; x_wconf 90' lang='lat' dir='ltr'><strong>erat,</strong></span> <span class='ocrx_word' id='word_1_809' title='bbox 2273 4847 2590 4904; x_wconf 90' lang='lat' dir='ltr'><strong>imminente</strong></span> <span class='ocrx_word' id='word_1_810' title='bbox 2617 4849 2950 4914; x_wconf 88' lang='lat' dir='ltr'><strong>discrimine,</strong></span> <span class='ocrx_word' id='word_1_811' title='bbox 2989 4850 3086 4906; x_wconf 92' lang='lat' dir='ltr'><strong>sed</strong></span> <span class='ocrx_word' id='word_1_812' title='bbox 3126 4866 3158 4905; x_wconf 90' lang='lat' dir='ltr'><strong>a</strong></span> <span class='ocrx_word' id='word_1_813' title='bbox 3196 4865 3390 4906; x_wconf 88' lang='lat' dir='ltr'><strong>somno</strong></span> <span class='ocrx_word' id='word_1_814' title='bbox 3417 4850 3701 4904; x_wconf 71' lang='lat' dir='ltr'><strong>inﬁdelita-</strong></span> 
     </span>
    </p>
   </div>
   <div class='ocr_carea' id='block_1_106' title="bbox 2111 4940 3695 5014">
    <p class='ocr_par' dir='ltr' id='par_1_106' title="bbox 2111 4940 3695 5014">
     <span class='ocr_line' id='line_1_106' title="bbox 2111 4940 3695 5014; baseline 0.001 -21"><span class='ocrx_word' id='word_1_815' title='bbox 2111 4940 2198 5006; x_wconf 91' lang='lat' dir='ltr'><strong>tis,</strong></span> <span class='ocrx_word' id='word_1_816' title='bbox 2227 4949 2283 4995; x_wconf 91' lang='lat' dir='ltr'><strong>et</strong></span> <span class='ocrx_word' id='word_1_817' title='bbox 2309 4949 2528 5010; x_wconf 88' lang='lat' dir='ltr'><strong>torpore</strong></span> <span class='ocrx_word' id='word_1_818' title='bbox 2552 4943 2767 4996; x_wconf 91' lang='lat' dir='ltr'><strong>mentis.</strong></span> <span class='ocrx_word' id='word_1_819' title='bbox 2803 4943 3023 4998; x_wconf 89' lang='lat' dir='ltr'><strong>Sciebat</strong></span> <span class='ocrx_word' id='word_1_820' title='bbox 3049 4943 3196 4999; x_wconf 90' lang='lat' dir='ltr'><strong>enim</strong></span> <span class='ocrx_word' id='word_1_821' title='bbox 3224 4944 3556 5014; x_wconf 84' lang='lat' dir='ltr'><strong>ingravante</strong></span> <span class='ocrx_word' id='word_1_822' title='bbox 3586 4945 3695 4996; x_wconf 83' lang='lat' dir='ltr'><strong>dia-</strong></span> 
     </span>
    </p>
   </div>
   <div class='ocr_carea' id='block_1_107' title="bbox 2109 5029 3700 5104">
    <p class='ocr_par' dir='ltr' id='par_1_107' title="bbox 2109 5029 3700 5104">
     <span class='ocr_line' id='line_1_107' title="bbox 2109 5029 3700 5104; baseline 0.002 -21"><span class='ocrx_word' id='word_1_823' title='bbox 2109 5029 2232 5084; x_wconf 90' lang='lat' dir='ltr'><strong>bolo</strong></span> <span class='ocrx_word' id='word_1_824' title='bbox 2258 5029 2420 5084; x_wconf 84' lang='lat' dir='ltr'><strong>ﬁdem</strong></span> <span class='ocrx_word' id='word_1_825' title='bbox 2447 5046 2636 5086; x_wconf 89' lang='lat' dir='ltr'><strong>eorum</strong></span> <span class='ocrx_word' id='word_1_826' title='bbox 2669 5033 3110 5103; x_wconf 89' lang='lat' dir='ltr'><strong>consopiendam.</strong></span> <span class='ocrx_word' id='word_1_827' title='bbox 3137 5034 3332 5088; x_wconf 88' lang='lat' dir='ltr'><strong>Parem</strong></span> <span class='ocrx_word' id='word_1_828' title='bbox 3360 5049 3552 5089; x_wconf 86' lang='lat' dir='ltr'><strong>secum</strong></span> <span class='ocrx_word' id='word_1_829' title='bbox 3578 5035 3700 5104; x_wconf 76' lang='lat' dir='ltr'><strong>vigi-</strong></span> 
     </span>
    </p>
   </div>
   <div class='ocr_carea' id='block_1_108' title="bbox 2105 5121 3632 5198">
    <p class='ocr_par' dir='ltr' id='par_1_108' title="bbox 2105 5121 3632 5198">
     <span class='ocr_line' id='line_1_108' title="bbox 2105 5121 3632 5198; baseline 0.004 -23"><span class='ocrx_word' id='word_1_830' title='bbox 2105 5121 2330 5176; x_wconf 89' lang='lat' dir='ltr'><strong>lantiam</strong></span> <span class='ocrx_word' id='word_1_831' title='bbox 2359 5124 2612 5194; x_wconf 89' lang='lat' dir='ltr'><strong>imperat,</strong></span> <span class='ocrx_word' id='word_1_832' title='bbox 2642 5126 2841 5195; x_wconf 88' lang='lat' dir='ltr'><strong>quibus</strong></span> <span class='ocrx_word' id='word_1_833' title='bbox 2867 5126 3058 5182; x_wconf 91' lang='lat' dir='ltr'><strong>eadem</strong></span> <span class='ocrx_word' id='word_1_834' title='bbox 3085 5129 3268 5198; x_wconf 90' lang='lat' dir='ltr'><strong>passio</strong></span> <span class='ocrx_word' id='word_1_835' title='bbox 3293 5128 3632 5184; x_wconf 87' lang='lat' dir='ltr'><strong>immineret.</strong></span> 
     </span>
    </p>
   </div>
   <div class='ocr_carea' id='block_1_109' title="bbox 2177 5213 3698 5288">
    <p class='ocr_par' dir='ltr' id='par_1_109' title="bbox 2177 5213 3698 5288">
     <span class='ocr_line' id='line_1_109' title="bbox 2177 5213 3698 5288; baseline 0.003 -21"><span class='ocrx_word' id='word_1_836' title='bbox 2177 5213 2247 5268; x_wconf 88' lang='lat' dir='ltr'><strong>Et</strong></span> <span class='ocrx_word' id='word_1_837' title='bbox 2275 5231 2579 5285; x_wconf 85' lang='lat' dir='ltr'><strong>progressus</strong></span> <span class='ocrx_word' id='word_1_838' title='bbox 2610 5217 2861 5287; x_wconf 86' lang='lat' dir='ltr'><strong>pusillum</strong></span> <span class='ocrx_word' id='word_1_839' title='bbox 2901 5219 3125 5288; x_wconf 87' lang='lat' dir='ltr'><strong>procidit</strong></span> <span class='ocrx_word' id='word_1_840' title='bbox 3174 5220 3230 5272; x_wconf 83' lang='lat' dir='ltr'><strong>in</strong></span> <span class='ocrx_word' id='word_1_841' title='bbox 3277 5219 3475 5288; x_wconf 78' lang='lat' dir='ltr'><strong>faciem</strong></span> <span class='ocrx_word' id='word_1_842' title='bbox 3519 5237 3698 5282; x_wconf 70' lang='lat' dir='ltr'><strong>suam,</strong></span> 
     </span>
    </p>
   </div>
   <div class='ocr_carea' id='block_1_110' title="bbox 2107 5305 3700 5380">
    <p class='ocr_par' dir='ltr' id='par_1_110' title="bbox 2107 5305 3700 5380">
     <span class='ocr_line' id='line_1_110' title="bbox 2107 5305 3700 5380; baseline 0.004 -22"><span class='ocrx_word' id='word_1_843' title='bbox 2107 5321 2264 5358; x_wconf 88' lang='lat' dir='ltr'><strong>orans</strong></span> <span class='ocrx_word' id='word_1_844' title='bbox 2286 5315 2335 5358; x_wconf 89' lang='lat' dir='ltr'><strong>et</strong></span> <span class='ocrx_word' id='word_1_845' title='bbox 2359 5306 2571 5361; x_wconf 82' lang='lat' dir='ltr'><strong>dicens:</strong></span> <span class='ocrx_word' id='word_1_846' title='bbox 2603 5305 2769 5363; x_wconf 88' lang='lat' dir='ltr'><strong>Pater</strong></span> <span class='ocrx_word' id='word_1_847' title='bbox 2801 5309 2891 5375; x_wconf 88' lang='lat' dir='ltr'><strong>mi,</strong></span> <span class='ocrx_word' id='word_1_848' title='bbox 2921 5311 2969 5363; x_wconf 85' lang='lat' dir='ltr'><strong>si</strong></span> <span class='ocrx_word' id='word_1_849' title='bbox 2998 5310 3246 5380; x_wconf 87' lang='lat' dir='ltr'><strong>possibile</strong></span> <span class='ocrx_word' id='word_1_850' title='bbox 3275 5322 3373 5375; x_wconf 88' lang='lat' dir='ltr'><strong>cst,</strong></span> <span class='ocrx_word' id='word_1_851' title='bbox 3398 5321 3638 5365; x_wconf 77' lang='lat' dir='ltr'><strong>transeat</strong></span> <span class='ocrx_word' id='word_1_852' title='bbox 3669 5330 3700 5364; x_wconf 77' lang='grc' dir='ltr'><em>α</em></span> 
     </span>
    </p>
   </div>
   <div class='ocr_carea' id='block_1_111' title="bbox 2105 5395 3698 5473">
    <p class='ocr_par' dir='ltr' id='par_1_111' title="bbox 2105 5395 3698 5473">
     <span class='ocr_line' id='line_1_111' title="bbox 2105 5395 3698 5473; baseline 0.004 -23"><span class='ocrx_word' id='word_1_853' title='bbox 2105 5412 2186 5450; x_wconf 88' lang='lat' dir='ltr'><strong>me</strong></span> <span class='ocrx_word' id='word_1_854' title='bbox 2215 5395 2355 5451; x_wconf 75' lang='lat' dir='ltr'><strong>calix</strong></span> <span class='ocrx_word' id='word_1_855' title='bbox 2374 5399 2490 5452; x_wconf 82' lang='lat' dir='ltr'><strong>iste.</strong></span> <span class='ocrx_word' id='word_1_856' title='bbox 2523 5399 2661 5454; x_wconf 87' lang='lat' dir='ltr'><strong>Dato</strong></span> <span class='ocrx_word' id='word_1_857' title='bbox 2683 5401 2943 5470; x_wconf 90' lang='lat' dir='ltr'><strong>apostolis</strong></span> <span class='ocrx_word' id='word_1_858' title='bbox 2971 5411 3248 5473; x_wconf 85' lang='lat' dir='ltr'><strong>praecepto</strong></span> <span class='ocrx_word' id='word_1_859' title='bbox 3274 5413 3334 5458; x_wconf 90' lang='lat' dir='ltr'><strong>ut</strong></span> <span class='ocrx_word' id='word_1_860' title='bbox 3364 5406 3698 5459; x_wconf 80' lang='lat' dir='ltr'><strong>sustinerent</strong></span> 
     </span>
    </p>
   </div>
   <div class='ocr_carea' id='block_1_112' title="bbox 2103 5486 3692 5564">
    <p class='ocr_par' dir='ltr' id='par_1_112' title="bbox 2103 5486 3692 5564">
     <span class='ocr_line' id='line_1_112' title="bbox 2103 5486 3692 5564; baseline 0.005 -25"><span class='ocrx_word' id='word_1_861' title='bbox 2103 5486 2496 5559; x_wconf 81' lang='lat' dir='ltr'><strong>vigilarentque</strong></span> <span class='ocrx_word' id='word_1_862' title='bbox 2523 5505 2646 5544; x_wconf 89' lang='lat' dir='ltr'><strong>cum</strong></span> <span class='ocrx_word' id='word_1_863' title='bbox 2673 5491 2924 5557; x_wconf 91' lang='lat' dir='ltr'><strong>Domino,</strong></span> <span class='ocrx_word' id='word_1_864' title='bbox 2952 5492 3229 5562; x_wconf 90' lang='lat' dir='ltr'><strong>paululum</strong></span> <span class='ocrx_word' id='word_1_865' title='bbox 3258 5495 3553 5564; x_wconf 88' lang='lat' dir='ltr'><strong>procidens</strong></span> <span class='ocrx_word' id='word_1_866' title='bbox 3586 5495 3692 5547; x_wconf 86' lang='lat' dir='ltr'><strong>ruit</strong></span> 
     </span>
    </p>
   </div>
   <div class='ocr_carea' id='block_1_113' title="bbox 2100 5580 3693 5648">
    <p class='ocr_par' dir='ltr' id='par_1_113' title="bbox 2100 5580 3693 5648">
     <span class='ocr_line' id='line_1_113' title="bbox 2100 5580 3693 5648; baseline 0.004 -15"><span class='ocrx_word' id='word_1_867' title='bbox 2100 5581 2153 5634; x_wconf 92' lang='lat' dir='ltr'><strong>in</strong></span> <span class='ocrx_word' id='word_1_868' title='bbox 2182 5580 2377 5635; x_wconf 79' lang='lat' dir='ltr'><strong>faciem</strong></span> <span class='ocrx_word' id='word_1_869' title='bbox 2398 5597 2570 5648; x_wconf 90' lang='lat' dir='ltr'><strong>suam,</strong></span> <span class='ocrx_word' id='word_1_870' title='bbox 2599 5591 2658 5638; x_wconf 91' lang='lat' dir='ltr'><strong>ut</strong></span> <span class='ocrx_word' id='word_1_871' title='bbox 2686 5584 3046 5640; x_wconf 88' lang='lat' dir='ltr'><strong>humilitatem</strong></span> <span class='ocrx_word' id='word_1_872' title='bbox 3075 5587 3275 5640; x_wconf 90' lang='lat' dir='ltr'><strong>mentis</strong></span> <span class='ocrx_word' id='word_1_873' title='bbox 3297 5587 3487 5641; x_wconf 89' lang='lat' dir='ltr'><strong>habitu</strong></span> <span class='ocrx_word' id='word_1_874' title='bbox 3511 5587 3693 5641; x_wconf 83' lang='lat' dir='ltr'><strong>carnis</strong></span> 
     </span>
    </p>
   </div>
   <div class='ocr_carea' id='block_1_114' title="bbox 2096 5672 3686 5749">
    <p class='ocr_par' dir='ltr' id='par_1_114' title="bbox 2096 5672 3686 5749">
     <span class='ocr_line' id='line_1_114' title="bbox 2096 5672 3686 5749; baseline 0.003 -24"><span class='ocrx_word' id='word_1_875' title='bbox 2096 5672 2363 5737; x_wconf 87' lang='lat' dir='ltr'><strong>ostendat,</strong></span> <span class='ocrx_word' id='word_1_876' title='bbox 2392 5674 2628 5745; x_wconf 90' lang='lat' dir='ltr'><strong>dicitque</strong></span> <span class='ocrx_word' id='word_1_877' title='bbox 2655 5675 2955 5742; x_wconf 90' lang='lat' dir='ltr'><strong>blandiens,</strong></span> <span class='ocrx_word' id='word_1_878' title='bbox 2968 5674 3129 5731; x_wconf 84' lang='lat' dir='ltr'><strong>Pater</strong></span> <span class='ocrx_word' id='word_1_879' title='bbox 3156 5680 3249 5741; x_wconf 76' lang='lat' dir='ltr'><strong>uti,</strong></span> <span class='ocrx_word' id='word_1_880' title='bbox 3277 5687 3333 5732; x_wconf 91' lang='lat' dir='ltr'><strong>et</strong></span> <span class='ocrx_word' id='word_1_881' title='bbox 3362 5679 3604 5749; x_wconf 85' lang='lat' dir='ltr'><strong>postulat</strong></span> <span class='ocrx_word' id='word_1_882' title='bbox 3632 5685 3686 5732; x_wconf 88' lang='lat' dir='ltr'><strong>ut</strong></span> 
     </span>
    </p>
   </div>
   <div class='ocr_carea' id='block_1_115' title="bbox 2095 5765 3679 5840">
    <p class='ocr_par' dir='ltr' id='par_1_115' title="bbox 2095 5765 3679 5840">
     <span class='ocr_line' id='line_1_115' title="bbox 2095 5765 3679 5840; baseline 0.003 -21"><span class='ocrx_word' id='word_1_883' title='bbox 2095 5765 2138 5819; x_wconf 91' lang='lat' dir='ltr'><strong>si</strong></span> <span class='ocrx_word' id='word_1_884' title='bbox 2165 5765 2418 5834; x_wconf 90' lang='lat' dir='ltr'><strong>possibile</strong></span> <span class='ocrx_word' id='word_1_885' title='bbox 2431 5767 2838 5824; x_wconf 89' lang='lat' dir='ltr'><strong>sittranseatab</strong></span> <span class='ocrx_word' id='word_1_886' title='bbox 2863 5784 2928 5823; x_wconf 90' lang='lat' dir='ltr'><strong>eo</strong></span> <span class='ocrx_word' id='word_1_887' title='bbox 2959 5770 3121 5835; x_wconf 84' lang='lat' dir='ltr'><strong>calix,</strong></span> <span class='ocrx_word' id='word_1_888' title='bbox 3156 5771 3223 5825; x_wconf 88' lang='lat' dir='ltr'><strong>de</strong></span> <span class='ocrx_word' id='word_1_889' title='bbox 3258 5786 3367 5840; x_wconf 90' lang='lat' dir='ltr'><strong>quo</strong></span> <span class='ocrx_word' id='word_1_890' title='bbox 3401 5786 3569 5840; x_wconf 87' lang='lat' dir='ltr'><strong>supra</strong></span> <span class='ocrx_word' id='word_1_891' title='bbox 3601 5770 3679 5823; x_wconf 88' lang='lat' dir='ltr'><strong>di-</strong></span> 
     </span>
    </p>
   </div>
   <div class='ocr_carea' id='block_1_116' title="bbox 2094 5856 3676 5930">
    <p class='ocr_par' dir='ltr' id='par_1_116' title="bbox 2094 5856 3676 5930">
     <span class='ocr_line' id='line_1_116' title="bbox 2094 5856 3676 5930; baseline 0.005 -22"><span class='ocrx_word' id='word_1_892' title='bbox 2094 5857 2290 5911; x_wconf 81' lang='lat' dir='ltr'><strong>ximus.</strong></span> <span class='ocrx_word' id='word_1_893' title='bbox 2318 5856 2559 5913; x_wconf 87' lang='lat' dir='ltr'><strong>Postulat</strong></span> <span class='ocrx_word' id='word_1_894' title='bbox 2585 5869 2766 5915; x_wconf 89' lang='lat' dir='ltr'><strong>autem</strong></span> <span class='ocrx_word' id='word_1_895' title='bbox 2805 5875 2912 5916; x_wconf 92' lang='lat' dir='ltr'><strong>non</strong></span> <span class='ocrx_word' id='word_1_896' title='bbox 2941 5861 3135 5917; x_wconf 91' lang='lat' dir='ltr'><strong>timore</strong></span> <span class='ocrx_word' id='word_1_897' title='bbox 3158 5864 3429 5930; x_wconf 86' lang='lat' dir='ltr'><strong>patiendi,</strong></span> <span class='ocrx_word' id='word_1_898' title='bbox 3453 5863 3548 5918; x_wconf 81' lang='lat' dir='ltr'><strong>sed</strong></span> <span class='ocrx_word' id='word_1_899' title='bbox 3575 5861 3676 5916; x_wconf 86' lang='lat' dir='ltr'><strong>mi—</strong></span> 
     </span>
    </p>
   </div>
  </div>
