3898 6442
99 406 111 413 ’
140 443 276 504 ms

1056 419 1423 492 ‘COMME'N'I'.
1460 425 1536 485 IN
1566 420 2006 483 ΜΑΤἸἮΛΕΠΜ.
2038 414 2283 482 ι-Ὶιῐῆ
2322 422 2458 481 VIII.

3262 404 3411 476 mi;

142 558 425 622 sericordia
473 553 671 627 prioris
711 551 917 626 populi,
969 563 1040 607 ne
1072 550 1141 607 ab
1179 549 1285 604 illis
1311 547 1464 603 bibat
1488 542 1709 601 calicem
1737 544 1792 603 Α
1817 553 2144 609 quaeramus.
2180 538 2336 595 Unde
2360 536 2553 592 doctor
2570 535 2821 608 egregius
2848 531 3079 589 formam
3106 532 3342 588 docendi
3368 534 3421 590 ι’

139 654 493 728 propinatum.
522 647 674 705 Unde
715 654 770 703 et
816 645 1091 716 signanter
1121 656 1229 696 non
1273 639 1426 702 dixit,
1458 636 1711 690 Transeat

142 727 270 803 ante
295 743 456 809 calix,
482 740 576 798 sed
605 737 746 793 calix
770 738 888 803 iste,
920 737 1026 791 hoc
1049 741 1133 789 est
1169 730 1352 803 populi
1382 727 1709 813 Iudaeorum,

140 839 229 912 qui
267 835 670 894 excusationem
711 828 1027 903 ignorantiae
1064 826 1266 881 habere
1304 840 1411 878 non
1449 828 1625 892 potest
1667 818 1714 874 si

139 949 224 990 me
247 930 526 995 occiderit,
560 928 765 982 habens
797 924 969 994 legem
992 928 1047 976 et
1070 919 1383 991 prophetas,
1409 914 1501 985 qui
1533 912 1716 983 quoti-

140 1026 224 1083 die
244 1024 628 1080 vaticinantur.
656 1016 728 1074 Ut
752 1024 936 1071 tamen
966 1020 1250 1068 revertens
1278 1009 1331 1063 in
1364 1006 1715 1076 semetipsum

140 1119 278 1190 quod
325 1134 392 1173 ex
432 1112 669 1170 hominis
703 1123 933 1180 persona
971 1105 1302 1176 trepidanter
1337 1106 1610 1160 renuerat,
1647 1112 1715 1152 ex

140 1211 232 1266 Dei
263 1210 463 1279 ﬁliique
482 1211 749 1277 potestate
770 1201 1072 1257 conﬁrmat.

220 1297 568 1353 Verumtatem
589 1311 693 1349 non
720 1294 851 1348 sicut
880 1307 971 1362 ego
992 1288 1128 1354 volo,
1154 1286 1246 1341 sed
1264 1288 1401 1340 sicut
1430 1291 1507 1337 tu.
1532 1280 1714 1354 (ΗΑΒ.)

138 1391 275 1458 Non,
312 1391 507 1460 inquit,
544 1389 649 1443 hoc
691 1385 787 1440 ﬁat
820 1383 964 1455 quod
1000 1382 1237 1436 humano
1269 1377 1463 1433 affectu
1501 1377 1713 1446 loquor,

139 1487 229 1541 sed
251 1486 303 1540 id
328 1491 551 1555 propter
570 1481 715 1552 quod
742 1480 810 1533 ad
834 1487 1010 1533 terras
1029 1484 1121 1530 tua
1134 1474 1416 1530 voluntate
1438 1469 1712 1527 descendi.

141 1579 193 1635 Si
222 1594 368 1650 ergo,
400 1577 598 1647 inquit,
643 1574 762 1629 ﬁeri
799 1578 980 1642 potest
1011 1577 1071 1624 ut
1105 1568 1222 1624 sine
1248 1565 1468 1622 interitu
1499 1562 1716 1618 Judmo-

140 1687 253 1726 rum
293 1667 478 1726 credat
504 1666 745 1740 gentium
780 1662 1089 1728 multitudo,
1132 1659 1441 1731 passionem
1484 1670 1711 1720 recuso;

140 1764 221 1819 sin
259 1769 437 1818 autem
477 1759 552 1814 illi
594 1756 903 1814 excmcandi
944 1762 1069 1810 sunt
1106 1762 1167 1806 ut
1201 1765 1389 1806 omnes
1420 1756 1610 1820 gentes
1637 1747 1717 1801 vi-

142 1860 321 1922 deant,
357 1874 461 1910 non
476 1871 614 1919 mea,
651 1850 832 1917 Pater,
862 1849 1101 1905 voluntas
1133 1847 1222 1902 sed
1252 1855 1343 1900 tua
1362 1846 1477 1915 ﬁat.
1510 1838 1716 1915 (Greg)

1814 633 2043 689 Domino
2073 648 2294 687 sumens
2325 632 2400 686 ita
2439 645 2566 685 suos
2596 627 2887 697 alloquitur
2906 624 3214 682 auditores:
3240 624 3408 680 Acco-

1812 726 1961 798 pistis
1991 725 2232 797 spiritum
2257 722 2553 795 adoptionis
2582 720 2815 791 ﬁliorum
2844 719 2901 773 in
2940 735 3044 789 quo
3085 721 3403 783 olantamus,

1815 792 1949 869 abba
1997 792 2147 885 pater
2194 792 2375 885 (Rom.
2427 811 2573 882 Vill).
2627 809 2779 864 Abba
2822 808 3079 863 nimirum
3109 806 3186 861 illi
3219 805 3311 877 qui
3337 792 3419 863 de”

1814 904 2114 960 Israelitico
2138 903 2360 975 populo,
2390 903 2548 958 nobis
2581 900 2747 957 Pater
2770 900 2865 972 qui
2889 900 2957 956 de
2975 899 3229 971 gentibus
3252 898 3321 954 ad
3340 895 3407 954 ﬁ-

1818 998 1939 1052 dem
1968 997 2171 1053 Christi
2200 996 2467 1052 venimus.

1889 1086 1957 1140 Et
1980 1088 2118 1141 venit
2159 1086 2228 1140 ad
2262 1084 2549 1156 discipulos
2571 1092 2621 1139 st
2646 1080 2849 1139 invenit
2880 1098 2969 1137 eos
2990 1083 3327 1149 donnientes,
3356 1089 3407 1136 et

1816 1178 1941 1233 dicit
1972 1179 2128 1234 Petro
2154 1197 2165 1233 :
2193 1177 2281 1234 Sic
2312 1196 2413 1233 non
2438 1179 2695 1250 potuistis
2723 1194 2827 1231 una
2870 1178 3001 1231 liora
3043 1176 3264 1247 vigilare
3308 1191 3410 1229 me-

1818 1286 1936 1324 cum
1950 1270 1976 1323 2’
1999 1269 2266 1342 (Hieron.)
2289 1270 2379 1324 llle
2400 1270 2493 1339 qui
2519 1284 2681 1339 supra
2698 1269 2911 1324 dixerat
2938 1285 2952 1321 :
2978 1267 3206 1321 Etiamsi
3227 1282 3310 1320 om
3319 1282 3409 1321 nes

1817 1364 2166 1418 scandalizati
2221 1364 2439 1433 fuerint,
2498 1382 2590 1435 ego
2661 1380 2930 1435 nunquam
2984 1361 3409 1427 scandalizabor,

1819 1470 1963 1509 nunc
1991 1456 2225 1510 tristitim
2251 1455 2625 1526 magnitudine
2651 1470 2899 1511 somnum
2928 1455 3149 1508 vincere
3181 1468 3286 1507 non
3314 1467 3413 1522 po-

1818 1554 1944 1602 test.
1983 1546 2209 1619 (Hilar.)
2246 1548 2467 1603 Petrum
2499 1548 2622 1603 ideo
2649 1547 2962 1618 singillatim
2990 1545 3133 1601 infra
3183 1554 3410 1601 caeteros

1819 1636 2085 1708 increpat,
2106 1639 2233 1709 quia
2260 1654 2374 1709 prae
2405 1638 2621 1694 caeteris
2642 1652 2921 1706 nunquam
2946 1652 3004 1692 se
3035 1635 3413 1691 scandalizen-

1821 1730 1945 1786 dum
1983 1728 2160 1785 fuerat
2181 1731 2468 1801 gloriatus.

1900 1816 2123 1892 Vigilate
2175 1831 2225 1877 et
2269 1833 2434 1889 orate,
2467 1832 2525 1877 ut
2560 1839 2664 1878 non
2697 1822 2902 1876 intretis
2936 1820 2993 1874 in
3050 1818 3408 1874 tentationem.

137 1909 759 2020 Aliter’appropinquans
786 1942 1024 2016 passioni
1048 1941 1297 1997 Salvator
1322 1909 1715 1993 infirmantium

1833 1917 2161 1986 [mpossibile
2194 1926 2279 1972 est
2306 1918 2599 1971 humanam
2631 1916 2866 1970 animam
2904 1930 3010 1969 non
3046 1912 3268 1969 tentari.
3300 1909 3415 1965 Un-

140 2044 192 2098 in
219 2058 276 2098 se
301 2057 489 2098 vocem
516 2040 807 2109 assumpsit
830 2038 1044 2092 dicens:
1083 2033 1264 2099 Pater,
1282 2035 1327 2087 si
1358 2033 1457 2097 vis,
1489 2029 1721 2099 transfer

138 2136 352 2192 calicem
366 2136 525 2190 istum
543 2151 574 2187 a
603 2150 685 2187 me
702 2152 719 2187 :
746 2144 1042 2199 eorumque
1069 2128 1319 2182 timorem
1347 2133 1407 2179 ut
1437 2124 1721 2179 abstrahe-

139 2237 223 2285 ret
247 2229 503 2299 suscepit.
529 2227 597 2282 Et
628 2240 815 2281 rursus
836 2240 933 2295 per
958 2220 1319 2278 obedientiam
1342 2216 1719 2273 fortitudinem

138 2321 334 2376 mentis
361 2320 672 2383 ostendens,
699 2316 775 2371 ait
800 2331 814 2369 :
846 2314 1217 2369 Verumtamen
1244 2326 1350 2365 non
1384 2326 1499 2363 mea
1534 2305 1722 2361 volun-

139 2420 240 2476 tas,
266 2410 357 2465 sed
376 2419 474 2463 tua
494 2409 609 2478 ﬁat.
638 2408 707 2463 Ut
729 2422 850 2461 cum
887 2407 991 2460 hoc
1018 2403 1267 2459 imminet
1293 2401 1437 2470 quod
1464 2399 1578 2453 ﬁeri
1624 2412 1723 2452 no-

137 2503 347 2569 lumus,
404 2502 482 2557 sic
532 2516 632 2571 per
668 2497 1041 2554 inﬁrmitatem
1075 2505 1343 2566 petamus,
1377 2499 1439 2546 ut
1463 2506 1570 2546 non
1599 2490 1719 2554 ﬁat,

139 2602 399 2665 quatenus
423 2607 520 2663 per
548 2589 917 2647 fortitudinem
943 2587 1116 2658 parati
1152 2586 1344 2651 simus,
1383 2592 1444 2638 ut
1473 2583 1723 2638 voluntas

141 2683 432 2740 conditoris
456 2681 622 2738 nostri
650 2681 815 2736 etiam
863 2687 1053 2735 contra
1095 2685 1338 2733 nostram
1385 2674 1720 2731 voluntatem

142 2775 253 2830 ﬁat.
286 2772 470 2847 (Aug)
496 2772 635 2840 Quid
660 2779 781 2828 erat
810 2770 899 2826 illa
923 2786 1050 2835 vox,
1093 2769 1197 2825 nisi
1228 2783 1394 2824 sonus
1438 2766 1724 2821 inﬁrmita—

142 2865 212 2920 tis
238 2864 467 2920 nostrse?
495 2862 646 2917 Multi
677 2861 856 2916 adhuc
882 2860 1084 2915 inﬁrmi
1122 2859 1517 2914 contristantur
1542 2856 1725 2911 futura

143 2961 336 3020 morte,
368 2954 463 3009 sed
491 2953 730 3008 habeant
752 2959 959 3007 rectum
984 2966 1099 3017 cor,
1116 2950 1532 3006 vitentmortem
1554 2963 1727 3018 quan—

146 3053 255 3099 tum
291 3053 539 3115 possunt.
566 3041 673 3099 Sed
707 3042 754 3098 si
779 3057 888 3098 non
916 3050 1166 3112 possunt,
1193 3040 1378 3095 dicant
1419 3039 1561 3109 quod
1609 3038 1727 3107 ipse

146 3137 403 3192 Dominus
433 3152 537 3191 non
566 3142 790 3206 propter
807 3148 885 3200 se,
908 3133 1002 3189 sed
1019 3139 1249 3204 propter
1267 3146 1368 3187 nos
1393 3130 1549 3186 dixit.
1582 3128 1725 3196 Quid

146 3224 289 3280 enim
316 3226 466 3286 dixit,
491 3225 672 3289 Pater,
698 3226 742 3279 si
772 3224 889 3294 ﬁeri
922 3233 1112 3294 potest,
1140 3231 1374 3277 transeat
1411 3240 1443 3276 a
1469 3238 1551 3276 me
1582 3219 1726 3274 calix

142 3318 258 3371 iste.
307 3316 447 3371 Ecce
492 3316 657 3369 habes
692 3314 1023 3370 voluntatem
1064 3314 1355 3369 humanam
1382 3326 1722 3382 expressam.

150 3405 275 3460 Vide
315 3405 429 3476 jam
470 3414 678 3459 rectum
725 3419 823 3460 cor
853 3402 996 3460 :Sed
1043 3420 1148 3459 non
1195 3404 1333 3475 quod
1373 3420 1466 3475 ego
1500 3402 1615 3457 volo
1636 3401 1727 3456 sed

140 3496 280 3568 quod
306 3504 385 3549 tu.
423 3494 548 3550 Non
572 3497 711 3562 veni,
746 3497 940 3567 inquit,
969 3495 1142 3566 facere
1170 3495 1495 3550 voluntatem
1531 3510 1725 3561 meum,

143 3585 232 3641 sed
279 3584 598 3640 voluntatem
639 3585 756 3656 ejus
791 3586 883 3656 qui
920 3602 1003 3640 me
1026 3586 1168 3640 misit
1196 3585 1375 3657 (Joan.
1428 3585 1528 3658 vt).
1560 3584 1728 3641 Suam

144 3676 474 3732 voluntatem
505 3678 641 3732 dixit
673 3692 837 3746 quam
872 3677 1242 3748 temporaliter
1269 3679 1500 3748 sumpsit
1524 3693 1593 3733 ex
1620 3676 1730 3731 vir-

146 3766 305 3836 gine;
342 3766 672 3823 voluntatem
702 3782 834 3823 vero
858 3767 975 3838 ejus
1018 3768 1110 3837 qui
1145 3783 1267 3822 eum
1302 3768 1451 3823 misit
1490 3782 1609 3824 eam
1648 3766 1731 3822 vi-

145 3857 343 3913 delicet
370 3858 610 3928 signans,
635 3874 799 3930 quam
824 3858 1254 3929 intemporaliter
1276 3866 1513 3914 aeternus
1536 3858 1730 3914 habuit

144 3962 266 4002 cum
310 3956 465 4019 patre
501 3964 866 4005 communem.
910 3947 1043 4005 Orat
1092 3951 1324 4005 transire
1372 3949 1619 4016 calicem,
1667 3956 1731 4004 ut

140 4042 394 4096 ostendat
440 4056 568 4098 vere
610 4043 738 4113 quia
779 4051 835 4097 et
872 4043 1034 4097 homo
1057 4050 1196 4097 erat.
1228 4042 1604 4097 Reminiscens
1634 4056 1731 4095 au-

142 4140 251 4187 tem
278 4142 335 4187 et
368 4141 596 4204 propter
622 4134 769 4204 quod
811 4134 1008 4188 missus
1048 4142 1153 4200 est,
1202 4132 1415 4204 perﬁcit
1450 4133 1731 4202 dispensa-

144 4223 347 4280 tionem
394 4226 461 4281 ad
499 4240 665 4295 quam
709 4226 907 4280 missus
953 4233 1055 4290 est,
1096 4232 1170 4280 et.
1195 4224 1435 4280 clamat:
1482 4223 1591 4279 Sed
1621 4240 1729 4278 non

139 4318 280 4387 quod
310 4334 403 4388 ego
433 4316 569 4383 volo,
592 4317 683 4371 sed
707 4318 847 4387 quod
874 4328 950 4371 tu.
985 4317 1044 4372 Si
1064 4317 1297 4372 moritur
1319 4331 1489 4381 mors,
1520 4331 1608 4371 me
1620 4332 1730 4371 non

140 4407 414 4462 moriente
443 4407 738 4462 secundum
775 4421 997 4461 carnem
1027 4407 1300 4471 videlicet,
1325 4415 1573 4461 transeat
1592 4421 1623 4460 a
1643 4421 1732 4462 me

139 4500 283 4554 calix
315 4500 456 4566 iste;
489 4515 677 4555 verum
707 4500 837 4570 quia
876 4515 983 4554 non
1008 4498 1165 4554 aliter
1193 4500 1296 4555 hoc
1330 4498 1446 4563 ﬁet,
1476 4498 1580 4553 ait:
1605 4497 1731 4552 Non

136 4589 281 4659 quod
304 4606 397 4661 ego
411 4589 552 4656 volo,
582 4589 674 4644 sed
699 4589 840 4660 quod
862 4598 938 4643 tu.
966 4588 1123 4656 Quod
1163 4596 1346 4644 autem
1387 4588 1606 4643 Patrem
1644 4588 1729 4641 in-

138 4697 344 4737 vocans
366 4682 522 4751 juxta
550 4681 715 4736 alium
742 4679 1131 4752 evangelistam
1165 4678 1363 4749 duplici
1396 4678 1615 4734 nomine
1650 4678 1730 4732 di-

138 4773 238 4835 xit,
270 4771 416 4825 Abba
447 4770 630 4836 Pater,
663 4772 945 4841 utriusque
964 4771 1146 4841 p0puli
1169 4771 1321 4824 illum
1351 4777 1406 4825 et
1433 4768 1603 4824 Judaei
1628 4769 1734 4824 sci-

136 4864 269 4917 licet
303 4871 359 4916 et
394 4862 608 4932 gentilis
632 4876 752 4918 esse
777 4861 949 4918 Deum
992 4878 1057 4917 ac
1092 4860 1430 4917 Salvatorem
1471 4861 1728 4916 ostendit.

134 4954 289 5008 idem
316 4969 549 5024 namque
576 4953 729 5010 Abba
749 4955 894 5024 quod
919 4962 975 5009 et
1001 4953 1165 5009 Pater
1189 4952 1483 5023 signiﬁcat.
1518 4950 1624 5007 Sed
1640 4951 1733 5004 ab-

138 5045 205 5099 ba
234 5045 544 5112 Hebraeum,
569 5055 719 5117 pater
746 5044 996 5101 Graecum
1035 5054 1119 5100 est
1154 5053 1210 5099 et
1240 5044 1516 5099 Latinum.
1545 5043 1618 5100 Ut
1646 5057 1734 5097 er-

138 5153 210 5210 go
249 5145 541 5209 utrumque
565 5138 818 5209 populum
846 5138 901 5193 in
922 5152 1046 5194 eum
1069 5136 1426 5200 crediturum,
1478 5137 1548 5191 ab
1585 5144 1733 5190 utro.

139 5248 251 5304 que
277 5249 403 5289 eum
438 5235 797 5290 invocantium
841 5249 963 5290 esse
1001 5233 1240 5295 doceret,
1279 5239 1509 5301 utraque
1550 5230 1734 5301 lingua

140 5342 270 5381 eum
295 5326 506 5396 primus
557 5326 674 5395 ipse
712 5327 946 5382 invocat.
981 5327 1100 5397 Ipse
1122 5334 1206 5381 est
1230 5326 1405 5381 bonus
1430 5331 1615 5394 pastor
1641 5322 1734 5392 qui

141 5418 389 5473 animam
419 5416 595 5472 dando
621 5431 720 5486 pro
741 5418 934 5473 ovibus
964 5418 1077 5473 suis
1104 5432 1269 5472 unum
1303 5416 1368 5470 de
1394 5416 1601 5470 duobus
1616 5429 1737 5487 gre-

141 5510 308 5583 gibus
353 5509 493 5565 ovile
542 5508 770 5581 perfecit
812 5508 994 5581 (Joan.
1054 5510 1132 5581 χ).
1184 5509 1418 5579 ideoque
1455 5509 1738 5578 utriusque

142 5617 284 5657 voce
324 5603 505 5674 gregis
542 5601 804 5657 auxilium
842 5601 1022 5656 Patris
1062 5600 1288 5672 ﬂagitat,
1317 5608 1375 5655 ut
1398 5616 1497 5656 nos
1524 5602 1740 5670 utrique

142 5692 401 5761 exemplo
424 5692 566 5747 illius
596 5690 895 5755 informati,
928 5689 1021 5745 ubi
1051 5691 1283 5746 adversa
1313 5690 1600 5745 imminere
1625 5705 1743 5744 sen-

144 5784 387 5840 serimus
407 5801 506 5842 nos
531 5794 740 5857 patrem
770 5784 962 5849 Deum,
986 5781 1199 5838 Hebraei
1230 5784 1367 5839 abba
1405 5784 1741 5850 invocantes,

1754 4637 1808 4696 D

1823 2009 1890 2063 de
1918 2015 1971 2063 et
2003 2008 2058 2063 in
2087 2008 2334 2063 oratione
2368 2007 2650 2062 Dominica
2672 2007 2904 2062 dicimus
2931 2022 2944 2058 :
2967 2004 3050 2058 Ne
3076 2019 3168 2058 nos
3192 2002 3416 2056 inducas

1822 2099 1879 2153 in
1907 2100 2267 2161 tentationem,
2295 2115 2454 2170 quam
2483 2098 2619 2168 ferre
2650 2115 2753 2152 non
2774 2114 3072 2168 possumus,
3098 2110 3204 2150 non
3234 2103 3415 2149 tenta-

1824 2189 2026 2244 tionem
2078 2191 2293 2260 penitus
2337 2189 2659 2254 refutantes,
2709 2189 2803 2243 sed
2846 2189 2991 2243 vires
3029 2187 3332 2242 sustinendi
3360 2186 3416 2241 in

1824 2282 2214 2337 tentationibus
2244 2282 2617 2352 deprecantes.
2651 2281 2791 2352 Ergo
2830 2288 2885 2334 et
2924 2279 3414 2351 imprmsentiarum

1827 2390 1939 2430 non
1968 2375 2044 2430 ait
2082 2394 2094 2429 :
2142 2373 2368 2445 Vigilate
2392 2383 2442 2428 et
2468 2384 2614 2428 orate
2650 2390 2718 2428 ne
2750 2373 3055 2438 tentemini,
3100 2373 3193 2427 sed
3234 2388 3297 2426 ne
3327 2372 3413 2426 in-

1826 2470 1971 2523 tretis
1990 2470 2046 2523 in
2073 2470 2438 2533 tentationem,
2468 2469 2574 2523 hoc
2600 2475 2685 2522 est
2716 2482 2827 2521 non
2860 2465 3092 2521 tentatio
3122 2481 3219 2521 vos
3246 2479 3412 2534 supe-

1824 2568 1909 2613 ret
1934 2559 2142 2625 ultima,
2173 2565 2227 2613 et
2255 2559 2396 2612 intra
2421 2572 2548 2611 suos
2577 2572 2760 2611 casses
2793 2564 2993 2611 teneat.
3018 2553 3182 2611 Verbi
3215 2554 3414 2626 gratia,

1826 2659 2036 2722 martyr
2064 2651 2158 2721 qui
2181 2666 2279 2720 pro
2304 2649 2644 2705 confessione
2666 2647 2880 2702 Domini
2906 2647 3229 2716 sanguinem
3260 2644 3415 2708 fudit,

1825 2750 2066 2811 tentatus
2093 2743 2309 2812 quidem
2336 2749 2442 2805 est,
2479 2740 2573 2795 sed
2609 2739 2921 2794 tentationis
2959 2738 3163 2792 retibus
3199 2752 3308 2792 non
3350 2735 3418 2790 li-

1827 2846 2022 2911 gatus;
2054 2836 2148 2907 qui
2172 2842 2351 2890 autem
2384 2841 2569 2905 negat,
2604 2833 2658 2887 in
2690 2832 2875 2904 plagas
2900 2829 3216 2885 tentationis
3242 2829 3423 2884 incur-

1827 2928 1920 2983 rit.
2773 2988 2779 2994 ,

1902 3018 2132 3092 Spiritus
2162 3020 2372 3092 quidem
2400 3025 2673 3090 promptus
2702 3029 2798 3079 est,
2825 3032 2950 3070 caro
2972 3022 3149 3069 autem
3180 3013 3414 3083 inﬁrma.

1829 3112 1945 3169 Hoc
2022 3114 2308 3168 adversum
2360 3110 2679 3166 temerarios
2723 3109 2927 3164 dictum
2981 3116 3085 3173 est,
3131 3105 3224 3176 qui
3264 3104 3423 3174 quid-

1831 3204 1961 3275 quid
1993 3203 2355 3267 crediderint,
2413 3210 2607 3271 putant
2633 3215 2692 3257 se
2720 3200 2979 3270 consequi
3015 3213 3192 3270 posse.
3235 3197 3423 3266 Itaque

1755 3268 2095 3368 Cquantum
2119 3295 2186 3349 de
2220 3268 2432 3349 ardore—
2469 3294 2669 3349 mentis
2711 3268 3054 3358 conﬁdimus,
3090 3299 3299 3347 tantum
3357 3291 3423 3345 de

1828 3393 2009 3449 carnis
2036 3389 2328 3461 fragilitate
2357 3391 2662 3445 timeamus.
2696 3389 2802 3445 Sed
2826 3398 3005 3444 tamen
3024 3386 3179 3456 juxta
3207 3395 3424 3457 aposto-

1827 3484 1939 3539 lum
1967 3483 2161 3554 spiritu
2191 3482 2373 3536 carnis
2394 3495 2561 3550 opera
2590 3478 3003 3535 mortiﬁcantur.
3045 3476 3297 3549 (Raram)
3321 3474 3426 3528 Fa-

1828 3577 1905 3635 cit
1954 3575 2046 3631 hic
2092 3574 2244 3630 locus
2292 3581 2346 3628 et
2374 3573 2664 3628 adversum
2693 3570 3082 3642 Eutychianos,
3115 3568 3207 3638 qni
3238 3567 3425 3625 dicunt

1828 3684 1990 3724 unam
2023 3669 2079 3723 in
2109 3667 2410 3722 mediatore
2440 3666 2537 3721 Dei
2558 3673 2615 3720 et
2642 3665 2945 3730 hominum,
2974 3662 3204 3721 Domino
3226 3668 3282 3717 ct
3306 3659 3429 3716 Sal-

1828 3767 2019 3812 vatore
2045 3765 2234 3812 nostro
2259 3755 2653 3827 operationem,
2678 3768 2843 3809 unam
2870 3752 3038 3809 fuisse
3060 3752 3420 3808 voluntatem.

1829 3849 1964 3906 Cum
1992 3851 2133 3905 enim
2166 3850 2314 3913 dicit,
2346 3846 2577 3919 Spiritus
2599 3847 2808 3918 quidem
2830 3855 3101 3916 promptus
3136 3853 3234 3911 est,
3297 3858 3423 3899 caro

1830 3951 2007 3997 autem
2034 3941 2270 4010 inﬁrma,
2319 3942 2455 3996 duas
2497 3938 2805 3995 Voluntates
2841 3938 3098 4003 ostendit,
3127 3937 3425 3991 humanam

1829 4033 2101 4100 videlicet,
2136 4048 2258 4103 quae
2284 4042 2367 4087 est
2391 4032 2595 4095 carnis,
2626 4038 2682 4086 et
2706 4030 2964 4095 divinam,
2995 4044 3115 4099 qua:
3145 4036 3229 4083 est
3252 4027 3424 4083 deita-

1830 4126 1938 4192 tis;
1970 4127 2061 4181 ubi
2092 4127 2328 4181 humana
2354 4125 2573 4195 quidem
2598 4131 2820 4194 propter
2844 4122 3212 4177 inﬁrmitatem
3240 4120 3422 4183 carnis

1830 4228 2048 4273 recusat
2076 4217 2411 4289 passionem,
2444 4215 2629 4270 divina
2658 4222 2839 4269 autem
2877 4211 2993 4281 ejus
3022 4219 3106 4268 est
3129 4211 3425 4282 promptis-

1831 4310 1990 4374 sima,
2021 4309 2278 4379 quoniam
2309 4306 2603 4362 formidare
2631 4305 2849 4373 quidem
2875 4305 2930 4357 in
2955 4305 3206 4372 passione
3237 4304 3428 4356 huma-

1831 4415 1916 4455 na:
1971 4398 2281 4468 fragilitatis
2305 4406 2409 4461 est,
2441 4396 2717 4464 suscipere
2747 4404 2928 4447 autem
2966 4393 3424 4462 dispensationem

1832 4490 2124 4562 passionis,
2150 4489 2347 4544 divinae
2365 4485 2663 4541 voluntatis
2678 4493 2842 4554 atque
2859 4484 3074 4538 virtutis
3097 4492 3207 4537 est.
3228 4482 3424 4549 Aliter,

1835 4580 1904 4635 ad
1931 4593 2027 4634 eos
2056 4579 2146 4633 hic
2175 4591 2355 4633 sermo
2379 4589 2676 4631 conversus
2701 4583 2806 4639 est,
2831 4575 2924 4645 qui
2942 4589 3000 4629 se
3025 4574 3428 4643 spoponderant

1833 4685 2110 4740 nunquam
2137 4676 2454 4739 negaturos:
2480 4666 2695 4720 illorum
2720 4665 2863 4719 enim
2893 4664 3119 4734 spiritus
3138 4672 3426 4734 promptus

1835 4764 1932 4819 sed
1957 4777 2085 4817 caro
2110 4760 2325 4816 inﬁrma
2344 4768 2487 4824 erat,
2508 4758 2636 4827 quia
2656 4757 2896 4812 nondum
2918 4755 3094 4811 induti
3114 4762 3273 4810 erant
3310 4754 3424 4808 vir-

1836 4861 1952 4909 tute
1975 4869 2042 4908 ex
2071 4852 2200 4908 alto.

1906 4946 2110 5001 Iterum
2137 4942 2365 5000 secundo
2395 4942 2544 5007 abiit,
2572 4948 2623 4995 et
2645 4939 2834 5004 orauit,
2870 4938 3047 4992 dicens
3065 4926 3095 4989 ἶ
3124 4934 3290 4990 Pate‘
3330 4935 3424 5002 mi,

1838 5043 1885 5097 si
1912 5057 2017 5096 non
2039 5047 2207 5111 potest
2246 5039 2329 5093 hic
2355 5036 2498 5091 calix
2519 5035 2765 5099 transire,
2794 5033 2898 5086 nisi
2923 5030 3076 5085 illum
3103 5030 3298 5095 bibam,
3330 5030 3426 5099 ﬁat

1839 5131 2082 5187 voluntas
2130 5141 2241 5183 tua.
2280 5126 2552 5202 (Hierom)
2614 5124 2863 5180 Secundo
2900 5129 3039 5188 erat,
3068 5122 3199 5177 utsi
3235 5119 3429 5176 Ninive

1843 5223 2001 5279 aliter
2031 5223 2227 5278 salvari
2249 5237 2358 5278 non
2385 5227 2584 5292 potest,
2630 5217 2736 5275 nisi
2763 5216 3044 5271 cucurbita
3073 5214 3300 5279 aruerit,
3334 5213 3429 5268 fiat

1842 5318 2093 5374 voluntas
2116 5315 2315 5380 Patris,
2329 5330 2450 5385 qua:
2477 5312 2679 5367 non'est
2699 5310 2974 5367 contraria
2994 5307 3115 5362 Filii
3142 5307 3425 5375 voluntati,

1844 5411 2059 5465 dicente
2106 5409 2221 5478 ipse
2264 5422 2361 5478 per
2396 5405 2742 5474 Prophetam,
2771 5411 2828 5455 ut
2856 5401 3078 5470 facerem
3110 5398 3425 5454 voluntatem

1845 5508 2013 5565 tuam,
2038 5497 2177 5552 Deus
2196 5513 2365 5562 meus,
2387 5496 2527 5550 volui
2555 5493 2728 5566 (Psal.
2753 5493 2926 5565 xxix).
2950 5492 3244 5561 Diligenter
3266 5491 3433 5560 igitur

1843 5588 2235 5647 consideranda
2288 5594 2415 5642 sunt
2467 5586 2633 5641 verba
2692 5584 2921 5648 Domini,
2958 5598 3079 5653 quae
3108 5581 3333 5655 protulit
3359 5581 3427 5635 de

1844 5686 2205 5759 possibilitate
2229 5692 2285 5739 et
2305 5681 2585 5738 voluntate
2611 5680 2808 5745 Patris,
2843 5678 2969 5749 quia
2998 5675 3328 5748 possibilitas
3373 5677 3429 5727 et

1844 5778 2093 5835 voluntas
2124 5775 2221 5831 Dei
2243 5773 2425 5829 Patris
2452 5773 2510 5828 in
2546 5771 2693 5827 nullo
2732 5770 3063 5826 discordant.
3113 5765 3282 5821 Porro
3332 5776 3430 5817 au-

150 5890 266 5931 una
288 5874 415 5933 ﬁdei
434 5886 493 5933 et
518 5878 801 5935 charitatis
826 5875 1111 5932 devotione
1158 5873 1473 5945 praesidium
1510 5868 1746 5929 'cteleste
1847 5862 1956 5927 tém
1984 5871 2198 5927 Marcus
2230 5869 2406 5940 primo
2432 5881 2502 5923 ex
2530 5865 2713 5922 verbis
2761 5864 2873 5922 suis
2900 5864 3040 5921 idem
3073 5858 3316 5917 narravit
3338 5872 3432 5915 ro-
