3898 6450
584 462 742 533 ίαιιδ

1233 470 1294 557 Β,
1333 469 1586 528 manu
1623 430 1841 526 iiAURI
1875 422 2191 525 sistitur.
2228 422 2538 526 lidétiNi.
2578 424 2866 527 uitem
2898 428 3078 527 risus
3110 467 3151 526 ι.

3598 448 3686 537 itit

597 597 755 656 gosse
801 580 1109 652 Dominum,
1139 589 1200 637 ut
1252 564 1298 638 si
1328 582 1446 638 ﬁeri
1490 591 1676 663 posset
1711 568 1972 638 transiret
2006 583 2075 637 ab
2101 596 2166 636 eo
2190 580 2247 648 Α
2270 588 2390 638 tens
2421 578 2689 654 obiurgat,
2713 578 2945 641 secundo
2971 582 3110 655 silet,
3140 568 3290 647 terlio
3312 567 3545 663 quiescere

595 674 690 734 illa
712 660 939 741 1“)de
963 685 1047 751 (ξεί
1068 674 1356 751 Ρθδείοηίβ,
1385 658 1759 755 (luani‘calicis
1798 689 1924 728 mox
1952 670 2168 757 nomine
2268 673 2407 729 ratio
2458 675 2562 729 ista
2614 672 2717 741 est,
2768 678 2913 767 quod
2957 676 3332 767 primumpost
3355 690 3688 767 resurrectionem

599 767 959 844 signiﬁcavit.‘
981 744 1189 823 Deinde
1217 744 1382 849 verba
1404 744 1527 845 ipsa
1554 744 1768 843 lJo'mini
1803 767 1882 822 sic
1919 750 2167 820 enuntia-
2267 758 2536 835 dispersos
2560 781 2674 833 eos,
2704 774 2759 822 et
2786 744 3107 836 diilidentes,
3123 778 3174 825 et
3195 758 3408 844 trepidos
3425 762 3685 852 reprehendit;

595 834 675 911 vil
698 875 711 909 :
745 834 907 923 Abba,
941 834 1125 924 Pater,
1155 840 1330 943 omnia
1363 834 1454 912 tibi
1474 838 1745 928 possibilia
1768 854 1909 925 sunt,
1939 858 2169 933 transfer
2266 856 2499 943 secundo
2517 860 2685 943 misso.
2698 859 2899 933 Spiritu
2920 860 3190 943 paracleto
3211 876 3435 936 gravatos
3452 870 3507 924 ad
3525 880 3689 931 contuen-

594 946 805 1000 calicem
851 947 989 1000 hunc
1016 964 1049 1000 a
1084 964 1179 1001 me.
1208 926 1412 1013 'Quibus
1441 926 1622 1001 verbis
1649 947 1694 1001 si
1725 940 1983 1016 adjungas
2022 926 2166 1018 quod

592 1038 668 1092 illi
691 1040 796 1095 duo
828 1040 1242 1118 dixerunt,‘hoc
1287 1048 1370 1095 est
1416 1040 1699 1095 Matthaeus
1756 1049 1812 1094 et
1859 1041 2056 1107 Lucas,
2112 1048 2167 1096 et

591 1128 735 1197 quod
770 1131 933 1205 etiam
972 1131 1087 1199 ipse
1113 1130 1325 1185 Marcus
1361 1146 1428 1185 ex
1454 1146 1685 1199 persona
1713 1146 1809 1201 sua
1839 1131 2047 1199 pariter
2070 1148 2163 1209 su-

588 1236 685 1292 pra
713 1221 907 1291 posuit,
940 1222 1013 1275 ita
1040 1222 1307 1277 sententia
1338 1220 1748 1297 manifestatur:
1774 1210 1957 1287 Pater,
1980 1224 2025 1275 si
2048 1222 2166 1291 ﬁeri

590 1323 753 1384 potest
783 1314 980 1386 (omnia
1001 1316 1139 1395 enim
1165 1315 1258 1369 tibi
1285 1314 1555 1386 possibilia
1579 1314 1743 1395 sunt),
1775 1316 2004 1385 transfer
2036 1315 2166 1370 cali-

592 1419 700 1457 cem
726 1384 863 1458 huvnc
886 1422 916 1458 a
946 1394 1045 1459 me.
1074 1384 1151 1460 Ne
1169 1384 1293 1475 quis
1313 1421 1435 1460 eum
1467 1392 1678 1476 putaret
1703 1384 1885 1460 l’atris
1907 1408 2166 1464 minuisse

496 1484 503 1487 ⁷
588 1503 935 1565 potestatem,
962 1484 1083 1552 cum
1108 1497 1201 1561 ait,
1244 1496 1303 1551 Si
1329 1497 1446 1566 ﬁeri
1476 1507 1660 1568 potest,
1697 1514 1804 1553 non
1832 1499 1977 1552 enim
2008 1499 2161 1567 dixit,

592 1582 649 1638 Si
673 1583 850 1639 facere
880 1576 1052 1669 potes,
1076 1588 1167 1641 sed
1188 1588 1234 1640 si
1256 1588 1375 1661 ﬁeri
1397 1598 1585 1669 potest.
1613 1587 1755 1641 Fieri
1790 1598 1968 1643 autem
1991 1580 2167 1669 potest

589 1675 730 1745 quod
754 1676 840 1730 ille
862 1654 1109 1731 voluerit.
1142 1678 1231 1733 Sic
1256 1654 1455 1748 itaque
1479 1664 1682 1733 dictum
1718 1688 1801 1734 est
1830 1681 1873 1735 si
1908 1654 2021 1737 ﬁeri
2062 1697 2164 1755 po-

590 1773 713 1831 test,
741 1780 803 1819 ac
830 1770 875 1820 si
908 1767 1200 1845 diceretur,
1235 1767 1292 1823 Si
1321 1770 1420 1824 vis.
1455 1766 1817 1825 Manifestavit
1853 1771 1996 1827 enim
2027 1772 2167 1827 Mar-

587 1870 683 1908 cus
726 1848 832 1925 quo
882 1840 1156 1912 intellectu
1208 1854 1578 1930 accipiendum
1623 1862 1716 1927 sit,
1755 1861 1813 1943 Si
1840 1852 2162 1936 ﬁeripotest,

586 1948 800 2018 quando
830 1942 937 2004 ait:
963 1947 1153 2006 Omnia
1177 1948 1268 2006 tibi
1289 1953 1561 2029 possibilia
1583 1966 1724 2010 sunt.
1754 1942 1821 2011 Et
1844 1959 1986 2027 quod
2017 1976 2165 2015 com-

586 2050 1024 2127 memoraverunt
1049 2058 1171 2097 eum
1195 2028 1410 2110 dixisse,
1448 2038 1636 2100 Verum
1659 2064 1761 2101 non
1781 2034 1919 2120 quod
1952 2067 2044 2121 ego
2081 2069 2168 2107 vo-

584 2131 657 2198 lo,
685 2133 774 2187 sed
800 2134 940 2215 quod
975 2144 1051 2200 tu,
1088 2128 1422 2192 tantumdem
1455 2130 1603 2227 valet.
1626 2148 1884 2209 quantum
1926 2143 1967 2197 si
1995 2151 2051 2197 et
2092 2132 2165 2198 ita

586 2223 828 2278 dicatur:
860 2222 1232 2281 Verumtamen
1259 2224 1359 2281 non
1388 2245 1500 2283 mea
1532 2222 1791 2298 voluntas,
1818 2232 1908 2287 sed
1932 2243 2020 2287 tua
2045 2234 2160 2305 ﬂat.

586 2310 731 2389 Satis
756 2308 992 2372 ostendit
1028 2334 1134 2373 non
1162 2334 1231 2374 ex
1259 2319 1714 2389 impossibilitate,
1749 2326 1843 2380 sed
1869 2343 1938 2380 ex
1974 2328 2165 2384 volun-

582 2415 693 2461 tate
724 2384 872 2489 l’atri
915 2402 1117 2463 dictum
1167 2426 1304 2475 esse,
1355 2413 1400 2487 si
1444 2412 1561 2481 ﬁeri
1612 2408 1817 2485 potest,-
1865 2419 2164 2486 prtesertim

583 2494 709 2567 quia
741 2494 916 2553 Lucas
941 2509 995 2553 et
1010 2499 1112 2555 hoc
1132 2498 1306 2570 ipsum
1334 2494 1547 2570 planius
1569 2504 1867 2574 intimavit;
1890 2525 1996 2564 non
2019 2511 2164 2567 enim

588 2588 684 2654 ait,
716 2589 774 2643 Si
807 2588 923 2669 ﬁeri
949 2599 1148 2659 potest,
1171 2591 1263 2645 sed
1293 2592 1338 2646 si
1361 2592 1453 2647 vis.
1483 2592 1581 2648 Cui
1613 2598 1849 2665 apertori
1885 2601 2165 2657 sentcntiae

583 2668 822 2757 apertius
843 2668 1087 2759 jungitur
1108 2676 1251 2753 quod
1274 2682 1485 2741 Marcus
1502 2688 1708 2765 posuit,
1732 2682 1791 2745 ut
1815 2676 2159 2765 itadicatur:

582 2772 771 2851 Silvis,
804 2776 980 2829 omnia
1010 2776 1148 2830 enim
1166 2774 1261 2830 tibi
1278 2764 1550 2848 possibilia
1570 2790 1714 2848 sunt,
1741 2764 1973 2854 transfer
2012 2803 2044 2841 a
2080 2803 2164 2843 me

584 2865 801 2920 calicem
827 2856 1003 2922 istum.

648 2957 720 3013 Et
769 2961 908 3043 venit
955 2961 1146 3016 iterum
1184 2971 1235 3017 et
1261 2963 1455 3050 inuenit
1498 2981 1584 3020 eos
1619 2966 1958 3025 dormientes.
1990 2960 2162 3026 Erant

579 3054 717 3109 enim
743 3034 881 3108 oculi
908 3046 1087 3111 eorum
1110 3042 1331 3137 gravati.
1364 3034 1633 3135 (llieron.)
1691 3059 1850 3118 Solus
1896 3072 2018 3120 orat
2061 3056 2162 3137 pro

577 3148 852 3215 omnibus,
886 3148 1044 3233 'sicut
1088 3159 1142 3206 et
1190 3132 1334 3233 solus
1353 3140 1560 3233 patitur
1588 3169 1686 3233 pro
1707 3157 2006 3212 universis:
2049 3158 2161 3214 lan-

579 3220 910 3309 guescebant
961 3246 1140 3315 autem
1187 3226 1242 3297 et
1295 3220 1740 3314 opprimebantur
1789 3236 2160 3320 apostolorum

574 3327 719 3383 oculi
756 3322 1045 3401 negatione
1069 3331 1266 3388 vicina.

644 3421 737 3489 Et,
767 3416 960 3480 relictis
996 3408 1122 3493 illis,
1149 3429 1336 3507 iterum
1365 3430 1514 3497 abiit,
1546 3440 1596 3488 et
1625 3434 1789 3488 oravit
1814 3418 1989 3507 tertio,
2015 3453 2161 3492 eum-

573 3512 690 3568 dem
717 3531 1006 3601 sermonem
1027 3520 1222 3601 dicens.
1254 3512 1545 3601 (biliosus)
1581 3514 1777 3583 Tribus
1812 3506 2026 3601 vicibus
2049 3531 2157 3587 Do-

574 3594 754 3658 minus
781 3594 976 3685 oravit,
1002 3594 1061 3662 ut
1094 3600 1248 3664 nobis
1264 3590 1673 3689 demonstraret
1720 3615 1868 3670 omni
1918 3608 2159 3689 tempore

571 3688 807 3783 orationi
838 3682 1172 3779 instandum,
1203 3697 1265 3757 et
1288 3682 1641 3783 sclementiam
1672 3690 1911 3764 divinam
1941 3726 2160 3783 semper

571 3803 695 3873 esse
719 3774 1139 3874 deprecandam,
1175 3780 1441 3874 quatenus
1489 3791 1556 3853 de
1586 3800 1874 3869 praeteritis
1916 3805 2158 3874 peccatis

568 3866 807 3949 veniam,
832 3890 888 3939 et
932 3872 989 3963 ξι¹
1002 3864 1359 3963 praesentibus
1394 3887 1554 3944 malis
1586 3864 1834 3960 tutelam,
1880 3864 2045 3963 alque
2090 3895 2156 3951 de

569 3962 766 4031 futuris
794 3958 1050 4048 periculis
1075 3972 1765 4063 cautelam,tribuat,utque
1782 3958 2051 4046 memores
2074 3970 2152 4045 si-

570 4079 691 4139 mus
721 4065 775 4120 in
798 4062 1015 4123 nomine
1044 4077 1245 4125 sanctae
1269 4070 1576 4140 Trinitatis,
1607 4075 1807 4132 divinis
1837 4094 2151 4137 sacramen-

570 4154 642 4209 tis
672 4172 771 4211 nos
824 4152 944 4237 esse
982 4170 1261 4229 reparatos
1299 4171 1355 4217 et
1387 4144 1700 4222 Cbﬁstiana
1745 4170 2006 4242 religione
2053 4174 2155 4229 im-

566 4247 748 4332 butos.
782 4244 1137 4339 Sciamusque
1168 4269 1381 4311 omnem
1405 4268 1606 4339 nostrae
1629 4264 1893 4320 orationis
1920 4265 2151 4325 formam

521 4406 530 4418 κ
568 4330 636 4423 ad
685 4341 924 4411 Patrem,
964 4354 1020 4401 et
1068 4330 1287 4427 Filium,
1327 4358 1381 4406 et
1423 4334 1685 4429 Spiritum
1714 4368 1958 4415 sanctum
1984 4378 2150 4418 unum

566 4431 735 4487 Deum
766 4438 1191 4506 omnipotentem
1226 4441 1587 4526 dirigendam,
1621 4455 1679 4501 ut
1709 4448 1905 4521 integer
1932 4451 2149 4523 spiritus

564 4534 759 4609 poster,
808 4536 857 4580 et
891 4530 1070 4583 anima
1111 4538 1161 4616 et
1207 4534 1395 4603 corpus
1444 4536 1557 4591 sine
1596 4538 1808 4616 querela
1838 4536 1890 4594 in
1923 4530 2145 4616 aduentu

2186 3314 2232 3381 C

2266 949 2387 1004 dam
2418 932 2695 1029 Evangelii
2722 953 3028 1037 libertatem
3058 954 3243 1037 Oculos
3268 954 3492 1028 'visitavil,
3521 980 3609 1021 nam
3633 969 3687 1025 ali.

2263 1041 2497 1109 quandiu
2528 1041 2658 1113 legis
2683 1038 2867 1099 amore
2894 1030 3095 1101 detenti
3120 1030 3338 1125 quodam
3365 1036 3468 1106 ﬁdei
3493 1070 3627 1113 somno
3639 1076 3688 1113 0c-

2265 1128 2441 1200 cupali
2468 1139 2621 1196 sunt;
2651 1135 2808 1189 tertio
2835 1152 2981 1201 vero,
3016 1136 3068 1191 id
3092 1122 3191 1206 est,
3222 1122 3458 1198 claritatis
3480 1144 3566 1201 sine
3582 1150 3684 1204 reditu

2265 1222 2551 1277 securitate
2578 1238 2672 1279 eos
2699 1226 2868 1281 auieti
2900 1227 3155 1283 restituit.

2334 1350 2470 1406 Ecce
2491 1355 2919 1426 appropinquabit
2948 1358 3099 1419 hora,
3125 1368 3173 1413 et
3198 1358 3360 1417 Filius
3388 1364 3685 1425 hominumn-

2264 1452 2350 1497 tur
2385 1444 2439 1498 in
2468 1462 2654 1499 manus
2674 1458 3033 1516 peccatorum.
3073 1448 3300 1522 Surgite,
3335 1473 3513 1522 camus;
3541 1477 3619 1514 ecce
3639 1483 3687 1531 πρ

2264 1535 2626 1607 prapinquabit
2647 1539 2736 1607 qui
2763 1555 2843 1593 me
2862 1541 3054 1595 tradet.
3085 1541 3262 1614 (Aug.)
3289 1546 3486 1602 Videtur
3503 1549 3568 1604 hic
3586 1568 3686 1607 serum

2265 1626 2556 1681 secundum
2580 1627 2889 1685 Mattliteum
2931 1639 3191 1703 tanquam
3230 1635 3325 1690 sibi
3364 1638 3450 1708 ipsi
3474 1645 3685 1705 contrarius,

2264 1717 2405 1785 quod
2431 1726 2552 1787 post
2572 1720 2781 1775 tertiam
2807 1724 3112 1779 orationem
3134 1727 3277 1780 venit
3303 1729 3365 1782 ad
3386 1730 3606 1800 discipulos
3621 1750 3687 1789 stos

2265 1818 2319 1863 et
2338 1808 2470 1865 dicit
2499 1811 2639 1867 illis:
2678 1813 2914 1870 Dormite
2937 1817 3059 1886 jam
3081 1826 3128 1872 et
3156 1821 3557 1890 requiescitc,cum
3574 1842 3687 1880 conus

2269 1913 2407 1959 ctat:
2434 1905 2568 1960 Ecce
2593 1910 3195 1981 appropinquabithora,
3211 1924 3256 1967 et
3282 1912 3439 1970 Filius
3454 1917 3685 1973 hominum-

2268 1995 2421 2049 detur
2461 1997 2517 2051 in
2552 2014 2738 2054 manus
2776 2011 3131 2073 peccatorum.
3171 2004 3398 2077 Surgite,
3443 2026 3599 2071 cantus;
3626 2030 3686 2065 cca

2267 2089 2698 2162 appropinquabit
2725 2092 2814 2163 qui
2844 2110 2925 2148 me
2953 2095 3146 2151 tradet.
3176 2096 3433 2165 Quomodo
3460 2100 3569 2155 enim
3597 2118 3685 2173 supra

2268 2180 2431 2246 dicat,
2447 2181 2524 2235 Do
2532 2184 2678 2237 rmite
2690 2185 2827 2254 jam,
2845 2195 2892 2241 et
2908 2188 3229 2259 requiescite,
3245 2206 3358 2246 cum
3371 2203 3602 2257 connectat,
3616 2193 3685 2246 Ere

2266 2274 2694 2345 appmpinquabit
2726 2277 2876 2342 liora,
2914 2287 2971 2333 et
3015 2281 3137 2336 ideo
3159 2280 3316 2348 dicat,
3354 2281 3541 2354 Surgite,
3561 2286 3686 2337 una!

2265 2363 2381 2431 Qua
2408 2365 2553 2419 velut
2580 2371 2935 2439 repugnantia
2970 2373 3247 2445 commoti,
3278 2374 3361 2445 qui
3388 2375 3548 2453 legunt,
3568 2390 3682 2429 uiuan-

2266 2465 2355 2512 tur
2376 2457 2449 2512 ita
2478 2461 2829 2528 pronuntiare
2848 2464 2993 2533 quod
3018 2464 3221 2520 dictum
3246 2473 3324 2521 est
3345 2484 3356 2520 :
3381 2466 3567 2521 Domita
3585 2467 3684 2535 im:

2265 2552 2584 2621 requiescite,
2635 2561 2891 2624 tanquam
2926 2556 2997 2612 ab
3027 2559 3397 2629 exprobrante,
3416 2576 3499 2615 non
3517 2576 3540 2614 ει
3562 2561 3683 2631 pernit-

2264 2649 2411 2697 tente
2436 2642 2504 2698 sit
2523 2643 2745 2700 dictum.
2777 2648 2932 2714 Quod
2969 2659 3123 2706 recte
3153 2650 3302 2706 ﬁeret
3326 2651 3367 2707 si
3390 2659 3506 2706 esset
3539 2665 3679 2705 necesse.

2262 2733 2397 2789 Cum
2409 2750 2537 2792 vero
2550 2735 2761 2793 Marcus
2775 2739 2848 2794 ita
2875 2740 2978 2795 hoc
3009 2743 3484 2798 commemorarent
3498 2752 3543 2797 ut
3555 2758 3631 2819 cun
3644 2742 3683 2794 d1-

2260 2829 2429 2885 xisset
2454 2848 2468 2885 :
2500 2830 2738 2886 Dormite
2752 2833 2870 2904 jam
2899 2844 2945 2888 et
2973 2838 3293 2907 requiescite,
3320 2833 3683 2906 adiungeret,8a§r

2261 2922 2372 2989 cit;
2399 2930 2453 2978 et
2480 2924 2673 2980 deinde
2697 2924 2942 2993 inferret,
2969 2925 3128 2984 Venit
3150 2930 3297 2995 hora,
3328 2946 3431 2985 ecce
3461 2924 3683 2983 induvii-

2262 3013 2365 3068 lius
2384 3015 2636 3079 hominis,
2668 3016 2854 3091 utique
2880 3017 3205 3090 intellig‘itur
3216 3028 3332 3090 post
3354 3020 3462 3074 illud
3472 3018 3574 3088 quod
3587 3014 3683 3071 eisii-

2263 3113 2410 3161 ctum
2437 3115 2540 3171 est,
2569 3106 2805 3163 Dormite
2824 3109 3032 3179 jam,“
3062 3113 3373 3182 requiescite,
3400 3111 3564 3167 siluisse
3581 3106 3680 3161 Doni-

2262 3210 2390 3249 num
2410 3195 2742 3266 aliquantum
2766 3200 2936 3256 utboc
2949 3200 3107 3257 ﬁeret
3121 3204 3262 3274 quod
3281 3204 3681 3275 permiseratetmt

2264 3286 2505 3345 intulisse
2537 3303 2552 3343 :
2603 3289 2739 3346 Ecce
2774 3295 3216 3368 appropinquabit
3255 3297 3395 3353 hora.
3429 3287 3680 3363 ldeoposllli

2262 3381 2426 3435 verba
2454 3382 2747 3437 secundum
2776 3382 3013 3440 Marcum
3036 3389 3272 3457 positum
3297 3396 3390 3453 est,
3415 3382 3681 3457 Suﬁcitddesl.

2262 3473 2405 3544 quod
2444 3474 2787 3544 requievistis
2828 3477 2941 3548 jam
2968 3479 3185 3536 sullieit.
3229 3480 3330 3537 Sed
3355 3479 3462 3550 quia
3483 3486 3682 3533 comment-
3770 3464 3771 3535 ί

2212 3582 2217 3585 ν
2260 3575 2378 3623 rata
2414 3578 2523 3622 non
2571 3577 2654 3623 est
2683 3568 2797 3638 ipsa
2820 3571 3182 3641 interpositio
3212 3572 3396 3629 silentii
3429 3568 3681 3633 Dominum»

2257 3670 2443 3732 pterea
2473 3669 2717 3715 coarctat
2739 3661 3096 3729 intellectum,
3127 3674 3188 3720 ut
3220 3664 3320 3721 illis
3350 3661 3501 3719 verbis
3520 3658 3591 3714 alia
3619 3669 3681 3751 pur

2258 3749 2526 3805 nuntiatio
2556 3752 2881 3823 requiratur.
2907 3753 3181 3827 (Hiero‘n.)
3203 3754 3464 3825 Postun
3488 3765 3579 3820 "8°
3595 3749 3680 3800 W

2255 3851 2526 3909 oraverat,
2550 3852 2605 3900 et
2626 3846 2988 3915 apostolorum
3013 3849 3263 3905 timorem
3274 3855 3499 3919 sequente
3519 3841 3677 3916 plenilu-

2255 3931 2329 3987 tia
2361 3933 2744 4003 impetraverat
2771 3939 3149 4010 corrigendilm
3178 3955 3404 4004 securus,
3446 3937 3500 3992 de
3533 3930 3680 4004 passio“

2254 4038 2352 4079 sua
2381 4026 2558 4097 pergit
2599 4027 2665 4082 ad
2691 4036 3091 4100 persecutores,
3142 4040 3196 4088 et
3243 4033 3378 4088 ultro
3404 4044 3454 4087 se
3476 4020 3679 4083 interﬁcit!r

2254 4114 2381 4170 dum
2420 4117 2645 4186 praebet,
2692 4119 2932 4191 dicitque
2972 4123 3281 4195 discipulis:
3334 4121 3526 4192 Surgite,
3557 4123 3677 4169 θωπί

2251 4224 2367 4263 ecce
2387 4210 2476 4280 qui
2510 4227 2590 4265 me
2616 4212 2786 4267 tradet
2804 4231 2964 4286 prope
2985 4226 3060 4271 est
3074 4234 3096 4283 ;
3126 4234 3232 4273 non
3259 4232 3354 4273 nos
3378 4211 3676 4275 invenianth-

2251 4300 2297 4357 οἱ
2323 4301 2576 4358 timentes
2625 4311 2680 4358 et
2708 4313 3064 4363 retractantes
3089 4326 3104 4374 ;
3133 4309 3271 4364 ultro
3291 4318 3530 4379 pergamus
3545 4300 3678 4355 sititor

2250 4398 2381 4458 tem,
2413 4402 2473 4448 ut
2501 4393 2883 4451 conﬁdentiam
2913 4406 2968 4453 et
2996 4399 3249 4469 gaudium
3282 4397 3467 4471 passuri
3488 4388 3641 4449 videant»

2316 4494 2489 4610 [hij
2515 4510 2699 4582 A’dlz'uc
2748 4512 3168 4632 ipsdzloquente,
3227 4550 3336 4589 ecce
3376 4512 3516 4625 ludas

562 4602 775 4697 pontini
790 4622 953 4674 nostri
975 4620 1106 4675 Jesu
1128 4602 1327 4703 Christi
1348 4637 1578 4681 servetur
1596 4602 1649 4701 (1
1684 4608 1929 4704 Themv).
1957 4612 2141 4707 [Ᾰυφ]

2246 4604 2518 4675 duodecim
2546 4602 2767 4687 venit,el
2797 4602 2915 4678 curii
2939 4602 2996 4680 eo
3020 4618 3174 4681 turba
3204 4625 3361 4707 multa
3392 4616 3489 4677 cuni
3504 4602 3634 4707 gladiis
3648 4614 3672 4658 tt

560 4705 692 4763 lteln
733 4709 871 4765 sicut
904 4714 1131 4783 testatio
1155 4718 1470 4797 cupiditatis
1495 4723 1634 4779 trina
1670 4733 1774 4790 est,
1806 4726 1880 4780 ita
1912 4705 2142 4787 tentatio

561 4800 774 4857 timoris
802 4801 940 4857 trina
971 4814 1072 4859 est.
1105 4805 1399 4878 Cupiditati
1437 4806 1555 4883 qua:
1590 4822 1675 4872 est
1711 4818 1767 4871 in
1821 4819 2139 4877 curiositate

558 4892 847 4961 opponitur
869 4893 1032 4950 timor
1062 4899 1464 4966 mortis;sicut
1515 4905 1660 4960 enim
1714 4907 1768 4961 in
1812 4907 1903 4962 illa
1934 4924 2136 4980 cogno-

556 4985 879 5064 scendarum
934 5001 1115 5042 rerum
1165 4999 1252 5045 est
1295 4994 1522 5050 aviditas
1553 5035 1569 5061 ,
1618 4996 1691 5051 ita
1732 4998 1785 5055 in
1828 5000 1929 5053 ista
1965 5009 2138 5055 meum

554 5073 863 5131 amittendae
895 5077 1016 5132 talis
1063 5082 1289 5137 notitim.
1341 5074 1632 5154 Cupiditati
1675 5102 1805 5142 vero
1844 5076 2132 5156 bonorum,

555 5167 636 5222 ναι
659 5168 829 5225 laudis
850 5172 1143 5242 opponitur
1173 5174 1334 5229 timor
1362 5160 1670 5248 ignominim
1697 5188 1749 5233 et
1775 5181 2128 5248 contumelia-

554 5273 706 5339 rum:
738 5261 1017 5337 cupiditati
1063 5274 1242 5319 autem
1299 5265 1588 5336 voluptatis
1626 5271 1914 5339 opponitur
1972 5274 2135 5329 timor

552 5333 772 5405 doloris.
801 5334 916 5407 Non
942 5354 1171 5410 absurde
1200 5369 1329 5425 ergo
1350 5333 1909 5429 intelligiturpropter
1933 5351 2130 5417 trinam

555 5441 898 5498 tentationem
914 5446 1200 5517 passionis,
1230 5455 1311 5502 ter
1335 5449 1616 5527 Dominum
1635 5467 1841 5533 orasse,
1868 5460 1927 5505 ut
1952 5444 2131 5537 trans-

551 5532 656 5589 iret
681 5520 842 5604 calix,
872 5539 966 5595 sed
992 5538 1068 5594 ita
1106 5547 1166 5595 ut
1190 5526 1368 5612 potius
1396 5522 1713 5614 impleretur
1745 5524 1993 5602 voluntas
2022 5526 2130 5602 Pa-

552 5627 669 5682 tris.
1093 5706 1123 5717 “
1286 5708 1293 5717 ρ
1826 5710 1830 5717 1

606 5706 932 5799 ~Tuncmenit
963 5724 1032 5779 ad
1076 5706 1362 5810 discipulos
1380 5745 1544 5809 suos,
1574 5739 1620 5813 et
1648 5730 1776 5785 dicit
1802 5710 1939 5785 illis:
1993 5708 2128 5785 bor-

548 5815 824 5893 niitejani,
862 5827 907 5897 et
942 5819 1263 5897 requiescite.
1296 5820 1523 5901 (Hilam)
1550 5822 1701 5888 Quod
1727 5832 1909 5879 autem
1939 5823 2006 5877 ad
2031 5838 2126 5879 eos

546 5916 825 5963 revertens
863 5908 1300 5983 dormientesque
1335 5913 1632 5985 reperiens,
1670 5912 1909 5988 primum
1936 5932 2122 5975 rever-

2247 4713 2475 4783 fustibus
2497 4710 2643 4769 missi
2665 4716 2697 4769 α
2718 4714 3038 4788 principibus
3078 4706 3393 4796 sacerdotum
3421 4723 3460 4768 et
3494 4700 3672 4796 scniorittt

2244 4805 2444 4875 pepuli.
2500 4792 2685 4881 (Ᾰαθ.)
2719 4786 2971 4867 Joannes
3017 4786 3339 4885 evangelista
3373 4788 3673 4881 posteaquam“

2245 4895 2463 4954 hortum
2485 4901 2786 4974 ingressum
2805 4902 2935 4958 dicit
2953 4898 3074 4960 cum
3090 4880 3353 4974 discipulis
3370 4892 3483 4960 suis,
3506 4906 3579 4951 n01!
3593 4894 3673 4939 CW

2243 4982 2509 5048 memorat
2536 4976 2666 5064 quid
2704 4994 2813 5051 illic
2836 4992 3027 5068 egerit,
3052 4982 3221 5055 donec
3245 4992 3353 5069 ejus
3396 4987 3577 5069 tradito}:
3606 4984 3672 5069 ευπξ

2242 5081 2442 5141 Judazis
2469 5078 2536 5143 ad
2560 5086 2685 5142 eum
2730 5078 3287 5169 comprehendendum
3323 5080 3512 5169 venerit.
3535 5054 3671 5163 (Μ)

2241 5173 2543 5233 Concordat
2573 5179 2768 5251 quippe
2796 5164 2999 5237 laetum
3028 5164 3179 5238 ludas
3217 5166 3364 5237 simul
3389 5188 3489 5230 cum
3513 5168 3673 5221 mutatio-

2239 5284 2307 5324 ne
2335 5272 2532 5327 mentis
2570 5272 2705 5341 ejus.
2738 5275 2982 5341 Quandiu
3010 5278 3150 5332 enim
3180 5292 3294 5331 cum
3331 5266 3506 5328 exteris
3543 5260 3672 5346 aptis“?

2236 5360 2304 5416 lis
2333 5372 2550 5418 secutus
2582 5374 2665 5419 est
2689 5362 3045 5429 Salvatorcm.
3074 5360 3397 5443 tranquillius
3421 5344 3670 5435 agellﬂl'llu"

2236 5451 2599 5508 innocentiam
2628 5454 2935 5523 simulabat,
2960 5458 3218 5513 sanitates
3244 5445 3573 5512 inﬁrmantibus
3589 5444 3670 5523 ΡΨ

2233 5542 2429 5608 stabat,
2471 5544 2597 5615 Quia
2628 5534 2925 5603 Salvatoris
2954 5563 3012 5604 se
3039 5540 3256 5604 missum
3292 5559 3397 5601 esse
3431 5534 3602 5631 δίςίξίιξδ
3629 5518 3670 5631 ’ἕ

2232 5651 2353 5691 cum
2390 5636 2701 5693 deseruerat
2726 5640 2877 5710 pacis
2906 5642 3203 5708 consilium,
3227 5651 3277 5696 et
3298 5635 3402 5709 agni
3430 5623 3667 5687 initissmllnn

2230 5726 2544 5795 transitum,
2582 5729 2777 5798 spretis
2800 5730 3039 5799 paciﬁcis
3067 5730 3341 5792 sodalibus,
3367 5717 3550 5799 funestis
3570 5716 3663 5760 3550‘

2228 5819 2402 5875 ciatus
2429 5812 2510 5875 est
2541 5820 2821 5890 militibus,
2853 5818 3155 5907 relictisque
3194 5812 3345 5877 armis

2224 5896 2304 5987 gii
2346 5914 2533 5975 contra
2577 5914 2898 5988 magistrum
2962 5874 3091 5974 cuni
3108 5898 3350 5992 lustibus.
3386 5880 3456 5961 Μ
3475 5874 3660 5953 autem
