3898 6506
474 476 627 540 "19'
1136 470 1200 527 B.
1238 469 1504 533 ΒΔΒΑΝΙ
1540 474 1762 534 MAURI
1797 470 2135 543 ARCHlEPa
2162 469 2471 529 MOGUNT.
2512 469 2801 527 OPERUM
2836 469 3027 529 PARS
3064 472 3108 530 l.
3578 490 3671 549 ηπ

479 599 710 656 calicem
730 611 885 667 quem
905 593 1048 650 dedit
1068 590 1200 651 mihi
1223 594 1407 663 Pater,
1432 612 1537 651 non
1572 596 1650 651 vis
1694 607 1752 650 ut
1792 596 1964 649 bibam
2010 591 2077 647 εἰ·
2102 593 2158 655 Α
2180 599 2295 646 tum
2316 593 2418 648 Sibi
2444 593 2650 664 absque
2696 594 2890 650 Πιθνίῐο
2941 595 3223 665 dignitatis
3259 600 3439 657 emem
3475 607 3609 675 [δῖοίίο
3630 614 3673 669 Ill

479 692 633 747 tum?
658 689 833 753 Tunc,
858 686 999 742 sicut
1024 684 1205 745 Lucas
1236 696 1449 755 narrat,
1472 688 1650 760 tetigit
1690 687 1990 743 auriculam
2014 684 2080 740 il-
2181 684 2414 753 Herode,
2469 687 2714 759 principe
2746 688 3021 744 Romano.
3060 687 3177 745 Non
3214 706 3338 763 ergo
3371 695 3538 751 mirum
3564 713 3625 756 est
3644 707 3673 760 af

478 788 586 845 lius
615 787 708 858 qui
729 797 1027 857 percussus
1050 787 1251 853 fuerat,
1282 794 1338 842 et
1376 784 1589 841 sanavit
1634 798 1781 840 eum.
1832 779 2080 853 Sequens
2181 778 2667 851 iniquus'pontifex
2693 781 2878 850 inique
2901 779 3140 849 iudicat.

479 893 611 951 ergo
639 874 908 934 sententia
936 894 1043 949 qua
1071 876 1300 933 dicitur:
2256 871 2449 927 Petrus
2470 884 2645 928 autem
2665 875 2981 945 sequebatur
3009 875 3535 950 eumalongeusquein
3547 888 3674 944 aliis.

555 967 833 1035 Quomodo
884 987 1006 1042 ergo
1067 968 1422 1040 implebantur
1493 966 1804 1038 Scriptura,
1848 965 1974 1037 quia
2004 965 2082 1019 sic
2182 964 2430 1036 principis
2474 966 2826 1021 sacerdotum.
2874 966 3078 1022 Merito
3105 983 3135 1021 a
3161 967 3316 1039 longe
3334 972 3672 1049 sequebaturqui

482 1068 683 1133 oportet
723 1064 840 1133 fieri
863 1063 889 1117 ?
910 1069 1222 1134 promptum
1269 1061 1337 1116 ad
1383 1059 1696 1131 patiendum
1749 1059 2086 1113 demonstrat
2176 1056 2289 1128 jam
2316 1058 2594 1129 proximus
2613 1064 2731 1111 erat
2752 1065 3042 1129 negaturo.
3070 1056 3256 1128 Neque
3274 1060 3407 1114 enim
3430 1078 3673 1136 negarepos-

483 1154 724 1212 animum
754 1157 900 1226 quod
928 1155 1129 1211 frustra
1163 1154 1441 1226 prophetae
1466 1152 1783 1215 cecinerint,
1826 1151 1929 1205 nisi
1980 1149 2085 1205 Do-
2186 1160 2272 1207 set
2319 1152 2364 1208 si
2398 1151 2620 1206 Christo
2654 1152 2938 1221 proximus
2987 1151 3324 1206 adhaesisset.
3354 1150 3527 1208 Verum
3550 1156 3589 1210 in
3614 1160 3672 1215 hoc

424 1275 437 1288 -
484 1250 665 1304 minus
688 1262 785 1303 eos
811 1262 940 1303 vera
967 1247 1167 1303 dixisse
1195 1245 1447 1316 passione
1473 1258 1569 1298 sua
1603 1242 1920 1298 asseruerit.
2186 1245 2419 1299 maxima
2459 1243 2616 1299 nobis
2637 1253 2720 1298 est
2747 1244 3117 1298 admiratione
3147 1245 3467 1300 venerandus
3488 1249 3669 1316 quodne

570 1341 626 1399 lit
648 1339 743 1393 illa
772 1340 902 1393 hora
936 1336 1092 1392 Iesus
1138 1336 1270 1390 dixit
1294 1335 1459 1389 turbis
1478 1334 1786 1406 :Tanquam
1817 1334 1885 1388 ad
1914 1332 2083 1388 latro-
2186 1338 2389 1393 minum
2416 1353 2523 1392 non
2554 1337 2771 1407 reliquit
2800 1337 2970 1391 etiam
3002 1352 3133 1391 cum
3173 1336 3395 1390 timeret.
3446 1336 3565 1403 Quod
3585 1345 3668 1397 enim

2187 1431 2340 1486 timet
2386 1439 2593 1485 natura“:
2626 1439 2728 1494 est,
2778 1431 2921 1500 quod
2973 1430 3225 1500 sequitur
3268 1428 3546 1493 devotionis,
3587 1436 3669 1501 qnol

2187 1531 2347 1593 negat
2374 1523 2726 1592 obreptionis,
2752 1522 2895 1591 quod
2920 1521 3158 1591 poenitet
3189 1518 3327 1573 ﬁdei.
3367 1518 3538 1591 (Anq)
3555 1521 3667 1587 Aliter,

2188 1617 2331 1686 quod
2353 1616 2417 1669 ad
2445 1615 2750 1685 passionem
2781 1624 3007 1670 euntem
3032 1613 3321 1668 Dominum
3354 1628 3381 1666 a
3408 1612 3533 1681 longe
3558 1618 3666 1684 sequi-

2189 1715 2277 1761 tur
2305 1705 2516 1771 Petrus,
2558 1704 2896 1777 signilicabat
2940 1704 3257 1759 Ecclesium
3309 1708 3565 1757 secuturam
3600 1706 3667 1774 qui-

486 1448 601 1487 nem
628 1431 837 1485 venistis
880 1446 997 1484 cum
1040 1428 1229 1499 gladiis
1279 1436 1326 1481 et
1378 1426 1603 1496 fustibus
1653 1424 2085 1497 comprehendere

474 1514 583 1586 'me,
610 1523 842 1594 quotidie
868 1521 1007 1593 apud
1033 1538 1118 1575 vos
1160 1520 1401 1574 sedebam
1455 1519 1646 1573 docens
1691 1520 1744 1572 in
1786 1516 1999 1589 templo,
2036 1526 2086 1572 et

486 1633 590 1669 non
635 1631 717 1668 me
767 1613 1025 1668 tenuistis.
1077 1612 1309 1667 Stultum
1371 1621 1473 1675 est,
1530 1613 1726 1683 inquit,
1785 1626 1908 1666 eum
1962 1627 2087 1667 cum

483 1708 680 1777 gladiis
724 1714 780 1762 et
820 1705 1051 1761 fustibus
1077 1720 1339 1775 quaerere,
1364 1706 1454 1775 qui
1488 1705 1629 1760 ultro
1674 1721 1731 1760 se
1760 1706 1956 1761 vestris
1982 1714 2091 1761 tra-

485 1799 579 1855 dat
611 1801 883 1855 manibus.
923 1798 992 1853 Et
1017 1798 1072 1852 in
1101 1805 1259 1852 nocte
1288 1798 1445 1866 quasi
1469 1796 1772 1851 latitantem
1798 1806 1853 1851 et
1873 1804 2087 1854 vestros
2189 1800 2334 1864 dem,
2393 1799 2495 1853 hoc
2548 1807 2630 1853 est
2686 1798 3028 1852 imitaturam
3079 1796 3355 1866 passiones
3400 1797 3580 1861 Domini,
3617 1802 3665 1852 sal

484 1891 670 1946 oculos
700 1891 1081 1956 declinantem,
1119 1905 1219 1960 per
1238 1890 1568 1960 proditorem
1598 1890 1946 1960 investigare,
1994 1890 2086 1961 qui
2116 1955 2156 1962 _
2188 1890 2346 1962 longe
2384 1890 2718 1945 dilferenter.
2762 1888 3013 1944 Ecclesia
3071 1888 3221 1942 enim
3264 1902 3359 1957 pro
3386 1902 3438 1942 se
3458 1888 3616 1957 patitur,
3639 1898 3666 1941 at

485 1981 728 2050 quotidie
748 1981 803 2035 in
829 1980 1029 2051 templo
1060 1955 1270 2035 doceat.
1310 1979 1416 2035 Sed
1443 1980 1566 2036 ideo
1596 1955 1883 2036 adversum
1912 1955 2083 2037 mein
2112 1955 2162 2016 B
2191 1955 2413 2050 ille'pro
2450 1979 2712 2035 Ecclesia.

487 2072 729 2128 tenebris
751 2072 1175 2145 congregamini,
1199 2072 1327 2142 quia
1351 2078 1593 2142 potestas
1615 2079 1799 2127 vestra
1821 2073 1877 2127 in
1935 2081 2088 2129 tene-
2259 2071 2327 2124 Et
2358 2073 2621 2142 ingressus
2649 2073 2785 2125 intro
2810 2072 3025 2126 sedebat
3066 2086 3188 2124 cum
3235 2071 3469 2124 ministris
3488 2080 3529 2121 ut
3550 2070 3665 2123 sideret

487 2162 601 2219 bris
627 2172 731 2219 est.
2187 2163 2365 2233 ﬁnem.
2405 2162 2685 2229 Quomodo
2710 2169 2888 2216 autem
2928 2162 3134 2215 Petrus
3180 2161 3234 2213 in
3280 2161 3457 2214 atrium
3494 2159 3663 2230 pontiﬁcis

560 2253 679 2309 Hoc
717 2264 893 2310 autem
924 2264 1087 2311 totum
1115 2256 1314 2328 factum
1336 2266 1432 2324 est,
1471 2266 1529 2311 ut
1570 2257 1908 2328 implerentur
1953 2258 2086 2313 scri-
2190 2253 2395 2323 ingredi
2419 2262 2625 2322 posset,
2673 2251 2909 2307 Joannes
2966 2249 3288 2306 manifestat
3332 2249 3664 2317 dicens:Seqtt-

489 2356 659 2417 pturte
679 2347 1069 2418 prophetarum.
1095 2348 1226 2416 Qua:
1253 2357 1379 2403 sunt
1400 2364 1529 2421 ergo
1554 2349 1835 2420 scripturae
1860 2350 2089 2420 pmphe-
2191 2346 2345 2398 batur
2366 2354 2542 2397 autem
2566 2343 2748 2397 Iesum
2778 2343 2965 2399 Simon
2997 2342 3213 2407 Petrus,
3237 2351 3284 2396 et
3309 2341 3431 2395 alius
3453 2341 3661 2409 discipula:

492 2438 710 2492 tarum?
739 2438 989 2493 videlicet
1014 2439 1129 2493 istae
1157 2457 1168 2492 :
1204 2437 1479 2492 Fuderunt
1500 2454 1690 2492 manus
1716 2456 1880 2505 meas,
1910 2449 1957 2493 et
2000 2456 2088 2509 pe—
2189 2434 2490 2505 Discipulus
2514 2444 2688 2488 autem
2716 2433 2805 2487 ille
2840 2443 3001 2488 notus
3029 2444 3143 2488 erat
3177 2433 3421 2503 pontiﬁci,
3441 2442 3480 2484 et
3494 2431 3661 2484 simiu-

491 2528 581 2582 des
603 2545 742 2583 meos
764 2526 947 2601 (Psal.
978 2528 1127 2600 XXI).
1154 2529 1221 2583 Et
1243 2529 1399 2584 alibi:
1430 2527 1579 2583 Sicut
1600 2531 1707 2583 ovis
1731 2531 1799 2583 ad
1823 2531 2088 2584 victimam
2190 2528 2363 2581 troirit
2391 2542 2509 2579 cum
2534 2524 2566 2577 J
2574 2542 2663 2579 esu
2692 2527 2747 2579 in
2770 2526 2968 2578 atrium
2998 2524 3299 2595 pontiﬁcis;
3322 2522 3485 2576 Petrus
3504 2538 3585 2576 rem
3600 2530 3660 2575 tta-

492 2621 681 2674 ductus
706 2632 780 2676 est
805 2622 949 2694 (Isa.
974 2622 1121 2693 Lm).
1166 2622 1236 2676 Et
1256 2623 1311 2676 in
1340 2622 1445 2677 alio
1488 2622 1608 2677 loco
1635 2641 1649 2676 :
1677 2624 1752 2677 Ab
1796 2625 2090 2694 iniquitati-
2193 2616 2278 2669 bal
2303 2615 2372 2668 ad
2422 2615 2609 2669 ostium
2647 2615 2797 2684 foris.
2839 2614 3024 2668 Exivit
3063 2631 3187 2685 ergo
3236 2613 3486 2682 discipulus
3524 2611 3587 2664 ille
3614 2612 3659 2679 qui

494 2711 589 2765 bus
610 2712 789 2781 populi
811 2714 911 2767 mei
931 2714 1117 2767 ductus
1146 2723 1220 2767 εει
1245 2713 1315 2768 ad
1357 2723 1598 2780 mortem,
1648 2723 1703 2769 ει
1738 2715 1821 2770 his
1870 2714 2085 2770 similia,
2191 2716 2302 2759 erat
2328 2715 2479 2760 notus
2502 2703 2754 2775 pontiﬁci,
2788 2700 2997 2759 et'dixit
3024 2706 3278 2768 ostiaria’,
3308 2713 3350 2757 et
3374 2702 3595 2756 introduxit
3610 2699 3660 2753 Pt-

569 2801 717 2856 Tunc
741 2802 987 2873 discipuli
1015 2820 1213 2870 omnes,
1243 2803 1422 2859 relicto
1464 2822 1544 2871 eo,
1595 2805 1862 2875 fugerunt.
1896 2805 2087 2878 (ΚΑΒ.)
2192 2808 2352 2852 trum.
2385 2797 2661 2869 Ingressus
2695 2806 2870 2853 autem
2896 2800 2975 2853 sic
3001 2797 3200 2853 Petrus
3231 2798 3422 2852 sedebat
3452 2813 3540 2849 cum
3574 2795 3657 2847 nini

492 2891 750 2963 Impletur
779 2909 958 2948 sermo
984 2893 1217 2959 Domini,
1255 2894 1347 2965 qui
1378 2894 1589 2950 dixerat
1611 2894 1756 2965 quod
1784 2910 1973 2951 omnes
2003 2896 2088 2950 di-
2192 2892 2313 2944 stris
2362 2891 2523 2959 juxta
2577 2892 2749 2961 ignem
2778 2907 2832 2944 se
2863 2890 3209 2961 calefaciens,
3254 2888 3601 2961 exspectabatque
3629 2894 3657 2937 rt

494 2984 685 3054 scipuli
732 2984 1233 3041 scandalizarentur
1272 2986 1327 3040 in
1366 2985 1456 3041 illo
1500 2986 1556 3040 in
1580 2986 1696 3056 ipsa
1741 2995 1918 3042 nocte.
1953 2986 2091 3042 Nam
2194 2983 2385 3038 videret
2410 2983 2588 3051 ﬁnem.
2618 2983 2880 3039 Videlicet
2900 2984 2990 3038 vel
3018 3000 3207 3039 amore
3239 2980 3477 3051 discipuli,
3517 2976 3573 3031 vel
3603 2976 3655 3028 hn-

493 3076 593 3130 etsi
621 3075 781 3131 turba
809 3076 1158 3146 permittente
1201 3076 1269 3131 ad
1315 3077 1629 3147 petitionem
1675 3078 1887 3134 Domini
1936 3078 2089 3149 fuge-
2193 3089 2353 3129 mana
2375 3074 2691 3129 curiositate
2717 3074 2857 3129 scire
2887 3075 3117 3144 cupiens
3145 3074 3273 3144 quid
3288 3071 3520 3141 iudicaret
3546 3065 3656 3120 delu-

493 3173 643 3232 runt,
670 3174 733 3221 ut
756 3164 994 3224 Joannes
1028 3169 1238 3234 scribit,
1270 3184 1523 3238 pavorem
1551 3177 1734 3225 tamen
1784 3185 1849 3225 ac
1889 3171 2094 3225 timidi-
2195 3167 2344 3222 mino
2385 3165 2649 3237 pontifex,
2691 3174 2872 3221 utrum
2899 3181 3026 3220 eum
3050 3164 3173 3221 neci
3202 3164 3468 3225 addiceret,
3492 3174 3539 3213 an
3560 3152 3654 3223 (lassi

458 3241 465 3248 ’
496 3265 664 3331 tatem
694 3273 807 3313 suae
828 3258 1028 3313 mentis
1056 3259 1432 3325 ostendebant,
1456 3259 1599 3329 quod
1624 3260 1694 3314 ad
1730 3258 1870 3331 fuga:
1910 3260 2094 3329 pnesi-

493 3324 641 3404 dium
670 3351 1050 3422 promptiores,
1083 3366 1242 3420 quam
1266 3324 1721 3421 ﬁducia—patiendi
1744 3324 1867 3406 etim
1902 3324 2090 3406 Pomi-
2132 3324 2179 3388 α
2210 3353 2577 3424 apostolorum
2623 3361 2680 3409 et
2726 3354 2895 3409 Petri.
2940 3353 3024 3408 Illi
3071 3352 3296 3422 fugiunt,
3336 3349 3426 3403 iste
3463 3350 3651 3413 quantum

494 3455 565 3494 no
594 3441 937 3496 exstiterant.
971 3440 1194 3512 Mystice
1222 3451 1402 3497 autem
1427 3442 1565 3497 sicut
1602 3442 1794 3498 Petrus
1833 3444 1926 3513 qui
1972 3443 2090 3498 cul-
2194 3446 2381 3518 procul
2403 3453 2582 3501 tamen
2610 3446 2855 3516 sequitur
2877 3444 3241 3501 Salvatorem.

492 3546 619 3602 pam
655 3532 958 3604 negationis
982 3533 1319 3602 paenitentiae
1344 3534 1597 3605 lacrymis
1642 3536 1812 3590 abluit
1863 3544 1918 3590 et
1963 3552 2093 3591 con-
2267 3536 2522 3608 Princeps
2552 3547 2725 3591 autem
2740 3538 3081 3593 sacerdotum
3103 3546 3152 3592 et
3180 3550 3323 3589 omne
3342 3527 3651 3615 conciliumque:

495 3623 730 3678 fessmne
759 3622 1025 3679 Dominici
1055 3624 1258 3679 amoris
1291 3623 1529 3680 funditus
1558 3626 1896 3695 exstirpavit,
1928 3642 2090 3682 recu-
2196 3632 2376 3687 rebant
2399 3630 2593 3701 falsum
2618 3631 2969 3685 testimonium
2990 3638 3179 3684 contra
3199 3625 3545 3688 Jesum,utettm
3569 3617 3651 3665 nom

495 3716 831 3786 perationem
858 3730 1047 3771 eorum
1070 3715 1325 3779 ostendit,
1368 3717 1459 3784 qui
1490 3716 1545 3769 in
1591 3719 1854 3787 martyrio
1902 3718 2091 3773 labun-
2195 3722 2481 3787 traderent,
2503 3731 2553 3775 et
2584 3738 2687 3776 non
2710 3723 3044 3786 inuenerunt,
3073 3736 3191 3773 cum
3221 3714 3360 3772 multi
3380 3709 3647 3779 falsitate“-

497 3816 610 3874 tur,
640 3808 713 3863 ita
736 3808 918 3863 caeteri
948 3807 1195 3878 discipuli
1217 3809 1311 3879 qui
1342 3808 1629 3863 articulum
1652 3811 2092 3879 comprehensio-
2196 3814 2486 3868 cessissent.
2535 3811 2750 3883 (Maus.
2775 3811 2794 3884 )
2828 3810 2946 3866 Non
2976 3812 3128 3866 enim
3150 3814 3320 3871 erant,
3353 3809 3404 3857 ut
3426 3799 3580 3854 Marcus
3599 3798 3649 3893 ⁸ιεδε

496 3901 581 3956 nis
611 3900 864 3973 fugiendo
887 3909 1282 3971 praevenerunt,
1307 3902 1575 3957 cautelam
1626 3902 1863 3973 fugiendi
1895 3902 2093 3959 docent
2196 3913 2389 3969 statur,
2416 3904 2791 3959 convenientia
2822 3903 2923 3958 sibi
2954 3902 3282 3960 testimonia.
3315 3896 3400 3951 llic
3422 3901 3576 3963 (ιιιοίῐυθ
3597 3895 3648 3935 ἐν

497 4008 591 4048 eos
615 3993 706 4063 qui
736 4009 794 4048 se
820 3994 999 4048 minus
1020 3994 1242 4049 idoneos
1263 3994 1329 4047 ad
1358 3994 1636 4049 toleranda
1659 3995 1920 4065 supplicia
1968 4011 2094 4052 sen-
2194 3996 2373 4065 plctur
2415 3995 2545 4049 illud
2571 3994 3001 4066 Psalmographi,
3037 4009 3144 4065 quo
3185 3991 3342 4046 dicit:
3365 3983 3584 4038 Astitmm
3608 3985 3649 4022 τεο

488 4083 656 4149 tium.
687 4082 894 4151 Quibus
922 4084 1093 4139 tutius
1113 4092 1198 4139 est
1236 4084 1405 4139 multo
1451 4086 1703 4155 praesidia
1758 4086 2091 4143 latebrarum
2194 4105 2281 4158 ges
2302 4096 2474 4153 terrm,
2502 4097 2551 4140 et
2581 4087 2839 4157 principes
2863 4093 3211 4141 convenerunt
3238 4085 3288 4136 in
3327 4091 3463 4133 unum
3496 4068 3645 4158 adium

2205 3259 2275 3313 lis
2304 3273 2505 3313 caesum
2526 3257 2839 3314 dimitteret.
2870 3257 2939 3313 Et
2961 3257 3022 3313 in
3050 3259 3157 3313 hoc
3178 3255 3440 3312 diversitas
3457 3258 3653 3306 ceterorum
3754 3242 3755 3255 ‘

496 4184 704 4246 petere,
731 4192 895 4245 quam
924 4192 984 4230 se
1006 4177 1304 4231 discrimini
1325 4180 1682 4232 certaminum
1705 4193 1995 4248 exponere.
2012 4180 2093 4234 Ita

499 4267 662 4320 etiam
686 4266 774 4321 ille
794 4265 1104 4321 adolescens
1126 4266 1192 4320 de
1216 4282 1323 4335 quo
1346 4266 1558 4320 Marcus
1579 4266 1768 4332 refert,
1791 4269 1936 4338 quod
1958 4266 2095 4336 reje-

502 4350 586 4411 cta
616 4356 842 4412 sindone
880 4357 1055 4412 nudus
1082 4356 1381 4428 profugerit
1412 4357 1479 4411 ab
1506 4357 1709 4427 impiis,
1767 4358 1983 4413 illorum
2040 4368 2095 4415 et

503 4465 640 4520 opus
662 4449 909 4520 designat
933 4457 990 4504 et
1009 4450 1272 4515 animum,
1314 4450 1404 4520 qui
1457 4458 1517 4503 ut
1562 4451 1866 4505 securiores
1907 4450 1975 4506 ab
2011 4453 2095 4506 in-

503 4538 753 4594 cursibus
783 4540 1017 4595 hostium
1040 4540 1194 4606 ﬁant,
1228 4540 1488 4611 quidquid
1508 4542 1562 4595 in
1586 4541 1691 4596 hoc
1732 4541 1932 4597 mundo
1964 4557 2095 4612 pos-

508 4634 683 4688 sidere
713 4634 962 4688 videntur
989 4634 1266 4704 abjiciunt,
1298 4650 1363 4690 ac
1405 4634 1592 4689 mundi
1642 4635 1821 4704 potius
1863 4635 2092 4690 Domino

502 4728 749 4782 famulari
791 4743 951 4797 quam
992 4728 1315 4783 adhaerendo
1359 4729 1544 4784 mundi
1586 4730 1748 4784 rebus
1803 4730 2090 4783 materiam

503 4820 741 4873 tentanin
766 4828 927 4889 atque
951 4836 983 4874 a
1008 4820 1118 4874 Deo
1143 4821 1431 4875 revocandi
1461 4820 1806 4884 adversariis,
1838 4821 1967 4875 dare
2011 4819 2094 4874 di-

502 4909 769 4963 dicerunt.
797 4906 958 4963 Juxta
985 4909 1286 4977 exemplum
1312 4909 1455 4963 beati
1493 4908 1711 4979 Joseph,
1764 4910 1855 4979 qui
1905 4909 2093 4966 relicto

505 4998 561 5052 in
594 4999 846 5053 manibus
872 4998 1130 5053 adulterae
1167 4999 1349 5068 pallio,
1404 4999 1550 5055 foras
1595 5000 1837 5066 exsiluit,
1882 5000 2091 5059 malens

504 5089 615 5144 Deo
644 5091 819 5145 nudus
845 5106 1009 5161 quam
1035 5091 1253 5146 indutus
1289 5092 1670 5163 cupiditatibus
1692 5093 1897 5160 mundi,
1919 5108 2096 5149 mere-

506 5185 625 5237 trici
656 5185 860 5238 servire
887 5182 1048 5256 (Gen.
1082 5185 1302 5256 xxxxx).

578 5272 776 5347 [ηιμ]
801 5274 865 5329 At
888 5275 967 5330 illi
989 5286 1216 5331 tenentes
1242 5276 1445 5344 Iesum,
1465 5279 1725 5334 duxerunt
1746 5281 1817 5334 ad
1837 5279 2092 5353 Caipltam

502 5369 787 5438 principem
817 5370 1147 5425 sacerdotum
1170 5370 1257 5424 ubi
1306 5373 1489 5427 scribae
1536 5385 1584 5426 et
1631 5374 1859 5428 seniores
1912 5392 2094 5430 conve-

505 5471 709 5515 nerant.
736 5461 936 5518 Ductus
968 5473 1052 5520 est
1073 5474 1255 5521 autem
1285 5463 1460 5532 Jesus,
1502 5475 1560 5521 ut
1584 5465 1819 5522 Joannes
1859 5470 2095 5525 ostendit

506 5554 701 5625 (Joan.
736 5557 937 5626 xvm),
980 5559 1046 5613 ad
1094 5559 1305 5612 Annam
1348 5558 1603 5628 primum,
1650 5559 1741 5630 qui
1774 5568 1891 5613 erat
1937 5576 2094 5615 socer

508 5642 743 5714 Caiphae.
788 5645 991 5700 Deinde
1019 5647 1203 5703 Annas
1234 5648 1383 5702 misit
1406 5663 1529 5703 eum
1577 5651 1816 5705 vinctum
1858 5650 1924 5704 ad
1971 5650 2093 5705 Cai—

509 5735 691 5805 pham,
717 5737 833 5805 qui,
855 5737 993 5791 sicut
1012 5739 1300 5807 praedictus
1326 5737 1563 5795 Joannes
1591 5741 1917 5812 evangelista
1953 5742 2091 5796 scri-

505 5827 608 5893 bit,
637 5840 756 5884 erat
780 5830 1020 5901 pontifex
1044 5833 1167 5886 anni
1190 5833 1351 5887 illius.
1384 5834 1460 5888 De
1498 5849 1607 5904 quo
1633 5847 1990 5891 consentanea
2017 5844 2094 5891 te-

508 5927 707 6001 statur-
729 5917 1016 5991 Josephus,
1057 5925 1201 5993 quod
1230 5924 1602 5994 pontiﬁcatum
1634 5927 1796 5982 unius
1816 5926 1944 5981 anni
1969 5935 2091 5982 tan-

2198 4155 2501 4247 bominum,
2528 4155 2851 4235 et-adversus
2878 4176 3147 4233 Christum
3173 4171 3311 4247 ejus(
3333 4164 3541 4222 Psal.ul.

2195 4274 2293 4325 tati
2317 4280 2435 4326 sunt
2466 4272 2815 4343 iniquitatem,
2844 4272 3145 4341 defecerunt
3193 4272 3449 4321 scrutantes
3477 4258 3642 4343 seru-tm:

2196 4362 2399 4431 sagitta?
2425 4330 2763 4432 parvulorum
2802 4330 2968 4430 'fact'te
2998 4369 3122 4415 sunt
3165 4358 3323 4429 plaga:
3358 4361 3500 4437 eorum
3533 4330 3641 4437 (ξέαξί

2196 4467 2325 4505 Lxm
2342 4452 2383 4521 ).
2409 4451 2553 4508 Bene
2578 4452 2742 4506 etiam
2765 4452 3020 4507 convenit
3048 4463 3242 4506 nomen
3268 4434 3643 4521 pontiﬁcisactionts

2195 4560 2306 4599 sua:
2334 4545 2662 4601 strenuitati.
2706 4544 3097 4616 Interpretatur
3138 4542 3274 4599 enim
3320 4530 3502 4597 σαίρίιω

2197 4647 2371 4710 gator,
2408 4639 2494 4693 vel
2519 4655 2706 4711 sagax,
2736 4639 2849 4695 sive
2874 4656 3084 4695 vomens
3124 4654 3227 4692 ore.
3284 4631 3433 4699 Sagax
3461 4618 3560 4711 09"“
3588 4608 3641 4704 '"f‘

2199 4731 2267 4785 ad
2296 4710 2726 4802 prosequendam
2766 4739 2823 4786 et
2847 4732 2914 4786 ad
2945 4729 3258 4801 explendam
3302 4717 3396 4775 doli
3437 4710 3497 4805 sui
3519 4711 3638 4805 .094“:

2199 4790 2349 4886 “ali”
2375 4790 2785 4892 sed.impudens
2812 4822 2879 4877 ad
2920 4790 3291 4892 proferendum
3336 4794 3587 4865 mendacium
3612 4790 3638 4832 tl

2198 4914 2267 4969 ad
2297 4913 2588 4984 petendum
2611 4914 2982 4969 homicidium.
3567 4972 3586 4984 η

2273 4973 2570 5062 Novissime
2604 5018 2779 5062 autem
2808 5015 3055 5062 venerunt
3086 5006 3188 5060 duo
3212 4997 3324 5071 falsi
3346 4998 3483 5047 testes,
3504 4973 3637 5072 alii”:

2200 5110 2363 5155 runt:
2390 5100 2493 5155 Hic
2521 5101 2657 5155 dixit
2681 5116 2699 5153 :
2730 5098 2955 5156 Possum
2986 5062 3241 5154 destruere
3287 5062 3634 5175 τεπιρίίξφρῗξ

2193 5202 2307 5264 post
2337 5192 2571 5246 triduum
2597 5191 2919 5262 recedi/icere
2945 5191 3099 5246 illud.
3129 5181 3379 5271 Quomndt)
3423 5160 3636 5271 ίθξδῖξῗξῗ

2196 5293 2344 5350 sunt,
2378 5285 2422 5339 si
2460 5299 2524 5338 ea
2551 5284 2738 5339 dicunt
2786 5299 2907 5354 quae
2946 5284 3222 5339 Dominum
3258 5270 3429 5330 dixisse
3462 5255 3628 5358 Ιςξιξέθῗ

2198 5376 2305 5432 Sed
2330 5347 2495 5431 falsus
2524 5377 2678 5432 testis
2705 5347 2902 5448 estqui
2932 5391 3039 5431 non
3089 5375 3265 5432 eodem
3297 5347 3633 5457 sensu‘di‘f:

2198 5468 2388 5538 telligil
2413 5484 2521 5538 quo
2543 5468 2813 5524 dicuntur.
2828 5437 3107 5524 .Dominus
3130 5437 3616 5562 enirn.dixet‘t::$

2198 5561 2287 5631 plo
2320 5562 2564 5631 corporis
2589 5562 2692 5628 sui,
2719 5561 2813 5616 sed
2839 5570 2895 5616 et
2917 5562 2970 5616 in
2998 5561 3124 5632 ipsis
3145 5551 3306 5612 verbis
3340 5524 3628 5650 calumfrﬂ:

2199 5618 2254 5706 et
2276 5618 2462 5721 paucis
2488 5618 2690 5708 additis
2705 5652 2789 5707 vel
2819 5618 3043 5707 mutatis
3063 5648 3203 5722 quasi
3223 5646 3391 5714 justam
3409 5618 3592 5722 “iuni”:

2200 5753 2474 5799 accusant.
2545 5744 2795 5799 Salvator
2850 5745 3108 5800 dixerat:
3156 5733 3326 5793 Solvite
3355 5732 3435 5777 tem

2200 5838 2396 5909 (Joan.
2429 5838 2502 5911 ιι)
2530 5858 2542 5892 :
2568 5838 2663 5893 lsti
2685 5848 3022 5894 commutant
3042 5845 3097 5893 et
3119 5835 3256 5889 aiunt
3278 5842 3290 5877 τ
3314 5817 3405 5886 59"

2201 5897 2448 5999 lemplum
2471 5897 2566 5984 liae
2589 5930 2974 5999 manufestum.
3008 5929 3134 5994 Vos,
3163 5916 3327 5989 inquit.
3372 5897 3527 5959 50mm

3436 5709 3538 5785 plum
3570 5693 3626 5744 ll“

3439 5789 3623 5857 Ml!

3558 5880 3621 5928 nail
