3898 6442
182 361 324 416 1129

1136 334 1491 417 contuear;
1529 359 1592 413 IN
1630 357 2058 415 MAT'l‘llAiUM.
2097 391 2167 401 -
2203 361 2332 418 LIB.
2376 361 2510 418 vm.

3281 366 3419 425 H50

178 475 235 528 in
259 487 365 542 quo
378 472 706 543 majoresset
730 473 1028 530 constantia
1047 474 1310 539 veritatis,
1328 490 1488 546 quam
1505 474 1547 528 si
1563 475 1743 529 omnia
1773 478 1819 536 Α
1847 475 1998 542 quasi
2023 484 2269 546 apertum
2291 476 2592 532 invidorum
2614 478 2955 534 mendacium
2981 477 3138 535 nihili
3156 480 3417 552 pendens,

177 563 270 617 illa
305 579 442 618 unus
487 563 648 618 homo
687 564 980 633 quamlibet
1028 565 1370 619 doctissimus
1414 565 1742 634 loqueretur.

177 653 330 720 Quod
360 671 487 725 ergo
533 656 659 710 hinc
697 664 1068 726 argumentum
1121 671 1332 710 sumere
1367 667 1629 710 conantur
1664 655 1746 712 vel

177 746 422 802 inﬁdeles
447 747 527 802 vel
549 748 779 816 imperiti
810 749 1070 812 homines,
1098 749 1251 816 quasi
1277 749 1344 802 ad
1362 749 1746 803 ostendendam

174 838 564 896 dissonantiam
602 849 909 895 sanctorum
939 840 1411 908 evangelistarum,
1441 841 1544 895 hoc
1571 841 1748 910 potius

174 930 374 986 debent
401 945 674 987 assumere
717 930 920 995 ﬁdeles,
973 940 1027 984 et
1061 932 1199 986 docti
1250 932 1315 986 ad
1362 933 1744 986 ostendendam

173 1024 435 1078 unitatem
487 1032 790 1078 sanctorum
847 1023 1008 1076 etiam
1061 1024 1460 1092 prophetarum.
1502 1023 1598 1078 Est
1642 1023 1745 1077 alia

117 1151 121 1155 ς
174 1127 338 1167 causa
371 1127 470 1167 cur
498 1113 598 1166 hoc
627 1126 821 1166 nomen
851 1109 1097 1165 Ieremia:
1126 1111 1179 1164 in
1212 1110 1514 1165 testimonio
1539 1111 1744 1165 Zacha-

173 1203 270 1258 ria:
297 1203 375 1258 sic
403 1217 717 1273 permanere
751 1201 1068 1272 permissum
1095 1242 1109 1266 ,
1157 1201 1243 1257 vel
1287 1203 1464 1271 potius
1513 1201 1746 1272 Spiritus

172 1293 346 1348 sancti
399 1293 722 1348 auctoritate
770 1300 1094 1361 praeceptum
1145 1292 1234 1346 sit.
1278 1291 1374 1347 Est
1413 1289 1743 1362 apud'Jere-

171 1385 334 1439 miam
355 1425 370 1449 ,
397 1384 540 1454 quod
565 1384 756 1438 emerit
783 1399 973 1454 agrum
1019 1399 1048 1436 a
1080 1382 1201 1437 ﬁliis
1226 1383 1408 1437 fratris
1434 1381 1538 1447 sui,
1570 1391 1626 1437 et
1653 1383 1747 1436 de.-

171 1473 313 1527 derit
360 1473 408 1527 ei
460 1481 742 1544 argentum
769 1513 784 1536 ,
840 1488 945 1526 non
997 1471 1211 1541 quidem
1258 1473 1358 1528 sub
1398 1473 1502 1528 hoc
1531 1473 1746 1527 nomine

169 1561 330 1631 pretii
381 1561 523 1631 quod
577 1561 807 1631 positum
837 1569 920 1616 est
959 1561 1097 1631 apud
1137 1562 1486 1628 Zachariam,
1526 1563 1744 1631 triginta

170 1652 442 1722 argenteis
466 1691 481 1716 ,
516 1663 884 1706 verumtamen
927 1653 1041 1722 agri
1083 1653 1284 1723 emptio
1329 1668 1434 1708 non
1481 1661 1564 1708 est
1604 1653 1744 1724 apud

169 1741 507 1796 Zachariam.
545 1741 696 1808 Quod
732 1750 913 1797 autem
939 1743 1270 1812 prephetiam
1300 1744 1366 1799 de
1393 1744 1608 1815 triginta
1651 1759 1736 1798 ar-

1849 564 2020 619 solum
2051 566 2152 622 hoc
2198 567 2340 637 quod
2367 567 2642 622 nesciebat
2669 569 2953 638 quasitum
2992 569 3209 640 dignum
3252 572 3423 627 duxe”

1849 655 1936 708 rit.
1971 653 2246 727 (Venant.)
2276 657 2591 728 Arguuntur
2627 657 2918 728 impietatis
2951 657 3140 723 Judaei,
3170 661 3312 730 quod
3335 676 3422 716 ac-

1847 758 2098 803 cusantes
2127 747 2461 804 Salvatorem
2489 764 2558 803 ne
2588 748 2721 804 falso
2746 751 2961 819 quidem
2998 751 3198 822 aliquid
3229 753 3420 809 verisi-

1847 838 1972 892 mile
1995 840 2134 908 quod
2161 840 2210 895 ei
2239 839 2472 910 objicere
2507 840 2716 909 possint
2744 841 3052 907 inveniunt;
3083 850 3138 897 et
3166 843 3287 898 ideo
3313 842 3421 901 sic-

1845 936 1905 981 ut
1949 927 2161 984 Marcus
2207 929 2370 995 dicit,
2439 931 2814 986 convenientia
2866 946 3053 986 eorum
3107 933 3415 990 testimonia

1844 1033 1951 1072 non
1978 1027 2150 1073 erant.

1919 1106 2056 1161 Dicit
2094 1108 2142 1162 ei
2190 1106 2346 1163 Iesus
2375 1122 2394 1161 :
2426 1108 2506 1163 Tu
2551 1109 2702 1164 dicis.
2734 1109 2933 1166 Eodem
2969 1111 3135 1166 verbo
3179 1113 3418 1182 praesidi,

1845 1213 1953 1268 quo
1977 1208 2034 1253 et
2059 1199 2393 1270 principibus
2411 1203 2749 1257 sacerdotum
2781 1203 3090 1274 respondet,
3117 1212 3179 1259 ut
3201 1209 3417 1276 propria

1846 1291 2113 1345 sententia
2177 1292 2622 1348 condemnentur.
2700 1293 2896 1364 Sicque
2944 1295 3058 1364 ipse
3111 1311 3416 1353 sermonem

1845 1396 2002 1437 suum
2030 1391 2313 1453 temperat,
2341 1392 2402 1438 ut
2424 1393 2478 1438 et
2502 1399 2689 1438 verum
2720 1386 2879 1450 dicat,
2907 1395 2963 1441 et
2987 1401 3166 1442 sermo
3186 1389 3303 1459 ejus
3323 1404 3418 1444 ca-

1846 1470 2065 1526 lumnia;
2090 1486 2194 1526 non
2225 1480 2424 1542 pateat.
2459 1472 2563 1527 Sed
2591 1473 2922 1544 aliquantum
2963 1477 3206 1532 diversus
3238 1493 3416 1534 sermo

1847 1569 1953 1627 est,
1980 1562 2071 1633 qui
2101 1561 2274 1617 fuerat
2303 1562 2369 1617 ad
2399 1564 2754 1618 sacerdotem.
2784 1564 2860 1620 Illi
2890 1565 3032 1620 enim
3057 1569 3319 1638 quaerenti
3347 1585 3415 1624 an

1847 1653 1963 1722 ipse
1983 1651 2230 1707 Christus
2257 1661 2420 1718 esset,
2449 1653 2658 1708 dixerat
2682 1672 2694 1708 :
2730 1653 2806 1708 Tu
2829 1655 3029 1708 dixisti.
3054 1655 3279 1728 (Hilam)
3303 1657 3416 1714 Hoc

1848 1743 1969 1798 ideo
1993 1743 2118 1812 quia
2148 1742 2232 1797 lex
2255 1743 2430 1798 omnis
2464 1752 2749 1799 venturum
2777 1744 3051 1800 Christum
3085 1747 3415 1817 praedicave-

168 1833 374 1903 genteis
403 1833 469 1887 ad
501 1833 603 1888 hoc
630 1834 1014 1904 interpretatus
1060 1836 1131 1890 sit
1175 1837 1502 1908 evangelista
1536 1878 1550 1904 ,
1597 1839 1739 1908 quod
1771 1827 1817 1886 B
1846 1841 1953 1899 rat,
1985 1833 2339 1904 respondetur
2371 1842 2629 1904 tanquam
2672 1837 2737 1890 de
2783 1837 3072 1906 praeteritis
3118 1839 3413 1905 sacerdoti,

167 1922 327 1978 modo
356 1923 421 1978 de
452 1922 679 1978 Domino
705 1925 1028 1995 completum
1077 1935 1162 1981 est
1185 1968 1199 1989 ,
1231 1934 1291 1980 ut
1317 1927 1419 1982 hoc
1457 1936 1600 1982 esset
1626 1926 1743 1995 ejus

165 2013 416 2082 pretium,
447 1998 789 2069 manifestum
808 2022 910 2071 est.
937 2014 1041 2070 Sed
1065 2017 1133 2071 ad
1157 2017 1258 2072 hoc
1285 2017 1555 2086 pertinere
1576 2018 1742 2073 etiam

165 2099 295 2156 illud
323 2101 388 2156 de
418 2117 550 2172 agro
575 2112 774 2173 empto,
805 2105 949 2174 quod
967 2104 1230 2162 Jeremias
1252 2105 1400 2172 dicit,
1417 2107 1541 2163 hinc
1566 2109 1742 2179 potuit

168 2189 396 2259 mystice
427 2191 759 2261 signiﬁcari,
787 2202 846 2248 ut
880 2208 986 2248 non
1032 2194 1083 2248 id
1114 2194 1386 2250 Zachariae
1418 2210 1614 2250 nomen
1647 2211 1743 2265 po-

167 2289 418 2346 neretur,
442 2283 534 2351 qui
559 2282 696 2336 dixit
724 2283 943 2354 triginta
967 2286 1236 2355 argenteis
1260 2325 1274 2351 ,
1309 2286 1402 2340 sed
1443 2286 1692 2341 Jeremia:
1721 2327 1737 2352 ,

165 2367 257 2437 qui
283 2368 419 2422 dixit
454 2369 519 2424 de
558 2385 689 2442 agro
727 2381 907 2442 empto
949 2390 963 2427 :
1001 2382 1060 2428 ut
1099 2374 1237 2430 lecto
1263 2375 1552 2446 Evangelio
1582 2387 1742 2446 atque

169 2458 388 2514 invento
439 2461 656 2516 nomine
718 2461 966 2518 Jeremia:
992 2503 1008 2530 ,
1059 2463 1199 2520 lecto
1237 2476 1417 2522 autem
1455 2465 1690 2522 Jeremia
1722 2507 1738 2532 ,

165 2556 220 2603 et
271 2565 375 2604 non
436 2552 650 2608 invento
699 2553 1004 2609 testimonio
1050 2555 1116 2610 de
1174 2556 1387 2626 triginta
1446 2557 1740 2627 argenteis,

166 2640 382 2696 invento
405 2650 582 2698 tamen
610 2658 740 2715 agro
759 2654 960 2715 empto,
985 2647 1517 2712 admoneaturlector
1539 2656 1744 2703 utrum-

169 2744 273 2799 que
298 2733 544 2786 conferre
573 2773 589 2798 ,
635 2743 689 2789 et
718 2734 842 2789 inde
872 2750 1088 2790 sensum
1113 2737 1398 2792 enucleare
1423 2739 1738 2807 prophetiae,

166 2822 434 2890 quomodo
463 2823 727 2891 pertineat
773 2824 837 2877 ad
885 2823 983 2878 hoc
1021 2823 1161 2894 quod
1203 2825 1256 2878 in
1289 2825 1516 2880 Domino
1552 2826 1737 2896 imple-

166 2925 278 2972 tum
309 2927 410 2973 est.
439 2918 573 2973 Nam
623 2919 750 2972 illud
808 2921 949 2993 quod
995 2920 1228 2994 subjecit.
1263 2920 1393 2977 huic
1434 2921 1742 2979 testimonio

168 3009 449 3068 Matthe‘eu-s
479 3025 600 3068 cum
629 3014 703 3068 ait
737 3031 750 3066 ε
783 3015 948 3080 Quem
975 3023 1390 3085 apprettaverunt
1424 3015 1524 3082 ﬁlii
1551 3014 1739 3081 Israel,

1846 1925 1970 1994 quia
1998 1938 2212 1995 semper
2234 1933 2517 1980 venturum
2554 1924 2827 1981 Christum
2865 1941 2932 1982 ex
2957 1927 3074 1998 lege
3100 1929 3217 2000 ipse
3253 1930 3419 1986 dixis-

1843 2025 1946 2070 set.
1979 2015 2114 2071 Huic
2138 2032 2268 2072 vero
2292 2016 2424 2088 legis
2450 2018 2638 2089 ignaro
2676 2019 3027 2090 interroganti
3057 2037 3124 2076 an
3175 2023 3288 2092 ipse
3332 2039 3418 2080 es-

1844 2105 2052 2162 setrex
2081 2106 2388 2163 Judzeorum
2433 2109 2630 2164 dicitur
2673 2128 2685 2164 :
2728 2110 2806 2164 Tu
2849 2112 3003 2178 dicis,
3044 2114 3168 2183 quia
3208 2130 3308 2186 per
3345 2115 3414 2170 ﬁ-

1843 2199 1964 2254 dem
2017 2201 2299 2270 prmsentis
2327 2201 2681 2257 confessionis
2728 2202 2874 2258 salus
2918 2206 3157 2273 gentium
3205 2215 3307 2262 est.
3346 2205 3417 2265 Et

1841 2293 1986 2361 quod
2019 2293 2122 2348 hoc
2149 2294 2215 2348 de
2243 2308 2322 2358 se,
2352 2293 2440 2349 ille
2467 2295 2558 2365 qui
2599 2304 2758 2350 antea
2815 2296 3096 2367 ignorabat
3131 2298 3414 2370 loquatur,

1843 2383 1986 2455 quod
2013 2385 2068 2440 hi
2097 2393 2296 2462 negant
2321 2386 2413 2456 qui
2440 2397 2594 2442 antea
2625 2388 3004 2459 loquebantur.

1914 2472 1983 2527 Et
2022 2491 2139 2528 cum
2183 2485 2521 2529 accusaretur
2561 2493 2595 2530 α
2645 2479 2964 2550 principibus
3001 2481 3331 2536 sacerdotum
3368 2494 3416 2538 et

1841 2566 2130 2620 senioribus
2155 2565 2286 2620 nihil
2330 2567 2612 2636 respondit.
2641 2567 2910 2641 (Ηὶενοη.)
2939 2571 3137 2626 Verum
3166 2581 3225 2626 ut
3263 2574 3419 2629 nobis

1840 2656 2116 2725 patientia:
2141 2657 2380 2725 prmbeat
2407 2657 2732 2727 exemplum,
2762 2659 2903 2714 sicut
2929 2669 3055 2717 ante
3082 2662 3418 2730 verberatus,

1843 2746 1924 2800 sic
1961 2753 2017 2800 et
2045 2747 2206 2801 modo
2235 2747 2522 2801 accusatus
2571 2750 2693 2804 silet
2737 2765 2802 2805 ac
2850 2751 3059 2806 reticet.
3098 2753 3165 2807 Et
3200 2755 3420 2810 attende

1843 2837 1985 2905 quod
2013 2837 2204 2903 Pilato,
2235 2841 2324 2908 qui
2362 2841 2564 2894 invitus
2608 2839 2813 2895 ferebat
2850 2841 3196 2908 sententiam,
3238 2843 3416 2913 aliqua

1844 2927 1897 2984 in
1927 2937 2080 3000 parte
2110 2930 2881 3002 responzlerit.~Saeerdmilms
2931 2941 3111 2999 autem
3139 2941 3190 2987 et
3216 2935 3416 3008 princi-

1843 3020 2000 3090 pibus
2037 3023 2365 3092 respondere
2389 3023 2644 3091 noluerit,
2670 3024 3020 3095 indignosque
3048 3038 3147 3079 suo
3169 3039 3419 3081 sermone

165 3113 208 3157 et
239 3103 492 3158 dederunt
523 3121 609 3158 eos
637 3106 692 3158 in
727 3121 910 3175 agrum
943 3105 1124 3174 ﬁguli,
1158 3106 1293 3158 sicut
1319 3106 1585 3159 constituit
1617 3106 1742 3160 mihi
1780 3173 1812 3180 Α
1837 3111 2116 3180 judicarit.

164 3197 441 3263 Dominus,
467 3214 566 3254 nec
599 3199 741 3269 apud
765 3173 1127 3264 Zachariam,
1156 3213 1256 3254 nec
1283 3200 1424 3270 apud
1453 3199 1740 3254 Jeremiam
1769 3173 1814 3235 (ἶ
1838 3173 1856 3180 ⁷
1921 3203 2065 3259 Tunc
2095 3205 2220 3259 dicit
2262 3205 2342 3260 illi
2373 3203 2579 3260 Pilatus
2621 3221 2638 3259 :
2671 3206 2794 3261 Non
2823 3207 2976 3262 audis
3015 3217 3209 3280 quanta
3235 3207 3420 3262 adver-

165 3289 448 3357 reperitur.
480 3288 632 3344 Unde
655 3289 825 3360 magis
842 3304 909 3343 ex
928 3305 1158 3358 persona
1191 3290 1358 3358 ipsius
1403 3290 1744 3360 evangelistae

164 3383 535 3453 accipiendum
588 3390 672 3438 est
727 3382 999 3453 eleganter
1044 3391 1099 3438 et
1153 3384 1379 3455 mystice
1439 3383 1740 3450 insertum,

163 3477 286 3544 quia
331 3484 384 3531 et
425 3477 528 3532 hoc
567 3491 634 3530 ex
682 3475 895 3530 Domini
949 3475 1273 3530 revelatione
1323 3477 1633 3546 cognoverit
1674 3475 1742 3530 ad

164 3565 300 3619 hanc
330 3580 465 3629 rem,
497 3579 617 3634 qua:
648 3565 713 3619 de
743 3563 944 3620 Christi
992 3565 1167 3634 pretio
1219 3564 1356 3618 facta
1400 3573 1503 3629 est,
1558 3563 1744 3632 hujus-

163 3656 306 3712 modi
334 3655 604 3724 pertinere
631 3657 992 3726 prophetiam.
1024 3656 1188 3712 Liber
1211 3657 1408 3726 quippe
1431 3657 1596 3725 empti
1625 3655 1740 3725 agri

163 3747 302 3817 apud
330 3746 618 3802 Jeremiam
645 3747 865 3817 jubetur
895 3747 1035 3802 mitti
1059 3748 1113 3801 in
1141 3762 1235 3801 vas
1263 3746 1446 3811 ﬁctile,
1466 3756 1519 3800 et
1544 3746 1744 3800 emitur

164 3837 251 3891 hic
284 3837 348 3890 de
373 3837 546 3905 pretio
576 3837 789 3892 Domini
817 3852 943 3908 ager
969 3837 1112 3908 ﬁguli
1140 3878 1155 3902 ,
1191 3845 1245 3890 et
1275 3837 1377 3891 hoc
1401 3836 1468 3890 ad
1498 3836 1741 3905 sepultu-

163 3945 274 3982 ram
311 3930 738 4000 peregrinorum,
766 3937 1020 3998 tanquam
1047 3928 1114 3982 ad
1133 3926 1562 3996 permansionem
1589 3925 1743 3996 quie-

162 4021 228 4074 tis
261 4037 446 4074 eorum
493 4037 614 4074 cum
661 4021 714 4074 in
762 4021 865 4075 hoc
913 4019 1108 4074 saeculo
1132 4017 1582 4088 peregrinantur,
1615 4031 1743 4071 con-

161 4111 485 4179 St‘pelicnlttr
531 4110 748 4165 Christo
798 4127 896 4180 per
939 4111 1282 4180 baptismum.
1319 4109 1452 4164 Nam
1500 4117 1556 4164 et
1594 4107 1742 4162 illam

160 4205 482 4272 emptionem
511 4203 625 4272 agri
655 4202 758 4257 hoc
787 4202 1095 4272 signiﬁcare
1119 4241 1135 4267 ,
1166 4201 1243 4256 ait
1269 4200 1532 4256 Jeremias
1559 4219 1570 4254 :
1600 4200 1741 4255 Dicit

167 4293 424 4349 [)mninus
455 4310 468 4346 :
505 4292 644 4356 Quia
685 4294 780 4345 erit
828 4293 1120 4361 permansio
1165 4293 1452 4363 captivitati
1502 4292 1743 4347 liberato-

164 4402 275 4437 rum
305 4385 358 4438 in
395 4384 488 4438 illa
514 4394 678 4438 terra.
713 4382 968 4453 Sequitur
997 4383 1298 4448 Matthtens,
1331 4393 1386 4439 et
1413 4384 1544 4439 dicit
1570 4399 1585 4436 :

233 4477 386 4530 Jcsus
442 4487 618 4531 autem
674 4477 812 4530 stetit
871 4485 989 4529 ante
1054 4476 1360 4547 prwsidem,
1407 4487 1457 4530 et
1513 4476 1740 4529 interro-

160 4567 296 4634 gavit
354 4582 472 4618 eum
530 4580 718 4634 prceses
779 4564 1002 4618 dicens:
1035 4563 1112 4617 'l‘u
1151 4581 1204 4618 es
1245 4581 1336 4618 rea:
1373 4562 1683 4617 Judteorum
1713 4564 1740 4618 ."

162 4655 314 4710 lluuc
361 4655 537 4710 locum
586 4652 926 4709 manifestius
979 4655 1033 4708 in
1091 4655 1235 4710 Luca
1291 4653 1591 4724 reperimus
1643 4667 1738 4708 ex-

161 4747 452 4818 planatum.
500 4744 592 4798 Ait
621 4744 766 4798 enim
816 4745 934 4799 sic:
988 4743 1058 4798 Et
1095 4761 1311 4814 surgens
1350 4745 1519 4799 omnis
1562 4744 1740 4799 multi-

159 4842 286 4894 ludo
324 4855 503 4894 eorum
549 4840 810 4892 duxerunt
854 4837 1003 4891 illum
1051 4838 1119 4892 ad
1162 4836 1414 4892 Pilatum.
1463 4835 1738 4908 Coeperunt

163 4941 338 4985 autem
367 4945 620 4983 accusare
644 4927 793 4980 illum
816 4927 1078 4982 dicentes:
1116 4927 1272 4981 Hunc
1312 4928 1598 4983 invenimus
1623 4928 1740 4982 sub-

161 5032 436 5078 vertentem
483 5032 682 5093 gentem
738 5029 991 5086 nostram,
1043 5031 1091 5075 et
1133 5021 1483 5091 prohibentem
1542 5021 1735 5075 tributa

158 5114 286 5167 dare
323 5111 540 5178 Cwsari,
593 5122 642 5165 et
680 5113 933 5166 dicentem
978 5127 1034 5166 se
1075 5110 1340 5166 Christum
1394 5129 1564 5182 regem
1603 5128 1734 5166 esse.

157 5206 226 5260 Et
253 5205 544 5258 notandum
570 5204 709 5271 quod
734 5204 942 5258 duobus
968 5202 1260 5259 secundum
1283 5202 1484 5258 Lucam
1509 5202 1736 5257 Domino

157 5292 404 5362 objectis,
435 5292 682 5346 videlicet
705 5294 846 5362 quod
876 5301 930 5348 et
953 5294 1153 5349 tributa
1178 5292 1376 5348 Caesari
1403 5293 1531 5349 dare
1551 5293 1734 5363 prohi-

159 5387 332 5450 beret,
356 5393 410 5440 et
436 5398 494 5439 se
515 5382 786 5439 Christum
813 5399 991 5453 regem
1019 5384 1243 5448 diceret,
1285 5382 1490 5438 Pilatus
1512 5397 1642 5438 vero
1666 5384 1732 5439 de

158 5494 270 5535 uno
303 5477 452 5546 regni
479 5477 640 5530 verbo
673 5476 1105 5545 interrogandum
1128 5477 1355 5548 putavit.
1388 5476 1732 5532 Potuitenim

160 5568 278 5625 ﬁeri
311 5577 368 5622 ut
417 5567 546 5622 illud
583 5567 795 5621 Domini
839 5564 1122 5635 judicium,
1153 5570 1294 5638 quod
1330 5569 1406 5622 ait
1449 5586 1462 5622 :
1513 5568 1732 5623 Reddite

161 5657 362 5716 Cwsari
385 5677 501 5732 qua:
531 5658 753 5714 Cwsaris
777 5669 919 5723 sunt,
941 5670 988 5713 et
1017 5677 1133 5730 quae
1158 5661 1253 5715 Dei
1277 5671 1396 5715 sunt
1413 5660 1544 5726 Deo,
1567 5661 1729 5714 etiam

158 5749 391 5810 Pilatum
430 5751 644 5807 audisse
680 5750 985 5820 contigerit.
1034 5749 1263 5819 Ideoque
1302 5766 1520 5806 causam
1567 5751 1727 5817 hanc,

519 5845 791 5905 PATROL.
834 5841 1022 5903 CVII.

1843 3313 1960 3352 sum
1988 3307 2037 3351 te
2061 3297 2243 3350 dicunt
2267 3297 2584 3351 testimonia.
2614 3296 2681 3351 Et
2720 3314 2821 3352 non
2861 3299 3122 3368 respondit
3147 3299 3196 3352 ei
3215 3299 3285 3352 ad
3330 3297 3415 3352 ul-

1842 3386 1952 3440 lum
1999 3387 2226 3452 verbum,
2280 3387 2353 3440 ita
2408 3397 2463 3441 ut
2516 3389 2794 3442 miraretur
2837 3404 3026 3458 pra'ses
3078 3388 3416 3443 vehementer.

1842 3473 2104 3530 Ethnicus
2155 3476 2372 3544 quidem
2423 3483 2534 3542 est,
2579 3477 2671 3546 qui
2701 3477 3036 3532 'condemnat
3064 3474 3284 3544 Iesum,
3326 3477 3422 3534 sed

1843 3581 2062 3622 causam
2095 3566 2262 3622 refert
2289 3567 2342 3622 in
2373 3567 2628 3638 papulum
2651 3565 2978 3622 Iudaeorum.
3018 3566 3147 3622 Vide
3171 3569 3226 3622 in
3249 3583 3420 3640 quan-

1843 3657 1909 3710 tis
1932 3666 1980 3711 te
2010 3667 2277 3711 accusant.
2304 3656 2462 3712 Jcsus
2487 3665 2666 3712 autem
2711 3655 2846 3711 nihil
2867 3657 3192 3726 respondere
3218 3657 3417 3722 voluit,

1844 3761 1913 3800 ne
1941 3747 2149 3802 crimen
2179 3747 2408 3811 diluens,
2446 3746 2810 3802 dimitteretur
2829 3761 2860 3802 a
2889 3747 3138 3818 praeside,
3165 3759 3220 3803 et
3243 3750 3420 3803 crucis

1842 3834 2049 3890 utilitas
2075 3835 2398 3892 diﬁ'erretur.

1915 3923 2022 3980 Per
2061 3927 2197 3980 diem
2223 3937 2398 3981 autem
2434 3927 2713 3982 solemnem
2741 3937 3078 3982 consueverat
3106 3945 3298 3999 prceses
3337 3930 3420 3983 di-

1841 4015 2046 4070 mittere
2107 4015 2299 4086 populo
2371 4033 2534 4070 unum
2597 4019 2823 4071 vinctum
2888 4033 3039 4087 quem
3111 4018 3411 4074 voluissent.

1844 4106 2070 4176 (Μλυιι.)
2104 4105 2254 4160 lianc
2296 4115 2474 4162 autem
2515 4107 2882 4163 dimissionem
2928 4109 3221 4166 solemnem
3247 4151 3262 4177 ,
3302 4129 3414 4169 non

1842 4197 2140 4268 imperialis
2169 4199 2308 4268 legis
2353 4201 2628 4255 sanctione
2666 4199 2869 4254 Pilatus
2916 4201 2968 4254 in
3020 4217 3119 4257 usu
3161 4203 3416 4273 habebat,

1843 4290 1940 4344 sed
1970 4305 2150 4344 annua
2197 4292 2388 4360 gentis,
2439 4294 2526 4347 eui
2568 4306 2666 4361 per
2694 4291 2821 4346 talia
2852 4293 3067 4362 placere
3114 4298 3405 4366 gaudebat,

1844 4380 2235 4434 consuetudine
2262 4381 2560 4436 devinctus.

1915 4468 2152 4524 Habebat
2192 4481 2368 4525 autem
2391 4482 2512 4527 tunc
2543 4474 2764 4528 vinctum
2790 4477 3062 4548 insignem,
3089 4482 3179 4551 qui
3205 4484 3415 4538 diceba-

1843 4570 1931 4615 tur
1966 4560 2258 4616 Barabbas.
2295 4562 2448 4619 Hunc
2479 4565 2676 4635 quippe
2702 4567 2943 4622 vinctum
2988 4571 3162 4627 Lucas
3210 4573 3414 4640 refert,

1842 4660 2052 4721 propter
2091 4652 2393 4706 seditionem
2443 4656 2723 4724 quamdam
2772 4659 2966 4728 factam
3017 4661 3073 4713 in
3118 4663 3323 4716 civitate
3370 4673 3417 4716 et

1843 4739 2183 4795 homicidium
2229 4743 2443 4797 missum
2475 4743 2528 4797 in
2575 4761 2850 4800 carcerem.
2901 4748 3008 4803 Iste
3037 4749 3091 4803 in
3123 4749 3415 4822 Evangelio

1845 4831 1987 4900 quod
2025 4833 2278 4887 scribitur
2310 4831 2464 4900 juxta
2492 4831 2788 4901 _Hebraaos,
2837 4837 2982 4906 ﬁlius
3031 4841 3268 4912 magistri
3321 4860 3414 4897 eo-

1846 4937 1964 4975 rum
1991 4923 2399 4994 interpretatur.

1914 5011 2254 5084 Congregatis
2295 5023 2471 5069 autem
2496 5015 2599 5070 illis
2622 5017 2756 5071 dixit
2785 5017 2992 5074 Pilatus
3017 5033 3036 5072 :
3064 5019 3228 5087 Quem
3261 5021 3414 5078 uultis

1842 5105 2100 5158 dimittam
2151 5105 2313 5170 vobis,
2364 5105 2683 5173 Barabbam,
2737 5125 2806 5162 an
2847 5107 3051 5175 Iesum,
3085 5111 3174 5181 qui
3220 5112 3416 5166 dicitur

1841 5197 2120 5252 Christus?
2147 5197 2300 5254 Unde
2335 5199 2446 5270 jam
2486 5200 2619 5256 satis
2655 5209 2878 5271 apparet
2902 5203 3046 5272 quod
3103 5203 3157 5258 id
3199 5203 3414 5260 Marcus

1839 5291 1968 5345 velit
2013 5292 2326 5358 ostendere,
2375 5291 2602 5346 dicendo
2656 5307 2837 5364 regem
2889 5291 3226 5362 Iudaeorum,
3268 5295 3410 5364 quod

1841 5382 2122 5437 Matthaeus
2151 5382 2378 5459 dicendo
2406 5382 2677 5436 Christum
2708 5400 2720 5436 :
2772 5381 2879 5437 no'n
2908 5382 3053 5438 enim
3095 5383 3412 5440 dicebantur

1837 5476 2050 5541 christi,
2079 5475 2181 5530 nisi
2207 5489 2361 5545 reges
2383 5471 2707 5528 Iudaeorum.

1907 5565 2116 5621 Sciebat
2143 5567 2277 5618 enim
2306 5564 2447 5635 quod
2481 5581 2573 5634 per
2598 5565 2846 5620 invidiam
2883 5564 3220 5621 tradidissent
3268 5581 3406 5625 eum.

1836 5657 2104 5714 Oﬁerebat
2124 5655 2203 5710 eis
2227 5657 2498 5726 optionem
2521 5655 2723 5712 Pilatus
2742 5655 3045 5712 dimittendi
3083 5664 3266 5711 utrum
3295 5654 3409 5710 vel-

1837 5753 1950 5808 lent
1971 5752 2234 5806 latronem
2260 5763 2327 5802 an
2357 5747 2562 5814 Jesum,
2608 5765 2714 5806 non
2741 5750 2992 5806 dubitans
3021 5747 3204 5806 Jesum
3231 5746 3412 5816 potius

2897 5840 2974 5902 36
