3898 6454
585 407 728 473 1151

1259 418 1320 471 Β.
1363 417 1618 474 RABANI
1655 414 1871 475 MAURI
1909 416 2228 474 ARCHIEP.
2270 416 2578 475 MOGUNT.
2620 419 2903 477 OPERUM
2936 423 3111 480 PARS
3147 427 3185 481 I.

3578 449 3662 506 “32

581 532 907 602 eligendum,
959 533 1136 587 sciens
1173 519 1296 586 eum
1323 539 1544 601 propter
1582 531 1837 586 invidiam
1878 533 2154 586 traditum.
2185 535 2236 594 Α
2265 531 2355 630 tibi
2379 532 2446 584 sit
2478 533 2796 630 et-iusto‘il-li
2826 537 2986 630 :ipse
3013 553 3213 630 quoque
3254 554 3521 618 respondens
3547 574 3558 613 ε
3580 563 3664 630 Qui

583 621 746 690 Igitur
776 634 938 673 causa
960 619 1138 676 crucis
1177 618 1461 674 manifeste
1490 621 1690 676 invidia
1720 630 1822 676 est;
1863 621 1990 688 Quae
2017 630 2162 677 esset

583 714 699 782 ipsa
743 711 940 765 invidia
988 711 1316 781 evangelista
1357 709 1595 768 Joannes
1645 713 1885 768 declarat
1934 713 2153 769 dicens:

584 805 718 858 Ecce
766 810 907 855 totus
941 801 1168 856 mundus
1201 810 1314 872 post
1368 820 1485 857 eum
1517 805 1697 870 vadit;
1746 807 1793 859 si
1834 805 2158 860 dimittamus

579 913 717 958 eum,
755 897 830 949 sic
864 909 1040 949 omnes
1077 896 1283 950 credent
1307 897 1364 950 in
1399 914 1516 950 eum
1545 896 1727 968 (Joan.
1769 899 1887 968 xu).

651 986 873 1040 Sedente
922 994 1097 1040 autent
1126 985 1218 1039 illo
1269 1003 1362 1056 pro
1402 987 1670 1050 tribunali,
1706 989 1848 1042 misit
1899 989 1967 1042 ad
2009 988 2159 1044 illum

580 1095 714 1132 uxor
741 1075 857 1148 ejus
887 1079 1061 1134 dicens
1088 1091 1106 1130 .'
1141 1078 1292 1133 Nihil
1329 1080 1422 1134 tibi
1450 1090 1498 1134 et
1518 1081 1663 1151 justo
1692 1080 1792 1135 illi.
1826 1080 1999 1136 Multa
2021 1082 2159 1136 enim

578 1185 733 1236 passa
758 1185 873 1222 sum
903 1168 1056 1223 hodie
1095 1187 1187 1240 per
1208 1170 1371 1224 visum
1401 1180 1610 1241 propter
1636 1187 1774 1225 eum.
1806 1170 2024 1226 Sedente
2064 1190 2160 1226 au-

579 1269 680 1314 tem
709 1250 823 1325 illo,
855 1262 1052 1330 inquit,
1090 1279 1184 1332 pro
1232 1262 1502 1326 tribunali,
1555 1263 1609 1317 id
1650 1271 1752 1330 est,
1801 1263 1855 1317 in
1880 1264 2156 1320 tribunali.

581 1353 841 1410 Tribunal
878 1356 1024 1410 enim
1053 1356 1208 1411 sedes
1241 1367 1326 1411 est
1348 1357 1590 1428 iudicum
1611 1399 1625 1423 ,
1663 1360 1803 1414 sicut
1830 1359 2022 1414 solium
2069 1375 2159 1414 re-

577 1459 722 1514 gum,
749 1455 804 1500 et
831 1447 1087 1501 cathedra
1117 1447 1418 1502 doctorum.
1446 1448 1590 1507 Misit
1617 1450 1685 1502 ad
1709 1449 1860 1504 illum
1886 1466 2022 1505 uxor
2044 1451 2159 1521 ejus

578 1535 754 1590 dicens
781 1553 799 1590 :
830 1537 979 1590 Nihil
1007 1537 1099 1590 tibi
1126 1548 1172 1591 et
1196 1539 1343 1607 justo
1369 1538 1468 1604 illi,
1511 1547 1566 1594 et
1595 1541 1821 1612 reliqua.
1851 1541 1908 1596 In
1937 1541 2160 1597 visioni-

577 1627 680 1681 bus
723 1642 938 1696 quoque
965 1635 1018 1680 et
1045 1628 1268 1682 somniis
1318 1629 1533 1700 gentilis
1561 1630 1665 1684 viri
1696 1646 1832 1685 uxor
1859 1631 1962 1687 hoc
2001 1632 2160 1687 intel-

575 1716 726 1782 lexit,
759 1718 901 1786 quod
928 1714 1095 1773 Judaei
1132 1718 1434 1789 vigilantes,
1465 1735 1566 1775 nec
1592 1721 1835 1786 credere,
1862 1736 2034 1792 neque
2075 1723 2157 1778 in-

576 1806 816 1875 telligere
847 1808 1149 1864 voluerunt.
1183 1809 1452 1882 (Hierom)
1494 1812 1562 1866 Et
1585 1815 1882 1883 nota-quod
1907 1816 2158 1886 gentibus

2262 622 2397 674 enim
2409 621 2534 676 ntali
2549 623 2666 692 fecit
2684 624 3065 697 ?Hoc‘dicendo
3079 629 3262 689 Pilatus
3275 637 3460 697 absolvit
3471 621 3610 708 lasani.
3627 621 3665 714 At

2261 710 2338 764 illi
2358 713 2529 784 magis
2555 713 2861 770 clamabant
2882 717 3136 787 dicentes,
3169 721 3480 798 Cruciﬁgatur,
3496 747 3539 790 ut
3554 710 3665 813 ἱωρίέξ

2262 809 2412 879 retur
2444 804 2585 873 quod
2622 804 2679 858 in
2701 807 2960 876 vigesimo
2983 809 3152 878 primo
3184 814 3365 882 psalmo
3396 804 3664 887 dixeratzlir.

2263 876 2631 950 cu'mdederunt
2658 912 2738 950 me
2764 915 2914 955 canes
2945 901 3112 968 multi,
3135 911 3419 978 congregatio
3437 916 3664 987 malignam

2261 986 2458 1040 obsedit
2479 1005 2580 1042 me.
2612 988 2681 1044 Et
2704 990 2832 1046 illud
2852 991 3097 1048 Jeremiaa
3119 1013 3131 1049 ε
3149 994 3305 1052 Facta
3329 1012 3391 1055 est
3413 1007 3510 1060 mihi
3530 986 3664 1069 heredi-

2261 1083 2342 1130 tas
2390 1094 2504 1132 mea
2529 1079 2663 1133 sicut
2691 1079 2769 1135 leo
2806 1082 2859 1135 in
2898 1082 3072 1138 silva:
3099 1085 3328 1142 dederunt
3362 1108 3485 1162 super
3499 1115 3664 1159 mercem

2260 1182 2410 1222 suam
2438 1169 2571 1241 (Jer.
2605 1171 2724 1243 xu).
2753 1171 2891 1228 Isaia
2923 1190 3134 1246 quoque
3174 1180 3223 1232 in
3247 1180 3337 1237 hac
3369 1192 3567 1245 sententia
3595 1212 3666 1252 con.

2259 1270 2483 1332 gruente
2518 1282 2532 1317 :
2578 1262 2892 1334 Easpectaui
2943 1278 3000 1321 ut
3029 1268 3244 1336 facerent
3280 1274 3510 1346 judicium,
3530 1284 3665 1350 fecerunt

2258 1351 2606 1423 iniquitatem,
2631 1365 2678 1408 et
2697 1355 2980 1424 justitiam,
2996 1369 3041 1412 et
3060 1361 3359 1418 ecce'clamor
3373 1365 3480 1436 (Ita.
3499 1373 3663 1450 v).[.ltg.]

2259 1439 2470 1509 Quanta
2506 1443 2833 1512 perﬁdorum
2862 1449 3172 1516 crudelitas,
3199 1469 3308 1522 qum
3330 1471 3420 1510 non
3441 1439 3665 1521 solamen:

2259 1535 2386 1590 dere
2412 1536 2774 1603 innocentem,
2807 1541 2900 1595 sed
2925 1549 2981 1595 et
3005 1544 3232 1611 pessimo
3258 1561 3428 1616 genere
3448 1556 3577 1610 mortis
3589 1564 3665 1615 occi-

2259 1626 2406 1692 dere,
2436 1630 2536 1684 hoc
2564 1637 2669 1695 est,
2697 1632 3016 1702 cruciﬁgere
3047 1636 3324 1693 desiderat.
3351 1641 3665 1707 Pendentesenia

2258 1719 2313 1773 in
2340 1717 2485 1788 ligno
2515 1721 2778 1790 cruciﬁxi,
2807 1724 2974 1780 clavis
2996 1727 3064 1782 ad
3087 1728 3278 1799 lignum
3296 1734 3483 1802 pedibus
3502 1743 3664 1799 mnibus-

2259 1823 2362 1878 que
2389 1812 2589 1867 conﬁxi
2612 1816 2870 1884 producta
2903 1829 3078 1874 morte
3103 1825 3420 1891 necabantur,
3457 1840 3497 1884 et
3515 1833 3574 1886 diu
3589 1837 3665 1892 vids-

574 1912 716 1969 saepe
744 1914 773 1952 a
803 1899 912 1956 Deo
942 1901 1150 1956 somnia
1179 1903 1505 1970 revelentur,
1533 1915 1588 1959 et
1633 1908 1772 1976 quod
1813 1908 1866 1962 in
1894 1907 2069 1964 Pilato
2102 1919 2144 1964 et

2260 1900 2420 1956 batur
2450 1902 2502 1957 in
2528 1919 2711 1973 cruce,
2742 1923 2850 1963 non
2879 1911 3008 1979 quia
3036 1912 3238 1985 longior
3263 1917 3363 1973 vita
3387 1890 3665 1991 eligebatumid

574 2003 744 2044 uxore
773 1989 888 2059 ejus
929 1991 1135 2060 justum
1180 1995 1466 2050 Dominum
1517 1989 1896 2054 conﬁtentibus
1941 2003 2156 2072 gentilis

573 2080 754 2150 populi
804 2083 1168 2140 testimonium
1213 2088 1303 2142 sit.
1350 2088 1405 2142 In
1455 2090 1681 2147 muliere
1735 2102 1916 2149 autem
1947 2097 2157 2166 species

569 2168 742 2238 plebis
768 2172 1050 2241 gentilium
1075 2184 1174 2240 est,
1201 2193 1320 2247 qua:
1339 2178 1452 2249 jam
1502 2179 1676 2236 ﬁdelis
1703 2197 1848 2251 eum,
1880 2201 2004 2240 cum
2049 2203 2158 2259 quo

569 2264 1006 2330 conversabatur,
1038 2267 1370 2324 incredulum
1397 2274 1650 2343 populum
1677 2277 1746 2331 ad
1775 2277 1972 2334 Christi
1995 2280 2158 2336 ﬁdem

569 2354 815 2408 advocat.
858 2355 987 2423 Quae
1016 2360 1142 2428 quia
1169 2362 1282 2432 ipsa
1310 2364 1542 2419 multum
1573 2367 1644 2422 sit
1666 2382 1825 2436 passa
1857 2385 1957 2439 pro
2001 2371 2158 2427 Chri-

567 2449 653 2498 sto
683 2443 736 2497 in
763 2446 1009 2502 eamdem
1038 2449 1261 2519 gloriam
1298 2451 1534 2509 futuram
1564 2456 1712 2511 illum
1743 2460 2002 2531 cuquuo
2028 2477 2155 2518 con-

566 2533 904 2602 versabatur,
927 2538 1182 2594 insinuat.
1211 2541 1323 2597 Hac
1341 2545 1484 2598 enim
1514 2547 1652 2611 vice,
1678 2564 1786 2604 non
1815 2559 1957 2615 ante,
1988 2566 2048 2607 se
2073 2554 2156 2608 in-

567 2619 774 2676 tellexit
819 2623 1065 2682 diabolus
1092 2643 1190 2698 per
1223 2629 1422 2686 Christi
1468 2643 1697 2690 mortem
1748 2639 2060 2695 nudandam
2097 2651 2156 2698 et

567 2708 742 2778 spolia
770 2711 992 2768 humani
1018 2718 1231 2787 generis
1253 2721 1368 2775 sive
1392 2722 1443 2776 in
1473 2725 1696 2790 mundo,
1726 2727 1842 2782 sive
1875 2732 2016 2798 apud
2044 2741 2155 2787 tar-

567 2805 687 2853 tara
714 2801 1061 2860 amissurum.
1088 2808 1154 2862 Et
1183 2809 1302 2865 ideo
1327 2815 1608 2883 satagebat
1625 2830 1723 2886 per
1746 2818 2024 2876 mulierem
2054 2838 2153 2892 per

564 2904 727 2960 quam
758 2895 928 2965 spolia
971 2900 1163 2954 mortis
1202 2902 1506 2971 invaserat,
1538 2906 1814 2964 Christum
1843 2913 2054 2982 eripere
2083 2916 2150 2971 de

560 2983 816 3040 manibus
843 2985 1168 3054 Iudaeorum,
1205 3007 1273 3046 ne
1293 2994 1556 3063 pergillius
1580 3008 1808 3054 mortem
1844 3001 1960 3072 ipse
1988 3004 2149 3060 amit-

562 3077 704 3127 teret
729 3077 919 3132 mortis
945 3078 1249 3150 imperium.

634 3161 909 3237 Principes
941 3180 1114 3226 autem
1156 3176 1487 3232 sacerdotum
1515 3189 1564 3234 et
1604 3182 1832 3238 seniores
1871 3203 2143 3257 persuase-

2261 1991 2386 2061 quia
2415 2009 2562 2050 mors
2589 1996 2703 2067 ipsa
2729 2002 3170 2071 protendebatur,
3198 2023 3264 2063 ne
3289 2010 3420 2065 dolor
3441 2014 3664 2072 citiuslinire-

2260 2091 2366 2138 tur.
2402 2087 2602 2143 Verum
2647 2091 2764 2160 ipse
2793 2094 2857 2148 de
2906 2104 3086 2152 morte
3130 2101 3348 2168 pessima
3370 2106 3523 2160 occidit
3549 2124 3662 2166 0mm

2258 2187 2527 2247 mortem;
2558 2184 2799 2252 pessima
2828 2188 2976 2243 enim
3001 2199 3121 2245 erat
3144 2205 3247 2248 non
3284 2195 3600 2267 intelligentiva
3621 2203 3664 2258 Iu-

2259 2266 2412 2337 daeis,
2458 2285 2585 2326 nam
2631 2288 2663 2328 a
2692 2273 2920 2333 Domino
2948 2279 3126 2335 electa
3163 2293 3291 2337 erat.
3333 2266 3476 2356 Ipsam
3497 2291 3662 2346 enimen-

2259 2377 2376 2418 cem
2401 2379 2554 2419 suam
2584 2367 2797 2437 signum
2825 2369 3132 2439 habiturus,
3175 2383 3287 2430 erat
3317 2376 3456 2446 ipsam
3484 2384 3663 2437 emunt:

2259 2454 2472 2512 diabolo
2500 2467 2756 2528 superato
2779 2469 3043 2531 tanquam
3066 2472 3319 2536 tropaeum
3337 2468 3382 2522 in
3401 2467 3664 2529 lmnlibusﬁde

2256 2545 2388 2600 lium
2426 2550 2724 2618 positurus,
2754 2560 2816 2606 ut
2861 2554 3073 2611 diceret
3119 2557 3386 2628 Apostolus
3423 2563 3661 2619 dli/iiuna

2257 2639 2390 2692 absit
2425 2639 2645 2709 gloriari
2667 2645 2770 2698 nisi
2801 2646 2856 2698 in
2879 2663 3037 2703 cruce
3060 2648 3267 2705 Domini
3289 2656 3429 2706 nostri
3443 2654 3537 2709 less
3563 2654 3660 2710 Cirin

2253 2745 2346 2799 per
2366 2747 2518 2800 quem
2550 2734 2690 2808 .mihi
2717 2738 2945 2793 mundus
2979 2742 3262 2810 cruciﬁxus
3296 2753 3380 2811 est,
3403 2755 3442 2799 et
3470 2761 3534 2817 ego
3562 2750 3661 2800 nisi:

2255 2818 2399 2892 (Gal.
2429 2823 2528 2896 vr).

2332 2911 2522 2968 Videns
2569 2925 2743 2971 autem
2782 2917 3015 2990 Pilatus,
3065 2929 3188 2996 quia
3236 2927 3355 2982 nihil
3391 2931 3661 3000 proﬁcerent

2250 3003 2416 3073 magis
2448 3005 2700 3063 tumultus
2720 3009 2890 3078 ﬁeret,
2917 3023 3132 3085 accepta
3153 3034 3283 3089 aqua
3307 3019 3415 3074 lavit
3431 3037 3659 3075 manemus

2248 3094 2438 3163 populo
2481 3095 2658 3152 dicens
2704 3115 2722 3153 :
2751 3101 3015 3160 lnnocens
3054 3123 3146 3179 ego
3177 3125 3287 3164 sum
3331 3129 3360 3166 a
3397 3115 3577 3184 sanguine
3597 3115 3659 3181 ῥιπὶ

2249 3183 2427 3253 hujus,
2455 3202 2544 3242 vos
2573 3189 2824 3247 videritis.
2857 3193 3066 3253 Pilatus
3092 3204 3293 3273 accepit
3315 3183 3586 3274 aquamijuits
3601 3207 3658 3259 illud

561 3264 688 3310 runt
715 3258 922 3328 populis
949 3271 1006 3314 ut
1033 3273 1260 3333 peterent
1303 3265 1625 3338 Barabbam,
1655 3272 1839 3328 Jesum
1886 3294 2004 3332 vero
2027 3297 2150 3350 per-
2177 3256 2221 3320 Ο
2253 3277 2624 3346 propheticum
2673 3300 2686 3337 :
2719 3283 2928 3341 Lavabo
2975 3291 3114 3345 inter
3157 3294 3423 3352 innocentes
3444 3314 3572 3351 manus
3593 3313 3658 3349 atat

561 3343 762 3400 derent.
808 3347 1032 3421 (MAUR.)
1077 3352 1190 3409 Hoc
1238 3363 1320 3411 est
1377 3360 1520 3427 quod
1575 3360 1704 3418 alibi
1755 3343 2144 3440 Dominus-per

2254 3361 2426 3436 (Psal.
2476 3369 2624 3442 xxv),
2679 3382 2738 3427 ut
2785 3375 2840 3429 in
2869 3377 3092 3436 lavacro
3120 3399 3362 3440 manuum
3399 3387 3491 3456 ejus
3506 3387 3658 3458 gentilium

561 3439 882 3509 prophetam
916 3443 993 3496 ait
1021 3463 1034 3497 :
1081 3445 1220 3510 Quia
1245 3465 1452 3519 egressa
1492 3463 1570 3508 est
1607 3457 1858 3528 iniquitas
1883 3478 1915 3514 a
1939 3439 2149 3519 senibus
2250 3469 2413 3525 Opera
2461 3439 2846 3534 Ρυνέθΐθηῑυΐν
2879 3477 2935 3523 ει
2958 3474 3031 3528 ab
3075 3475 3341 3547 impietate
3380 3439 3594 3536 δυάεεὲΐιιπι
3617 3479 3659 3546 illi

554 3527 825 3596 judicibus
851 3534 940 3602 qui
981 3533 1292 3592 videbantur
1335 3555 1508 3611 regere
1535 3527 1784 3615 populum
1814 3547 1975 3620 (Dan.
2001 3557 2144 3628 xm).

560 3615 631 3671 Et
663 3618 792 3673 item
832 3638 845 3674 :
881 3621 1101 3693 Papule,
1129 3628 1326 3698 inquit,
1352 3647 1518 3699 meus,
1554 3615 1832 3694 exactores
1853 3643 1931 3695 tui
1957 3651 2006 3697 te
2029 3615 2147 3716 spo-

559 3704 820 3764 liaverunt
854 3709 988 3780 (Isa.
1037 3716 1144 3786 ιιι).
1174 3717 1316 3789 Ergo
1345 3723 1438 3791 qui
1467 3725 1764 3784 debuerunt
1810 3732 2006 3788 docere
2039 3704 2146 3804 ple-

557 3796 682 3852 bem
712 3799 887 3870 legem
911 3811 965 3859 et
1000 3805 1239 3875 justitias
1265 3810 1498 3881 Domini,
1544 3817 1644 3888 ipsi
1675 3823 2008 3880 seduxerunt
2039 3796 2145 3884 eos

556 3886 818 3946 ducentes
841 3907 940 3974 per
971 3895 1135 3964 invia,
1173 3909 1229 3956 et
1256 3918 1363 3958 non
1398 3906 1454 3961 in
1483 3886 1592 3976 via,
1636 3920 1690 3966 et
1725 3927 1885 3971 causa
1927 3916 2146 3974 fuerunt

557 3978 639 4034 eis
661 3982 851 4037 ruinae.
894 3983 1224 4058 Respondens
1255 4005 1430 4050 autem
1457 4015 1649 4069 presses
1691 4004 1767 4058 ait
1793 4006 1900 4062 illis
1923 4025 1942 4063 :
1975 4009 2143 4076 Quem

554 4068 710 4124 vultis
738 4072 879 4128 vobis
909 4075 974 4130 de
1002 4078 1203 4136 duobus
1234 4085 1428 4142 dimitti
1509 4101 1563 4145 at
1591 4093 1671 4147 illi
1696 4096 1940 4153 dixerunt
2029 4101 2140 4157 Ba—

555 4160 792 4216 rabbam.
830 4164 1009 4222 Haeret
1034 4168 1234 4228 Judaeis
1253 4189 1425 4247 usque
1453 4182 1613 4239 hodie
1640 4201 1737 4242 sua
1765 4191 1955 4258 petitio
1977 4205 2140 4264 quam

554 4258 706 4307 tanto
760 4254 944 4313 labore
997 4259 1374 4332 impetrarunt.
1433 4270 1568 4339 Quia
1633 4254 1783 4334 enim
1845 4254 2138 4343 data-sibi

552 4343 791 4412 optione,
823 4363 921 4417 pro
955 4349 1084 4408 Jesu
1113 4354 1402 4428 latronem,
1441 4377 1543 4434 pro
1590 4366 1870 4429 Salvatore
1915 4376 2140 4434 interfe-

551 4439 779 4501 ctorem,
807 4451 908 4506 pro
931 4441 1118 4500 datore
1143 4446 1270 4503 vita:
1302 4450 1582 4523 elegerunt
1604 4459 1995 4533 ademptorem,
2024 4482 2137 4524 me-

549 4521 657 4576 rito
681 4525 909 4582 salutem
929 4533 1280 4600 perdiderunt
1303 4551 1359 4597 et
1379 4521 1568 4600 vitam.
1594 4548 1662 4605 Et
1687 4521 1995 4614 latrociniis
2014 4574 2132 4616 sese

549 4626 615 4668 ac
639 4615 989 4680 seditionibus
1019 4624 1076 4680 in
1105 4635 1315 4687 tantum
1339 4636 1715 4710 subdiderunt,
1741 4654 1801 4700 ut
1825 4656 1880 4702 et
1897 4652 2129 4718 patriam

549 4721 883 4816 regnumque
911 4730 1090 4786 suum,
1117 4726 1260 4792 quod
1285 4727 1406 4796 plus
1431 4729 1650 4790 Christo
1680 4745 1966 4812 amavere‘,
2005 4760 2130 4816 per-

548 4797 804 4870 diderint,
835 4814 890 4860 et
912 4807 1174 4870 hactenus
1199 4831 1318 4873 eam
1348 4836 1510 4892 quam
1545 4829 1837 4888 vendidere
1859 4806 1972 4891 sive
2007 4797 2125 4893 ani-

545 4905 649 4948 mae
684 4908 780 4950 seu
819 4904 1064 4972 corporis
1106 4906 1434 4982 libertatem,
1483 4922 1724 4993 recipere
1769 4941 1875 4984 non
1915 4944 2129 4987 merue-

543 4985 676 5040 rint.

616 5075 758 5179 Qicit
769 5080 884 5188 illis
910 5083 1122 5145 Pilatus
1144 5106 1163 5144 .·
1194 5092 1337 5160 Quid
1369 5099 1533 5171 igitur
1561 5105 1755 5175 faciam
1781 5111 1843 5166 de
1882 5111 2011 5169 Jesu
2035 5118 2128 5188 qui

543 5166 740 5277 dicitur
765 5173 1003 5234 Christus
1019 5181 1044 5233 ?
1067 5181 1135 5237 Et
1165 5186 1344 5245 dicunt
1371 5166 1593 5252 omnes:
1638 5166 2007 5277 Cruci/ﬁgatur;

543 5256 665 5370 ξιιίεΔ
677 5279 869 5330 prtcses
892 5287 911 5325 :
944 5273 1085 5339 Quid
1113 5281 1248 5334 enim
1277 5286 1404 5340 mali
1432 5288 1591 5356 fecit?
1617 5292 1684 5345 At

542 5347 757 5406 mabant
786 5358 1013 5419 dicentes
1035 5383 1054 5421 :
1086 5347 1458 5444 Cruciﬁgatur.
1490 5380 1682 5440 Multas
2009 5347 2125 5450 ἔξι-

543 5447 785 5551 Ϊθιοτθῐιι
800 5457 1110 5515 occasiones
1132 5463 1296 5519 dedit.
1312 5467 1551 5527 Primum
1566 5475 1825 5535 latronem
1837 5480 1985 5551 justo
1999 5501 2122 5541 con-

542 5527 749 5594 ferens.
791 5539 1274 5648 deindeint‘erens:
1311 5557 1463 5633 Quid,
1481 5565 1638 5635 igitur
1664 5527 1857 5637 facian:
1884 5574 1947 5629 de
1966 5575 2115 5648 Iesu,

542 5628 1251 5700 quidicitur.Cltristus?hoc
1268 5628 1592 5721 cst,quirex
1625 5628 1792 5716 vester
1825 5674 1934 5732 est;
1967 5628 2118 5725 cum:

542 5731 648 5820 que
663 5723 1071 5797 responderent,
1095 5738 1454 5810 cruciﬁgatur,
1487 5761 1592 5801 non
1631 5754 1812 5808 statim
1845 5723 2113 5827 acquievit

539 5807 692 5879 juxta
714 5819 1112 5888 suggestionem
1132 5807 1337 5899 uxoris,

2219 5766 2547 5839 Judaeorum,
2585 5773 2641 5830 id
2669 5787 2772 5846 est,
2821 5780 3059 5839 diabolus

1384 5850 1503 5904 quae
1538 5843 1887 5903 mandaverat
1911 5867 1923 5904 :
1963 5851 2114 5908 Nihil
2215 5857 2352 5918 lucis
2377 5862 2447 5919 ob
2468 5865 2677 5937 culpam
2706 5843 2970 5942 superbiae
2993 5843 3250 5947 depulsus,
3272 5843 3320 5932 et
3341 5876 3387 5953 in
3413 5869 3644 5949 tenean

2251 3547 2622 3609 clamaverunt
2668 3575 2682 3612 ε
2730 3556 2992 3633 Cruci/Ege
3041 3584 3179 3636 eum,
3232 3587 3323 3627 nos
3368 3574 3526 3628 alienos
3556 3573 3658 3626 facere

2249 3642 2645 3709 quodammodo
2663 3659 2984 3726 contestans
3014 3663 3071 3712 et
3111 3659 3288 3716 dicens
3317 3679 3328 3715 ε
3357 3663 3450 3733 Ego
3469 3661 3660 3727 αιιίἀεωίθ

2247 3746 2536 3793 nocentem
2563 3740 2988 3814 volui‘liberare;
3022 3752 3117 3806 sed
3145 3756 3385 3824 quoniam
3402 3757 3544 3812 seditio
3558 3755 3658 3815 oritur.

2247 3833 2303 3880 et
2331 3828 2639 3887 rebellionis
2674 3835 2807 3890 mihi
2837 3847 3032 3897 contra
3063 3843 3322 3903 Caesarem
3353 3850 3518 3904 crimen
3553 3846 3658 3916 impie

2245 3918 2409 3987 gitur,
2440 3921 2700 3981 innocens
2728 3940 2831 3996 ego
2855 3943 2975 3986 sum
3015 3948 3047 3989 a
3071 3939 3324 4008 sanguine
3347 3941 3456 4011 justi
3480 3937 3596 4007 hujus
3616 3935 3658 3989 lu-

2244 4011 2346 4066 dex
2376 4015 2468 4084 qui
2497 4017 2707 4088 cogitur
2733 4030 2920 4078 contra
2956 4026 3244 4086 Dominum
3288 4033 3414 4089 ferre
3450 4032 3656 4088 scamnum.

2243 4119 2351 4160 non
2382 4107 2603 4165 damnat
2627 4109 2886 4184 oblatum,
2930 4121 3028 4175 sed
3069 4126 3243 4193 arguit
3271 4125 3522 4190 oderentes,
3548 4125 3656 4194 justam

2241 4210 2361 4254 esse
2385 4204 2764 4272 pronuntians,
2795 4208 2886 4277 qui
2912 4213 3305 4286 cruciﬁgendus
3321 4224 3411 4272 est.
3440 4214 3531 4279 Vos,
3554 4210 3655 4280 inquit.

2239 4290 2490 4359 videritis,
2520 4309 2621 4367 ego
2647 4299 2894 4356 minister
2918 4315 3041 4359 sum
3063 4307 3257 4378 legum,
3278 4316 3433 4365 vestra
3450 4323 3525 4362 vox
3543 4299 3654 4372 δεπευὲ

2238 4395 2364 4436 nem
2391 4381 2587 4441 ﬁmdit.
2621 4386 2729 4444 Sed
2769 4394 3015 4463 nunquid
3051 4397 3217 4453 Deum
3252 4399 3457 4469 judicent
3486 4395 3654 4450 fallebant.

2238 4471 2384 4540 quod
2421 4473 2552 4530 fecit
2576 4477 2800 4547 Pilatus,
2839 4483 2894 4537 in
2926 4500 2991 4540 eo
3022 4488 3140 4558 ipso
3164 4493 3298 4560 quod
3325 4489 3655 4556 fecitsliquamun

2237 4564 2509 4636 particeps
2529 4567 2654 4637 fuit,
2687 4571 2781 4627 sed
2811 4573 2868 4630 in
2899 4581 3293 4650 comparatione
3321 4583 3462 4637 multo
3479 4581 3558 4650 ipse
3576 4577 3656 4630 iamt

2239 4658 2469 4713 centior.
2495 4659 2696 4719 [nstitit
2723 4666 2866 4722 enim
2894 4681 3154 4739 quantum
3185 4677 3346 4747 potuit
3369 4685 3418 4732 ut
3440 4673 3548 4730 illam
3560 4685 3598 4724 ex
3611 4681 3653 4719 61*-

2239 4751 2359 4805 ru'm
2389 4754 2640 4812 manibus
2664 4755 2937 4817 liberaret.
2975 4762 3228 4837 Sequitur
3254 4786 3268 4822 :

2307 4845 2378 4899 Et
2422 4851 2734 4920 respondens
2787 4857 3055 4915 universus
3082 4863 3296 4934 populus
3341 4862 3454 4918 dir-it
3477 4878 3493 4916 :
3523 4852 3652 4923 δαιθκέε

2235 4936 2350 5008 ejus
2402 4958 2558 5012 super
2608 4961 2699 5001 nos
2741 4958 2788 5003 et
2836 4967 2991 5023 super
3033 4955 3172 5024 ﬁlios
3225 4967 3422 5013 nostros.
3460 4951 3652 5010 Persevera!

2234 5043 2406 5101 usque
2444 5034 2498 5089 in
2521 5047 2842 5106 praesentem
2868 5043 3008 5100 diem
3036 5045 3150 5106 haec
3179 5049 3459 5121 imprecatio
3479 5058 3586 5114 ευρετ
3605 5036 3653 5092 ³⁸·

2230 5123 2397 5191 daeos,
2429 5135 2484 5182 et
2513 5132 2732 5200 sanguis
2763 5132 2976 5191 Domini
2998 5153 3106 5194 non
3137 5139 3390 5197 auferetur
3409 5137 3548 5194 absis.
3571 5128 3652 5186 [ηδε

2228 5230 2326 5289 per
2347 5218 2538 5276 Isaiam
2567 5223 2804 5295 loquitur
2830 5247 2842 5282 :
2875 5229 2936 5287 Si
2959 5231 3238 5290 (curaveritis
3263 5235 3326 5289 ad
3347 5250 3416 5295 me
3437 5242 3578 5287 inanes,
3597 5234 3651 5273 rw!

2228 5313 2509 5367 exaudiam
2556 5333 2662 5372 vos.
2724 5319 3086 5394 Manusjcnim
3116 5337 3286 5384 vestrm
3329 5316 3651 5410 sanguinei“?

2226 5411 2345 5456 sunt
2375 5401 2510 5474 (Isa.
2547 5407 2607 5481 ι).
2639 5408 2906 5480 Optimam
2933 5415 3290 5474 hzereditatem
3325 5409 3568 5474 Judaeililiis

2226 5504 2480 5564 querunt,
2514 5497 2787 5558 dicentes:
2832 5502 3059 5576 Sanguis
3086 5510 3218 5578 ejus.
3257 5521 3307 5564 et
3326 5517 3500 5564 caetera.

2299 5581 2443 5640 Tunc
2480 5588 2678 5645 dimisit
2715 5592 2821 5648 illis
2851 5595 3162 5653 Bnrabbam.
3195 5601 3214 5672 (
3231 5597 3440 5669 I’enant.)
3465 5593 3580 5650 Latro
3603 5596 3650 5640 δέ’
3750 5635 3751 5642 η

2224 5676 2451 5734 ditiosus
2471 5691 2525 5737 et
2552 5683 2965 5744 homicidiorum
2989 5701 3175 5747 auctor
3196 5693 3419 5747 dimissus
3443 5695 3506 5742 est
3530 5672 3649 5776 populo

3106 5804 3118 5839 :
3166 5786 3250 5857 qui
3272 5785 3368 5853 jam
3405 5780 3502 5838 olim
3543 5777 3645 5844 Ρ³ί¹¹¹³
