3898 6436
112 481 250 541 H35

1071 463 1422 525 COMMENT.
1460 462 1528 519 IN
1567 460 2002 520 MATTHIEUM.
2040 492 2113 505 —
2146 460 2273 519 LIB.
2312 460 2444 519 VIII.

3207 467 3348 526 uss
3377 454 3397 505 ’-

111 599 285 655 t‘uerat
301 604 576 650 carcerem
596 588 813 646 missus.
838 592 1013 657 Atque
1040 583 1162 640 ideo
1181 580 1347 639 Judaei
1374 594 1561 653 pacem
1579 580 1676 636 ha-
1700 580 1756 645 Α
1779 576 2009 645 calamo,
2041 585 2305 634 venenata
2344 575 2542 634 occidit
2589 576 2873 647 animalia;
2923 579 3037 635 sive
3084 568 3353 642 calamum

110 691 240 747 bere
259 702 369 741 non
398 689 642 755 possunt,
672 679 796 749 quia
822 676 1146 734 seditionum
1168 672 1491 747 principem,
1515 685 1679 741 quam

113 781 398 839 Dominum
418 777 619 847 eligere
648 773 973 829 maluerunt.
1005 768 1146 850 Quia
1166 782 1297 824 vero
1314 765 1590 849 Barabbas
1614 766 1681 837 ﬁ-

112 874 213 928 lius
237 870 425 941 patris,
455 865 540 922 vel
568 865 809 936 magistri
832 878 1013 919 eorum
1046 861 1453 932 interpretatur,
1501 863 1684 931 potest

111 959 429 1021 Antichristi
454 966 641 1029 typum
681 968 892 1024 gerere,
918 967 1079 1024 quem
1112 952 1189 1008 illi
1216 951 1412 1022 quibus
1437 950 1637 1007 dicitur
1664 967 1679 1004 :

122 1053 223 1109 Vos
251 1069 317 1107 ex
343 1061 491 1123 patre
516 1046 726 1104 diabolo
751 1047 872 1103 estis
897 1045 1076 1118 (Joan.
1108 1042 1251 1116 vui),
1279 1057 1410 1099 vero
1429 1042 1525 1099 Dei
1545 1039 1683 1097 Filio

113 1152 239 1201 sunt
262 1140 554 1214 praelaturi.
583 1138 751 1195 Filius
774 1146 956 1193 autem
975 1135 1173 1192 diaboli
1189 1132 1555 1191 Antichristus
1575 1146 1684 1187 non

113 1236 182 1293 ab
206 1238 325 1306 ipso
349 1232 642 1297 nascendo,
670 1230 786 1297 sed,
813 1230 956 1288 sicut
975 1228 1155 1285 caeteri
1175 1235 1509 1297 peccatores,
1534 1223 1684 1281 illum

112 1327 390 1393 imitando,
424 1333 665 1382 vocatur;

179 1420 365 1475 Iesum
394 1428 567 1475 autem
602 1412 924 1485 ﬂagellatam
943 1410 1163 1467 tradidit
1190 1410 1287 1476 eis,
1323 1417 1381 1464 ut
1414 1408 1685 1482 cruciﬁge-

113 1522 273 1568 retur.
324 1511 543 1580 Quaerat
574 1506 821 1564 eruditus
852 1505 1021 1560 lector
1048 1503 1319 1573 quomodo
1360 1500 1464 1558 sibi
1490 1517 1687 1559 conve-

112 1604 246 1670 niat,
286 1602 519 1659 Pilatum
544 1599 739 1655 lavisse
780 1612 973 1654 manus
1008 1611 1155 1661 suas,
1191 1602 1249 1650 et
1281 1594 1488 1651 dixisse
1525 1611 1541 1648 :
1587 1593 1686 1649 In-

112 1711 301 1750 nocens
330 1710 424 1764 ego
448 1709 564 1749 sum
588 1708 622 1745 a
651 1690 904 1759 sanguine
920 1689 1057 1759 justi
1080 1688 1259 1758 hujus,
1308 1695 1364 1744 et
1387 1695 1574 1758 postea
1596 1685 1689 1743 lla-

112 1782 366 1856 gellatum
398 1780 682 1838 tradidisse
715 1777 901 1836 Jesum
928 1787 989 1836 ut
1029 1778 1453 1850 cruciﬁgeretur.
1501 1778 1687 1853 (tum)

115 1872 224 1930 Sed
267 1872 544 1929 sciendum
600 1870 862 1927 Romanis
897 1885 1021 1926 eum
1058 1870 1266 1941 legibus
1322 1871 1682 1939 ministrasse,

1783 669 2001 725 tenebat
2047 668 2103 727 in
2131 684 2317 735 manu,
2356 675 2418 724 ut
2463 669 2806 744 sacrilegium
2844 673 3107 730 scriberet
3140 673 3356 736 ludati-

1781 774 1924 819 rum.
1962 757 2266 816 Notandum
2294 767 2474 816 autem
2506 761 2648 831 quod
2689 760 2902 819 Marcus
2936 763 2994 819 in
3022 764 3353 829 eodemloco

1781 851 2111 909 narrationis
2137 853 2212 906 ita
2243 851 2411 908 dicit:
2440 851 2634 908 Milites
2659 863 2830 909 autem
2854 854 3115 911 duxerunt
3137 874 3255 914 eum
3275 857 3360 915 in-

1782 953 1865 1000 tro
1890 946 1945 1000 in
1968 946 2161 1001 atrium
2175 946 2428 1016 prtetorii,
2452 954 2500 1001 et
2520 956 2798 1003 convocant
2824 957 2987 1004 totam
3010 950 3289 1019 cohortem,
3306 961 3357 1010 et

1781 1032 2006 1088 induunt
2017 1050 2326 1106 purpuram,
2340 1044 2388 1090 et
2402 1036 2671 1108 imponunt
2684 1036 3016 1111 eiplectentes
3028 1041 3261 1112 spineam
3278 1059 3362 1098 co—

1784 1138 1989 1189 ronam,
2011 1131 2058 1177 et
2079 1135 2337 1195 cceperunt
2351 1124 2582 1182 salutare
2595 1144 2712 1183 eum
2727 1128 2952 1184 dicentes
2967 1143 2984 1181 :
3012 1130 3139 1197 Ave,
3158 1148 3250 1186 rex
3261 1124 3362 1187 Iu-

1784 1214 2041 1282 daeorum,
2067 1226 2114 1271 et
2136 1218 2490 1287 percutiebant
2521 1228 2675 1291 caput
2700 1220 2814 1292 ejus
2844 1221 3121 1290 arundine,
3158 1234 3205 1278 et
3232 1241 3359 1281 con-

1783 1305 2035 1376 spuebant
2059 1323 2197 1375 eum,
2220 1316 2270 1363 et
2296 1318 2544 1380 ponentes
2571 1328 2741 1383 genua
2773 1311 3062 1368 adorabunt
3092 1333 3227 1371 eum.
3254 1316 3362 1374 Ubi

1784 1396 2100 1471 intelligitur
2128 1399 2271 1468 quod
2312 1399 2593 1457 Matthmus
2620 1402 2752 1459 dicit
2785 1422 2800 1458 ;
2830 1402 3168 1479 Chlamydem
3194 1409 3363 1464 cocci-

1785 1506 1937 1546 neam
1965 1492 2415 1549 circumdederunt
2437 1494 2506 1562 ei,
2534 1494 2636 1551 hoc
2659 1495 2869 1553 Marcus
2893 1497 3093 1554 dixisse
3115 1500 3364 1559 indutum

1786 1598 2043 1655 purpura.
2075 1584 2179 1641 Pro
2207 1587 2356 1658 regia
2383 1587 2526 1645 enim
2552 1604 2793 1659 purpura
2834 1589 3077 1665 chlamys
3122 1591 3210 1647 illa
3239 1608 3366 1652 coc-

1788 1674 1942 1732 cinea
1990 1677 2059 1731 ab
2102 1676 2445 1735 illudentibus
2496 1679 2735 1735 adhibita
2778 1689 2916 1747 erat,
2967 1690 3025 1739 et
3068 1691 3150 1739 est
3199 1685 3366 1742 rubra

1787 1768 2031 1839 quaedam
2059 1784 2297 1840 purpura
2322 1784 2485 1825 cocco
2513 1769 2802 1826 simillima.
2840 1770 3029 1827 Potest
3058 1773 3222 1831 etiam
3245 1773 3366 1833 ﬁeri

1789 1866 1849 1917 ut
1875 1873 2169 1931 purpuram
2197 1859 2363 1915 etiam
2407 1859 2620 1916 Marcus
2648 1865 3173 1933 commemoraverit,
3202 1882 3365 1938 quam

114 1967 309 2037 quibus
330 1965 530 2022 factum
561 1974 645 2021 est
668 1972 728 2019 ut
745 1965 839 2034 qui
866 1940 1272 2035 crucifigeretur
1290 1965 1445 2035 prius
1469 1965 1692 2037 ﬂagellis

1801 1948 2039 2020 chlamys
2067 1950 2327 2019 habebat,
2353 1952 2599 2023 quamvis
2620 1962 2763 2009 esset
2788 1955 3062 2013 coccinea.
3087 1954 3370 2031 (Venant.)

112 2058 515 2113 verberaremr.
553 2055 715 2113 Iesus
760 2065 939 2112 autem
981 2054 1280 2128 ﬂagellatus
1315 2072 1425 2113 non
1471 2058 1542 2115 ab
1583 2058 1691 2116 alio

115 2163 281 2219 quam
307 2149 377 2204 ab
403 2149 520 2218 ipso
545 2146 720 2204 Pilato
742 2146 1126 2219 intelligendus
1153 2156 1256 2205 est.
1290 2146 1496 2207 Scribit
1532 2164 1689 2207 nam-

114 2254 219 2311 que
257 2246 445 2309 aperte
470 2236 745 2295 Joannes:
777 2234 1142 2292 Clamaverunt
1175 2253 1385 2293 rursum
1406 2254 1583 2295 omnes
1609 2239 1694 2295 di-

112 2342 281 2389 centes
305 2349 325 2388 :
360 2332 486 2388 Non
534 2333 694 2397 hunc,
724 2330 815 2387 sed
842 2329 1165 2385 Barabbam.
1198 2329 1335 2386 Erat
1361 2341 1534 2386 autem
1580 2331 1691 2389 Ba-

113 2426 301 2481 rabbes
322 2424 483 2480 latro.
523 2423 669 2479 Tunc
693 2440 813 2493 ergo
850 2423 1188 2493 apprehendit
1232 2420 1440 2478 Pilatus
1468 2422 1654 2481 Iesum
1674 2464 1690 2490 ,

113 2520 161 2570 et
186 2511 490 2584 ﬂagellauit.
520 2510 602 2567 Ae
621 2511 815 2567 deinde
841 2509 1231 2581 sulﬁuugitdtt
1255 2510 1444 2567 milites
1470 2512 1695 2582 plecten-

115 2609 191 2656 ιω
211 2617 464 2657 eorum
486 2599 553 2654 de
576 2598 740 2669 spinis
753 2599 1109 2670 imposuerunt
1129 2600 1288 2670 capiti
1318 2600 1432 2670 ejus
1449 2639 1465 2666 ,
1494 2608 1552 2654 et
1591 2616 1695 2657 ca-

117 2702 251 2750 tera.
283 2692 442 2761 Quod
470 2691 687 2762 quidem
729 2692 851 2748 ideo
886 2691 1084 2747 fecisse
1112 2700 1275 2761 atque
1320 2692 1442 2749 ideo
1479 2695 1699 2749 creden-

117 2781 216 2844 dus
240 2792 324 2841 est
350 2782 616 2839 militibus
639 2798 764 2839 eum
805 2783 1135 2839 illudendum
1164 2783 1468 2850 tradidisse,
1508 2793 1567 2839 ut
1610 2800 1698 2840 sa-

117 2879 234 2937 tiati
257 2878 437 2950 poenis
461 2885 520 2934 et
542 2876 844 2948 opprobriis
866 2874 987 2946 ejus
1008 2874 1199 2942 Judei,
1227 2884 1455 2931 mortem
1480 2877 1598 2949 ejus
1619 2877 1699 2932 ul-

120 2979 205 3028 tra
253 2973 410 3028 sitire
452 2970 795 3027 desisterent.
846 2969 958 3026 Hoc
1005 2976 1187 3025 autem
1232 2967 1433 3027 factum
1487 2977 1592 3036 est,
1640 2979 1702 3027 ut

121 3067 245 3138 quia
278 3066 543 3138 scriptum
570 3074 656 3122 est
683 3084 697 3120 :
737 3065 911 3122 Multa
931 3064 1145 3137 ﬂagella
1170 3076 1499 3137 peccatorum
1518 3063 1696 3136 (Psal.

122 3156 294 3230 xxxi),
324 3158 420 3215 illo
447 3157 715 3229 ﬂagellato
747 3173 846 3214 nos
880 3171 913 3213 a
948 3158 1266 3215 verberibus
1311 3156 1698 3224 liberarentur.

124 3248 330 3305 dicente
381 3247 659 3319 Scriptura
708 3267 721 3300 :
772 3247 1069 3319 Flagellum
1115 3266 1220 3304 non
1264 3249 1699 3320 appropinquabit

1793 2038 2016 2112 Mystice
2037 2056 2166 2112 ergo
2194 2039 2250 2096 in
2290 2058 2525 2114 purpura
2550 2059 2657 2115 qua
2683 2044 2902 2103 indutus
2943 2056 3028 2103 est
3066 2048 3365 2118 Dominus,

1792 2133 1909 2204 ipsa
1939 2131 2057 2203 eius
2084 2149 2212 2192 caro
2240 2149 2400 2205 quam
2439 2136 2780 2207 passionibus
2802 2135 3000 2208 objecit
3040 2129 3368 2199 insinuatur.

1792 2224 1873 2282 De
1899 2240 2004 2297 qua
2032 2226 2311 2300 praemissa
2331 2227 2539 2283 dixerat
2561 2228 2845 2299 prophetia
2873 2246 2885 2282 :
2920 2227 3095 2299 Quare
3118 2248 3238 2303 ergo
3281 2249 3372 2287 ru-

1795 2313 1946 2369 brum
1981 2325 2056 2371 est
2083 2317 2444 2372 indumentum
2488 2326 2658 2387 tuum,
2698 2327 2747 2374 et
2773 2322 3075 2377 vestimenta
3099 2331 3191 2378 tua
3217 2324 3373 2396 quasi

1750 2427 1755 2431 ι
1795 2403 2112 2460 calcantium
2155 2406 2210 2462 in
2250 2405 2664 2480 torculari(1sa.
2692 2409 2870 2486 mu).
2901 2411 2962 2469 In
2997 2427 3199 2470 corona
3243 2429 3372 2472 vero

1796 2510 1959 2566 quam
1989 2498 2244 2566 portabat
2274 2498 2481 2571 spinea,
2524 2508 2834 2558 nostrorum
2880 2506 3150 2579 susceptio
3175 2520 3373 2579 pecca-

1796 2591 2007 2655 torum,
2037 2602 2136 2658 pro
2159 2603 2267 2659 qua
2295 2589 2541 2647 mortalis
2576 2591 2697 2649 ﬁeri
2724 2593 2976 2666 dignatus
3001 2604 3104 2665 est,
3135 2599 3376 2658 ostendi-

1798 2682 1906 2731 tur.
1963 2673 2125 2732 Juxta
2153 2680 2293 2748 quod
2340 2696 2644 2749 praecursor
2692 2684 2861 2753 ipsius
2906 2687 3275 2747 testimonium
3321 2691 3373 2750 ei

1796 2769 2110 2839 perhibens,
2140 2771 2255 2827 ait:
2282 2770 2418 2828 Ecce
2452 2791 2617 2846 agnus
2650 2775 2766 2843 Dei,
2801 2794 2915 2835 ecce
2941 2780 3033 2851 qui
3075 2781 3208 2836 tollit
3255 2766 3376 2855 pec-

1799 2871 1977 2916 catum.
1997 2864 2199 2918 mundi.
2216 2865 2459 2938 Namque
2484 2870 2664 2939 spinas
2689 2872 2745 2926 in
2771 2873 3166 2949 signiﬁcatione
3186 2893 3376 2949 pecca-

1800 2962 1980 3011 torum
2003 2958 2133 3027 poni
2158 2956 2329 3015 solere
2356 2967 2586 3017 testatur
2612 2964 2729 3034 ipse
2754 2965 3034 3036 Dominus,
3071 2971 3162 3044 qui
3189 2981 3379 3045 proto~

1799 3048 1977 3118 plasto
2000 3050 2058 3107 in
2080 3061 2363 3122 peccatum
2388 3054 2641 3128 prolapso
2663 3057 2876 3117 dicebat
2910 3079 2922 3116 :
2956 3061 3118 3120 Terra
3155 3074 3246 3120 tua
3271 3067 3381 3137 spi-

1801 3156 1899 3197 nas
1935 3151 1987 3197 et
2021 3145 2241 3200 tribulos
2271 3148 2582 3217 geminabit
2625 3151 2718 3207 tibi
2768 3151 2919 3226 (Gen.
2965 3156 3069 3227 ιιι).
3115 3156 3269 3225 Quod
3295 3168 3385 3216 est

1799 3242 1992 3304 aperte
2037 3235 2220 3293 dicere
2255 3255 2267 3291 :
2306 3238 2647 3298 Conscientia
2689 3251 2781 3300 tua
2809 3247 3127 3316 punctiones
3166 3250 3298 3319 tibi,
3327 3258 3385 3306 et

127 3337 461 3395 tabemcuto
503 3296 596 3394 luo
625 3338 797 3410 (Psal.
842 3296 952 3408 ιζ).
988 3339 1211 3411 Mystice
1242 3296 1694 3405 adtemrPil‘atus,

1804 3296 2023 3383 aculeos
2045 3328 2302 3389 vitiorum
2330 3346 2621 3401 procreare
2645 3349 2757 3397 non
2785 3296 3028 3397 desistet.
3060 3339 3213 3408 Quod
3251 3296 3381 3399 vero

125 3431 217 3501 qui
244 3431 630 3499 interpretatur
650 3447 708 3485 os
736 3429 1077 3494 malleatoris,
1105 3431 1371 3500 signiﬁcat
1404 3431 1695 3498 diabolum,

126 3524 220 3593 qui
271 3523 565 3578 secundum
618 3523 935 3592 prophetam
996 3520 1229 3579 malleus
1292 3530 1375 3579 est
1434 3521 1701 3581 universa)

126 3624 306 3680 terrae,
338 3629 437 3683 per
469 3629 630 3684 quem
657 3613 919 3670 Dominus
950 3613 1171 3669 vascula
1199 3628 1297 3669 sua
1322 3612 1379 3668 in
1410 3610 1701 3673 ministerii

126 3718 285 3758 usum
334 3700 617 3758 formanda
664 3702 918 3774 percutit,
957 3718 1083 3760 cum
1132 3702 1337 3761 electos
1374 3716 1501 3759 suos
1535 3700 1702 3759 variis

129 3792 518 3859 mutationibus
543 3794 772 3864 probare
810 3793 1091 3865 permittit.
1124 3794 1296 3861 Quem
1330 3800 1386 3850 et
1412 3793 1705 3853 novissime

125 3882 390 3939 Dominus
428 3884 686 3950 conterit,
735 3884 863 3955 quia
888 3891 1134 3941 extremo
1173 3884 1380 3955 iudicio
1405 3885 1463 3940 in
1499 3894 1703 3945 aeterna

126 3973 470 4030 dannatione
503 3972 812 4046 confringit.

194 4061 331 4136 [ΠΗ
375 4064 520 4121 Tunc
562 4064 750 4123 milites
786 4067 1028 4137 presidis
1064 4069 1401 4141 amicum
1443 4066 1624 4125 Jestnl
1649 4068 1708 4124 in

123 4158 391 4228 pmtorio,
432 4168 870 4230 congregaverant
915 4161 985 4215 ad
1021 4179 1140 4217 eunt
1181 4165 1477 4220 universam
1520 4164 1708 4218 cohor-

127 4257 248 4317 tem,
280 4261 329 4304 et
370 4262 615 4307 esttantus
638 4268 779 4317 eum,
804 4252 1128 4322 chlamydem
1168 4256 1460 4312 coccineum
1485 4259 1715 4313 circum-

127 4338 380 4394 dederunt
404 4339 472 4404 ei,
499 4348 548 4393 et
565 4338 840 4410 plectentes
873 4357 1119 4396 coronam
1144 4343 1209 4396 de
1232 4344 1409 4413 spinis
1428 4358 1712 4417 posuerunt

130 4446 285 4496 super
326 4439 481 4502 eaput
520 4430 659 4501 ejus,
704 4440 753 4485 et
797 4432 1107 4487 arundinem
1146 4434 1201 4488 in
1227 4435 1443 4493 dextera
1483 4440 1623 4509 ejus,
1665 4450 1717 4496 et

128 4538 261 4592 genu
286 4523 425 4591 ﬂeam
446 4528 566 4577 ante
589 4536 709 4577 eum
733 4520 1022 4577 illudebaut
1042 4523 1269 4581 dicentes
1291 4542 1311 4581 :
1345 4527 1469 4594 Ave,
1506 4547 1598 4585 rea:
1619 4530 1718 4586 Ju-

130 4612 385 4668 daorum.
425 4611 621 4668 Milites
646 4612 883 4682 quidem,
914 4614 1043 4684 quia
1073 4630 1168 4671 rex
1198 4615 1504 4675 Judmorum
1531 4621 1710 4679 fuerat

131 4706 451 4777 appetlatus,
496 4713 559 4762 et
588 4704 696 4761 hoc
731 4705 782 4761 ei
827 4706 1018 4763 scribas
1058 4717 1114 4763 et
1152 4711 1462 4769 sacerdotes
1501 4715 1711 4772 crimen

130 4796 464 4867 obiecerant,
498 4797 647 4867 quod
695 4796 796 4853 sibi
848 4797 906 4853 in
950 4800 1148 4871 populo
1204 4802 1367 4857 Israel
1423 4817 1713 4876 usurparet

133 4888 443 4958 imperium,
479 4888 763 4945 illudentes
804 4890 911 4947 hoc
952 4889 1178 4961 faciunt,
1209 4902 1271 4950 ut
1310 4898 1570 4954 nudatum
1598 4901 1714 4971 pri-

133 4981 289 5039 stinis
316 4983 582 5049 vestibus,
621 4983 847 5039 induant
878 4986 1216 5059 chlamydem
1254 4993 1566 5049 coccineam
1610 5011 1713 5068 pro

131 5087 388 5144 purpura,
424 5090 531 5146 qua
566 5088 722 5145 reges
757 5084 967 5133 veteres
1003 5080 1311 5149 utebantur,
1358 5092 1415 5140 et
1455 5100 1556 5156 pro
1601 5088 1713 5143 dia-

135 5163 346 5221 demate
370 5176 577 5235 ponant
602 5167 653 5222 ei
691 5183 945 5225 coronam
972 5172 1237 5241 spineam,
1266 5188 1367 5244 pro
1392 5186 1606 5248 sceptro
1626 5194 1715 5237 re-

135 5258 241 5328 gali
292 5259 422 5313 dent
453 5257 742 5327 calamum,
774 5271 828 5317 et
874 5264 1103 5320 adorent
1151 5269 1307 5336 quasi
1355 5284 1557 5342 regem.
1603 5271 1714 5329 Nos

136 5355 320 5403 autem
359 5349 474 5404 haec
506 5351 689 5404 omnia
726 5352 1089 5424 intelligamus
1132 5361 1379 5430 mystice.
1433 5361 1714 5430 Quomodo

137 5441 280 5495 enim
320 5440 552 5511 Caiphas
588 5441 766 5497 dixit:
811 5443 1026 5516 Oportet
1062 5465 1228 5505 unum
1263 5453 1525 5508 hominem
1575 5456 1712 5512 mori

138 5543 231 5597 pro
251 5530 511 5598 omnibus,
542 5531 789 5589 nesciens
814 5534 946 5603 quid
979 5536 1200 5605 diceret,
1233 5541 1313 5596 sic
1336 5549 1389 5596 et
1427 5543 1517 5598 isti
1539 5546 1715 5613 quod-

141 5632 353 5692 cunque
395 5622 659 5691 fecerunt,
705 5624 833 5682 licet
872 5626 976 5682 alia
1022 5640 1201 5685 mente
1235 5631 1488 5701 fecerint,
1537 5644 1712 5693 tamen

143 5712 297 5768 nobis
325 5718 415 5786 qui
442 5718 713 5774 credimus
741 5732 1078 5777 sacramenta
1109 5725 1431 5784 tribuebant.
1461 5728 1516 5783 In
1561 5731 1712 5786 chla-

143 5804 301 5871 myde
354 5810 623 5877 coccinea,
663 5825 824 5882 opera
877 5814 1114 5883 gentium
1155 5828 1377 5874 cruenta
1420 5829 1707 5878 sustentat.

143 5887 204 5944 in
233 5908 428 5953 corona
479 5902 683 5973 spinea,
718 5904 1063 5963 maledictum
1093 5907 1252 5965 solvit
1300 5913 1600 5985 antiquum.
1652 5914 1710 5972 ln

1793 3418 1948 3491 juxta
1988 3419 2339 3492 Evangelium
2381 3423 2542 3483 Lucae
2597 3426 2856 3485 Dominus
2912 3428 3056 3500 apud
3112 3430 3381 3491 Herodem

1801 3519 1923 3576 alba
1963 3529 2115 3578 veste
2159 3520 2417 3588 induitur,
2452 3522 2508 3577 in
2537 3524 2753 3581 caeteris
2780 3539 2908 3581 vero
2952 3526 3301 3598 evangelistis
3344 3544 3379 3585 a

1800 3611 2063 3668 militibus
2087 3610 2246 3669 Pilati
2274 3612 2376 3671 sub
2425 3613 2679 3671 coccineo
2722 3615 2839 3673 sive
2886 3632 3159 3688 purpureo
3194 3620 3385 3679 habitu

1801 3702 1994 3760 ilusus
2023 3716 2145 3761 esse
2189 3702 2523 3773 perhibetur,
2569 3703 2767 3765 collata
2794 3715 3024 3777 utraque
3050 3708 3385 3779 narratione,

1802 3792 1862 3849 in
1885 3808 1993 3849 uno
2016 3793 2325 3852 innocentia
2356 3801 2416 3851 et
2435 3795 2661 3855 castitas
2689 3805 2980 3869 assum
3008 3798 3386 3869 humanitatis,

1804 3882 1861 3941 in
1888 3881 2058 3941 altera
2085 3892 2268 3947 autem
2293 3886 2502 3947 *ει-ἣδε
2535 3887 2827 3959 passionis,
2854 3903 2954 3958 per
2976 3905 3141 3960 qrtam
3168 3890 3237 3948 ad
3273 3892 3390 3963 glo-

1806 3975 1944 4033 riam
1965 3975 2129 4049 regni
2172 3977 2498 4037 itnutortalis
2531 3984 2676 4036 esset
2702 3987 3080 4052 perventum,
3124 3981 3388 4053 exprimi-

1810 4074 1916 4122 tur.
1950 4065 2105 4125 Sicut
2127 4067 2273 4123 enim
2317 4082 2560 4139 purpura
2584 4068 2822 4127 colorem
2845 4069 3129 4142 sangttinis
3154 4071 3247 4142 qui
3288 4086 3390 4143 pro

1809 4158 1966 4215 nobis
1991 4157 2195 4217 eﬂ‘usus
2218 4166 2304 4216 est
2327 4160 2592 4228 imitatur,
2622 4162 2702 4217 ita
2720 4168 2778 4218 et
2800 4163 3048 4223 trabium
3068 4164 3221 4235 regni
3243 4164 3391 4235 quod

1808 4259 1933 4320 post
1961 4252 2269 4321 passionem
2295 4252 2537 4319 intravit,
2565 4255 2828 4325 nobisque
2848 4256 3158 4315 intrandum
3187 4258 3390 4327 patefe-

1814 4342 1910 4407 cit,
1939 4343 2196 4400 insinuat.
2218 4346 2421 4401 Verum
2448 4346 2576 4415 quia
2602 4347 2740 4402 dixit
2763 4346 3054 4417 Apostolus
3077 4368 3092 4404 :
3118 4348 3390 4424 Quotquot

1814 4434 1951 4488 enim
1999 4436 2057 4490 in
2099 4435 2307 4492 Christo
2347 4436 2600 4507 baptizati
2645 4440 2788 4506 estis,
2835 4439 3101 4497 Christum
3144 4444 3395 4502 induistis

1819 4524 1961 4599 (Gal.
1993 4528 2100 4600 tu),
2138 4537 2196 4584 et
2239 4528 2407 4585 isaias
2431 4531 2660 4586 Domino
2689 4532 2757 4587 de
2780 4533 2971 4590 electis
3009 4534 3264 4593 omnibus
3309 4538 3391 4595 in-

1818 4620 1969 4691 quit:
1994 4619 2097 4674 llis
2116 4620 2252 4677 velut
2272 4631 2581 4678 ornamento
2600 4624 2830 4680 vestieris
2852 4625 2988 4697 (Isa.
3015 4629 3182 4701 χιιι),
3214 4638 3395 4700 potest

1816 4712 1871 4769 in
1914 4711 2271 4784 hoc'utroque
2296 4713 2507 4770 Domini
2553 4717 2759 4781 habitu,
2802 4717 3146 4776 inimicorum
3173 4724 3393 4793 quidem

1814 4809 2078 4864 sententia
2103 4808 2387 4879 probrose,
2416 4807 2512 4865 sed
2550 4809 2720 4882 ipsius
2747 4813 2963 4869 Domini
2984 4816 3255 4874 electione
3279 4819 3397 4892 glo-

1812 4899 2131 4966 riosissimo,
2158 4900 2337 4955 omnis
2360 4899 2656 4957 electorum
2685 4902 2803 4973 eius
2852 4906 3141 4963 multitudo
3160 4923 3287 4979 qua;
3332 4911 3396 4966 in

1812 5000 2076 5062 martyres
2128 4992 2490 5060 venerandos,
2520 5002 2578 5051 et
2616 5002 2872 5052 emeram
2910 4997 3147 5055 ﬁdelium
3177 5001 3392 5071 plebem

1811 5084 2190 5157 distinguitur,
2218 5087 2498 5156 aptissime
2520 5086 2812 5158 designari.
2836 5091 2976 5149 Alba
2998 5093 3200 5150 etenim
3238 5102 3392 5152 veste

1816 5178 2079 5245 induitur,
2108 5192 2231 5235 cum
2262 5181 2465 5236 munda
2498 5180 2771 5250 iustorum
2794 5183 3133 5243 confessione
3155 5188 3390 5245 circum-

1818 5271 1995 5326 datur.
2024 5270 2269 5343 Purpura
2296 5273 2411 5328 sive
2436 5286 2604 5330 cocco
2622 5275 2869 5343 vestitur,
2899 5289 3023 5333 eum
3043 5277 3100 5334 in
3122 5278 3393 5352 triumpho

1818 5360 2232 5418 victoriosorum
2256 5370 2559 5436 martme
2587 5364 2869 5435 gloriatur.

1892 5454 1961 5510 Et
1990 5465 2295 5529 exspuentes
2326 5458 2382 5512 in
2410 5474 2529 5513 eum
2549 5500 2565 5525 ,
2608 5468 2919 5532 acceperunt
2960 5463 3300 5534 avaritiam,
3340 5473 3393 5522 et

1818 5551 2171 5621 percutiebant
2222 5559 2374 5622 caput
2430 5551 2564 5623 ejus.
2617 5552 2746 5610 Haec
2788 5561 2921 5611 tune
2970 5554 3149 5615 fecere
3192 5542 3392 5615 milites

1817 5642 1972 5698 Pilati
1992 5685 2006 5710 ,
2038 5644 2155 5699 haec
2188 5659 2360 5714 usque
2396 5645 2554 5702 hodie
2583 5644 2789 5703 faciunt
2818 5650 3056 5707 haeretici
3082 5658 3137 5708 et
3160 5652 3351 5723 pagani
3373 5693 3391 5715 ,

1816 5735 2014 5792 milites
2058 5736 2247 5807 utique
2297 5736 2499 5793 diaboli
2554 5755 2568 5791 :
2613 5736 2738 5809 quia
2787 5740 2930 5795 enim
2981 5749 3142 5812 caput
3186 5741 3389 5801 Christi

1816 5825 1987 5894 Deus,
2021 5834 2182 5897 caput
2223 5824 2338 5896 ejus
2362 5830 2711 5900 permittunt,
2762 5832 2853 5902 qui
2899 5846 3022 5888 eum
3051 5833 3219 5888 Deum
3268 5848 3391 5894 esse

1814 5933 2004 5974 verum
2032 5919 2315 5991 denegant.
2350 5921 2417 5977 Et
2454 5923 2579 5994 quia
2616 5939 2713 5996 per
2743 5925 3061 5982 arundinem
3107 5923 3390 6003 Scriptura
