3898 6444
586 395 728 476 ³135

1261 407 1323 462 Β.
1365 403 1616 462 RABANI
1655 401 1874 460 MAURI
1908 380 2247 457 ARCHIEP.’
2269 391 2577 450 MOGUNT.
2619 391 2902 452 OPERUM
2945 389 3122 446 PARS
3156 391 3197 446 Ι.

3605 400 3688 460 illi

578 531 722 586 solet
738 507 932 583 conﬁci
950 563 964 586 ,
987 520 1139 591 quasi
1162 516 1423 573 arundine
1443 513 1815 586 capntChristi
1840 511 2059 571 feriunt,
2077 507 2167 576 qui
2195 506 2246 568 Α
2275 519 2378 558 non
2409 503 2709 568 Hebraeum,
2742 511 2796 557 et
2821 505 3199 574 interpretatur
3224 500 3463 560 Calcariam
3486 506 3560 564 Est
3579 522 3688 568 autem

581 615 857 675 divinitati
881 614 1021 669 illius
1039 609 1470 666 contradicentes
1486 647 1500 671 ,
1526 619 1766 660 errorem
1798 617 1953 656 suum
1973 599 2168 654 conﬁr-

583 729 738 769 mare
780 707 1100 764 auctoritate
1130 718 1298 757 sacra:
1329 700 1624 770 Scripturze
1650 704 1932 753 conantur.
1958 693 2171 762 Spuunt

586 805 645 860 in
692 802 884 858 faciem
915 799 1067 869 ejus,
1113 795 1203 864 qui
1249 794 1367 864 ejus
1410 791 1749 862 praesentiam
1781 788 1966 860 gratiae
1991 785 2170 840 verbis

581 888 936 948 exsecrandis
959 901 1025 941 ex
1042 886 1252 938 interna
1277 896 1433 936 cmcae
1457 877 1877 934 mentisinsania
1895 873 2170 944 conceptis

585 988 887 1052 respuunt,
945 988 1002 1032 et
1042 974 1224 1029 Jesum
1273 971 1547 1028 Christum
1594 970 1646 1024 in
1692 983 1856 1022 carne
1907 967 2172 1034 denegant

583 1074 820 1129 venisse.
848 1071 916 1125 Et
940 1066 1158 1139 quidem
1190 1063 1386 1119 milites
1420 1077 1564 1126 eum,
1593 1060 1749 1129 quasi
1777 1057 1867 1128 qui
1899 1057 2066 1110 Deum
2111 1067 2172 1106 se

583 1169 701 1237 ipse
739 1163 875 1219 falso
911 1161 1174 1223 dixisset,
1222 1157 1508 1211 illudentes
1542 1151 1859 1207 adorabant.
1895 1147 2001 1204 Sed
2049 1152 2173 1201 sunt

581 1259 775 1322 hodie,
827 1255 970 1326 quod
1001 1259 1086 1308 est
1116 1249 1380 1323 gravioris
1415 1245 1684 1310 vesaniae,
1733 1243 1825 1313 qui
1854 1256 1977 1298 eum
2025 1246 2174 1294 certa

587 1350 691 1405 ﬁde
721 1355 782 1402 ut
819 1347 990 1401 Deum
1014 1356 1204 1398 verum
1232 1339 1492 1402 adorant,
1538 1335 1633 1390 sed
1660 1331 1935 1405 perversis
1964 1329 2174 1384 actibus

586 1454 712 1493 mox
730 1438 895 1491 verba
917 1432 1032 1502 ejus
1047 1432 1201 1503 quasi
1221 1429 1462 1484 fabulosa
1481 1425 1805 1496 despiciunt,
1824 1439 1886 1478 ac
1908 1421 2173 1492 promissa

587 1530 743 1600 regni
768 1527 911 1582 illius
940 1521 1324 1592 temporalibus
1351 1518 1619 1574 illecebris
1639 1517 1795 1587 longe
1823 1521 2171 1585 postponunt.

663 1619 730 1672 Et
751 1626 1022 1690 postquam
1041 1601 1314 1667 illuserunt
1337 1610 1406 1675 ei,
1424 1617 1679 1664 exuerunt
1694 1623 1811 1660 eum
1827 1603 2170 1673 chlamydem,

588 1718 636 1764 et
666 1708 948 1762 induerunt
981 1721 1100 1759 eum
1127 1702 1439 1758 vestimentis
1462 1700 1598 1770 ejus,
1625 1708 1673 1754 et
1697 1699 1957 1752 duxerunt
1979 1711 2095 1749 eum
2117 1704 2174 1749 ut

589 1799 971 1870 cruciﬁgerent.
1012 1791 1284 1866 (Ηίενοη.)
1313 1790 1537 1858 Quando
1570 1788 1870 1860 ﬂagellatur
1911 1783 2089 1850 Jesus,
2121 1792 2176 1839 et

2269 597 2382 666 ipse
2407 597 2554 652 locus
2577 599 2628 651 in
2659 597 2805 651 Helia
2830 597 2893 650 ad
2914 595 3362 665 septentrionalem
3380 597 3547 672 plagam
3564 610 3688 662 montis

2270 690 2398 746 Sion
2431 707 2445 744 :
2475 701 2530 745 et
2553 690 2810 746 Calvarize
2839 705 2945 745 non
2974 689 3042 742 ob
3067 687 3323 743 calvitium
3364 691 3493 758 primi
3527 693 3688 752 hominis.

2270 801 2427 856 quem
2460 784 2532 839 ibi
2586 783 2806 854 quidam
2835 789 3081 837 errantes
3126 780 3367 849 sepultum
3406 780 3559 837 frustra
3580 791 3688 856 Suspi-

2270 887 2482 941 cantur,
2512 877 2604 930 sed
2631 876 2701 930 ob
2729 873 3137 929 decollationem
3171 887 3366 926 reorum
3391 881 3521 943 atque
3553 877 3689 930 damna-

2271 974 2447 1020 torum
2467 964 2682 1020 dicitur.
2699 963 2869 1018 Adam
2891 977 3021 1016 vero
3041 975 3147 1015 non
3169 961 3219 1014 in
3239 959 3492 1016 Jerusalem
3505 965 3690 1034 sepultum.

2272 1058 2364 1113 sed
2386 1056 2538 1126 juxta
2562 1058 2754 1112 Arbea:
2777 1065 2831 1110 et
2855 1055 3094 1120 Hebron,
3124 1054 3177 1108 in
3203 1053 3380 1125 Moysis
3401 1056 3605 1113 volumine
3617 1060 3690 1130 legi-

2273 1165 2393 1206 mus
2433 1147 2583 1221 (Gen.
2634 1145 2811 1219 χχιιι).
2844 1148 3116 1202 Eseuntes
3145 1160 3266 1216 ergo
3302 1162 3329 1199 a
3369 1150 3570 1217 praetorio
3602 1150 3690 1205 Pilati

2272 1247 2534 1294 venerunt
2561 1238 2614 1292 in
2655 1237 2832 1293 locum
2857 1237 2949 1308 qui
2988 1237 3185 1292 dicitur
3209 1235 3456 1308 Golgotha,
3482 1241 3576 1310 quia
3607 1255 3689 1297 cura

2274 1333 2466 1386 urbem
2496 1340 2551 1385 et
2598 1328 2731 1385 foris
2772 1325 2983 1400 portam
3013 1339 3144 1383 tunc
3172 1327 3373 1383 fuerunt
3396 1327 3492 1384 loca
3521 1329 3561 1384 in
3583 1333 3690 1400 quibus

2275 1422 2665 1478 truncabantur
2686 1421 2863 1490 capita
2895 1421 3264 1494 damnatorum
3279 1459 3292 1483 ,
3319 1430 3368 1472 et
3390 1419 3490 1474 inde
3508 1421 3688 1487 Calrarir,

2275 1515 2329 1571 id
2358 1523 2482 1581 est,
2537 1514 2924 1570 decollatorum
2971 1527 3248 1582 sumpsere
3295 1526 3481 1567 nomen.
3515 1513 3689 1585 Propterea

2276 1616 2454 1662 autem
2485 1605 2557 1662 ibi
2587 1605 2878 1661 cruciﬁxus
2905 1614 2989 1660 est
3020 1604 3302 1670 Dominus,
3325 1605 3469 1659 utubi
3505 1607 3609 1676 prius
3629 1620 3689 1660 ent

2278 1715 2404 1755 area
2433 1699 2808 1754 damnatorum
2833 1737 2849 1763 ,
2879 1697 3220 1768 erigerentur
3257 1695 3429 1751 vexilla
3456 1697 3637 1766 martyrii.
3660 1697 3691 1752 Et

2278 1789 2550 1861 quomodo
2579 1805 2678 1860 pro
2709 1789 2864 1844 nobis
2892 1788 3236 1843 maledictum
3264 1789 3421 1842 crucis
3443 1786 3573 1844 factus
3590 1797 3690 1848 estet

587 1889 906 1959 cenSpuitur
921 1884 1264 1949 etirridetur,
1287 1898 1394 1936 non
1419 1881 1582 1936 habet
1601 1879 1817 1950 propria
1835 1878 2173 1942 vestimenta,
2202 1875 2252 1940 Β
2277 1879 2596 1953 ﬂagellatus,
2620 1888 2676 1935 et,
2693 1877 3010 1942 cruciﬁxus,
3028 1877 3108 1932 sic
3127 1893 3224 1947 pro
3242 1877 3452 1931 omnium
3473 1877 3595 1930 salute

588 1971 687 2038 sed
715 1997 779 2036 ea
805 1996 925 2051 qua:
951 1987 1171 2049 propter
1211 1982 1432 2046 peccata
1463 1981 1649 2027 nostra
1690 1977 2015 2038 sumpserat.
2043 1965 2178 2022 Cum

591 2083 774 2128 autem
825 2069 1238 2141 cruciﬁgeretur
1293 2074 1350 2121 et
1407 2064 1669 2119 illusionis
1709 2071 1870 2131 atque
1914 2059 2180 2115 irrisionis

591 2163 786 2236 pompa
816 2161 1181 2234 praeterierat,
1212 2166 1343 2212 tunc
1383 2155 1636 2226 pristinas
1676 2161 1856 2208 vestes
1880 2151 2101 2221 recipit,
2127 2157 2182 2204 et

593 2253 871 2325 proprium
902 2242 1129 2305 assumit
1152 2257 1424 2310 ornatum,
1458 2245 1748 2313 statimque
1783 2241 2045 2297 elementa
2068 2248 2181 2294 tur-

586 2332 816 2407 bantur,
847 2351 900 2395 et
932 2338 1162 2396 creatori
1188 2335 1555 2392 testimonium
1583 2335 1714 2389 dant
1735 2341 2020 2388 creaturas.

665 2433 808 2508 [HK]
856 2431 1119 2486 Eaeuntes
1169 2440 1340 2483 autem
1385 2429 1688 2481 invenerunt
1717 2426 1975 2478 hominem
2022 2421 2180 2492 Cyre-

585 2527 771 2582 naeam
800 2528 1080 2581 venientem
1107 2524 1307 2578 obviam
1346 2522 1444 2575 sibi
1469 2522 1675 2574 nomine
1701 2519 1987 2574 Simonem.
2021 2515 2180 2570 Hunc

596 2619 1002 2691 angat-iuverunt
1048 2625 1106 2669 ut
1137 2613 1334 2668 tolleret
1371 2628 1576 2666 crucem
1604 2611 1736 2680 ejus.
1761 2609 2071 2665 Cavendum
2113 2622 2181 2662 ne

595 2714 685 2769 cui
715 2709 964 2767 videatur
992 2707 1320 2764 contrarium
1348 2704 1490 2774 quod
1520 2701 1754 2757 Joannes
1785 2700 1974 2756 scribit
2005 2700 2178 2768 ipsum

594 2805 884 2860 Dominum
907 2800 1011 2856 sibi
1039 2813 1256 2854 crucem
1282 2804 1545 2867 portasse.
1577 2793 1768 2850 Czeteri
1792 2807 1922 2846 vero
1947 2805 2180 2860 evange-

593 2891 732 2952 lista:
754 2893 897 2949 hunc
931 2892 1207 2948 Simonem
1236 2887 1552 2959 Cyrenaeam
1576 2901 1694 2941 eam
1725 2881 1993 2952 bajulasne
2034 2880 2177 2938 refe-

593 2995 741 3042 runt.
792 2984 975 3040 Primo
1011 2995 1243 3051 namque
1271 2995 1301 3033 a
1332 2978 1558 3034 Domino
1596 2985 1833 3048 portata,
1879 2990 1942 3030 ac
1987 2973 2180 3029 deinde

595 3074 840 3139 Simoni,
888 3088 1049 3143 quem
1094 3079 1355 3126 exeuntes
1403 3066 1541 3123 forte
1586 3067 1801 3123 obvium
1834 3067 2178 3132 habuerunt,

591 3166 854 3238 portanda
881 3162 1132 3234 imposita
1162 3169 1263 3217 est.
1294 3161 1362 3215 Et
1405 3160 1507 3214 hoc
1536 3173 1774 3228 congruo
1820 3156 1952 3211 satis
1988 3153 2179 3210 ordine

2281 1973 2475 2028 noxius
2519 1973 2662 2026 inter
2715 1969 2906 2025 noxios
2957 1969 3302 2041 cruciﬁgitur.
3352 1967 3515 2039 (Rm)
3545 1967 3688 2021 Moralem

2280 2079 2494 2137 quoque
2517 2071 2876 2120 sacrosancta:
2893 2062 3077 2118 crucis
3098 2061 3316 2134 ﬁguram
3341 2061 3546 2116 describit
3565 2061 3690 2129 Aposto-

2280 2157 2385 2222 lus,
2399 2158 2490 2214 ubi
2506 2158 2580 2212 ait
2599 2175 2610 2210 :
2639 2155 2705 2210 In
2719 2156 2976 2210 charitate
2989 2155 3216 2209 radicati
3234 2165 3278 2210 et
3292 2154 3470 2224 fundati
3478 2163 3514 2209 et
3524 2163 3561 2207 ut
3575 2152 3687 2222 possitis

2281 2249 2709 2320 comprehendere
2721 2264 2838 2302 cum
2857 2247 3100 2302 omnibus
3121 2247 3309 2301 sanctis
3321 2262 3423 2316 qua?
3433 2246 3486 2299 sit
3503 2243 3656 2304 latitudo,
3667 2252 3688 2291 α

2281 2343 2582 2415 longitudo,
2615 2341 2839 2396 altitudo
2862 2381 2876 2406 ,
2901 2350 2949 2394 et
2975 2338 3321 2410 profundum,
3350 2350 3584 2407 cognouere
3609 2333 3687 2386 etin

2281 2435 2740 2506 supereminentem
2763 2431 2997 2486 scientia?
3009 2430 3313 2484 charitater'n
3343 2425 3499 2481 Christi
3517 2423 3623 2495 (Epit.
3638 2421 3686 2473 nil.

2283 2523 2468 2598 [Aug]
2493 2523 2550 2577 In
2586 2523 2868 2578 latitudine
2889 2521 3093 2592 quippe
3120 2519 3260 2575 bona
3283 2531 3426 2588 opera
3445 2513 3638 2572 cbariutis
3653 2511 3686 2564 si

2281 2615 2528 2688 gniﬁcat;
2556 2615 2608 2669 in
2637 2613 2990 2686 longitudine,
3017 2611 3446 2684 perseverantiam
3468 2615 3685 2663 sanctetuo-

2281 2705 2604 2761 versationis
2626 2719 2794 2774 usque
2816 2704 2868 2758 in
2893 2703 3090 2768 ﬁnem;
3115 2703 3168 2757 in
3196 2701 3464 2764 altitudine,
3487 2712 3590 2768 spem
3607 2693 3685 2748 adt

2283 2799 2445 2855 stium
2473 2798 2852 2868 praemiorum;
2882 2797 2933 2851 in
2958 2796 3246 2867 profundo,
3271 2791 3564 2850 inscrutabilia
3579 2788 3683 2856 judicia

2282 2892 2398 2948 Dei.
2425 2884 2576 2948 Unde
2588 2891 2691 2946 ista
2702 2891 2873 2961 gratia
2888 2891 2942 2944 in
2956 2889 3207 2945 homines
3217 2888 3368 2951 venit,
3382 2897 3427 2942 et
3437 2886 3525 2940 haec
3535 2884 3684 2946 istam»

2281 2993 2468 3042 tantur
2492 2992 2834 3040 sacramento
2859 2983 3063 3049 crucis,
3091 2991 3151 3037 ut
3172 2984 3224 3037 in
3258 2979 3499 3036 latitudine
3516 2972 3683 3040 accipiatur

2282 3085 2654 3133 transversum
2681 3076 2881 3147 lignum
2903 3090 3014 3146 quo
3035 3073 3380 3130 extenduntur
3399 3070 3683 3134 manus,me

2282 3181 2505 3239 operum
2527 3167 2976 3240 signiﬁcationem
2994 3184 3010 3234 ;
3036 3167 3090 3221 in
3115 3163 3423 3236 longitudine
3439 3161 3490 3214 ab
3507 3159 3586 3227 ipso
3598 3164 3681 3219 υειυε

594 3256 840 3326 mysterii
867 3294 884 3321 ,
929 3253 1052 3325 quia
1101 3252 1358 3308 nimirum
1405 3251 1517 3320 ipse
1551 3264 1743 3320 passus
1782 3257 1865 3303 est
1891 3263 1991 3317 pro
2019 3246 2176 3302 nobis
2199 3230 2250 3298 C
2281 3230 2336 3314 ξεί
2365 3230 2708 3322 ιενι-επηξυδί
2753 3267 2925 3312 totum
2967 3230 3167 3327 (im-pus
3194 3230 3475 3310 c'mcigxum
3495 3256 3592 3302 sum
3609 3239 3681 3293 ne

595 3347 907 3417 relinquens
942 3343 1098 3400 nobis
1147 3341 1450 3413 exemplum
1471 3381 1485 3406 ,
1528 3349 1588 3394 ut
1631 3353 1926 3410 sequamur
1950 3335 2177 3407 vestigia
2282 3356 2401 3415 ιιιη
2432 3347 2575 3418 quod
2603 3349 2870 3419 είεηίηεαι
2896 3350 3208 3418 persistere,
3233 3349 3329 3402 hoc
3346 3352 3434 3409 εει,
3455 3334 3681 3410 longanimiter

593 3440 731 3510 ejus.
772 3438 839 3493 Et
881 3439 1024 3508 quod
1055 3436 1240 3491 Simon
1292 3437 1391 3490 iste
1432 3449 1538 3489 non
1583 3429 1995 3504 Hierosolymita
2024 3471 2038 3496 ,
2085 3429 2180 3486 sed
2283 3453 2631 3510 permanere;
2664 3439 2717 3492 in
2746 3438 3070 3502 altitudine,
3125 3440 3193 3494 ab
3221 3439 3331 3508 ipso
3356 3443 3588 3488 transverso
3611 3424 3682 3490 lim

596 3533 885 3603 Cyrenmus
911 3546 1028 3585 esse
1047 3528 1360 3600 perhibetur
1375 3525 1605 3597 (Cyrene
1625 3525 1768 3580 enim
1791 3523 1976 3594 Libya:
1991 3521 2182 3576 civitas
2284 3544 2496 3585 sursum
2525 3543 2718 3584 versus
2745 3531 2885 3598 quod
2915 3529 2982 3584 ad
3013 3537 3177 3600 caput
3199 3528 3399 3589 eminet,
3437 3525 3681 3593 pmpterspw

597 3628 703 3684 est,
760 3628 820 3673 ut
866 3620 919 3674 in
971 3618 1195 3674 Actibus
1231 3616 1594 3687 apostolorum
1635 3614 1865 3684 legimus
1905 3609 2041 3683 (Act.
2092 3611 2180 3679 ιι),

599 3722 746 3768 recte
787 3725 885 3782 per
935 3725 1058 3764 eum
1104 3709 1284 3779 populi
1329 3708 1567 3778 gentium
1621 3705 1972 3775 designantur
2021 3720 2037 3756 :
2089 3702 2183 3772 qui

601 3801 870 3871 quondam
901 3799 1172 3870 peregrini
1193 3807 1250 3854 et
1275 3799 1518 3868 hospites
1545 3804 2014 3858 testamentorum,
2036 3808 2184 3848 nunc

600 3894 901 3949 obediendo
927 3893 1071 3947 cives
1101 3899 1226 3946 sunt
1257 3899 1313 3945 et
1329 3889 1611 3945 domestici
1633 3887 1762 3953 Dei;
1803 3895 1858 3942 et
1885 3885 2026 3942 sicut
2055 3884 2182 3938 alibi

602 3986 801 4042 dicitur
827 4003 839 4038 :
869 3985 1115 4039 llwredes
1132 3994 1302 4038 autem
1327 3984 1453 4048 Dei,
1481 3982 1770 4037 coha'redes
1793 3989 1966 4034 autem
1988 3978 2184 4032 Christi

605 4076 765 4148 (Eph.
799 4076 882 4145 ιι).
918 4074 1068 4129 Unde
1119 4082 1241 4143 apte
1272 4072 1456 4128 Simon
1489 4073 1752 4136 obediens,
1780 4071 1987 4141 Cyrene
2017 4071 2182 4123 hrrres

603 4165 1012 4232 interpretatur.
1045 4161 1154 4216 Nec
1181 4164 1609 4230 praetereundum
1639 4165 1783 4232 quod
1822 4165 1964 4218 idem
1996 4163 2182 4218 Simon

589 4257 672 4343 Ide
709 4255 829 4308 villa
877 4254 1088 4309 venisse
1130 4253 1380 4308 refertur.
1415 4253 1548 4307 Villa
1593 4255 1736 4308 enim
1783 4253 1970 4310 Graece
2018 4258 2183 4328 πάγος

606 4345 821 4407 dicitur,
847 4344 988 4398 unde
1011 4359 1248 4415 paganos
1269 4344 1597 4415 appellamus
1617 4358 1730 4410 eos,
1756 4360 1889 4414 quos
1914 4360 1944 4399 a
1965 4346 2186 4401 civitate

605 4435 704 4491 Dei
752 4435 991 4500 alienos,
1037 4443 1090 4490 et
1134 4435 1289 4504 quasi
1329 4435 1548 4490 urbanae
1589 4436 2014 4491 conversationis
2064 4451 2185 4492 esse

605 4525 851 4580 videmus
879 4534 1144 4596 expertes.
1195 4525 1300 4580 Sed
1347 4527 1411 4580 de
1441 4541 1578 4598 pago
1622 4526 1809 4581 Simon
1861 4528 2182 4596 egrediens,

605 4631 823 4672 crucem
871 4624 1051 4685 portat
1089 4624 1212 4686 post
1254 4614 1472 4681 Jesum,
1511 4631 1633 4671 cum
1659 4617 1886 4687 pepulus
1908 4618 2184 4672 nationum

607 4708 829 4779 paganis
841 4707 1036 4762 ritibus
1058 4705 1345 4770 derelictis,
1365 4708 1589 4778 vestigia
1614 4709 1904 4764 Dominica:
1916 4708 2186 4779 passionis

604 4801 918 4856 obedienter
944 4799 1306 4870 amplectitur.
1331 4798 1603 4872 (Hieron.)
1629 4799 1739 4856 Nec
1760 4800 2060 4866 fortuitum,
2089 4801 2186 4856 sed

606 4891 893 4963 ﬁguratum
935 4898 990 4946 et
1014 4890 1302 4961 mysticum
1334 4889 1454 4955 luit,
1496 4901 1556 4945 ut
1598 4889 1799 4948 ludatis
1825 4890 1879 4946 in
1907 4891 2183 4946 Christum

603 4983 966 5047 saevientibus,
998 4983 1066 5038 ad
1095 4982 1528 5053 compatiendum
1563 4983 1612 5038 ei
1639 4983 1957 5054 peregrinus
1987 4997 2180 5040 occur-

603 5069 770 5139 reret,
801 5075 1011 5130 dicente
1038 5073 1316 5144 Apostolo,
1342 5073 1388 5128 si
1422 5076 1788 5144 compatimur,
1814 5085 1862 5130 et
1891 5076 2179 5146 conregna-

604 5164 803 5231 bimus,
831 5176 891 5220 ut
939 5164 1305 5220 sacratissimo
1351 5163 1652 5220 Salvatoris
1699 5165 1988 5235 opprobrio
2013 5206 2028 5231 ,
2069 5179 2181 5220 non

605 5257 862 5314 Hebraeus
889 5258 1171 5328 quisquam
1201 5272 1300 5312 nec
1321 5256 1580 5318 Israelita,
1608 5257 1700 5312 sed
1728 5257 2026 5329 alienigena
2056 5257 2183 5312 sub-

605 5348 839 5402 deretur.
879 5348 982 5402 Per
1027 5349 1166 5402 hanc
1206 5347 1348 5404 enim
1375 5346 1784 5402 translationem
1811 5387 1825 5411 ,
1875 5363 1905 5400 a
1952 5347 2184 5402 circum-

605 5439 811 5496 cisione
850 5434 917 5494 ad
961 5439 1316 5509 praeputium,
1369 5452 1399 5492 a
1431 5437 1555 5493 ﬁliis
1597 5437 1904 5493 carnalibus
1951 5439 2016 5492 ad
2043 5437 2184 5492 ﬁlios

607 5531 914 5604 spiritales,
944 5531 1287 5586 immaculata
1331 5531 1453 5602 agni
1494 5531 1827 5601 propitiatio,
1865 5537 1922 5585 et
1943 5530 2183 5585 omnium

509 5665 512 5670 ι
607 5631 1067 5680 sacramentorum
1098 5622 1371 5692 plenitudo
1408 5622 1689 5676 transibat.

679 5715 746 5766 Et
768 5721 1009 5767 venerunt
1036 5713 1090 5764 in
1111 5712 1284 5766 locum
1305 5713 1394 5780 qui
1423 5712 1616 5765 dicitur
1635 5710 1918 5780 Golgotha,
1945 5709 2084 5780 quod
2108 5719 2184 5764 est

614 5803 870 5859 Calvaria:
897 5801 1062 5858 locus.
1090 5802 1353 5875 Golgotha
1378 5818 1614 5874 namque
1635 5800 1831 5873 Syrum
1858 5814 2053 5857 nomen
2078 5810 2183 5868 est,

2286 3621 2544 3677 tationem
2574 3635 2929 3692 supernorum
2951 3662 2965 3684 ,
3015 3636 3087 3676 ne
3109 3621 3197 3675 illa
3237 3634 3388 3690 Opera
3423 3616 3529 3669 bona
3549 3601 3682 3674 atquein

2283 3711 2364 3765 eis
2390 3711 2794 3779 perseverantia
2840 3719 3065 3782 propter
3084 3709 3335 3767 beneﬁcia
3363 3705 3468 3767 Dei,
3491 3709 3627 3754 terrena
3652 3703 3680 3741 κ

2283 3800 2597 3870 temporalia
2648 3801 2890 3856 facienda
2935 3804 3248 3866 credantur,
3279 3798 3365 3855 sed
3402 3795 3538 3866 potius
3564 3791 3682 3858 M‘“

2287 3890 2438 3959 illud,
2481 3892 2624 3962 quod
2669 3892 2898 3962 desuper
2927 3893 3312 3963 sempiternum
3352 3892 3497 3959 sperat
3525 3880 3681 3940 ﬁdem“

2282 4001 2381 4056 per
2422 3985 2766 4041 dilectionem
2809 3995 3099 4057 operatur;
3148 3986 3200 4040 in
3223 3981 3453 4056 profundo
3487 3982 3605 4029 autem
3621 3976 3681 4057 FF

2284 4051 2371 4134 illa
2399 4078 2526 4149 ligni
2557 4094 2676 4149 qua:
2717 4079 2771 4132 in
2801 4051 2959 4132 terra:
2986 4051 3171 4133 abdita
3201 4051 3357 4132 deﬁxa
3397 4072 3520 4129 latet,
3545 4051 3680 4149 sedul!

2287 4143 2721 4242 consm'gitillud
2748 4186 2910 4226 omne
2937 4170 3082 4241 quod
3110 4169 3336 4232 eminet,
3378 4164 3491 4217 sicut
3507 4171 3554 4212 ex
3569 4143 3680 4204 omni"

2287 4261 2380 4314 Dei
2397 4241 2670 4314 voluntate
2689 4271 2914 4314 vocatur
2937 4261 3100 4314 horno
3123 4259 3186 4313 ad
3208 4250 3584 4328 participationem
3600 4241 3679 4289 υῦῑτ

2287 4353 2503 4422 gratiae,
2529 4353 2666 4408 alius
2710 4353 2816 4416 sic,
2845 4353 2981 4406 alius
3013 4361 3192 4406 autem
3219 4350 3310 4404 sic.
3347 4335 3677 4422 Supereminemef

2288 4459 2418 4499 vero
2442 4444 2680 4499 scientia:
2702 4445 3025 4498 charitatem
3062 4441 3289 4502 Christi,
3315 4410 3425 4492 eam
3451 4424 3615 4500 profecto
3637 4410 3678 4464 αθ

2289 4550 2392 4605 pax
2424 4535 2509 4589 illa
2548 4543 2629 4590 est
2656 4551 2775 4603 quae
2802 4533 3063 4603 praecellit
3092 4545 3296 4588 omnem
3323 4524 3590 4581 intellectum-

2212 4595 2264 4655 ι)
2291 4587 2316 4605 ⁷
2331 4587 2710 4678 *r.".‘..'.‘....;.
2735 4587 2782 4679 ἐξ
2803 4587 2996 4679 '..-.....
3020 4587 3188 4678 4......
3214 4637 3323 4675 cum
3349 4614 3449 4687 felle
3467 4587 3680 4687 mist-ili?

2290 4734 2408 4771 cum
2431 4727 2710 4788 gustasset,
2761 4717 2928 4772 noluit
2959 4718 3147 4772 bibere.
3183 4717 3316 4770 Deus
3344 4685 3534 4777 loquitur
3549 4693 3592 4749 ad
3618 4685 3679 4740 Πῖιλ

2289 4809 2522 4864 rusalem
2553 4827 2566 4864 :
2617 4808 2730 4880 Ego
2755 4821 2802 4865 te
2821 4810 3053 4880 plantavi
3073 4812 3270 4864 vineam
3297 4816 3441 4858 meum
3463 4802 3594 4880 κητν

2289 4900 2444 4954 modo
2473 4900 2614 4969 facta
2640 4863 2692 4955 es,
2724 4901 2776 4954 in
2815 4863 3212 4955 hmaritudinem
3243 4897 3349 4952 vitis
3374 4863 3679 4970 alicui“???

2290 4960 2487 5045 Amara
2542 4993 2664 5047 vitis
2709 5006 2955 5046 amarum
3006 4992 3186 5046 vinum
3246 4987 3394 5048 fecit,
3433 4989 3514 5048 quo
3544 4960 3680 5039 Pmi’im‘

2288 5079 2516 5135 Domino
2571 5081 2697 5136 Jesu
2721 5121 2736 5145 ,
2793 5088 2854 5136 ut
2888 5081 3174 5150 impleatur
3218 5075 3348 5148 quod
3387 5067 3579 5136 scriptum
3603 5055 3678 5150 “li

2287 5167 2553 5223 Dederunt
2577 5169 2631 5222 in
2661 5137 2832 5223 cibum
2857 5137 3027 5223 meu-m
3052 5169 3142 5239 fel,
3167 5177 3212 5222 et
3237 5137 3284 5219 in
3304 5161 3380 5218 siti
3398 5172 3488 5213 nica
3502 5137 3681 5239 110!an

2289 5277 2371 5314 me
2409 5269 2552 5313 aceto
2589 5259 2762 5331 (Psal.
2790 5261 3000 5332 vam).
3052 5223 3207 5328 Ὠιιοά
3236 5264 3393 5312 autem
3421 5245 3564 5302 dicitur
3585 5249 3594 5284 ε

2289 5358 2566 5421 gustasset,
2594 5317 2760 5403 noluit
2795 5317 2984 5415 bibere],
3024 5317 3124 5405 ιιξο
3157 5349 3342 5404 indicat
3370 5336 3483 5409 (μιοά

2289 5411 2504 5513 quidem
2541 5457 2640 5512 pro
2675 5441 2830 5496 nobis
2877 5411 3067 5496 mortis
3091 5435 3478 5496 amaritudinem.
3504 5415 3570 5475 sed

2287 5493 2381 5586 5ίέ
2393 5493 2987 5602 ὶέέὶιὲὲεὶέέὲιῖξλὲιρῖ)
3004 5493 3172 5599 dubii
3182 5493 3314 5584 enim
3337 5521 3400 5576 ait
3417 5515 3571 5602 Marco:
3593 5493 3682 5602 εἷς

2287 5621 2504 5690 accepit,
2543 5581 2860 5689 intelligitur
2888 5581 2995 5674 nam]:
3021 5581 3304 5688 accepitut
3331 5608 3512 5666 bibem'

2288 5670 2466 5766 auterm
2521 5711 2659 5764 sicut
2715 5670 2998 5767 glatthzeus
3046 5670 3195 5766 testis
3241 5712 3350 5767 est,
3395 5705 3440 5751 ul

2290 5765 2576 5855 Matthaeus
2603 5801 2681 5854 ait
2725 5819 2736 5854 :
2781 5765 2966 5857 Noluit
2981 5765 3188 5865 bibere,
3228 5797 3318 5853 hoc
3339 5765 3515 5846 illarcus
3544 5765 3678 5828 (lth
