3898 6436
209 378 346 440 1157

1149 379 1498 438 COMMENT.
1537 378 1604 435 1N
1643 376 2068 438 MATTHIEUM.
2111 411 2180 424 —-—
2215 376 2341 439 LIB.
2381 379 2510 440 Vill.

3321 387 3457 448 1158.

211 491 334 546 Non
360 492 584 562 accepit,
615 490 848 547 tacuerit
865 499 1044 546 autem
1072 494 1214 560 quod
1244 494 1556 561 gustaverit.
1587 493 1694 550 Sed
1721 501 1777 549 et
1799 495 1855 560 Α
1877 507 2073 552 nerunt
2097 539 2112 563 ,
2161 498 2267 554 nisi
2292 500 2433 568 quod
2480 513 2574 553 rex
2615 497 2919 555 Judaeorum
2949 509 3110 557 esset.
3157 501 3306 559 Unde
3345 519 3454 562 non

208 584 312 639 hoc
347 581 491 653 quod
530 579 742 636 Marcus
779 582 857 636 ait
882 582 1211 652 myrrhatum
1239 584 1776 655 vinum,.intelligen-

207 673 335 728 dum
360 681 446 726 est
486 671 792 726 Matth-eum
839 671 1040 727 dixisse
1086 689 1204 727 cum
1246 672 1365 742 felle
1413 676 1652 730 mixtum.
1685 674 1776 732 Fel

206 764 403 835 quippe
431 778 528 835 pro
556 763 916 820 amaritudine
935 764 1146 834 posuit,
1173 773 1230 819 et
1271 767 1604 836 myrrhatum
1635 768 1779 824 enim

204 855 393 911 vinum
413 855 812 910 amarissimum
833 864 916 911 est
944 874 959 910 :
984 871 1291 926 quanquam
1317 857 1431 913 ﬁeri
1455 859 1625 928 possit
1644 866 1704 914 ut
1725 867 1783 915 et

207 943 331 1000 felle
353 955 410 1000 et
441 947 659 1016 myrrha
689 945 872 1001 vinum
903 947 1300 1003 amarissimum
1336 950 1637 1006 redderent.

279 1035 565 1109 Postquam
623 1047 795 1092 autent
853 1040 1224 1110 cruciﬁxerunt
1283 1059 1400 1096 eum
1429 1083 1444 1108 ,
1495 1044 1781 1099 diviserunt

205 1130 504 1186 vestimenta
529 1130 644 1200 ejus
670 1139 858 1185 sortem
892 1133 1171 1187 mittentes.
1199 1133 1432 1190 Joannes
1462 1144 1640 1190 autem
1667 1136 1780 1191 dis-

206 1219 424 1274 tinctius
441 1219 542 1274 hoc
556 1219 788 1290 explicat
801 1221 1249 1291 quemadmodum
1262 1232 1469 1294 gestum
1483 1225 1571 1279 sit.
1589 1225 1781 1282 Milites

205 1329 348 1382 ergo,
375 1313 567 1382 inquit,
592 1330 709 1368 cum
732 1315 1110 1383 cruciﬁxissent
1137 1332 1276 1382 eum,
1309 1326 1614 1386 acceperunt
1629 1319 1783 1373 vesti-

205 1415 379 1460 menta
413 1407 527 1477 ejus
549 1416 598 1461 et
621 1408 852 1478 fecerunt
882 1419 1109 1480 quatuor
1131 1420 1303 1480 partes
1326 1411 1602 1481 unicuique
1629 1411 1782 1465 militi

203 1506 402 1566 partem
422 1508 470 1552 et
493 1499 742 1554 tunicam.
772 1499 902 1554 Erat
920 1511 1093 1554 autem
1114 1501 1293 1554 tunica
1316 1501 1663 1568 inconsatilis,
1687 1503 1779 1556 de-

203 1602 362 1656 super
388 1598 628 1642 contexta
655 1606 748 1658 per
772 1598 953 1644 totum.
985 1589 1242 1645 Dixerunt
1271 1607 1392 1661 ergo
1421 1592 1490 1645 ad
1517 1593 1731 1646 invicem
1761 1608 1780 1647 :

206 1673 332 1729 Non
351 1677 652 1732 scindamus
675 1695 790 1732 eam
815 1679 906 1732 sed
930 1681 1215 1734 sortiamur
1237 1681 1299 1734 de
1321 1680 1412 1734 illa
1438 1681 1588 1751 cujus
1612 1682 1699 1747 sit,
1727 1692 1780 1736 ut

204 1765 475 1838 Scriptura
503 1769 804 1840 impleretur
826 1771 1001 1826 dicens
1020 1812 1035 1837 ,
1087 1772 1281 1826 Partiti
1317 1782 1436 1826 sunt
1485 1774 1782 1828 vestimenta

1881 585 1981 655 ipsi
2009 587 2248 657 quidem,
2276 590 2368 644 sed
2389 588 2592 643 Pilatus
2615 588 2754 644 hanc
2774 590 3122 658 scriptionem
3143 588 3290 658 fecit;
3311 589 3467 652 sicut

1880 684 1934 731 et
1957 675 2190 732 Joannes
2216 677 2534 733 manifestus
2565 687 2752 734 narrat
2780 678 2966 735 dicens
2995 698 3008 732 :
3039 677 3256 751 Scripsit
3279 691 3463 756 autem,

1880 779 1928 823 et
1953 769 2164 824 titulum
2186 767 2414 835 Pilatus,
2438 781 2486 824 et
2506 772 2676 842 posuit
2700 788 2855 842 super
2875 788 3098 826 crucem.
3123 771 3255 827 Erat
3279 784 3455 830 autem

1879 861 2131 930 scriptum
2171 874 2190 912 :
2234 858 2389 915 Iesus
2423 861 2760 927 Nazarenus,
2807 879 2899 916 rex
2927 861 3255 918 Judworum.
3298 862 3464 938 Hunc"

1881 953 2092 1009 titulum
2140 954 2291 1008 multi
2323 954 2557 1025 legerunt
2580 955 2916 1021 Iudaeorum,
2942 956 3064 1027 quia
3089 971 3246 1026 prope
3271 944 3463 1009 civita-l

1881 1053 1982 1099 tem
2013 1054 2123 1100 erat
2150 1045 2292 1098 locus
2321 1047 2408 1098 ubi
2449 1046 2731 1115 cruciﬁxus
2773 1057 2848 1101 est
2869 1046 3045 1101 Jesus.
3075 1045 3145 1100 Et
3185 1055 3295 1100 erat
3331 1047 3459 1100 scri-

1877 1144 2024 1206 ptum
2054 1135 2326 1198 Hebraice,
2348 1133 2526 1190 Grazce
2548 1147 2595 1192 et
2617 1137 2824 1192 Latine.
2854 1137 3104 1193 Dicebant
3135 1153 3255 1208 ergo
3281 1135 3462 1190 Pilato

1879 1227 2150 1298 pontiﬁces
2177 1225 2487 1281 Judworum
2515 1244 2535 1282 :
2564 1228 2690 1283 Noli
2722 1228 2961 1292 scribere,
2993 1244 3084 1283 rex
3107 1227 3418 1283 Iudaeorum
3438 1270 3460 1292 ,

1881 1315 2141 1386 sed,’quia
2187 1318 2294 1387 ipse
2319 1317 2452 1372 dixit
2485 1331 2502 1369 :
2533 1335 2624 1372 rex
2649 1336 2764 1372 sum
2801 1317 3132 1373 Judazorum.
3173 1316 3457 1389 Respondit

1882 1404 2089 1460 Pilatus
2121 1421 2140 1458 :
2191 1406 2344 1471 Quod
2386 1407 2606 1477 scripsi,
2661 1409 2867 1478 scripsi.
2901 1407 3038 1464 Hinc
3066 1423 3194 1478 ergo
3236 1395 3460 1480 apparet

1881 1493 2094 1551 Judteos
2121 1496 2263 1550 hunc
2294 1496 2507 1551 titulum
2550 1512 2658 1552 non
2686 1497 3002 1564 confecisse,
3031 1497 3120 1568 qui
3150 1495 3332 1553 Jesum
3362 1481 3456 1570 ac-:

1882 1585 2170 1650 cusabant,
2213 1595 2266 1640 et
2316 1586 2614 1642 invidentes
2643 1587 2805 1642 scribi
2857 1603 3039 1658 regem
3067 1582 3456 1657 prohibebanti

1883 1677 1977 1732 sed
2002 1676 2262 1743 Pilatum,
2309 1679 2400 1748 qui
2429 1678 2644 1748 gentilis
2670 1677 2850 1748 pepuli
2885 1678 2938 1732 in
2979 1675 3376 1748 conscriptione
3404 1685 3459 1752 et

1883 1768 2292 1823 conﬁrmatione
2306 1768 2444 1822 tituli
2462 1769 2636 1839 typice
2646 1766 3037 1824 confessionem
3054 1755 3458 1839 praeﬁgurabatl

203 1877 320 1914 mea
341 1860 462 1927 sibi,
494 1871 541 1915 et
563 1863 617 1915 in
641 1862 941 1917 vestimenta
969 1879 1086 1917 mea
1108 1865 1356 1918 miserunt
1380 1873 1569 1917 sortem
1596 1863 1777 1928 (Joan.
1809 1864 1856 1924 Β
1885 1857 2066 1930 (ΗΑΒ.)
2112 1857 2340 1912 Pulchre
2378 1866 2557 1912 autem
2606 1855 2792 1911 titulus
2837 1857 2927 1926 qui
2969 1855 3242 1912 Christum
3275 1845 3457 1930 regem

203 1952 755 2024 xrx).Quadripartita
789 1965 969 2010 autem
992 1956 1154 2011 vestis
1183 1957 1393 2011 Domini
1414 1957 1778 2027 quadriparti-

207 2049 314 2095 tam
339 2043 452 2112 ejus
463 2044 712 2115 ﬁguravit
732 2045 1048 2111 Ecclesiam,
1065 2055 1176 2102 toto
1199 2047 1424 2112 scilicet,
1438 2048 1528 2118 qui
1551 2057 1780 2118 quatuor

203 2135 444 2204 partibus
465 2145 693 2201 constat,
723 2147 993 2192 terrarum
1013 2139 1144 2194 orbe
1169 2138 1437 2205 diffusam,
1459 2148 1512 2195 et
1534 2141 1781 2196 omnibus

205 2228 404 2285 eisdem
438 2231 680 2300 partibus
706 2234 1003 2302 aequaliter,
1037 2234 1091 2288 id
1119 2242 1202 2290 est
1230 2235 1568 2290 concorditer
1597 2235 1782 2290 distri-

204 2319 408 2376 butam.
428 2323 630 2380 Tunica
643 2342 771 2381 vero
795 2327 881 2381 illa
897 2328 1087 2383 sortita
1113 2329 1350 2384 omnium
1368 2330 1602 2399 partium
1624 2330 1784 2401 signi-

208 2411 332 2468 ﬁcat
354 2415 637 2482 unitatem,
668 2432 788 2485 quae
816 2419 1098 2474 charitatis
1126 2418 1338 2474 vinculo
1371 2420 1696 2475 continetur.
1721 2419 1780 2475 Si

205 2504 346 2558 enim
371 2505 516 2560 chari
525 2513 606 2561 tas
614 2505 766 2574 juxta
781 2507 1119 2576 Apostolum,
1136 2517 1192 2564 et
1209 2510 1780 2579 supereminentiorem

206 2597 368 2653 habet
394 2599 533 2654 viam
565 2608 618 2655 et
645 2601 1010 2671 supereminet
1051 2601 1291 2658 scientiae
1321 2611 1376 2657 et
1411 2618 1573 2674 super
1600 2603 1780 2658 omnia

204 2699 470 2759 praecepta
499 2699 603 2756 est,
631 2691 822 2746 merito
845 2691 1014 2746 vestis
1037 2707 1143 2762 qua
1173 2691 1526 2761 signiﬁcatur,
1550 2694 1782 2762 desuper

205 2786 458 2834 contexta
487 2780 819 2849 perhibetur.
855 2779 912 2834 In
941 2788 1088 2836 sorte
1111 2790 1291 2836 autem
1320 2782 1448 2851 quid
1477 2781 1579 2837 nisi
1609 2783 1779 2852 gratia

206 2867 298 2923 Dei
327 2873 701 2927 commendata
727 2881 830 2928 est.
864 2872 953 2928 Sic
981 2874 1176 2944 quippe
1217 2889 1322 2928 una
1348 2876 1415 2931 ad
1441 2890 1628 2930 omnes
1659 2891 1782 2946 per-

204 2961 369 3026 venit,
401 2978 523 3019 cum
550 2981 669 3022 sors
696 2969 946 3024 omnibus
974 2970 1195 3039 placuit,
1231 2971 1356 3041 quia
1385 2979 1440 3025 et
1467 2971 1562 3026 Dei
1606 2971 1779 3042 gratia

204 3049 260 3105 in
291 3051 494 3110 unitate
523 3057 590 3110 ad
620 3071 806 3113 omnes
829 3060 1093 3128 pervenit.
1125 3060 1336 3115 Etcum
1368 3076 1486 3115 sors
1526 3061 1776 3127 mittitur,

205 3159 310 3200 non
355 3162 599 3216 personae
638 3150 897 3222 cujusque
944 3153 1026 3208 vel
1067 3154 1294 3220 meritis,
1333 3155 1426 3210 sed
1451 3154 1660 3210 occulto
1684 3154 1778 3210 Dei

1884 1955 2140 2011 testetur,
2174 1962 2279 2002 non
2311 1945 2468 2012 infra,
2493 1946 2589 2001 sed
2617 1961 2778 2016 supra
2821 1960 3035 2000 crucem
3065 1945 3300 2022 ponitur,
3330 1945 3459 2017 quia

1884 2041 2010 2096 licet
2050 2042 2103 2094 in
2133 2053 2291 2094 cruce
2313 2053 2410 2108 pro
2435 2037 2588 2093 nobis
2623 2037 2858 2093 hominis
2885 2021 3458 2110 inlirmitatedolebat,

1885 2149 2046 2204 super
2072 2147 2288 2188 crucem
2321 2139 2501 2185 tamen
2547 2127 2690 2200 regis
2717 2127 3002 2196 majestate
3048 2125 3302 2197 fulgebat.

1886 2234 2008 2294 apte
2028 2223 2190 2278 etiam
2213 2222 2338 2292 quia
2366 2237 2460 2276 rex
2494 2219 2654 2276 simul
2685 2227 2740 2274 et
2767 2220 3017 2274 sacerdos
3051 2227 3150 2283 est,
3179 2233 3300 2273 cum
3343 2218 3462 2273 exi-'-

1885 2314 2050 2368 miam
2074 2313 2221 2368 Patri
2249 2329 2359 2368 sua:
2386 2312 2564 2368 carnis
2586 2311 2817 2366 hostiam
2842 2310 2896 2365 in
2926 2311 3078 2365 altari
3103 2308 3276 2365 crucis
3301 2307 3462 2380 offer.-

1885 2413 1988 2472 ret,
2033 2405 2174 2476 regis
2223 2419 2436 2476 quoque
2465 2417 2571 2474 qua
2618 2403 2874 2474 praeditus
2925 2410 3043 2456 erat
3083 2400 3236 2456 titulo
3281 2399 3460 2472 digni-

1886 2505 2052 2551 tatem
2078 2496 2382 2566 praetendit,
2428 2503 2490 2550 ut
2516 2495 2726 2552 cunctis
2754 2494 2947 2565 legere,
2995 2495 3099 2549 hoc
3121 2504 3235 2560 est,
3273 2494 3465 2550 audire

1885 2593 1939 2640 et
1967 2587 2188 2642 credere
2212 2586 2514 2642 volentibus
2550 2583 2852 2640 inn'otescat
2877 2585 3001 2654 quia
3030 2601 3187 2640 suum
3210 2601 3307 2656 per
3334 2601 3463 2641 cru.

1886 2693 2003 2734 cem
2054 2694 2162 2734 non
2211 2679 2542 2748 perdiderit,
2594 2663 2686 2734 sed
2742 2678 3145 2733 conﬁrmaverit
3176 2678 3358 2751 potius
3410 2669 3468 2736 et

1886 2769 2319 2824 corroboraverit
2364 2769 2669 2838 imperium.
2721 2767 2870 2823 Unde
2902 2778 2958 2823 et
3005 2768 3296 2838 Apostolus
3340 2761 3465 2825 cum

1886 2858 2233 2930 ignominiam
2279 2859 2456 2914 crucis
2492 2858 2866 2928 descripsisset
2908 2859 3153 2930 adjunxit
3191 2877 3207 2916 :
3240 2857 3465 2932 Pr0pter

1886 2947 2024 3018 quod
2053 2946 2194 3001 Deus
2221 2947 2466 3001 exultavit
2493 2947 2664 3012 illum,
2687 2958 2734 3002 et
2770 2947 2980 3003 donavit
3006 2947 3085 3003 illi
3115 2966 3300 3005 nomen
3322 2951 3464 3022 quod

1885 3050 1959 3094 est
1976 3056 2129 3110 super
2153 3056 2302 3094 omne
2323 3039 2512 3094 bonum
2532 3039 2694 3112 (Phil.
2725 3046 2808 3111 ιι),
2841 3048 2895 3096 et
2911 3049 3125 3096 caetera.
3157 3040 3292 3098 Nam
3321 3043 3464 3113 quod

1885 3132 1989 3188 hoc
2013 3147 2208 3188 nomen
2228 3131 2507 3201 Hebraice,
2534 3130 2793 3189 Grieceet
2819 3133 3009 3190 Latine
3036 3133 3294 3206 scriptum
3322 3142 3464 3204 erat,

198 3236 402 3308 judicio
449 3244 782 3310 conceditur,
808 3220 866 3300 et
896 3247 1045 3316 quia,
1092 3247 1232 3302 sicut
1265 3247 1555 3317 Apostolus
1602 3248 1732 3304 dicit
1762 3266 1777 3305 :
1807 3220 1854 3284 ο
1884 3225 1986 3317 Ῑξοθ
2018 3233 2123 3290 θεῖν
2153 3226 2297 3317 (ἰυρίί
2326 3225 2466 3281 idem
2497 3224 2785 3296 Αροδιοῖιιε
2809 3227 3416 3317 ευδεβουιυείθηηθοιίι
3445 3244 3459 3281 ε

218 3331 370 3388 Vetus
412 3336 568 3390 homo
616 3346 789 3392 noster
826 3339 982 3393 simul
1023 3341 1308 3409 cruciﬁxus
1351 3351 1427 3396 est
1475 3343 1618 3396 cruci
1665 3359 1783 3397 cum

203 3425 294 3480 illo
326 3437 381 3481 ut
410 3439 689 3484 evacuetur
715 3447 902 3502 corpus
933 3433 1152 3502 peccati,
1199 3443 1256 3486 ut
1295 3433 1432 3488 ultra
1461 3451 1564 3490 non
1590 3435 1784 3490 servia-

203 3533 318 3572 mus
366 3517 544 3588 (Ilom.
575 3521 652 3592 vt)
695 3522 975 3590 :quandiu
1017 3523 1069 3578 id
1120 3532 1286 3594 agunt
1311 3539 1475 3594 Opera
1517 3526 1786 3580 nostra'ut

205 3616 497 3661 evacuetur
539 3623 737 3679 corpus
787 3611 1026 3680 peccati,
1072 3612 1312 3680 quandiu
1357 3612 1596 3669 exterior
1623 3613 1783 3668 homo

205 3698 592 3767 corrumpitur,
622 3707 681 3754 ut
709 3699 934 3755 interior
960 3709 1245 3757 renovetur
1271 3701 1338 3757 de
1376 3701 1461 3756 die
1510 3703 1562 3756 in
1606 3702 1778 3769 diem,

207 3793 416 3854 tempus
445 3796 529 3843 est
563 3789 758 3845 crucis.
787 3789 912 3847 Haec
939 3800 1067 3846 sunt
1095 3791 1258 3847 etiam
1289 3793 1429 3846 bona
1467 3807 1632 3862 opera
1659 3792 1782 3861 qui-

204 3873 323 3929 dem
347 3885 525 3932 tamen
558 3879 735 3936 adhuc
755 3880 1046 3949 laboriosa,
1075 3898 1306 3952 quorum
1332 3897 1542 3938 merces
1569 3884 1784 3953 requies

203 3977 306 4022 est.
343 3968 447 4025 Sed
471 3972 590 4027 ideo
619 3973 818 4029 dicitur
844 3993 932 4046 spe
957 3975 1258 4047 gaudentes,
1288 3985 1346 4030 ut
1371 3976 1614 4046 requiem
1637 3976 1781 4050 futu-

205 4072 318 4111 ram
349 4076 472 4115 cum
519 4063 788 4120 hilaritate
840 4067 894 4120 in
929 4067 1210 4122 laboribus
1235 4068 1598 4138 opperiamur.
1633 4069 1783 4124 lianc

155 4195 165 4201 .
203 4147 528 4207 hilaritatem
583 4155 866 4225 signiﬁcat,
918 4157 1060 4212 sicut
1099 4172 1260 4227 supra
1290 4159 1558 4225 diximus,
1603 4159 1783 4214 crucis

202 4239 427 4298 latitudo
454 4246 506 4298 in
536 4255 844 4327 transverso
866 4249 1031 4319 ligno,
1059 4252 1149 4306 ubi
1176 4251 1413 4321 figuntur
1439 4268 1650 4308 manus.
1677 4251 1783 4309 Per

204 4347 395 4389 manus
421 4336 564 4390 enim
595 4353 758 4404 opera
804 4339 1169 4408 intelligimus,
1200 4357 1298 4409 per
1325 4341 1664 4396 latitudinem
1693 4342 1779 4396 hi-

202 4420 470 4479 laritatem
496 4426 794 4496 operantis,
815 4427 942 4496 quia
959 4427 1175 4481 tristitia
1205 4426 1336 4486 facit
1360 4430 1650 4499 angustias.
1674 4429 1782 4484 Per

204 4511 539 4570 altitudinem
571 4527 750 4572 autem
776 4518 862 4572 cui
897 4526 1060 4587 caput
1091 4518 1416 4590 adjungitur,
1446 4520 1780 4590 exspectatio

1884 3315 1955 3370 Et
2006 3318 2172 3370 omnis
2214 3315 2393 3386 lingua
2428 3317 2741 3386 conﬁteatur
2764 3319 2888 3390 quia
2919 3316 3077 3373 Iesus
3124 3316 3361 3374 Christus
3406 3319 3465 3374 in

1884 3406 2050 3478 gloria
2076 3419 2148 3464 est
2180 3407 2281 3462 Dei
2323 3406 2526 3463 Patris.
2555 3409 2736 3482 (Aug.)
2767 3410 3036 3478 Quantum
3063 3425 3194 3466 vero
3217 3410 3286 3466 ad
3316 3409 3464 3466 litte-

1885 3512 2001 3551 ram
2037 3499 2118 3552 ha:
2145 3506 2255 3553 tres
2278 3498 2473 3570 lingua:
2497 3499 2569 3554 ibi
2594 3514 2706 3570 pra:
2733 3501 2943 3558 caeteris
2973 3501 3312 3568 eminebant,
3348 3499 3457 3557 He-

1882 3587 2028 3644 braea
2077 3602 2298 3661 propter
2355 3589 2565 3648 Judaeos
2614 3592 2669 3647 in
2717 3592 2834 3665 lege
2881 3593 3178 3666 gloriantes
3210 3635 3227 3661 ,
3275 3593 3464 3654 Graeca

1881 3690 2104 3752 propter
2128 3682 2367 3754 gentium
2393 3683 2686 3753 sapientes,
2710 3682 2900 3739 Latina
2927 3693 3146 3756 propter
3166 3684 3461 3750 Romanos,

1883 3773 2066 3829 multis
2095 3790 2159 3829 ac
2187 3789 2325 3844 pene
2380 3776 2630 3830 omnibus
2669 3774 2785 3844 jam
2831 3784 2958 3830 tunc
2992 3777 3242 3846 gentibus
3291 3777 3462 3848 impc-

1882 3871 2086 3918 rantes.
2130 3861 2407 3935 (Venant.)
2452 3864 2632 3920 Velint
2661 3864 2835 3920 nolint
2879 3879 3006 3934 ergo
3046 3862 3246 3932 Judaei,
3295 3880 3459 3946 omne

1882 3955 2066 4010 mundi
2116 3971 2372 4026 regnum,
2420 3957 2596 4011 omnis
2648 3957 2914 4011 mundana
2969 3957 3250 4027 sapientia,
3280 3957 3464 4014 omnia

1883 4046 2078 4101 divina:
2122 4046 2254 4117 legis
2304 4056 2645 4104 sacramenta
2696 4055 2960 4103 testantur
3006 4047 3131 4119 quia
3171 4047 3328 4104 Jesus
3369 4065 3464 4105 rex

1881 4134 2184 4190 Judaeorum
2217 4145 2335 4202 est,
2383 4137 2486 4192 hoc
2529 4147 2647 4206 est,
2682 4138 2974 4208 imperator
3020 4139 3353 4195 credentium
3409 4150 3465 4196 et

1881 4229 2252 4284 conﬁtentium
2284 4226 2446 4283 Deus.

1956 4323 2099 4376 Tunc
2123 4323 2363 4390 cruciﬁxi
2401 4332 2521 4376 sunt
2548 4338 2665 4376 cum
2706 4338 2764 4376 eo
2805 4322 2908 4375 duo
2955 4321 3204 4386 latrones,
3243 4338 3380 4376 unus
3432 4341 3466 4377 α

1880 4413 2102 4478 dextris,
2129 4424 2176 4467 et
2201 4431 2336 4467 unus
2358 4431 2389 4467 a
2411 4414 2657 4468 sinistris.
2683 4413 2945 4470 Latrones
2965 4415 3056 4485 qui
3085 4430 3208 4470 eum
3236 4416 3464 4470 Domino

1883 4516 2010 4562 sunt
2038 4506 2163 4560 hinc
2191 4505 2314 4560 inde
2341 4504 2584 4560 cruciﬁxi
2631 4504 2936 4576 signiﬁcant
2978 4520 3072 4561 eos
3110 4506 3203 4575 qui
3231 4507 3331 4562 sub
3360 4505 3466 4562 ﬁde

203 4605 575 4661 retributionis
602 4607 666 4662 de
689 4607 903 4663 sublimi
923 4568 1132 4675 jursiiiia
1155 4568 1292 4674 'Dei‘:
1323 4568 1416 4678 qui
1441 4568 1634 4664 τεάᾶθι
1659 4608 1781 4664 uni-
1804 4568 1858 4628 D
1881 4606 1938 4654 et
1963 4597 2302 4654 confessione
2324 4597 2546 4662 Christi,
2570 4596 2655 4652 vel
2677 4611 2902 4668 agonem
2924 4596 3186 4668 martyrii,
3211 4595 3295 4652 vel
3315 4611 3461 4667 quae-

201 4694 396 4764 cuique
424 4697 718 4753 secundum
740 4714 902 4768 opera
935 4715 1052 4754 sua.
1086 4699 1180 4755 His
1207 4701 1421 4769 quidem
1465 4702 1557 4772 qui
1587 4717 1782 4758 secun-

202 4787 329 4842 dum
361 4788 700 4846 tolerantiam
724 4790 850 4846 boni
880 4792 1058 4862 operis
1090 4791 1346 4863 gloriam,
1397 4801 1451 4850 et
1499 4795 1780 4862 honorem,

200 4885 256 4932 et
281 4878 739 4950 incorruptionem
778 4883 1143 4954 querentibus
1181 4883 1343 4938 vitam
1373 4891 1650 4939 aeternam.
1673 4885 1783 4939 Ita-

200 4983 305 5039 que
339 4971 503 5027 etiam
547 4972 828 5044 longitudo
861 4990 966 5044 qua
1015 4983 1184 5029 totum
1229 4991 1426 5046 corpus
1453 4976 1782 5043 extenditur,

202 5059 372 5128 ipsam
397 5050 734 5118 tolerantiam
763 5064 1048 5136 signiﬁcat.
1073 5064 1225 5120 Unde
1243 5065 1577 5136 longanimes
1597 5066 1785 5121 dicun-

203 5155 292 5202 tur
317 5152 407 5218 qui
441 5152 691 5208 tolerant.
730 5154 1062 5211 Profundum
1090 5165 1272 5211 autem
1301 5156 1444 5227 quod
1492 5165 1651 5214 terrae
1701 5158 1784 5212 in-

201 5239 370 5296 fixum
398 5253 481 5299 est
505 5255 776 5302 secretum
802 5249 1127 5315 sacramenti
1152 5248 1485 5320 pratﬁgumt.

273 5332 344 5388 Et
384 5335 615 5391 sedentes
644 5340 918 5394 servabant
958 5356 1097 5394 eum.
1128 5339 1412 5410 Diligentia
1453 5339 1683 5395 militum
1726 5347 1782 5396 et

203 5425 542 5482 sacerdotum
570 5429 726 5484 nobis
755 5430 996 5499 proﬁcit,
1045 5441 1105 5487 ut
1131 5430 1305 5501 major
1331 5439 1386 5487 et
1430 5431 1666 5500 apertior
1695 5445 1777 5496 re-

205 5516 474 5588 surgentis
499 5519 670 5574 virtus
696 5530 970 5591 appareat.

277 5609 345 5664 Et
400 5612 753 5682 imposuerunt
798 5631 952 5686 super
991 5625 1147 5685 caput
1194 5617 1309 5686 ejus
1351 5631 1565 5669 causam
1617 5613 1781 5684 ipsius

206 5701 453 5770 scriptam
477 5720 493 5758 :
519 5703 620 5758 Ilic
644 5715 719 5758 est
742 5704 896 5760 Jesus
925 5724 1014 5762 rex
1037 5706 1367 5763 Iudaeorum.
1402 5705 1627 5778 (MMHL)
1656 5705 1784 5760 Nul-

209 5793 319 5850 lam
347 5795 506 5853 aliam
532 5813 752 5856 causam
773 5797 944 5857 Judaei
969 5797 1360 5859 iuterfcctionis
1389 5797 1590 5856 Christi
1629 5797 1780 5857 inve-

1884 4690 2015 4746 libet
2058 4689 2402 4745 continentia:
2451 4687 2702 4744 arctioris
2756 4688 3002 4743 instituta
3054 4689 3304 4743 subeunt.
3356 4687 3464 4756 sed

1883 4785 2192 4854 quicunque
2219 4783 2334 4839 haec
2356 4797 2456 4852 pro
2493 4789 2692 4838 acterna
2721 4780 2894 4836 solum
2936 4780 3248 4851 ctelestique
3293 4780 3464 4850 gloria

1885 4885 2109 4945 gerunt,
2161 4873 2217 4928 bi
2247 4871 2488 4944 profecto
2533 4871 2709 4927 dextri
2753 4870 2980 4926 latronis
3023 4871 3218 4928 merito
3255 4885 3320 4926 ac
3360 4871 3468 4928 ﬁde

1887 4967 2256 5038 designantur.
2281 4965 2351 5020 At
2379 4966 2472 5035 qui
2498 4965 2613 5020 sive
2643 4964 2892 5019 humanae
2932 4963 3137 5029 laudis,
3165 4978 3260 5018 seu
3287 4963 3464 5048 quali-

1884 5059 1975 5114 bet
1998 5058 2178 5112 minus
2203 5055 2362 5127 digna
2383 5055 2680 5110 intentione
2705 5054 2904 5109 mundo
2925 5053 3332 5121 abrenuntiant,
3358 5071 3466 5110 non

1883 5151 2155 5208 immerito
2191 5149 2644 5219 blasphematoris
2692 5162 2756 5204 ac
2795 5147 3002 5202 sinistri
3033 5146 3282 5210 latronis,
3310 5161 3465 5206 meu-

1882 5251 1992 5300 tcm
2022 5243 2303 5297 imitantur
2331 5249 2386 5298 et
2407 5249 2578 5297 actus.
2606 5239 2682 5295 De
2706 5240 2953 5310 qualibus
2979 5239 3112 5294 dicit
3135 5238 3427 5309 Apostolus
3451 5257 3462 5294 :

1883 5337 1943 5394 Si
1965 5336 2229 5391 tradidero
2252 5351 2438 5405 corpus
2461 5350 2631 5389 meum
2656 5343 2712 5399 ut
2733 5331 2968 5398 ardeam,
2993 5331 3039 5385 si
3061 5330 3255 5385 dedero
3281 5347 3462 5388 omnes

1885 5428 2162 5501 facultates
2191 5445 2332 5484 meas
2351 5429 2406 5481 in
2433 5427 2575 5482 cibos
2597 5442 2907 5498 pauperum,
2953 5424 3002 5481 si
3046 5424 3152 5480 alia
3186 5425 3342 5496 plura
3373 5435 3466 5481 aut

1885 5520 2101 5592 pietatis
2122 5535 2284 5588 Opera
2309 5517 2513 5584 facere,
2542 5526 2634 5571 aut
2649 5517 2787 5572 dona
2810 5516 2997 5586 gratia:
3023 5515 3286 5587 spiritalis,
3309 5532 3460 5571 accc-

1885 5613 2028 5682 pisse
2052 5612 2254 5674 videar,
2275 5611 2580 5664 charitatem
2603 5618 2773 5664 autem
2793 5625 2896 5663 non
2915 5608 3154 5672 habeam,
3177 5608 3306 5662 nihil
3331 5608 3463 5662 mihi

1885 5706 2090 5776 prodest
2124 5703 2174 5775 (ι
2203 5703 2329 5758 Cor.
2379 5703 2519 5772 xm).
2557 5703 2706 5756 Beati
2766 5709 2945 5756 autem
2975 5700 3068 5770 qui
3099 5716 3194 5756 sua
3238 5710 3463 5770 propter

1883 5795 2172 5854 Douunum
2203 5802 2294 5853 aut
2317 5802 2537 5868 propter
2557 5791 2909 5864 Evangelium
2937 5789 3265 5860 relinquunt.
3298 5787 3462 5848 Beati
