  <div class='ocr_page' id='page_1' title='image "/cluster/home/n/w/nwhite01/storage/ocr_20150623/107/hvd.32044015466832/575.png"; bbox 0 0 3898 6508; ppageno 0'>
   <div class='ocr_carea' id='block_1_1' title="bbox 590 360 728 419">
    <p class='ocr_par' dir='ltr' id='par_1_1' title="bbox 590 360 728 419">
     <span class='ocr_line' id='line_1_1' title="bbox 590 360 728 419; baseline 0.029 -3"><span class='ocrx_word' id='word_1_1' title='bbox 590 360 728 419; x_wconf 76' lang='lat' dir='ltr'><strong><em>H59</em></strong></span> 
     </span>
    </p>
   </div>
   <div class='ocr_carea' id='block_1_2' title="bbox 1270 355 3175 418">
    <p class='ocr_par' dir='ltr' id='par_1_2' title="bbox 1270 355 3175 418">
     <span class='ocr_line' id='line_1_2' title="bbox 1270 355 3175 418; baseline 0.001 -6"><span class='ocrx_word' id='word_1_2' title='bbox 1270 357 1328 413; x_wconf 93' lang='grc' dir='ltr'><strong>Β.</strong></span> <span class='ocrx_word' id='word_1_3' title='bbox 1366 356 1618 412; x_wconf 84' lang='lat' dir='ltr'><strong>RABANI</strong></span> <span class='ocrx_word' id='word_1_4' title='bbox 1653 355 1870 413; x_wconf 75' lang='lat' dir='ltr'><strong><em>MAURI</em></strong></span> <span class='ocrx_word' id='word_1_5' title='bbox 1905 356 2221 417; x_wconf 74' lang='lat' dir='ltr'><strong><em>ARCHIEP.</em></strong></span> <span class='ocrx_word' id='word_1_6' title='bbox 2262 357 2565 417; x_wconf 77' lang='lat' dir='ltr'><strong><em>MOGUNT.</em></strong></span> <span class='ocrx_word' id='word_1_7' title='bbox 2596 357 2878 418; x_wconf 76' lang='lat' dir='ltr'><strong><em>OPERUM</em></strong></span> <span class='ocrx_word' id='word_1_8' title='bbox 2916 358 3100 415; x_wconf 78' lang='lat' dir='ltr'><strong><em>PARS</em></strong></span> <span class='ocrx_word' id='word_1_9' title='bbox 3133 359 3175 413; x_wconf 87' lang='grc' dir='ltr'><strong><em>ἰ.</em></strong></span> 
     </span>
    </p>
   </div>
   <div class='ocr_carea' id='block_1_3' title="bbox 3609 334 3763 426">
    <p class='ocr_par' dir='ltr' id='par_1_3' title="bbox 3609 334 3763 426">
     <span class='ocr_line' id='line_1_3' title="bbox 3609 334 3763 426; baseline 0.006 -1"><span class='ocrx_word' id='word_1_10' title='bbox 3609 370 3686 426; x_wconf 73' lang='lat' dir='ltr'><strong><em>me</em></strong></span> <span class='ocrx_word' id='word_1_11' title='bbox 3754 334 3763 426; x_wconf 68' lang='lat' dir='ltr'><strong><em>i</em></strong></span> 
     </span>
    </p>
   </div>
   <div class='ocr_carea' id='block_1_4' title="bbox 585 468 3687 548">
    <p class='ocr_par' dir='ltr' id='par_1_4' title="bbox 585 468 3687 548">
     <span class='ocr_line' id='line_1_4' title="bbox 585 468 3687 548; baseline -0.001 -14"><span class='ocrx_word' id='word_1_12' title='bbox 585 478 677 548; x_wconf 84' lang='lat' dir='ltr'><strong><em>qui</em></strong></span> <span class='ocrx_word' id='word_1_13' title='bbox 695 477 1099 547; x_wconf 72' lang='lat' dir='ltr'><strong><em>persecutionem</em></strong></span> <span class='ocrx_word' id='word_1_14' title='bbox 1115 476 1386 546; x_wconf 84' lang='lat' dir='ltr'><strong><em>patiuntur</em></strong></span> <span class='ocrx_word' id='word_1_15' title='bbox 1401 485 1608 546; x_wconf 83' lang='lat' dir='ltr'><strong><em>propter</em></strong></span> <span class='ocrx_word' id='word_1_16' title='bbox 1608 474 1894 546; x_wconf 82' lang='lat' dir='ltr'><strong><em>justitiam,</em></strong></span> <span class='ocrx_word' id='word_1_17' title='bbox 1908 473 2157 545; x_wconf 85' lang='lat' dir='ltr'><strong><em>quoniam</em></strong></span> <span class='ocrx_word' id='word_1_18' title='bbox 2184 473 2238 536; x_wconf 78' lang='grc' dir='ltr'><strong>Α</strong></span> <span class='ocrx_word' id='word_1_19' title='bbox 2261 473 2555 544; x_wconf 81' lang='lat' dir='ltr'><strong><em>stringere,</em></strong></span> <span class='ocrx_word' id='word_1_20' title='bbox 2578 487 2740 544; x_wconf 86' lang='lat' dir='ltr'><strong><em>quem</em></strong></span> <span class='ocrx_word' id='word_1_21' title='bbox 2761 472 2887 529; x_wconf 59' lang='lat' dir='ltr'><strong><em>cali</em></strong></span> <span class='ocrx_word' id='word_1_22' title='bbox 2916 478 3016 533; x_wconf 73' lang='lat' dir='ltr'><strong><em>aut</em></strong></span> <span class='ocrx_word' id='word_1_23' title='bbox 3037 468 3164 529; x_wconf 70' lang='lat' dir='ltr'><strong><em>(mli</em></strong></span> <span class='ocrx_word' id='word_1_24' title='bbox 3180 471 3423 529; x_wconf 65' lang='lat' dir='ltr'><strong><em>uitiorum</em></strong></span> <span class='ocrx_word' id='word_1_25' title='bbox 3437 488 3525 531; x_wconf 77' lang='lat' dir='ltr'><strong><em>non</em></strong></span> <span class='ocrx_word' id='word_1_26' title='bbox 3551 493 3687 548; x_wconf 63' lang='lat' dir='ltr'><strong><em>pecu</em></strong></span> 
     </span>
    </p>
   </div>
   <div class='ocr_carea' id='block_1_5' title="bbox 587 565 1458 639">
    <p class='ocr_par' dir='ltr' id='par_1_5' title="bbox 587 565 1458 639">
     <span class='ocr_line' id='line_1_5' title="bbox 587 565 1458 639; baseline 0 -18"><span class='ocrx_word' id='word_1_27' title='bbox 587 568 822 639; x_wconf 80' lang='lat' dir='ltr'><strong><em>ipsorum</em></strong></span> <span class='ocrx_word' id='word_1_28' title='bbox 848 575 925 622; x_wconf 86' lang='lat' dir='ltr'><strong><em>est</em></strong></span> <span class='ocrx_word' id='word_1_29' title='bbox 953 582 1166 639; x_wconf 82' lang='lat' dir='ltr'><strong><em>regnum</em></strong></span> <span class='ocrx_word' id='word_1_30' title='bbox 1194 565 1458 621; x_wconf 69' lang='lat' dir='ltr'><strong><em>caelorum.</em></strong></span> 
     </span>
    </p>
   </div>
   <div class='ocr_carea' id='block_1_6' title="bbox 662 657 2160 731">
    <p class='ocr_par' dir='ltr' id='par_1_6' title="bbox 662 657 2160 731">
     <span class='ocr_line' id='line_1_6' title="bbox 662 657 2160 731; baseline -0.003 -18"><span class='ocrx_word' id='word_1_31' title='bbox 662 657 1044 715; x_wconf 68' lang='lat' dir='ltr'><strong><em>Praetereuntes</em></strong></span> <span class='ocrx_word' id='word_1_32' title='bbox 1069 666 1242 712; x_wconf 83' lang='lat' dir='ltr'><strong><em>autem</em></strong></span> <span class='ocrx_word' id='word_1_33' title='bbox 1272 657 1696 731; x_wconf 84' lang='lat' dir='ltr'><strong><em>blasphemabant</em></strong></span> <span class='ocrx_word' id='word_1_34' title='bbox 1717 674 1833 713; x_wconf 87' lang='lat' dir='ltr'><strong><em>eum</em></strong></span> <span class='ocrx_word' id='word_1_35' title='bbox 1854 698 1870 723; x_wconf 98' lang='lat'><strong><em>,</em></strong></span> <span class='ocrx_word' id='word_1_36' title='bbox 1904 663 2160 711; x_wconf 76' lang='lat' dir='ltr'><strong><em>moventes</em></strong></span> 
     </span>
    </p>
   </div>
   <div class='ocr_carea' id='block_1_7' title="bbox 593 745 2162 822">
    <p class='ocr_par' dir='ltr' id='par_1_7' title="bbox 593 745 2162 822">
     <span class='ocr_line' id='line_1_7' title="bbox 593 745 2162 822; baseline -0.002 -19"><span class='ocrx_word' id='word_1_37' title='bbox 593 751 769 822; x_wconf 78' lang='lat' dir='ltr'><strong><em>capita</em></strong></span> <span class='ocrx_word' id='word_1_38' title='bbox 810 765 909 805; x_wconf 80' lang='lat' dir='ltr'><strong><em>sua</em></strong></span> <span class='ocrx_word' id='word_1_39' title='bbox 931 789 947 816; x_wconf 89' lang='lat'><strong><em>,</em></strong></span> <span class='ocrx_word' id='word_1_40' title='bbox 977 758 1026 804; x_wconf 86' lang='lat' dir='ltr'><strong><em>et</em></strong></span> <span class='ocrx_word' id='word_1_41' title='bbox 1055 749 1280 804; x_wconf 74' lang='lat' dir='ltr'><strong><em>dicentes</em></strong></span> <span class='ocrx_word' id='word_1_42' title='bbox 1309 766 1329 804; x_wconf 89' lang='lat'><strong><em>:</em></strong></span> <span class='ocrx_word' id='word_1_43' title='bbox 1377 747 1486 805; x_wconf 79' lang='lat' dir='ltr'><strong><em>Vah</em></strong></span> <span class='ocrx_word' id='word_1_44' title='bbox 1523 750 1613 821; x_wconf 88' lang='lat' dir='ltr'><strong><em>qui</em></strong></span> <span class='ocrx_word' id='word_1_45' title='bbox 1658 748 1881 807; x_wconf 88' lang='lat' dir='ltr'><strong><em>destruis</em></strong></span> <span class='ocrx_word' id='word_1_46' title='bbox 1915 745 2162 818; x_wconf 78' lang='lat' dir='ltr'><strong><em>templum</em></strong></span> 
     </span>
    </p>
   </div>
   <div class='ocr_carea' id='block_1_8' title="bbox 593 838 2162 912">
    <p class='ocr_par' dir='ltr' id='par_1_8' title="bbox 593 838 2162 912">
     <span class='ocr_line' id='line_1_8' title="bbox 593 838 2162 912; baseline -0.003 -15"><span class='ocrx_word' id='word_1_47' title='bbox 593 841 713 907; x_wconf 82' lang='lat' dir='ltr'><strong><em>Dei,</em></strong></span> <span class='ocrx_word' id='word_1_48' title='bbox 741 848 789 896; x_wconf 83' lang='lat' dir='ltr'><strong><em>et</em></strong></span> <span class='ocrx_word' id='word_1_49' title='bbox 807 841 863 896; x_wconf 84' lang='lat' dir='ltr'><strong><em>in</em></strong></span> <span class='ocrx_word' id='word_1_50' title='bbox 886 840 1061 896; x_wconf 81' lang='lat' dir='ltr'><strong><em>triduo</em></strong></span> <span class='ocrx_word' id='word_1_51' title='bbox 1089 838 1224 896; x_wconf 81' lang='lat' dir='ltr'><strong><em>il‘lud</em></strong></span> <span class='ocrx_word' id='word_1_52' title='bbox 1271 842 1560 912; x_wconf 72' lang='lat' dir='ltr'><strong><em>rewdiﬁcas</em></strong></span> <span class='ocrx_word' id='word_1_53' title='bbox 1578 884 1592 910; x_wconf 93' lang='lat'><strong><em>,</em></strong></span> <span class='ocrx_word' id='word_1_54' title='bbox 1622 842 1769 899; x_wconf 84' lang='lat' dir='ltr'><strong><em>salva</em></strong></span> <span class='ocrx_word' id='word_1_55' title='bbox 1796 841 2120 912; x_wconf 80' lang='lat' dir='ltr'><strong><em>temetipsum</em></strong></span> <span class='ocrx_word' id='word_1_56' title='bbox 2142 856 2162 905; x_wconf 89' lang='lat'><strong><em>;</em></strong></span> 
     </span>
    </p>
   </div>
   <div class='ocr_carea' id='block_1_9' title="bbox 591 925 2165 1005">
    <p class='ocr_par' dir='ltr' id='par_1_9' title="bbox 591 925 2165 1005">
     <span class='ocr_line' id='line_1_9' title="bbox 591 925 2165 1005; baseline -0.003 -20"><span class='ocrx_word' id='word_1_57' title='bbox 591 930 641 985; x_wconf 85' lang='lat' dir='ltr'><strong><em>si</em></strong></span> <span class='ocrx_word' id='word_1_58' title='bbox 686 927 862 984; x_wconf 59' lang='lat' dir='ltr'><strong><em>Finis</em></strong></span> <span class='ocrx_word' id='word_1_59' title='bbox 906 928 1007 984; x_wconf 84' lang='lat' dir='ltr'><strong><em>Dei</em></strong></span> <span class='ocrx_word' id='word_1_60' title='bbox 1042 946 1116 996; x_wconf 88' lang='lat' dir='ltr'><strong><em>es,</em></strong></span> <span class='ocrx_word' id='word_1_61' title='bbox 1145 930 1397 986; x_wconf 77' lang='lat' dir='ltr'><strong><em>descende</em></strong></span> <span class='ocrx_word' id='word_1_62' title='bbox 1446 931 1510 985; x_wconf 88' lang='lat' dir='ltr'><strong><em>de</em></strong></span> <span class='ocrx_word' id='word_1_63' title='bbox 1543 947 1713 985; x_wconf 87' lang='lat' dir='ltr'><strong><em>cruce.</em></strong></span> <span class='ocrx_word' id='word_1_64' title='bbox 1754 928 1980 1005; x_wconf 72' lang='lat' dir='ltr'><strong><em>(MAUR.)</em></strong></span> <span class='ocrx_word' id='word_1_65' title='bbox 2028 925 2165 997; x_wconf 83' lang='lat' dir='ltr'><strong><em>Quia</em></strong></span> 
     </span>
    </p>
   </div>
   <div class='ocr_carea' id='block_1_10' title="bbox 592 1017 2168 1091">
    <p class='ocr_par' dir='ltr' id='par_1_10' title="bbox 592 1017 2168 1091">
     <span class='ocr_line' id='line_1_10' title="bbox 592 1017 2168 1091; baseline -0.003 -17"><span class='ocrx_word' id='word_1_66' title='bbox 592 1017 1172 1091; x_wconf 59' lang='lat' dir='ltr'><strong><em>pretergrodiebantur</em></strong></span> <span class='ocrx_word' id='word_1_67' title='bbox 1198 1020 1361 1086; x_wconf 78' lang='lat' dir='ltr'><strong><em>viam,</em></strong></span> <span class='ocrx_word' id='word_1_68' title='bbox 1392 1019 1449 1075; x_wconf 92' lang='lat' dir='ltr'><strong><em>in</em></strong></span> <span class='ocrx_word' id='word_1_69' title='bbox 1477 1034 1606 1075; x_wconf 89' lang='lat' dir='ltr'><strong><em>vero</em></strong></span> <span class='ocrx_word' id='word_1_70' title='bbox 1634 1019 1827 1074; x_wconf 82' lang='lat' dir='ltr'><strong><em>itinere</em></strong></span> <span class='ocrx_word' id='word_1_71' title='bbox 1867 1017 2168 1088; x_wconf 89' lang='lat' dir='ltr'><strong><em>Scriptura-</em></strong></span> 
     </span>
    </p>
   </div>
   <div class='ocr_carea' id='block_1_11' title="bbox 592 1107 2168 1185">
    <p class='ocr_par' dir='ltr' id='par_1_11' title="bbox 592 1107 2168 1185">
     <span class='ocr_line' id='line_1_11' title="bbox 592 1107 2168 1185; baseline 0 -22"><span class='ocrx_word' id='word_1_72' title='bbox 592 1121 718 1163; x_wconf 83' lang='lat' dir='ltr'><strong><em>rum</em></strong></span> <span class='ocrx_word' id='word_1_73' title='bbox 742 1107 1016 1165; x_wconf 77' lang='lat' dir='ltr'><strong><em>ambulare</em></strong></span> <span class='ocrx_word' id='word_1_74' title='bbox 1044 1110 1318 1166; x_wconf 83' lang='lat' dir='ltr'><strong><em>nolebant.</em></strong></span> <span class='ocrx_word' id='word_1_75' title='bbox 1348 1109 1632 1167; x_wconf 73' lang='lat' dir='ltr'><strong><em>Movebant</em></strong></span> <span class='ocrx_word' id='word_1_76' title='bbox 1659 1110 1835 1182; x_wconf 89' lang='lat' dir='ltr'><strong><em>capita</em></strong></span> <span class='ocrx_word' id='word_1_77' title='bbox 1854 1150 1871 1178; x_wconf 93' lang='lat'><strong><em>,</em></strong></span> <span class='ocrx_word' id='word_1_78' title='bbox 1902 1110 2029 1181; x_wconf 87' lang='lat' dir='ltr'><strong>quia</strong></span> <span class='ocrx_word' id='word_1_79' title='bbox 2051 1108 2168 1185; x_wconf 86' lang='lat' dir='ltr'><strong><em>jam</em></strong></span> 
     </span>
    </p>
   </div>
   <div class='ocr_carea' id='block_1_12' title="bbox 595 1201 2164 1273">
    <p class='ocr_par' dir='ltr' id='par_1_12' title="bbox 595 1201 2164 1273">
     <span class='ocr_line' id='line_1_12' title="bbox 595 1201 2164 1273; baseline 0.001 -20"><span class='ocrx_word' id='word_1_80' title='bbox 595 1206 725 1256; x_wconf 82' lang='lat' dir='ltr'><strong><em>ante</em></strong></span> <span class='ocrx_word' id='word_1_81' title='bbox 748 1208 1028 1256; x_wconf 78' lang='lat' dir='ltr'><strong><em>moverant</em></strong></span> <span class='ocrx_word' id='word_1_82' title='bbox 1058 1201 1223 1272; x_wconf 86' lang='lat' dir='ltr'><strong><em>pedes</em></strong></span> <span class='ocrx_word' id='word_1_83' title='bbox 1239 1243 1255 1269; x_wconf 96' lang='lat'><strong><em>,</em></strong></span> <span class='ocrx_word' id='word_1_84' title='bbox 1300 1209 1355 1258; x_wconf 92' lang='lat' dir='ltr'><strong><em>et</em></strong></span> <span class='ocrx_word' id='word_1_85' title='bbox 1381 1218 1486 1259; x_wconf 91' lang='lat' dir='ltr'><strong><em>non</em></strong></span> <span class='ocrx_word' id='word_1_86' title='bbox 1512 1204 1726 1258; x_wconf 85' lang='lat' dir='ltr'><strong><em>stabant</em></strong></span> <span class='ocrx_word' id='word_1_87' title='bbox 1753 1218 1913 1271; x_wconf 84' lang='lat' dir='ltr'><strong><em>super</em></strong></span> <span class='ocrx_word' id='word_1_88' title='bbox 1939 1209 2164 1273; x_wconf 81' lang='lat' dir='ltr'><strong><em>petram.</em></strong></span> 
     </span>
    </p>
   </div>
   <div class='ocr_carea' id='block_1_13' title="bbox 597 1291 2168 1367">
    <p class='ocr_par' dir='ltr' id='par_1_13' title="bbox 597 1291 2168 1367">
     <span class='ocr_line' id='line_1_13' title="bbox 597 1291 2168 1367; baseline 0 -20"><span class='ocrx_word' id='word_1_89' title='bbox 597 1291 753 1348; x_wconf 82' lang='lat' dir='ltr'><strong><em>Sicut</em></strong></span> <span class='ocrx_word' id='word_1_90' title='bbox 779 1294 925 1350; x_wconf 88' lang='lat' dir='ltr'><strong><em>enim</em></strong></span> <span class='ocrx_word' id='word_1_91' title='bbox 953 1294 1326 1351; x_wconf 88' lang='lat' dir='ltr'><strong><em>claudicabant</em></strong></span> <span class='ocrx_word' id='word_1_92' title='bbox 1377 1310 1564 1367; x_wconf 88' lang='lat' dir='ltr'><strong><em>gressu</em></strong></span> <span class='ocrx_word' id='word_1_93' title='bbox 1589 1310 1833 1366; x_wconf 86' lang='lat' dir='ltr'><strong><em>operum,</em></strong></span> <span class='ocrx_word' id='word_1_94' title='bbox 1864 1294 1937 1349; x_wconf 89' lang='lat' dir='ltr'><strong><em>ita</em></strong></span> <span class='ocrx_word' id='word_1_95' title='bbox 1963 1302 2018 1348; x_wconf 93' lang='lat' dir='ltr'><strong><em>et</em></strong></span> <span class='ocrx_word' id='word_1_96' title='bbox 2046 1308 2168 1348; x_wconf 91' lang='lat' dir='ltr'><strong><em>mu-</em></strong></span> 
     </span>
    </p>
   </div>
   <div class='ocr_carea' id='block_1_14' title="bbox 597 1379 2170 1448">
    <p class='ocr_par' dir='ltr' id='par_1_14' title="bbox 597 1379 2170 1448">
     <span class='ocr_line' id='line_1_14' title="bbox 597 1379 2170 1448; baseline 0 -13"><span class='ocrx_word' id='word_1_97' title='bbox 597 1380 790 1437; x_wconf 75' lang='lat' dir='ltr'><strong><em>tabiles</em></strong></span> <span class='ocrx_word' id='word_1_98' title='bbox 832 1389 987 1436; x_wconf 83' lang='lat' dir='ltr'><strong><em>erant</em></strong></span> <span class='ocrx_word' id='word_1_99' title='bbox 1030 1389 1249 1448; x_wconf 83' lang='lat' dir='ltr'><strong><em>mente,</em></strong></span> <span class='ocrx_word' id='word_1_100' title='bbox 1297 1388 1352 1435; x_wconf 90' lang='lat' dir='ltr'><strong><em>et</em></strong></span> <span class='ocrx_word' id='word_1_101' title='bbox 1403 1380 1727 1435; x_wconf 88' lang='lat' dir='ltr'><strong><em>vacillabant</em></strong></span> <span class='ocrx_word' id='word_1_102' title='bbox 1769 1394 2038 1435; x_wconf 83' lang='lat' dir='ltr'><strong><em>sermone.</em></strong></span> <span class='ocrx_word' id='word_1_103' title='bbox 2092 1379 2170 1436; x_wconf 90' lang='lat' dir='ltr'><strong><em>De</em></strong></span> 
     </span>
    </p>
   </div>
   <div class='ocr_carea' id='block_1_15' title="bbox 596 1468 2170 1541">
    <p class='ocr_par' dir='ltr' id='par_1_15' title="bbox 596 1468 2170 1541">
     <span class='ocr_line' id='line_1_15' title="bbox 596 1468 2170 1541; baseline -0.002 -14"><span class='ocrx_word' id='word_1_104' title='bbox 596 1469 795 1541; x_wconf 75' lang='lat' dir='ltr'><strong><em>quibus</em></strong></span> <span class='ocrx_word' id='word_1_105' title='bbox 843 1471 1104 1541; x_wconf 84' lang='lat' dir='ltr'><strong><em>scriptum</em></strong></span> <span class='ocrx_word' id='word_1_106' title='bbox 1132 1479 1215 1526; x_wconf 84' lang='lat' dir='ltr'><strong><em>est</em></strong></span> <span class='ocrx_word' id='word_1_107' title='bbox 1242 1470 1297 1525; x_wconf 88' lang='lat' dir='ltr'><strong><em>in</em></strong></span> <span class='ocrx_word' id='word_1_108' title='bbox 1322 1468 1529 1541; x_wconf 78' lang='lat' dir='ltr'><strong><em>psalmo</em></strong></span> <span class='ocrx_word' id='word_1_109' title='bbox 1558 1486 1571 1523; x_wconf 89' lang='lat'><strong>:</strong></span> <span class='ocrx_word' id='word_1_110' title='bbox 1606 1468 1796 1524; x_wconf 85' lang='lat' dir='ltr'><strong><em>Omnes</em></strong></span> <span class='ocrx_word' id='word_1_111' title='bbox 1822 1471 1913 1541; x_wconf 86' lang='lat' dir='ltr'><strong><em>qui</em></strong></span> <span class='ocrx_word' id='word_1_112' title='bbox 1931 1470 2170 1524; x_wconf 83' lang='lat' dir='ltr'><strong><em>uidebant</em></strong></span> 
     </span>
    </p>
   </div>
   <div class='ocr_carea' id='block_1_16' title="bbox 596 1559 2171 1632">
    <p class='ocr_par' dir='ltr' id='par_1_16' title="bbox 596 1559 2171 1632">
     <span class='ocr_line' id='line_1_16' title="bbox 596 1559 2171 1632; baseline 0.001 -16"><span class='ocrx_word' id='word_1_113' title='bbox 596 1576 701 1628; x_wconf 82' lang='lat' dir='ltr'><strong><em>tm,</em></strong></span> <span class='ocrx_word' id='word_1_114' title='bbox 725 1561 1141 1632; x_wconf 68' lang='lat' dir='ltr'><strong><em>aspernabantur</em></strong></span> <span class='ocrx_word' id='word_1_115' title='bbox 1159 1564 1269 1615; x_wconf 84' lang='lat' dir='ltr'><strong><em>me.’</em></strong></span> <span class='ocrx_word' id='word_1_116' title='bbox 1281 1559 1466 1617; x_wconf 87' lang='lat' dir='ltr'><strong><em>Locnti</em></strong></span> <span class='ocrx_word' id='word_1_117' title='bbox 1484 1567 1605 1615; x_wconf 89' lang='lat' dir='ltr'><strong><em>sunt</em></strong></span> <span class='ocrx_word' id='word_1_118' title='bbox 1631 1559 1800 1625; x_wconf 84' lang='lat' dir='ltr'><strong><em>labiis,</em></strong></span> <span class='ocrx_word' id='word_1_119' title='bbox 1832 1571 1878 1615; x_wconf 89' lang='lat' dir='ltr'><strong><em>et</em></strong></span> <span class='ocrx_word' id='word_1_120' title='bbox 1904 1569 2171 1617; x_wconf 87' lang='lat' dir='ltr'><strong><em>moverunt</em></strong></span> 
     </span>
    </p>
   </div>
   <div class='ocr_carea' id='block_1_17' title="bbox 598 1649 2172 1723">
    <p class='ocr_par' dir='ltr' id='par_1_17' title="bbox 598 1649 2172 1723">
     <span class='ocr_line' id='line_1_17' title="bbox 598 1649 2172 1723; baseline 0.001 -17"><span class='ocrx_word' id='word_1_121' title='bbox 598 1659 774 1722; x_wconf 69' lang='lat' dir='ltr'><strong><em>caput.</em></strong></span> <span class='ocrx_word' id='word_1_122' title='bbox 804 1652 1041 1722; x_wconf 70' lang='lat' dir='ltr'><strong><em>Speravit</em></strong></span> <span class='ocrx_word' id='word_1_123' title='bbox 1061 1652 1119 1706; x_wconf 88' lang='lat' dir='ltr'><strong><em>in</em></strong></span> <span class='ocrx_word' id='word_1_124' title='bbox 1144 1651 1387 1719; x_wconf 88' lang='lat' dir='ltr'><strong><em>Domino,</em></strong></span> <span class='ocrx_word' id='word_1_125' title='bbox 1410 1651 1598 1722; x_wconf 83' lang='lat' dir='ltr'><strong><em>eripiat</em></strong></span> <span class='ocrx_word' id='word_1_126' title='bbox 1624 1667 1762 1717; x_wconf 90' lang='lat' dir='ltr'><strong><em>eum,</em></strong></span> <span class='ocrx_word' id='word_1_127' title='bbox 1784 1649 1985 1707; x_wconf 86' lang='lat' dir='ltr'><strong><em>salvum</em></strong></span> <span class='ocrx_word' id='word_1_128' title='bbox 2008 1652 2172 1723; x_wconf 78' lang='lat' dir='ltr'><strong><em>faciat</em></strong></span> 
     </span>
    </p>
   </div>
   <div class='ocr_carea' id='block_1_18' title="bbox 596 1738 2173 1813">
    <p class='ocr_par' dir='ltr' id='par_1_18' title="bbox 596 1738 2173 1813">
     <span class='ocr_line' id='line_1_18' title="bbox 596 1738 2173 1813; baseline 0 -17"><span class='ocrx_word' id='word_1_129' title='bbox 596 1756 717 1796; x_wconf 79' lang='lat' dir='ltr'><strong><em>eum</em></strong></span> <span class='ocrx_word' id='word_1_130' title='bbox 742 1741 989 1813; x_wconf 65' lang='lat' dir='ltr'><strong><em>quoniam</em></strong></span> <span class='ocrx_word' id='word_1_131' title='bbox 1018 1739 1121 1795; x_wconf 78' lang='lat' dir='ltr'><strong><em>vult</em></strong></span> <span class='ocrx_word' id='word_1_132' title='bbox 1155 1757 1273 1796; x_wconf 80' lang='lat' dir='ltr'><strong><em>eum</em></strong></span> <span class='ocrx_word' id='word_1_133' title='bbox 1321 1738 1492 1812; x_wconf 85' lang='lat' dir='ltr'><strong><em>(Psal.</em></strong></span> <span class='ocrx_word' id='word_1_134' title='bbox 1539 1739 1676 1813; x_wconf 71' lang='lat' dir='ltr'><strong><em>xxx).</em></strong></span> <span class='ocrx_word' id='word_1_135' title='bbox 1722 1740 1957 1813; x_wconf 87' lang='lat' dir='ltr'><strong><em>ldipsum</em></strong></span> <span class='ocrx_word' id='word_1_136' title='bbox 2006 1741 2173 1798; x_wconf 88' lang='lat' dir='ltr'><strong><em>insul-</em></strong></span> 
     </span>
    </p>
   </div>
   <div class='ocr_carea' id='block_1_19' title="bbox 2261 579 2475 638">
    <p class='ocr_par' dir='ltr' id='par_1_19' title="bbox 2261 579 2475 638">
     <span class='ocr_line' id='line_1_19' title="bbox 2261 579 2475 638; baseline -0.014 -15"><span class='ocrx_word' id='word_1_137' title='bbox 2261 579 2475 638; x_wconf 88' lang='lat' dir='ltr'><strong><em>capere.</em></strong></span> 
     </span>
    </p>
   </div>
   <div class='ocr_carea' id='block_1_20' title="bbox 2332 653 3687 729">
    <p class='ocr_par' dir='ltr' id='par_1_20' title="bbox 2332 653 3687 729">
     <span class='ocr_line' id='line_1_20' title="bbox 2332 653 3687 729; baseline -0.001 -16"><span class='ocrx_word' id='word_1_138' title='bbox 2332 658 2571 729; x_wconf 86' lang='lat' dir='ltr'><strong><em>Idipsum</em></strong></span> <span class='ocrx_word' id='word_1_139' title='bbox 2621 665 2795 712; x_wconf 86' lang='lat' dir='ltr'><strong><em>autem</em></strong></span> <span class='ocrx_word' id='word_1_140' title='bbox 2815 663 2866 713; x_wconf 76' lang='lat' dir='ltr'><strong><em>et</em></strong></span> <span class='ocrx_word' id='word_1_141' title='bbox 2894 653 3149 720; x_wconf 77' lang='lat' dir='ltr'><strong><em>latrones,</em></strong></span> <span class='ocrx_word' id='word_1_142' title='bbox 3196 660 3244 708; x_wconf 87' lang='lat' dir='ltr'><strong><em>et</em></strong></span> <span class='ocrx_word' id='word_1_143' title='bbox 3278 653 3364 724; x_wconf 74' lang='lat' dir='ltr'><strong><em>qui</em></strong></span> <span class='ocrx_word' id='word_1_144' title='bbox 3393 657 3582 725; x_wconf 66' lang='grc' dir='ltr'><em>πιάρά</em></span> <span class='ocrx_word' id='word_1_145' title='bbox 3605 676 3687 719; x_wconf 64' lang='grc' dir='ltr'>ω</span> 
     </span>
    </p>
   </div>
   <div class='ocr_carea' id='block_1_21' title="bbox 2262 742 3689 821">
    <p class='ocr_par' dir='ltr' id='par_1_21' title="bbox 2262 742 3689 821">
     <span class='ocr_line' id='line_1_21' title="bbox 2262 742 3689 821; baseline -0.003 -14"><span class='ocrx_word' id='word_1_146' title='bbox 2262 768 2381 807; x_wconf 87' lang='lat' dir='ltr'><strong><em>cum</em></strong></span> <span class='ocrx_word' id='word_1_147' title='bbox 2422 766 2480 804; x_wconf 84' lang='lat' dir='ltr'><strong><em>eo</em></strong></span> <span class='ocrx_word' id='word_1_148' title='bbox 2518 746 2940 821; x_wconf 78' lang='lat' dir='ltr'><strong><em>improperabant</em></strong></span> <span class='ocrx_word' id='word_1_149' title='bbox 2970 745 3043 801; x_wconf 86' lang='lat' dir='ltr'><strong><em>ei.</em></strong></span> <span class='ocrx_word' id='word_1_150' title='bbox 3068 742 3247 815; x_wconf 66' lang='grc' dir='ltr'><strong><em>(Διρ.)</em></strong></span> <span class='ocrx_word' id='word_1_151' title='bbox 3286 743 3689 820; x_wconf 65' lang='grc' dir='ltr'><strong><em>Ωιωωοὼῳὶω</em></strong></span> 
     </span>
    </p>
   </div>
   <div class='ocr_carea' id='block_1_22' title="bbox 2261 835 3689 910">
    <p class='ocr_par' dir='ltr' id='par_1_22' title="bbox 2261 835 3689 910">
     <span class='ocr_line' id='line_1_22' title="bbox 2261 835 3689 910; baseline -0.006 -10"><span class='ocrx_word' id='word_1_152' title='bbox 2261 858 2327 901; x_wconf 87' lang='lat' dir='ltr'><strong><em>eo</em></strong></span> <span class='ocrx_word' id='word_1_153' title='bbox 2366 839 2612 899; x_wconf 72' lang='lat' dir='ltr'><strong><em>cruciﬁxi</em></strong></span> <span class='ocrx_word' id='word_1_154' title='bbox 2651 847 2805 895; x_wconf 84' lang='lat' dir='ltr'><strong><em>erant</em></strong></span> <span class='ocrx_word' id='word_1_155' title='bbox 2842 835 3290 907; x_wconf 67' lang='lat' dir='ltr'><strong><em>improqu</em></strong></span> <span class='ocrx_word' id='word_1_156' title='bbox 3305 835 3689 910; x_wconf 64' lang='lat' dir='ltr'><strong><em>ei,qu</em></strong></span> 
     </span>
    </p>
   </div>
   <div class='ocr_carea' id='block_1_23' title="bbox 2263 928 3690 1007">
    <p class='ocr_par' dir='ltr' id='par_1_23' title="bbox 2263 928 3690 1007">
     <span class='ocr_line' id='line_1_23' title="bbox 2263 928 3690 1007; baseline 0.002 -19"><span class='ocrx_word' id='word_1_157' title='bbox 2263 950 2402 1007; x_wconf 79' lang='lat' dir='ltr'><strong><em>unus</em></strong></span> <span class='ocrx_word' id='word_1_158' title='bbox 2425 948 2614 990; x_wconf 90' lang='lat' dir='ltr'><strong><em>eorum</em></strong></span> <span class='ocrx_word' id='word_1_159' title='bbox 2658 928 3070 1003; x_wconf 77' lang='lat' dir='ltr'><strong><em>improperabat</em></strong></span> <span class='ocrx_word' id='word_1_160' title='bbox 3088 928 3371 985; x_wconf 80' lang='lat' dir='ltr'><strong><em>secundum</em></strong></span> <span class='ocrx_word' id='word_1_161' title='bbox 3386 928 3519 1001; x_wconf 57' lang='lat' dir='ltr'><strong><em>Luca}</em></strong></span> <span class='ocrx_word' id='word_1_162' title='bbox 3545 935 3690 991; x_wconf 66' lang='lat' dir='ltr'><strong><em>testia</em></strong></span> 
     </span>
    </p>
   </div>
   <div class='ocr_carea' id='block_1_24' title="bbox 2263 1019 3687 1094">
    <p class='ocr_par' dir='ltr' id='par_1_24' title="bbox 2263 1019 3687 1094">
     <span class='ocr_line' id='line_1_24' title="bbox 2263 1019 3687 1094; baseline -0.003 -13"><span class='ocrx_word' id='word_1_163' title='bbox 2263 1026 2435 1090; x_wconf 88' lang='lat' dir='ltr'><strong><em>nium,</em></strong></span> <span class='ocrx_word' id='word_1_164' title='bbox 2460 1024 2597 1081; x_wconf 87' lang='lat' dir='ltr'><strong><em>alter</em></strong></span> <span class='ocrx_word' id='word_1_165' title='bbox 2616 1031 2673 1078; x_wconf 91' lang='lat' dir='ltr'><strong><em>et</em></strong></span> <span class='ocrx_word' id='word_1_166' title='bbox 2694 1020 3037 1094; x_wconf 84' lang='lat' dir='ltr'><strong><em>compescuit</em></strong></span> <span class='ocrx_word' id='word_1_167' title='bbox 3058 1034 3206 1086; x_wconf 83' lang='lat' dir='ltr'><strong><em>eum,</em></strong></span> <span class='ocrx_word' id='word_1_168' title='bbox 3230 1019 3359 1075; x_wconf 92' lang='lat' dir='ltr'><strong><em>et-in</em></strong></span> <span class='ocrx_word' id='word_1_169' title='bbox 3382 1020 3687 1092; x_wconf 70' lang='lat' dir='ltr'><strong><em>Deumaedidt</em></strong></span> 
     </span>
    </p>
   </div>
   <div class='ocr_carea' id='block_1_25' title="bbox 2263 1109 3689 1185">
    <p class='ocr_par' dir='ltr' id='par_1_25' title="bbox 2263 1109 3689 1185">
     <span class='ocr_line' id='line_1_25' title="bbox 2263 1109 3689 1185; baseline -0.004 -14"><span class='ocrx_word' id='word_1_170' title='bbox 2263 1116 2372 1171; x_wconf 84' lang='lat' dir='ltr'><strong><em>nisi</em></strong></span> <span class='ocrx_word' id='word_1_171' title='bbox 2424 1113 2782 1185; x_wconf 71' lang='lat' dir='ltr'><strong><em>intelligamus</em></strong></span> <span class='ocrx_word' id='word_1_172' title='bbox 2832 1109 3157 1166; x_wconf 63' lang='lat' dir='ltr'><strong><em>Mattimum</em></strong></span> <span class='ocrx_word' id='word_1_173' title='bbox 3209 1117 3265 1165; x_wconf 87' lang='lat' dir='ltr'><strong><em>et</em></strong></span> <span class='ocrx_word' id='word_1_174' title='bbox 3311 1109 3514 1167; x_wconf 77' lang='lat' dir='ltr'><strong><em>Marcum</em></strong></span> <span class='ocrx_word' id='word_1_175' title='bbox 3551 1113 3689 1170; x_wconf 69' lang='lat' dir='ltr'><strong><em>brevia</em></strong></span> 
     </span>
    </p>
   </div>
   <div class='ocr_carea' id='block_1_26' title="bbox 2263 1201 3688 1283">
    <p class='ocr_par' dir='ltr' id='par_1_26' title="bbox 2263 1201 3688 1283">
     <span class='ocr_line' id='line_1_26' title="bbox 2263 1201 3688 1283; baseline -0.001 -19"><span class='ocrx_word' id='word_1_176' title='bbox 2263 1209 2692 1283; x_wconf 85' lang='lat' dir='ltr'><strong><em>perstringentes</em></strong></span> <span class='ocrx_word' id='word_1_177' title='bbox 2722 1207 2825 1263; x_wconf 90' lang='lat' dir='ltr'><strong><em>hoc</em></strong></span> <span class='ocrx_word' id='word_1_178' title='bbox 2851 1205 2978 1261; x_wconf 89' lang='lat' dir='ltr'><strong><em>loco</em></strong></span> <span class='ocrx_word' id='word_1_179' title='bbox 3018 1201 3281 1274; x_wconf 83' lang='lat' dir='ltr'><strong><em>pluralem</em></strong></span> <span class='ocrx_word' id='word_1_180' title='bbox 3300 1217 3539 1258; x_wconf 71' lang='lat' dir='ltr'><strong><em>numerum</em></strong></span> <span class='ocrx_word' id='word_1_181' title='bbox 3554 1208 3688 1274; x_wconf 61' lang='lat' dir='ltr'><strong><em>proris</em></strong></span> 
     </span>
    </p>
   </div>
   <div class='ocr_carea' id='block_1_27' title="bbox 2264 1292 3690 1377">
    <p class='ocr_par' dir='ltr' id='par_1_27' title="bbox 2264 1292 3690 1377">
     <span class='ocr_line' id='line_1_27' title="bbox 2264 1292 3690 1377; baseline -0.008 -18"><span class='ocrx_word' id='word_1_182' title='bbox 2264 1303 2439 1377; x_wconf 85' lang='lat' dir='ltr'><strong><em>gulari</em></strong></span> <span class='ocrx_word' id='word_1_183' title='bbox 2480 1302 2746 1373; x_wconf 86' lang='lat' dir='ltr'><strong><em>posuisse,</em></strong></span> <span class='ocrx_word' id='word_1_184' title='bbox 2788 1299 2936 1355; x_wconf 82' lang='lat' dir='ltr'><strong><em>sicut</em></strong></span> <span class='ocrx_word' id='word_1_185' title='bbox 2968 1297 3028 1351; x_wconf 89' lang='lat' dir='ltr'><strong><em>in</em></strong></span> <span class='ocrx_word' id='word_1_186' title='bbox 3056 1293 3294 1367; x_wconf 81' lang='lat' dir='ltr'><strong><em>Epistola</em></strong></span> <span class='ocrx_word' id='word_1_187' title='bbox 3332 1293 3394 1349; x_wconf 82' lang='lat' dir='ltr'><strong><em>ad</em></strong></span> <span class='ocrx_word' id='word_1_188' title='bbox 3421 1292 3690 1366; x_wconf 61' lang='grc' dir='ltr'><strong><em>Βελισωηὶ-</em></strong></span> 
     </span>
    </p>
   </div>
   <div class='ocr_carea' id='block_1_28' title="bbox 2267 1383 3685 1463">
    <p class='ocr_par' dir='ltr' id='par_1_28' title="bbox 2267 1383 3685 1463">
     <span class='ocr_line' id='line_1_28' title="bbox 2267 1383 3685 1463; baseline -0.006 -13"><span class='ocrx_word' id='word_1_189' title='bbox 2267 1409 2389 1450; x_wconf 82' lang='lat' dir='ltr'><strong><em>inus</em></strong></span> <span class='ocrx_word' id='word_1_190' title='bbox 2440 1390 2723 1463; x_wconf 81' lang='lat' dir='ltr'><strong><em>pluraliter</em></strong></span> <span class='ocrx_word' id='word_1_191' title='bbox 2779 1389 2990 1445; x_wconf 87' lang='lat' dir='ltr'><strong><em>dictum</em></strong></span> <span class='ocrx_word' id='word_1_192' title='bbox 3042 1405 3057 1441; x_wconf 87' lang='lat'><strong>:</strong></span> <span class='ocrx_word' id='word_1_193' title='bbox 3108 1383 3407 1440; x_wconf 81' lang='lat' dir='ltr'><strong><em>Clauserunt</em></strong></span> <span class='ocrx_word' id='word_1_194' title='bbox 3456 1401 3530 1439; x_wconf 82' lang='lat' dir='ltr'><strong><em>ora</em></strong></span> <span class='ocrx_word' id='word_1_195' title='bbox 3571 1384 3685 1442; x_wconf 66' lang='lat' dir='ltr'><strong><em>tam</em></strong></span> 
     </span>
    </p>
   </div>
   <div class='ocr_carea' id='block_1_29' title="bbox 2268 1474 3687 1559">
    <p class='ocr_par' dir='ltr' id='par_1_29' title="bbox 2268 1474 3687 1559">
     <span class='ocr_line' id='line_1_29' title="bbox 2268 1474 3687 1559; baseline -0.006 -19"><span class='ocrx_word' id='word_1_196' title='bbox 2268 1485 2427 1559; x_wconf 85' lang='lat' dir='ltr'><strong><em>(Heb.</em></strong></span> <span class='ocrx_word' id='word_1_197' title='bbox 2459 1483 2565 1554; x_wconf 73' lang='lat' dir='ltr'><strong><em>Il),</em></strong></span> <span class='ocrx_word' id='word_1_198' title='bbox 2589 1498 2713 1539; x_wconf 86' lang='lat' dir='ltr'><strong><em>cum</em></strong></span> <span class='ocrx_word' id='word_1_199' title='bbox 2739 1481 2886 1537; x_wconf 86' lang='lat' dir='ltr'><strong><em>solus</em></strong></span> <span class='ocrx_word' id='word_1_200' title='bbox 2930 1477 3130 1533; x_wconf 81' lang='lat' dir='ltr'><strong><em>Daniel</em></strong></span> <span class='ocrx_word' id='word_1_201' title='bbox 3172 1474 3444 1546; x_wconf 88' lang='lat' dir='ltr'><strong><em>signiﬁcari</em></strong></span> 
     </span>
    </p>
   </div>
   <div class='ocr_carea' id='block_1_30' title="bbox 2250 1564 3687 1647">
    <p class='ocr_par' dir='ltr' id='par_1_30' title="bbox 2250 1564 3687 1647">
     <span class='ocr_line' id='line_1_30' title="bbox 2250 1564 3687 1647; baseline -0.007 -16"><span class='ocrx_word' id='word_1_202' title='bbox 2250 1577 2337 1632; x_wconf 65' lang='lat' dir='ltr'><strong><em>Et</em></strong></span> <span class='ocrx_word' id='word_1_203' title='bbox 2360 1574 2643 1647; x_wconf 85' lang='lat' dir='ltr'><strong><em>pluraliter</em></strong></span> <span class='ocrx_word' id='word_1_204' title='bbox 2671 1574 2896 1638; x_wconf 88' lang='lat' dir='ltr'><strong><em>dictum,</em></strong></span> <span class='ocrx_word' id='word_1_205' title='bbox 2927 1570 3058 1625; x_wconf 84' lang='lat' dir='ltr'><strong><em>secti</em></strong></span> <span class='ocrx_word' id='word_1_206' title='bbox 3104 1576 3247 1631; x_wconf 80' lang='lat' dir='ltr'><strong><em>sunt,</em></strong></span> <span class='ocrx_word' id='word_1_207' title='bbox 3286 1580 3399 1621; x_wconf 88' lang='lat' dir='ltr'><strong><em>cum</em></strong></span> <span class='ocrx_word' id='word_1_208' title='bbox 3436 1566 3491 1619; x_wconf 88' lang='lat' dir='ltr'><strong><em>de</em></strong></span> <span class='ocrx_word' id='word_1_209' title='bbox 3517 1564 3597 1621; x_wconf 78' lang='lat' dir='ltr'><strong><em>solo</em></strong></span> <span class='ocrx_word' id='word_1_210' title='bbox 3616 1565 3687 1621; x_wconf 71' lang='lat' dir='ltr'><strong><em>ltili</em></strong></span> 
     </span>
    </p>
   </div>
   <div class='ocr_carea' id='block_1_31' title="bbox 2270 1657 3688 1733">
    <p class='ocr_par' dir='ltr' id='par_1_31' title="bbox 2270 1657 3688 1733">
     <span class='ocr_line' id='line_1_31' title="bbox 2270 1657 3688 1733; baseline -0.011 -10"><span class='ocrx_word' id='word_1_211' title='bbox 2270 1668 2536 1723; x_wconf 82' lang='lat' dir='ltr'><strong><em>tradatur.</em></strong></span> <span class='ocrx_word' id='word_1_212' title='bbox 2569 1665 2709 1733; x_wconf 86' lang='lat' dir='ltr'><strong><em>Quid</em></strong></span> <span class='ocrx_word' id='word_1_213' title='bbox 2748 1673 2932 1719; x_wconf 86' lang='lat' dir='ltr'><strong><em>autem</em></strong></span> <span class='ocrx_word' id='word_1_214' title='bbox 2978 1659 3256 1723; x_wconf 79' lang='lat' dir='ltr'><strong><em>usitatius,</em></strong></span> <span class='ocrx_word' id='word_1_215' title='bbox 3279 1657 3416 1711; x_wconf 87' lang='lat' dir='ltr'><strong><em>verbi</em></strong></span> <span class='ocrx_word' id='word_1_216' title='bbox 3447 1658 3579 1726; x_wconf 75' lang='lat' dir='ltr'><strong><em>gratia,</em></strong></span> <span class='ocrx_word' id='word_1_217' title='bbox 3598 1672 3688 1725; x_wconf 73' lang='lat' dir='ltr'><strong><em>qm</em></strong></span> 
     </span>
    </p>
   </div>
   <div class='ocr_carea' id='block_1_32' title="bbox 2270 1746 3688 1828">
    <p class='ocr_par' dir='ltr' id='par_1_32' title="bbox 2270 1746 3688 1828">
     <span class='ocr_line' id='line_1_32' title="bbox 2270 1746 3688 1828; baseline -0.011 -12"><span class='ocrx_word' id='word_1_218' title='bbox 2270 1768 2330 1816; x_wconf 89' lang='lat' dir='ltr'><strong><em>ut</em></strong></span> <span class='ocrx_word' id='word_1_219' title='bbox 2360 1760 2503 1815; x_wconf 86' lang='lat' dir='ltr'><strong><em>dicat</em></strong></span> <span class='ocrx_word' id='word_1_220' title='bbox 2538 1757 2730 1828; x_wconf 85' lang='lat' dir='ltr'><strong><em>aliquis</em></strong></span> <span class='ocrx_word' id='word_1_221' title='bbox 2756 1776 2769 1811; x_wconf 86' lang='lat'><strong>:</strong></span> <span class='ocrx_word' id='word_1_222' title='bbox 2794 1756 2866 1810; x_wconf 87' lang='lat' dir='ltr'><strong><em>Et</em></strong></span> <span class='ocrx_word' id='word_1_223' title='bbox 2907 1752 3108 1808; x_wconf 88' lang='lat' dir='ltr'><strong><em>rustici</em></strong></span> <span class='ocrx_word' id='word_1_224' title='bbox 3151 1749 3283 1805; x_wconf 81' lang='lat' dir='ltr'><strong><em>mihi</em></strong></span> <span class='ocrx_word' id='word_1_225' title='bbox 3321 1746 3534 1803; x_wconf 79' lang='lat' dir='ltr'><strong><em>insultant</em></strong></span> <span class='ocrx_word' id='word_1_226' title='bbox 3550 1748 3688 1802; x_wconf 69' lang='lat' dir='ltr'><strong><em>etiamsi</em></strong></span> 
     </span>
    </p>
   </div>
   <div class='ocr_carea' id='block_1_33' title="bbox 597 1819 3688 1907">
    <p class='ocr_par' dir='ltr' id='par_1_33' title="bbox 597 1819 3688 1907">
     <span class='ocr_line' id='line_1_33' title="bbox 597 1819 3688 1907; baseline 0.002 -19"><span class='ocrx_word' id='word_1_227' title='bbox 597 1841 719 1889; x_wconf 86' lang='lat' dir='ltr'><strong><em>tans</em></strong></span> <span class='ocrx_word' id='word_1_228' title='bbox 744 1832 1018 1889; x_wconf 83' lang='lat' dir='ltr'><strong><em>incondita</em></strong></span> <span class='ocrx_word' id='word_1_229' title='bbox 1045 1848 1178 1889; x_wconf 82' lang='lat' dir='ltr'><strong><em>voce</em></strong></span> <span class='ocrx_word' id='word_1_230' title='bbox 1205 1832 1385 1889; x_wconf 81' lang='lat' dir='ltr'><strong><em>fatuus</em></strong></span> <span class='ocrx_word' id='word_1_231' title='bbox 1410 1833 1656 1904; x_wconf 83' lang='lat' dir='ltr'><strong><em>populus,</em></strong></span> <span class='ocrx_word' id='word_1_232' title='bbox 1689 1835 1831 1904; x_wconf 91' lang='lat' dir='ltr'><strong><em>quod</em></strong></span> <span class='ocrx_word' id='word_1_233' title='bbox 1856 1834 1976 1890; x_wconf 85' lang='lat' dir='ltr'><strong><em>falsi</em></strong></span> <span class='ocrx_word' id='word_1_234' title='bbox 2003 1843 2166 1893; x_wconf 84' lang='lat' dir='ltr'><strong><em>testes</em></strong></span> <span class='ocrx_word' id='word_1_235' title='bbox 2194 1819 2243 1883; x_wconf 79' lang='grc' dir='ltr'><strong>Β</strong></span> <span class='ocrx_word' id='word_1_236' title='bbox 2269 1867 2411 1907; x_wconf 73' lang='lat' dir='ltr'><strong><em>unus</em></strong></span> <span class='ocrx_word' id='word_1_237' title='bbox 2464 1819 2702 1905; x_wconf 67' lang='grc' dir='ltr'><strong><em>ωειιιιξει,</em></strong></span> <span class='ocrx_word' id='word_1_238' title='bbox 2752 1845 2905 1901; x_wconf 82' lang='lat' dir='ltr'><strong><em>Tunc</em></strong></span> <span class='ocrx_word' id='word_1_239' title='bbox 2949 1842 3102 1898; x_wconf 85' lang='lat' dir='ltr'><strong><em>enim</em></strong></span> <span class='ocrx_word' id='word_1_240' title='bbox 3152 1847 3295 1895; x_wconf 85' lang='lat' dir='ltr'><strong><em>esset</em></strong></span> <span class='ocrx_word' id='word_1_241' title='bbox 3334 1836 3688 1904; x_wconf 72' lang='lat' dir='ltr'><strong><em>contrariumquod</em></strong></span> 
     </span>
    </p>
   </div>
   <div class='ocr_carea' id='block_1_34' title="bbox 598 1917 2167 1999">
    <p class='ocr_par' dir='ltr' id='par_1_34' title="bbox 598 1917 2167 1999">
     <span class='ocr_line' id='line_1_34' title="bbox 598 1917 2167 1999; baseline 0.003 -18"><span class='ocrx_word' id='word_1_242' title='bbox 598 1933 723 1981; x_wconf 79' lang='lat' dir='ltr'><strong><em>ante</em></strong></span> <span class='ocrx_word' id='word_1_243' title='bbox 769 1926 824 1981; x_wconf 86' lang='lat' dir='ltr'><strong><em>in</em></strong></span> <span class='ocrx_word' id='word_1_244' title='bbox 873 1927 1032 1983; x_wconf 90' lang='lat' dir='ltr'><strong><em>domo</em></strong></span> <span class='ocrx_word' id='word_1_245' title='bbox 1074 1927 1335 1999; x_wconf 84' lang='lat' dir='ltr'><strong><em>principis</em></strong></span> <span class='ocrx_word' id='word_1_246' title='bbox 1375 1929 1716 1985; x_wconf 88' lang='lat' dir='ltr'><strong><em>sacerdotum</em></strong></span> <span class='ocrx_word' id='word_1_247' title='bbox 1763 1917 2167 1999; x_wconf 79' lang='lat' dir='ltr'><strong><em>conﬁri&#39;xerant,</em></strong></span> 
     </span>
    </p>
   </div>
   <div class='ocr_carea' id='block_1_35' title="bbox 2269 1927 3685 2000">
    <p class='ocr_par' dir='ltr' id='par_1_35' title="bbox 2269 1927 3685 2000">
     <span class='ocr_line' id='line_1_35' title="bbox 2269 1927 3685 2000; baseline -0.013 -2"><span class='ocrx_word' id='word_1_248' title='bbox 2269 1942 2445 2000; x_wconf 85' lang='lat' dir='ltr'><strong><em>Lucas</em></strong></span> <span class='ocrx_word' id='word_1_249' title='bbox 2469 1940 2533 1996; x_wconf 91' lang='lat' dir='ltr'><strong><em>de</em></strong></span> <span class='ocrx_word' id='word_1_250' title='bbox 2557 1954 2665 1994; x_wconf 90' lang='lat' dir='ltr'><strong><em>uno</em></strong></span> <span class='ocrx_word' id='word_1_251' title='bbox 2702 1932 3105 1997; x_wconf 85' lang='lat' dir='ltr'><strong><em>manifestavit,</em></strong></span> <span class='ocrx_word' id='word_1_252' title='bbox 3150 1931 3198 1985; x_wconf 89' lang='lat' dir='ltr'><strong><em>si</em></strong></span> <span class='ocrx_word' id='word_1_253' title='bbox 3242 1928 3319 1983; x_wconf 88' lang='lat' dir='ltr'><strong><em>illi</em></strong></span> <span class='ocrx_word' id='word_1_254' title='bbox 3358 1928 3564 1983; x_wconf 69' lang='lat' dir='ltr'><strong><em>dixissent</em></strong></span> <span class='ocrx_word' id='word_1_255' title='bbox 3586 1927 3685 1981; x_wconf 72' lang='lat' dir='ltr'><strong><em>suis</em></strong></span> 
     </span>
    </p>
   </div>
   <div class='ocr_carea' id='block_1_36' title="bbox 598 2015 3686 2088">
    <p class='ocr_par' dir='ltr' id='par_1_36' title="bbox 598 2015 3686 2088">
     <span class='ocr_line' id='line_1_36' title="bbox 598 2015 3686 2088; baseline 0.001 -17"><span class='ocrx_word' id='word_1_256' title='bbox 598 2017 816 2087; x_wconf 60' lang='lat' dir='ltr'><strong><em>grando</em></strong></span> <span class='ocrx_word' id='word_1_257' title='bbox 842 2018 1026 2088; x_wconf 88' lang='lat' dir='ltr'><strong><em>templi</em></strong></span> <span class='ocrx_word' id='word_1_258' title='bbox 1051 2018 1470 2074; x_wconf 86' lang='lat' dir='ltr'><strong><em>destructionem</em></strong></span> <span class='ocrx_word' id='word_1_259' title='bbox 1505 2027 1561 2073; x_wconf 90' lang='lat' dir='ltr'><strong><em>et</em></strong></span> <span class='ocrx_word' id='word_1_260' title='bbox 1588 2020 2060 2079; x_wconf 82' lang='lat' dir='ltr'><strong><em>reacdiﬁcationem</em></strong></span> <span class='ocrx_word' id='word_1_261' title='bbox 2091 2022 2168 2078; x_wconf 91' lang='lat' dir='ltr'><strong><em>illi</em></strong></span> <span class='ocrx_word' id='word_1_262' title='bbox 2270 2031 2507 2087; x_wconf 89' lang='lat' dir='ltr'><strong><em>latrones</em></strong></span> <span class='ocrx_word' id='word_1_263' title='bbox 2551 2027 2882 2084; x_wconf 83' lang='lat' dir='ltr'><strong><em>conviciatos</em></strong></span> <span class='ocrx_word' id='word_1_264' title='bbox 2931 2022 3189 2085; x_wconf 89' lang='lat' dir='ltr'><strong><em>Domino,</em></strong></span> <span class='ocrx_word' id='word_1_265' title='bbox 3222 2028 3390 2074; x_wconf 85' lang='lat' dir='ltr'><strong><em>tamen</em></strong></span> <span class='ocrx_word' id='word_1_266' title='bbox 3413 2015 3686 2087; x_wconf 59' lang='lat' dir='ltr'><strong><em>possetwblt</em></strong></span> 
     </span>
    </p>
   </div>
   <div class='ocr_carea' id='block_1_37' title="bbox 597 2105 3685 2191">
    <p class='ocr_par' dir='ltr' id='par_1_37' title="bbox 597 2105 3685 2191">
     <span class='ocr_line' id='line_1_37' title="bbox 597 2105 3685 2191; baseline -0.002 -27"><span class='ocrx_word' id='word_1_267' title='bbox 597 2108 910 2177; x_wconf 75' lang='lat' dir='ltr'><strong><em>obiecerant</em></strong></span> <span class='ocrx_word' id='word_1_268' title='bbox 942 2109 1033 2179; x_wconf 89' lang='lat' dir='ltr'><strong><em>qui</em></strong></span> <span class='ocrx_word' id='word_1_269' title='bbox 1079 2109 1366 2166; x_wconf 86' lang='lat' dir='ltr'><strong><em>Dominum</em></strong></span> <span class='ocrx_word' id='word_1_270' title='bbox 1393 2111 1576 2183; x_wconf 89' lang='lat' dir='ltr'><strong><em>templi</em></strong></span> <span class='ocrx_word' id='word_1_271' title='bbox 1622 2128 1730 2168; x_wconf 89' lang='lat' dir='ltr'><strong><em>non</em></strong></span> <span class='ocrx_word' id='word_1_272' title='bbox 1769 2110 2168 2185; x_wconf 87' lang='lat' dir='ltr'><strong><em>intelligebant,</em></strong></span> <span class='ocrx_word' id='word_1_273' title='bbox 2271 2136 2422 2179; x_wconf 69' lang='lat' dir='ltr'><strong><em>mero</em></strong></span> <span class='ocrx_word' id='word_1_274' title='bbox 2442 2119 2633 2191; x_wconf 75' lang='lat' dir='ltr'><strong><em>plurali</em></strong></span> <span class='ocrx_word' id='word_1_275' title='bbox 2667 2133 2809 2173; x_wconf 85' lang='lat' dir='ltr'><strong><em>unus</em></strong></span> <span class='ocrx_word' id='word_1_276' title='bbox 2838 2113 3101 2182; x_wconf 79' lang='lat' dir='ltr'><strong><em>intelligi.</em></strong></span> <span class='ocrx_word' id='word_1_277' title='bbox 3140 2110 3273 2166; x_wconf 89' lang='lat' dir='ltr'><strong><em>Cum</em></strong></span> <span class='ocrx_word' id='word_1_278' title='bbox 3293 2124 3410 2167; x_wconf 82' lang='lat' dir='ltr'><strong><em>vero</em></strong></span> <span class='ocrx_word' id='word_1_279' title='bbox 3428 2105 3685 2162; x_wconf 66' lang='lat' dir='ltr'><strong><em>dictitatum</em></strong></span> 
     </span>
    </p>
   </div>
   <div class='ocr_carea' id='block_1_38' title="bbox 600 2195 3684 2278">
    <p class='ocr_par' dir='ltr' id='par_1_38' title="bbox 600 2195 3684 2278">
     <span class='ocr_line' id='line_1_38' title="bbox 600 2195 3684 2278; baseline -0.002 -23"><span class='ocrx_word' id='word_1_280' title='bbox 600 2198 796 2255; x_wconf 74' lang='lat' dir='ltr'><strong><em>Filium</em></strong></span> <span class='ocrx_word' id='word_1_281' title='bbox 820 2199 916 2255; x_wconf 85' lang='lat' dir='ltr'><strong><em>Dei</em></strong></span> <span class='ocrx_word' id='word_1_282' title='bbox 945 2201 1202 2256; x_wconf 88' lang='lat' dir='ltr'><strong><em>tentando</em></strong></span> <span class='ocrx_word' id='word_1_283' title='bbox 1245 2199 1311 2256; x_wconf 86' lang='lat' dir='ltr'><strong><em>de</em></strong></span> <span class='ocrx_word' id='word_1_284' title='bbox 1346 2217 1507 2258; x_wconf 87' lang='lat' dir='ltr'><strong><em>cruce</em></strong></span> <span class='ocrx_word' id='word_1_285' title='bbox 1537 2202 1862 2259; x_wconf 88' lang='lat' dir='ltr'><strong><em>descendere</em></strong></span> <span class='ocrx_word' id='word_1_286' title='bbox 1886 2203 2167 2273; x_wconf 88' lang='lat' dir='ltr'><strong><em>jubebant,</em></strong></span> <span class='ocrx_word' id='word_1_287' title='bbox 2272 2222 2475 2278; x_wconf 81' lang='lat' dir='ltr'><strong><em>trones,</em></strong></span> <span class='ocrx_word' id='word_1_288' title='bbox 2509 2209 2591 2263; x_wconf 78' lang='lat' dir='ltr'><strong><em>vel</em></strong></span> <span class='ocrx_word' id='word_1_289' title='bbox 2624 2209 2716 2278; x_wconf 89' lang='lat' dir='ltr'><strong><em>qui</em></strong></span> <span class='ocrx_word' id='word_1_290' title='bbox 2749 2222 2872 2263; x_wconf 90' lang='lat' dir='ltr'><strong><em>cum</em></strong></span> <span class='ocrx_word' id='word_1_291' title='bbox 2898 2220 2970 2260; x_wconf 86' lang='lat' dir='ltr'><strong><em>eo</em></strong></span> <span class='ocrx_word' id='word_1_292' title='bbox 2999 2201 3249 2258; x_wconf 76' lang='lat' dir='ltr'><strong><em>cruciﬁxi</em></strong></span> <span class='ocrx_word' id='word_1_293' title='bbox 3275 2206 3433 2264; x_wconf 88' lang='lat' dir='ltr'><strong><em>erant,</em></strong></span> <span class='ocrx_word' id='word_1_294' title='bbox 3460 2195 3684 2252; x_wconf 74' lang='lat' dir='ltr'><strong><em>necaddiun</em></strong></span> 
     </span>
    </p>
   </div>
   <div class='ocr_carea' id='block_1_39' title="bbox 597 2287 3683 2368">
    <p class='ocr_par' dir='ltr' id='par_1_39' title="bbox 597 2287 3683 2368">
     <span class='ocr_line' id='line_1_39' title="bbox 597 2287 3683 2368; baseline -0.002 -21"><span class='ocrx_word' id='word_1_295' title='bbox 597 2292 693 2367; x_wconf 74' lang='lat' dir='ltr'><strong><em>qui</em></strong></span> <span class='ocrx_word' id='word_1_296' title='bbox 716 2308 820 2349; x_wconf 90' lang='lat' dir='ltr'><strong><em>nec</em></strong></span> <span class='ocrx_word' id='word_1_297' title='bbox 841 2292 1054 2349; x_wconf 83' lang='lat' dir='ltr'><strong><em>Patrem</em></strong></span> <span class='ocrx_word' id='word_1_298' title='bbox 1082 2294 1272 2362; x_wconf 90' lang='lat' dir='ltr'><strong><em>Deum,</em></strong></span> <span class='ocrx_word' id='word_1_299' title='bbox 1306 2312 1406 2352; x_wconf 90' lang='lat' dir='ltr'><strong><em>nec</em></strong></span> <span class='ocrx_word' id='word_1_300' title='bbox 1430 2294 1648 2363; x_wconf 83' lang='lat' dir='ltr'><strong><em>Filium,</em></strong></span> <span class='ocrx_word' id='word_1_301' title='bbox 1698 2298 1964 2354; x_wconf 79' lang='lat' dir='ltr'><strong><em>veraciter</em></strong></span> <span class='ocrx_word' id='word_1_302' title='bbox 1985 2299 2038 2353; x_wconf 90' lang='lat' dir='ltr'><strong><em>in</em></strong></span> <span class='ocrx_word' id='word_1_303' title='bbox 2067 2298 2172 2354; x_wconf 86' lang='lat' dir='ltr'><strong><em>ﬁde</em></strong></span> <span class='ocrx_word' id='word_1_304' title='bbox 2273 2311 2355 2360; x_wconf 89' lang='lat' dir='ltr'><strong><em>est</em></strong></span> <span class='ocrx_word' id='word_1_305' title='bbox 2385 2303 2563 2368; x_wconf 82' lang='lat' dir='ltr'><strong><em>ambo,</em></strong></span> <span class='ocrx_word' id='word_1_306' title='bbox 2593 2315 2699 2354; x_wconf 86' lang='lat' dir='ltr'><strong><em>non</em></strong></span> <span class='ocrx_word' id='word_1_307' title='bbox 2738 2296 2908 2355; x_wconf 87' lang='lat' dir='ltr'><strong><em>solum</em></strong></span> <span class='ocrx_word' id='word_1_308' title='bbox 2937 2296 2986 2350; x_wconf 89' lang='lat' dir='ltr'><strong><em>si</em></strong></span> <span class='ocrx_word' id='word_1_309' title='bbox 3015 2295 3181 2350; x_wconf 87' lang='lat' dir='ltr'><strong><em>ambo</em></strong></span> <span class='ocrx_word' id='word_1_310' title='bbox 3224 2290 3457 2346; x_wconf 75' lang='lat' dir='ltr'><strong><em>iecissent</em></strong></span> <span class='ocrx_word' id='word_1_311' title='bbox 3492 2296 3613 2358; x_wconf 79' lang='lat' dir='ltr'><strong><em>posset</em></strong></span> <span class='ocrx_word' id='word_1_312' title='bbox 3638 2287 3683 2341; x_wconf 72' lang='lat' dir='ltr'><strong><em>hu</em></strong></span> 
     </span>
    </p>
   </div>
   <div class='ocr_carea' id='block_1_40' title="bbox 598 2376 3682 2460">
    <p class='ocr_par' dir='ltr' id='par_1_40' title="bbox 598 2376 3682 2460">
     <span class='ocr_line' id='line_1_40' title="bbox 598 2376 3682 2460; baseline -0.004 -20"><span class='ocrx_word' id='word_1_313' title='bbox 598 2392 655 2440; x_wconf 82' lang='lat' dir='ltr'><strong><em>et</em></strong></span> <span class='ocrx_word' id='word_1_314' title='bbox 696 2383 953 2460; x_wconf 73' lang='lat' dir='ltr'><strong><em>religione</em></strong></span> <span class='ocrx_word' id='word_1_315' title='bbox 982 2385 1266 2442; x_wconf 84' lang='lat' dir='ltr'><strong><em>habebant.</em></strong></span> <span class='ocrx_word' id='word_1_316' title='bbox 1302 2386 1487 2443; x_wconf 84' lang='lat' dir='ltr'><strong><em>Omnis</em></strong></span> <span class='ocrx_word' id='word_1_317' title='bbox 1516 2390 1673 2457; x_wconf 88' lang='lat' dir='ltr'><strong><em>enim,</em></strong></span> <span class='ocrx_word' id='word_1_318' title='bbox 1705 2397 1765 2444; x_wconf 90' lang='lat' dir='ltr'><strong><em>ut</em></strong></span> <span class='ocrx_word' id='word_1_319' title='bbox 1807 2388 2041 2445; x_wconf 86' lang='lat' dir='ltr'><strong><em>Joannes</em></strong></span> <span class='ocrx_word' id='word_1_320' title='bbox 2071 2390 2170 2458; x_wconf 90' lang='lat' dir='ltr'><strong><em>ait,</em></strong></span> <span class='ocrx_word' id='word_1_321' title='bbox 2273 2392 2398 2459; x_wconf 89' lang='lat' dir='ltr'><strong><em>dici,</em></strong></span> <span class='ocrx_word' id='word_1_322' title='bbox 2431 2391 2525 2447; x_wconf 90' lang='lat' dir='ltr'><strong><em>sed</em></strong></span> <span class='ocrx_word' id='word_1_323' title='bbox 2554 2389 2719 2445; x_wconf 89' lang='lat' dir='ltr'><strong><em>etiam</em></strong></span> <span class='ocrx_word' id='word_1_324' title='bbox 2761 2387 2888 2459; x_wconf 90' lang='lat' dir='ltr'><strong><em>quia</em></strong></span> <span class='ocrx_word' id='word_1_325' title='bbox 2940 2400 3085 2440; x_wconf 91' lang='lat' dir='ltr'><strong><em>unus</em></strong></span> <span class='ocrx_word' id='word_1_326' title='bbox 3114 2383 3219 2439; x_wconf 87' lang='lat' dir='ltr'><strong><em>hoc</em></strong></span> <span class='ocrx_word' id='word_1_327' title='bbox 3243 2380 3379 2445; x_wconf 82' lang='lat' dir='ltr'><strong><em>fecit,</em></strong></span> <span class='ocrx_word' id='word_1_328' title='bbox 3417 2377 3551 2448; x_wconf 84' lang='lat' dir='ltr'><strong><em>potuit</em></strong></span> <span class='ocrx_word' id='word_1_329' title='bbox 3579 2376 3682 2430; x_wconf 65' lang='lat' dir='ltr'><strong><em>astute</em></strong></span> 
     </span>
    </p>
   </div>
   <div class='ocr_carea' id='block_1_41' title="bbox 598 2466 3771 2561">
    <p class='ocr_par' dir='ltr' id='par_1_41' title="bbox 598 2466 3771 2561">
     <span class='ocr_line' id='line_1_41' title="bbox 598 2466 3771 2561; baseline -0.001 -32"><span class='ocrx_word' id='word_1_330' title='bbox 598 2475 869 2547; x_wconf 73' lang='lat' dir='ltr'><strong><em>qui‘negat</em></strong></span> <span class='ocrx_word' id='word_1_331' title='bbox 889 2474 1089 2531; x_wconf 85' lang='lat' dir='ltr'><strong><em>Filium</em></strong></span> <span class='ocrx_word' id='word_1_332' title='bbox 1119 2494 1210 2533; x_wconf 90' lang='lat' dir='ltr'><strong><em>nec</em></strong></span> <span class='ocrx_word' id='word_1_333' title='bbox 1231 2476 1447 2533; x_wconf 87' lang='lat' dir='ltr'><strong><em>Patrem</em></strong></span> <span class='ocrx_word' id='word_1_334' title='bbox 1476 2479 1626 2534; x_wconf 77' lang='lat' dir='ltr'><strong><em>habet</em></strong></span> <span class='ocrx_word' id='word_1_335' title='bbox 1675 2479 1731 2551; x_wconf 91' lang='grc' dir='ltr'><strong><em>(Ι</em></strong></span> <span class='ocrx_word' id='word_1_336' title='bbox 1757 2480 1917 2536; x_wconf 85' lang='lat' dir='ltr'><strong><em>Joan.</em></strong></span> <span class='ocrx_word' id='word_1_337' title='bbox 1949 2480 2034 2551; x_wconf 80' lang='grc' dir='ltr'><strong><em>ιι).</em></strong></span> <span class='ocrx_word' id='word_1_338' title='bbox 2068 2481 2172 2550; x_wconf 83' lang='lat' dir='ltr'><strong><em>Qui</em></strong></span> <span class='ocrx_word' id='word_1_339' title='bbox 2271 2484 2562 2542; x_wconf 88' lang='lat' dir='ltr'><strong><em>locutionis</em></strong></span> <span class='ocrx_word' id='word_1_340' title='bbox 2599 2482 2759 2537; x_wconf 91' lang='lat' dir='ltr'><strong><em>modo</em></strong></span> <span class='ocrx_word' id='word_1_341' title='bbox 2796 2496 2892 2549; x_wconf 86' lang='lat' dir='ltr'><strong><em>per</em></strong></span> <span class='ocrx_word' id='word_1_342' title='bbox 2924 2476 3199 2551; x_wconf 87' lang='lat' dir='ltr'><strong><em>pluralem</em></strong></span> <span class='ocrx_word' id='word_1_343' title='bbox 3228 2486 3480 2529; x_wconf 85' lang='lat' dir='ltr'><strong><em>numerum</em></strong></span> <span class='ocrx_word' id='word_1_344' title='bbox 3503 2466 3682 2561; x_wconf 53' lang='lat' dir='ltr'><strong><em>sigillati.</em></strong></span> 
     </span>
    </p>
   </div>
   <div class='ocr_carea' id='block_1_42' title="bbox 598 2556 3771 2651">
    <p class='ocr_par' dir='ltr' id='par_1_42' title="bbox 598 2556 3771 2651">
     <span class='ocr_line' id='line_1_42' title="bbox 598 2556 3771 2651; baseline -0.003 -28"><span class='ocrx_word' id='word_1_345' title='bbox 598 2576 779 2625; x_wconf 73' lang='lat' dir='ltr'><strong><em>autem</em></strong></span> <span class='ocrx_word' id='word_1_346' title='bbox 804 2569 1091 2625; x_wconf 85' lang='lat' dir='ltr'><strong><em>conﬁtetur</em></strong></span> <span class='ocrx_word' id='word_1_347' title='bbox 1113 2568 1306 2625; x_wconf 80' lang='lat' dir='ltr'><strong><em>Filium</em></strong></span> <span class='ocrx_word' id='word_1_348' title='bbox 1333 2579 1387 2625; x_wconf 89' lang='lat' dir='ltr'><strong><em>et</em></strong></span> <span class='ocrx_word' id='word_1_349' title='bbox 1409 2571 1646 2637; x_wconf 87' lang='lat' dir='ltr'><strong><em>Patrem,</em></strong></span> <span class='ocrx_word' id='word_1_350' title='bbox 1684 2570 1746 2626; x_wconf 88' lang='lat' dir='ltr'><strong><em>Si</em></strong></span> <span class='ocrx_word' id='word_1_351' title='bbox 1773 2569 1945 2626; x_wconf 86' lang='lat' dir='ltr'><strong><em>Filius</em></strong></span> <span class='ocrx_word' id='word_1_352' title='bbox 1972 2571 2069 2626; x_wconf 88' lang='lat' dir='ltr'><strong><em>Dei</em></strong></span> <span class='ocrx_word' id='word_1_353' title='bbox 2096 2589 2170 2641; x_wconf 89' lang='lat' dir='ltr'><strong><em>es,</em></strong></span> <span class='ocrx_word' id='word_1_354' title='bbox 2274 2574 2553 2651; x_wconf 86' lang='lat' dir='ltr'><strong><em>(Venant.)</em></strong></span> <span class='ocrx_word' id='word_1_355' title='bbox 2583 2572 2737 2641; x_wconf 84' lang='lat' dir='ltr'><strong><em>Quod</em></strong></span> <span class='ocrx_word' id='word_1_356' title='bbox 2757 2585 2888 2626; x_wconf 86' lang='lat' dir='ltr'><strong><em>vero</em></strong></span> <span class='ocrx_word' id='word_1_357' title='bbox 2914 2569 3065 2627; x_wconf 77' lang='lat' dir='ltr'><strong><em>Luca</em></strong></span> <span class='ocrx_word' id='word_1_358' title='bbox 3094 2575 3325 2624; x_wconf 87' lang='lat' dir='ltr'><strong><em>testante</em></strong></span> <span class='ocrx_word' id='word_1_359' title='bbox 3348 2578 3459 2618; x_wconf 89' lang='lat' dir='ltr'><strong><em>unus</em></strong></span> <span class='ocrx_word' id='word_1_360' title='bbox 3479 2556 3683 2615; x_wconf 64' lang='lat' dir='ltr'><strong><em>lati-0M</em></strong></span> 
     </span>
    </p>
   </div>
   <div class='ocr_carea' id='block_1_43' title="bbox 597 2652 3683 2737">
    <p class='ocr_par' dir='ltr' id='par_1_43' title="bbox 597 2652 3683 2737">
     <span class='ocr_line' id='line_1_43' title="bbox 597 2652 3683 2737; baseline 0.003 -25"><span class='ocrx_word' id='word_1_361' title='bbox 597 2657 866 2729; x_wconf 87' lang='lat' dir='ltr'><strong><em>inquiunt,</em></strong></span> <span class='ocrx_word' id='word_1_362' title='bbox 914 2659 1165 2714; x_wconf 78' lang='lat' dir='ltr'><strong><em>descende</em></strong></span> <span class='ocrx_word' id='word_1_363' title='bbox 1215 2660 1279 2715; x_wconf 88' lang='lat' dir='ltr'><strong><em>de</em></strong></span> <span class='ocrx_word' id='word_1_364' title='bbox 1306 2677 1476 2715; x_wconf 88' lang='lat' dir='ltr'><strong><em>cruce.</em></strong></span> <span class='ocrx_word' id='word_1_365' title='bbox 1521 2659 1722 2733; x_wconf 85' lang='lat' dir='ltr'><strong><em>(Greg.)</em></strong></span> <span class='ocrx_word' id='word_1_366' title='bbox 1764 2660 1822 2716; x_wconf 90' lang='lat' dir='ltr'><strong><em>Si</em></strong></span> <span class='ocrx_word' id='word_1_367' title='bbox 1850 2663 1995 2717; x_wconf 91' lang='lat' dir='ltr'><strong><em>enim</em></strong></span> <span class='ocrx_word' id='word_1_368' title='bbox 2044 2671 2175 2721; x_wconf 86' lang='lat' dir='ltr'><strong><em>tunc</em></strong></span> <span class='ocrx_word' id='word_1_369' title='bbox 2272 2684 2403 2724; x_wconf 89' lang='lat' dir='ltr'><strong><em>num</em></strong></span> <span class='ocrx_word' id='word_1_370' title='bbox 2447 2667 2784 2737; x_wconf 89' lang='lat' dir='ltr'><strong><em>blasphemat</em></strong></span> <span class='ocrx_word' id='word_1_371' title='bbox 2825 2666 3057 2721; x_wconf 89' lang='lat' dir='ltr'><strong><em>dicens:</em></strong></span> <span class='ocrx_word' id='word_1_372' title='bbox 3087 2662 3234 2718; x_wconf 89' lang='lat' dir='ltr'><strong><em>Situ</em></strong></span> <span class='ocrx_word' id='word_1_373' title='bbox 3260 2658 3560 2720; x_wconf 66' lang='lat' dir='ltr'><strong><em>esChriSlﬂS.</em></strong></span> <span class='ocrx_word' id='word_1_374' title='bbox 3577 2652 3683 2708; x_wconf 61' lang='lat' dir='ltr'><strong><em>illi“</em></strong></span> 
     </span>
    </p>
   </div>
   <div class='ocr_carea' id='block_1_44' title="bbox 597 2741 3681 2827">
    <p class='ocr_par' dir='ltr' id='par_1_44' title="bbox 597 2741 3681 2827">
     <span class='ocr_line' id='line_1_44' title="bbox 597 2741 3681 2827; baseline 0 -23"><span class='ocrx_word' id='word_1_375' title='bbox 597 2750 667 2805; x_wconf 87' lang='lat' dir='ltr'><strong><em>de</em></strong></span> <span class='ocrx_word' id='word_1_376' title='bbox 690 2763 851 2804; x_wconf 84' lang='lat' dir='ltr'><strong><em>cruce</em></strong></span> <span class='ocrx_word' id='word_1_377' title='bbox 870 2748 1237 2817; x_wconf 81' lang='lat' dir='ltr'><strong><em>descenderet,</em></strong></span> <span class='ocrx_word' id='word_1_378' title='bbox 1265 2752 1518 2806; x_wconf 88' lang='lat' dir='ltr'><strong><em>nimirum</em></strong></span> <span class='ocrx_word' id='word_1_379' title='bbox 1549 2752 1929 2807; x_wconf 83' lang='lat' dir='ltr'><strong><em>insultantibus</em></strong></span> <span class='ocrx_word' id='word_1_380' title='bbox 1949 2753 2171 2821; x_wconf 90' lang='lat' dir='ltr'><strong><em>cedens,</em></strong></span> <span class='ocrx_word' id='word_1_381' title='bbox 2273 2760 2362 2816; x_wconf 88' lang='lat' dir='ltr'><strong><em>fac</em></strong></span> <span class='ocrx_word' id='word_1_382' title='bbox 2403 2758 2746 2827; x_wconf 86' lang='lat' dir='ltr'><strong><em>temetipsum</em></strong></span> <span class='ocrx_word' id='word_1_383' title='bbox 2783 2765 2837 2811; x_wconf 86' lang='lat' dir='ltr'><strong><em>et</em></strong></span> <span class='ocrx_word' id='word_1_384' title='bbox 2860 2771 2993 2822; x_wconf 85' lang='lat' dir='ltr'><strong><em>nos,</em></strong></span> <span class='ocrx_word' id='word_1_385' title='bbox 3019 2755 3161 2811; x_wconf 89' lang='lat' dir='ltr'><strong><em>alter</em></strong></span> <span class='ocrx_word' id='word_1_386' title='bbox 3183 2766 3307 2809; x_wconf 88' lang='lat' dir='ltr'><strong><em>vero</em></strong></span> <span class='ocrx_word' id='word_1_387' title='bbox 3328 2759 3379 2806; x_wconf 88' lang='lat' dir='ltr'><strong><em>et</em></strong></span> <span class='ocrx_word' id='word_1_388' title='bbox 3400 2748 3519 2805; x_wconf 84' lang='lat' dir='ltr'><strong><em>illum</em></strong></span> <span class='ocrx_word' id='word_1_389' title='bbox 3539 2741 3681 2814; x_wconf 62' lang='lat' dir='ltr'><strong><em>dimi-</em></strong></span> 
     </span>
    </p>
   </div>
   <div class='ocr_carea' id='block_1_45' title="bbox 594 2832 3681 2918">
    <p class='ocr_par' dir='ltr' id='par_1_45' title="bbox 594 2832 3681 2918">
     <span class='ocr_line' id='line_1_45' title="bbox 594 2832 3681 2918; baseline -0.003 -20"><span class='ocrx_word' id='word_1_390' title='bbox 594 2841 851 2898; x_wconf 74' lang='lat' dir='ltr'><strong><em>virtutem</em></strong></span> <span class='ocrx_word' id='word_1_391' title='bbox 902 2843 1059 2899; x_wconf 89' lang='lat' dir='ltr'><strong><em>nobis</em></strong></span> <span class='ocrx_word' id='word_1_392' title='bbox 1113 2842 1385 2915; x_wconf 64' lang='lat' dir='ltr'><strong><em>patientiae</em></strong></span> <span class='ocrx_word' id='word_1_393' title='bbox 1433 2860 1539 2900; x_wconf 90' lang='lat' dir='ltr'><strong><em>non</em></strong></span> <span class='ocrx_word' id='word_1_394' title='bbox 1593 2845 2007 2901; x_wconf 89' lang='lat' dir='ltr'><strong><em>demonstraret.</em></strong></span> <span class='ocrx_word' id='word_1_395' title='bbox 2064 2844 2173 2902; x_wconf 87' lang='lat' dir='ltr'><strong><em>Sed</em></strong></span> <span class='ocrx_word' id='word_1_396' title='bbox 2273 2853 2521 2910; x_wconf 76' lang='lat' dir='ltr'><strong><em>vectione</em></strong></span> <span class='ocrx_word' id='word_1_397' title='bbox 2562 2849 2863 2918; x_wconf 87' lang='lat' dir='ltr'><strong><em>redarguit,</em></strong></span> <span class='ocrx_word' id='word_1_398' title='bbox 2894 2856 2950 2903; x_wconf 89' lang='lat' dir='ltr'><strong><em>et</em></strong></span> <span class='ocrx_word' id='word_1_399' title='bbox 2978 2845 3272 2902; x_wconf 88' lang='lat' dir='ltr'><strong><em>Dominum</em></strong></span> <span class='ocrx_word' id='word_1_400' title='bbox 3290 2832 3681 2908; x_wconf 53' lang='lat' dir='ltr'><strong><em>ﬁdelisupplical‘ﬂt</em></strong></span> 
     </span>
    </p>
   </div>
   <div class='ocr_carea' id='block_1_46' title="bbox 595 2922 3679 3019">
    <p class='ocr_par' dir='ltr' id='par_1_46' title="bbox 595 2922 3679 3019">
     <span class='ocr_line' id='line_1_46' title="bbox 595 2922 3679 3019; baseline -0.002 -32"><span class='ocrx_word' id='word_1_401' title='bbox 595 2932 933 3001; x_wconf 76' lang='lat' dir='ltr'><strong><em>exspectavit</em></strong></span> <span class='ocrx_word' id='word_1_402' title='bbox 956 2933 1253 3007; x_wconf 84' lang='lat' dir='ltr'><strong><em>paululum,</em></strong></span> <span class='ocrx_word' id='word_1_403' title='bbox 1284 2934 1534 2990; x_wconf 85' lang='lat' dir='ltr'><strong><em>toleravit</em></strong></span> <span class='ocrx_word' id='word_1_404' title='bbox 1559 2937 1865 3007; x_wconf 87' lang='lat' dir='ltr'><strong><em>opprobria,</em></strong></span> <span class='ocrx_word' id='word_1_405' title='bbox 1892 2936 2173 2993; x_wconf 85' lang='lat' dir='ltr'><strong><em>irrisiones</em></strong></span> <span class='ocrx_word' id='word_1_406' title='bbox 2273 2951 2532 3019; x_wconf 75' lang='lat' dir='ltr'><strong><em>precatur</em></strong></span> <span class='ocrx_word' id='word_1_407' title='bbox 2556 2941 2741 2997; x_wconf 86' lang='lat' dir='ltr'><strong><em>dicens</em></strong></span> <span class='ocrx_word' id='word_1_408' title='bbox 2766 2958 2779 2994; x_wconf 87' lang='lat'><strong>:</strong></span> <span class='ocrx_word' id='word_1_409' title='bbox 2808 2939 3060 3003; x_wconf 83' lang='lat' dir='ltr'><strong><em>Domine,</em></strong></span> <span class='ocrx_word' id='word_1_410' title='bbox 3098 2941 3341 2991; x_wconf 85' lang='lat' dir='ltr'><strong><em>memento</em></strong></span> <span class='ocrx_word' id='word_1_411' title='bbox 3370 2930 3457 2986; x_wconf 82' lang='lat' dir='ltr'><strong><em>mei</em></strong></span> <span class='ocrx_word' id='word_1_412' title='bbox 3478 2942 3562 3019; x_wconf 65' lang='lat' dir='ltr'><strong><em>tua</em></strong></span> 
     </span>
    </p>
   </div>
   <div class='ocr_carea' id='block_1_47' title="bbox 571 3023 2167 3097">
    <p class='ocr_par' dir='ltr' id='par_1_47' title="bbox 571 3023 2167 3097">
     <span class='ocr_line' id='line_1_47' title="bbox 571 3023 2167 3097; baseline 0.003 -18"><span class='ocrx_word' id='word_1_413' title='bbox 571 3023 870 3091; x_wconf 49' lang='lat' dir='ltr'><strong><em>sustinuit,&quot;</em></strong></span> <span class='ocrx_word' id='word_1_414' title='bbox 893 3027 1127 3081; x_wconf 80' lang='lat' dir='ltr'><strong><em>servavit</em></strong></span> <span class='ocrx_word' id='word_1_415' title='bbox 1147 3028 1482 3097; x_wconf 88' lang='lat' dir='ltr'><strong><em>patientiam,</em></strong></span> <span class='ocrx_word' id='word_1_416' title='bbox 1505 3028 1711 3083; x_wconf 88' lang='lat' dir='ltr'><strong><em>distulit</em></strong></span> <span class='ocrx_word' id='word_1_417' title='bbox 1733 3028 2167 3085; x_wconf 88' lang='lat' dir='ltr'><strong><em>admirationem.</em></strong></span> 
     </span>
    </p>
   </div>
   <div class='ocr_carea' id='block_1_48' title="bbox 593 3114 2169 3192">
    <p class='ocr_par' dir='ltr' id='par_1_48' title="bbox 593 3114 2169 3192">
     <span class='ocr_line' id='line_1_48' title="bbox 593 3114 2169 3192; baseline 0.004 -20"><span class='ocrx_word' id='word_1_418' title='bbox 593 3114 667 3172; x_wconf 76' lang='lat' dir='ltr'><strong><em>Bt</em></strong></span> <span class='ocrx_word' id='word_1_419' title='bbox 685 3117 777 3187; x_wconf 85' lang='lat' dir='ltr'><strong><em>qui</em></strong></span> <span class='ocrx_word' id='word_1_420' title='bbox 801 3118 866 3173; x_wconf 91' lang='lat' dir='ltr'><strong><em>de</em></strong></span> <span class='ocrx_word' id='word_1_421' title='bbox 892 3135 1052 3175; x_wconf 91' lang='lat' dir='ltr'><strong><em>cruce</em></strong></span> <span class='ocrx_word' id='word_1_422' title='bbox 1079 3120 1403 3176; x_wconf 87' lang='lat' dir='ltr'><strong><em>descendere</em></strong></span> <span class='ocrx_word' id='word_1_423' title='bbox 1428 3121 1628 3186; x_wconf 88' lang='lat' dir='ltr'><strong><em>noluit,</em></strong></span> <span class='ocrx_word' id='word_1_424' title='bbox 1661 3121 1726 3176; x_wconf 90' lang='lat' dir='ltr'><strong><em>de</em></strong></span> <span class='ocrx_word' id='word_1_425' title='bbox 1755 3121 2000 3192; x_wconf 88' lang='lat' dir='ltr'><strong><em>sepulcro</em></strong></span> <span class='ocrx_word' id='word_1_426' title='bbox 2049 3138 2169 3178; x_wconf 90' lang='lat' dir='ltr'><strong><em>sur-</em></strong></span> 
     </span>
    </p>
   </div>
   <div class='ocr_carea' id='block_1_49' title="bbox 595 3209 2175 3287">
    <p class='ocr_par' dir='ltr' id='par_1_49' title="bbox 595 3209 2175 3287">
     <span class='ocr_line' id='line_1_49' title="bbox 595 3209 2175 3287; baseline 0.004 -22"><span class='ocrx_word' id='word_1_427' title='bbox 595 3211 757 3265; x_wconf 78' lang='lat' dir='ltr'><strong><em>rexit.</em></strong></span> <span class='ocrx_word' id='word_1_428' title='bbox 789 3209 915 3267; x_wconf 82' lang='lat' dir='ltr'><strong><em>Pius</em></strong></span> <span class='ocrx_word' id='word_1_429' title='bbox 957 3212 1121 3284; x_wconf 83' lang='lat' dir='ltr'><strong><em>igitur</em></strong></span> <span class='ocrx_word' id='word_1_430' title='bbox 1162 3211 1263 3268; x_wconf 81' lang='lat' dir='ltr'><strong><em>fuit</em></strong></span> <span class='ocrx_word' id='word_1_431' title='bbox 1292 3215 1358 3269; x_wconf 91' lang='lat' dir='ltr'><strong><em>de</em></strong></span> <span class='ocrx_word' id='word_1_432' title='bbox 1385 3213 1633 3286; x_wconf 89' lang='lat' dir='ltr'><strong><em>sepulcro</em></strong></span> <span class='ocrx_word' id='word_1_433' title='bbox 1663 3228 1966 3287; x_wconf 82' lang='lat' dir='ltr'><strong><em>resurgere,</em></strong></span> <span class='ocrx_word' id='word_1_434' title='bbox 2008 3230 2175 3285; x_wconf 87' lang='lat' dir='ltr'><strong><em>quam</em></strong></span> 
     </span>
    </p>
   </div>
   <div class='ocr_carea' id='block_1_50' title="bbox 598 3301 2176 3379">
    <p class='ocr_par' dir='ltr' id='par_1_50' title="bbox 598 3301 2176 3379">
     <span class='ocr_line' id='line_1_50' title="bbox 598 3301 2176 3379; baseline 0.004 -22"><span class='ocrx_word' id='word_1_435' title='bbox 598 3301 666 3358; x_wconf 78' lang='lat' dir='ltr'><strong><em>de</em></strong></span> <span class='ocrx_word' id='word_1_436' title='bbox 700 3317 860 3359; x_wconf 90' lang='lat' dir='ltr'><strong><em>cruce</em></strong></span> <span class='ocrx_word' id='word_1_437' title='bbox 888 3304 1234 3362; x_wconf 86' lang='lat' dir='ltr'><strong><em>descendere.</em></strong></span> <span class='ocrx_word' id='word_1_438' title='bbox 1264 3305 1392 3362; x_wconf 92' lang='lat' dir='ltr'><strong><em>Plus</em></strong></span> <span class='ocrx_word' id='word_1_439' title='bbox 1422 3305 1523 3361; x_wconf 83' lang='lat' dir='ltr'><strong><em>fuit</em></strong></span> <span class='ocrx_word' id='word_1_440' title='bbox 1574 3315 1803 3362; x_wconf 86' lang='lat' dir='ltr'><strong><em>mortem</em></strong></span> <span class='ocrx_word' id='word_1_441' title='bbox 1846 3308 2176 3379; x_wconf 87' lang='lat' dir='ltr'><strong><em>resurgendo</em></strong></span> 
     </span>
    </p>
   </div>
   <div class='ocr_carea' id='block_1_51' title="bbox 595 3391 2177 3465">
    <p class='ocr_par' dir='ltr' id='par_1_51' title="bbox 595 3391 2177 3465">
     <span class='ocr_line' id='line_1_51' title="bbox 595 3391 2177 3465; baseline 0.004 -17"><span class='ocrx_word' id='word_1_442' title='bbox 595 3391 908 3460; x_wconf 84' lang='lat' dir='ltr'><strong><em>destruere,</em></strong></span> <span class='ocrx_word' id='word_1_443' title='bbox 965 3409 1128 3465; x_wconf 87' lang='lat' dir='ltr'><strong><em>quam</em></strong></span> <span class='ocrx_word' id='word_1_444' title='bbox 1160 3396 1326 3449; x_wconf 89' lang='lat' dir='ltr'><strong><em>vitam</em></strong></span> <span class='ocrx_word' id='word_1_445' title='bbox 1367 3396 1740 3453; x_wconf 86' lang='lat' dir='ltr'><strong><em>descendendo</em></strong></span> <span class='ocrx_word' id='word_1_446' title='bbox 1786 3413 2023 3455; x_wconf 90' lang='lat' dir='ltr'><strong><em>servare.</em></strong></span> <span class='ocrx_word' id='word_1_447' title='bbox 2068 3397 2177 3455; x_wconf 90' lang='lat' dir='ltr'><strong><em>Sed</em></strong></span> 
     </span>
    </p>
   </div>
   <div class='ocr_carea' id='block_1_52' title="bbox 596 3484 2175 3549">
    <p class='ocr_par' dir='ltr' id='par_1_52' title="bbox 596 3484 2175 3549">
     <span class='ocr_line' id='line_1_52' title="bbox 596 3484 2175 3549; baseline 0.005 -8"><span class='ocrx_word' id='word_1_448' title='bbox 596 3496 721 3541; x_wconf 83' lang='lat' dir='ltr'><strong><em>eum</em></strong></span> <span class='ocrx_word' id='word_1_449' title='bbox 750 3484 921 3543; x_wconf 59' lang='lat' dir='ltr'><strong><em>ferini</em></strong></span> <span class='ocrx_word' id='word_1_450' title='bbox 941 3485 1086 3545; x_wconf 91' lang='lat' dir='ltr'><strong><em>hunc</em></strong></span> <span class='ocrx_word' id='word_1_451' title='bbox 1112 3487 1179 3543; x_wconf 90' lang='lat' dir='ltr'><strong><em>ad</em></strong></span> <span class='ocrx_word' id='word_1_452' title='bbox 1206 3489 1581 3546; x_wconf 89' lang='lat' dir='ltr'><strong><em>insultationes</em></strong></span> <span class='ocrx_word' id='word_1_453' title='bbox 1626 3506 1752 3548; x_wconf 90' lang='lat' dir='ltr'><strong><em>suas</em></strong></span> <span class='ocrx_word' id='word_1_454' title='bbox 1788 3492 1855 3549; x_wconf 88' lang='lat' dir='ltr'><strong><em>de</em></strong></span> <span class='ocrx_word' id='word_1_455' title='bbox 1879 3507 2041 3549; x_wconf 90' lang='lat' dir='ltr'><strong><em>cruce</em></strong></span> <span class='ocrx_word' id='word_1_456' title='bbox 2084 3493 2175 3549; x_wconf 85' lang='lat' dir='ltr'><strong><em>de-</em></strong></span> 
     </span>
    </p>
   </div>
   <div class='ocr_carea' id='block_1_53' title="bbox 598 3576 2172 3651">
    <p class='ocr_par' dir='ltr' id='par_1_53' title="bbox 598 3576 2172 3651">
     <span class='ocr_line' id='line_1_53' title="bbox 598 3576 2172 3651; baseline 0.003 -17"><span class='ocrx_word' id='word_1_457' title='bbox 598 3576 859 3635; x_wconf 82' lang='lat' dir='ltr'><strong><em>scendere</em></strong></span> <span class='ocrx_word' id='word_1_458' title='bbox 878 3579 1098 3636; x_wconf 84' lang='lat' dir='ltr'><strong><em>minime</em></strong></span> <span class='ocrx_word' id='word_1_459' title='bbox 1119 3588 1427 3648; x_wconf 87' lang='lat' dir='ltr'><strong><em>cernerent,</em></strong></span> <span class='ocrx_word' id='word_1_460' title='bbox 1440 3576 1562 3637; x_wconf 77' lang='lat' dir='ltr'><strong><em>cum</em></strong></span> <span class='ocrx_word' id='word_1_461' title='bbox 1582 3583 1901 3640; x_wconf 83' lang='lat' dir='ltr'><strong><em>morientem</em></strong></span> <span class='ocrx_word' id='word_1_462' title='bbox 1914 3583 2172 3651; x_wconf 81' lang='lat' dir='ltr'><strong><em>viderint,</em></strong></span> 
     </span>
    </p>
   </div>
   <div class='ocr_carea' id='block_1_54' title="bbox 598 3668 2174 3745">
    <p class='ocr_par' dir='ltr' id='par_1_54' title="bbox 598 3668 2174 3745">
     <span class='ocr_line' id='line_1_54' title="bbox 598 3668 2174 3745; baseline 0.003 -22"><span class='ocrx_word' id='word_1_463' title='bbox 598 3677 724 3723; x_wconf 83' lang='lat' dir='ltr'><strong><em>eum</em></strong></span> <span class='ocrx_word' id='word_1_464' title='bbox 774 3683 832 3724; x_wconf 88' lang='lat' dir='ltr'><strong><em>se</em></strong></span> <span class='ocrx_word' id='word_1_465' title='bbox 859 3668 1054 3725; x_wconf 85' lang='lat' dir='ltr'><strong><em>vicisse</em></strong></span> <span class='ocrx_word' id='word_1_466' title='bbox 1083 3670 1428 3726; x_wconf 81' lang='lat' dir='ltr'><strong><em>crediderunt</em></strong></span> <span class='ocrx_word' id='word_1_467' title='bbox 1455 3713 1471 3739; x_wconf 91' lang='lat'><strong><em>,</em></strong></span> <span class='ocrx_word' id='word_1_468' title='bbox 1517 3687 1715 3729; x_wconf 91' lang='lat' dir='ltr'><strong><em>nomen</em></strong></span> <span class='ocrx_word' id='word_1_469' title='bbox 1744 3673 1888 3730; x_wconf 91' lang='lat' dir='ltr'><strong><em>illius</em></strong></span> <span class='ocrx_word' id='word_1_470' title='bbox 1916 3690 1976 3731; x_wconf 91' lang='lat' dir='ltr'><strong><em>se</em></strong></span> <span class='ocrx_word' id='word_1_471' title='bbox 2019 3673 2174 3745; x_wconf 90' lang='lat' dir='ltr'><strong><em>quasi</em></strong></span> 
     </span>
    </p>
   </div>
   <div class='ocr_carea' id='block_1_55' title="bbox 595 3756 2174 3832">
    <p class='ocr_par' dir='ltr' id='par_1_55' title="bbox 595 3756 2174 3832">
     <span class='ocr_line' id='line_1_55' title="bbox 595 3756 2174 3832; baseline 0.006 -19"><span class='ocrx_word' id='word_1_472' title='bbox 595 3756 925 3815; x_wconf 68' lang='lat' dir='ltr'><strong><em>exstinxisse</em></strong></span> <span class='ocrx_word' id='word_1_473' title='bbox 954 3760 1122 3832; x_wconf 85' lang='lat' dir='ltr'><strong><em>gavisi</em></strong></span> <span class='ocrx_word' id='word_1_474' title='bbox 1167 3769 1311 3817; x_wconf 89' lang='lat' dir='ltr'><strong><em>sunt.</em></strong></span> <span class='ocrx_word' id='word_1_475' title='bbox 1362 3761 1469 3818; x_wconf 90' lang='lat' dir='ltr'><strong><em>Sed</em></strong></span> <span class='ocrx_word' id='word_1_476' title='bbox 1492 3777 1620 3820; x_wconf 85' lang='lat' dir='ltr'><strong><em>ecce</em></strong></span> <span class='ocrx_word' id='word_1_477' title='bbox 1663 3765 1728 3820; x_wconf 90' lang='lat' dir='ltr'><strong><em>de</em></strong></span> <span class='ocrx_word' id='word_1_478' title='bbox 1773 3760 1946 3821; x_wconf 85' lang='lat' dir='ltr'><strong><em>morte</em></strong></span> <span class='ocrx_word' id='word_1_479' title='bbox 1975 3781 2174 3823; x_wconf 88' lang='lat' dir='ltr'><strong><em>nomen</em></strong></span> 
     </span>
    </p>
   </div>
   <div class='ocr_carea' id='block_1_56' title="bbox 594 3848 2174 3926">
    <p class='ocr_par' dir='ltr' id='par_1_56' title="bbox 594 3848 2174 3926">
     <span class='ocr_line' id='line_1_56' title="bbox 594 3848 2174 3926; baseline 0.004 -20"><span class='ocrx_word' id='word_1_480' title='bbox 594 3848 712 3919; x_wconf 78' lang='lat' dir='ltr'><strong><em>eius</em></strong></span> <span class='ocrx_word' id='word_1_481' title='bbox 732 3865 834 3921; x_wconf 87' lang='lat' dir='ltr'><strong><em>per</em></strong></span> <span class='ocrx_word' id='word_1_482' title='bbox 860 3852 1115 3908; x_wconf 88' lang='lat' dir='ltr'><strong><em>mundum</em></strong></span> <span class='ocrx_word' id='word_1_483' title='bbox 1133 3853 1323 3922; x_wconf 90' lang='lat' dir='ltr'><strong><em>crevit,</em></strong></span> <span class='ocrx_word' id='word_1_484' title='bbox 1352 3870 1418 3913; x_wconf 83' lang='lat' dir='ltr'><strong><em>ex</em></strong></span> <span class='ocrx_word' id='word_1_485' title='bbox 1450 3869 1555 3926; x_wconf 88' lang='lat' dir='ltr'><strong><em>qua</em></strong></span> <span class='ocrx_word' id='word_1_486' title='bbox 1581 3855 1725 3910; x_wconf 89' lang='lat' dir='ltr'><strong><em>hunc</em></strong></span> <span class='ocrx_word' id='word_1_487' title='bbox 1758 3855 1990 3913; x_wconf 75' lang='lat' dir='ltr'><strong><em>inﬁdelis</em></strong></span> <span class='ocrx_word' id='word_1_488' title='bbox 2014 3856 2174 3913; x_wconf 87' lang='lat' dir='ltr'><strong><em>turba</em></strong></span> 
     </span>
    </p>
   </div>
   <div class='ocr_carea' id='block_1_57' title="bbox 594 3944 2170 4022">
    <p class='ocr_par' dir='ltr' id='par_1_57' title="bbox 594 3944 2170 4022">
     <span class='ocr_line' id='line_1_57' title="bbox 594 3944 2170 4022; baseline 0.004 -22"><span class='ocrx_word' id='word_1_489' title='bbox 594 3944 924 4003; x_wconf 78' lang='lat' dir='ltr'><strong><em>exstinxisse</em></strong></span> <span class='ocrx_word' id='word_1_490' title='bbox 951 3962 1008 4003; x_wconf 91' lang='lat' dir='ltr'><strong><em>se</em></strong></span> <span class='ocrx_word' id='word_1_491' title='bbox 1042 3947 1286 4004; x_wconf 87' lang='lat' dir='ltr'><strong><em>credidit.</em></strong></span> <span class='ocrx_word' id='word_1_492' title='bbox 1312 3947 1380 4003; x_wconf 88' lang='lat' dir='ltr'><strong><em>Et</em></strong></span> <span class='ocrx_word' id='word_1_493' title='bbox 1426 3964 1545 4020; x_wconf 68' lang='lat' dir='ltr'><strong><em>quae</em></strong></span> <span class='ocrx_word' id='word_1_494' title='bbox 1597 3950 1863 4022; x_wconf 88' lang='lat' dir='ltr'><strong><em>gaudebat</em></strong></span> <span class='ocrx_word' id='word_1_495' title='bbox 1909 3950 2170 4019; x_wconf 90' lang='lat' dir='ltr'><strong><em>occisum,</em></strong></span> 
     </span>
    </p>
   </div>
   <div class='ocr_carea' id='block_1_58' title="bbox 598 4034 2174 4112">
    <p class='ocr_par' dir='ltr' id='par_1_58' title="bbox 598 4034 2174 4112">
     <span class='ocr_line' id='line_1_58' title="bbox 598 4034 2174 4112; baseline 0.003 -20"><span class='ocrx_word' id='word_1_496' title='bbox 598 4034 751 4092; x_wconf 77' lang='lat' dir='ltr'><strong><em>dolet</em></strong></span> <span class='ocrx_word' id='word_1_497' title='bbox 766 4045 1059 4104; x_wconf 88' lang='lat' dir='ltr'><strong><em>mortuum,</em></strong></span> <span class='ocrx_word' id='word_1_498' title='bbox 1082 4038 1208 4109; x_wconf 89' lang='lat' dir='ltr'><strong><em>quia</em></strong></span> <span class='ocrx_word' id='word_1_499' title='bbox 1229 4039 1375 4094; x_wconf 87' lang='lat' dir='ltr'><strong><em>hunc</em></strong></span> <span class='ocrx_word' id='word_1_500' title='bbox 1398 4038 1467 4095; x_wconf 92' lang='lat' dir='ltr'><strong><em>ad</em></strong></span> <span class='ocrx_word' id='word_1_501' title='bbox 1486 4055 1638 4096; x_wconf 90' lang='lat' dir='ltr'><strong><em>suam</em></strong></span> <span class='ocrx_word' id='word_1_502' title='bbox 1653 4040 1878 4112; x_wconf 86' lang='lat' dir='ltr'><strong><em>gloriam</em></strong></span> <span class='ocrx_word' id='word_1_503' title='bbox 1894 4040 2174 4112; x_wconf 88' lang='lat' dir='ltr'><strong><em>cognoscit</em></strong></span> 
     </span>
    </p>
   </div>
   <div class='ocr_carea' id='block_1_59' title="bbox 593 4126 1286 4200">
    <p class='ocr_par' dir='ltr' id='par_1_59' title="bbox 593 4126 1286 4200">
     <span class='ocr_line' id='line_1_59' title="bbox 593 4126 1286 4200; baseline 0.001 -16"><span class='ocrx_word' id='word_1_504' title='bbox 593 4126 908 4199; x_wconf 75' lang='lat' dir='ltr'><strong><em>pervcniSSe</em></strong></span> <span class='ocrx_word' id='word_1_505' title='bbox 930 4144 1027 4199; x_wconf 80' lang='lat' dir='ltr'><strong><em>per</em></strong></span> <span class='ocrx_word' id='word_1_506' title='bbox 1050 4145 1286 4200; x_wconf 65' lang='lat' dir='ltr'><strong><em>prunam.</em></strong></span> 
     </span>
    </p>
   </div>
   <div class='ocr_carea' id='block_1_60' title="bbox 670 4218 2166 4293">
    <p class='ocr_par' dir='ltr' id='par_1_60' title="bbox 670 4218 2166 4293">
     <span class='ocr_line' id='line_1_60' title="bbox 670 4218 2166 4293; baseline 0.003 -18"><span class='ocrx_word' id='word_1_507' title='bbox 670 4218 923 4275; x_wconf 79' lang='lat' dir='ltr'><strong><em>Similiter</em></strong></span> <span class='ocrx_word' id='word_1_508' title='bbox 953 4229 1003 4275; x_wconf 85' lang='lat' dir='ltr'><strong><em>et</em></strong></span> <span class='ocrx_word' id='word_1_509' title='bbox 1042 4222 1297 4293; x_wconf 84' lang='lat' dir='ltr'><strong><em>principes</em></strong></span> <span class='ocrx_word' id='word_1_510' title='bbox 1353 4222 1683 4277; x_wconf 86' lang='lat' dir='ltr'><strong><em>sacerdotum</em></strong></span> <span class='ocrx_word' id='word_1_511' title='bbox 1723 4222 1999 4279; x_wconf 84' lang='lat' dir='ltr'><strong><em>illudentes</em></strong></span> <span class='ocrx_word' id='word_1_512' title='bbox 2046 4240 2166 4293; x_wconf 82' lang='lat' dir='ltr'><strong><em>cum</em></strong></span> 
     </span>
    </p>
   </div>
   <div class='ocr_carea' id='block_1_61' title="bbox 597 4310 2172 4382">
    <p class='ocr_par' dir='ltr' id='par_1_61' title="bbox 597 4310 2172 4382">
     <span class='ocr_line' id='line_1_61' title="bbox 597 4310 2172 4382; baseline 0.003 -15"><span class='ocrx_word' id='word_1_513' title='bbox 597 4310 783 4367; x_wconf 77' lang='lat' dir='ltr'><strong><em>scribis</em></strong></span> <span class='ocrx_word' id='word_1_514' title='bbox 825 4318 875 4366; x_wconf 87' lang='lat' dir='ltr'><strong><em>et</em></strong></span> <span class='ocrx_word' id='word_1_515' title='bbox 898 4311 1187 4366; x_wconf 78' lang='lat' dir='ltr'><strong><em>senioribus</em></strong></span> <span class='ocrx_word' id='word_1_516' title='bbox 1229 4311 1468 4367; x_wconf 85' lang='lat' dir='ltr'><strong><em>dicebant</em></strong></span> <span class='ocrx_word' id='word_1_517' title='bbox 1500 4326 1520 4365; x_wconf 91' lang='lat'><strong><em>:</em></strong></span> <span class='ocrx_word' id='word_1_518' title='bbox 1546 4312 1677 4367; x_wconf 87' lang='lat' dir='ltr'><strong><em>alios</em></strong></span> <span class='ocrx_word' id='word_1_519' title='bbox 1715 4312 1883 4369; x_wconf 84' lang='lat' dir='ltr'><strong><em>salvos</em></strong></span> <span class='ocrx_word' id='word_1_520' title='bbox 1916 4314 2058 4382; x_wconf 82' lang='lat' dir='ltr'><strong><em>fecit,</em></strong></span> <span class='ocrx_word' id='word_1_521' title='bbox 2088 4332 2172 4371; x_wconf 91' lang='lat' dir='ltr'><strong><em>se-</em></strong></span> 
     </span>
    </p>
   </div>
   <div class='ocr_carea' id='block_1_62' title="bbox 595 4400 2174 4478">
    <p class='ocr_par' dir='ltr' id='par_1_62' title="bbox 595 4400 2174 4478">
     <span class='ocr_line' id='line_1_62' title="bbox 595 4400 2174 4478; baseline 0.003 -21"><span class='ocrx_word' id='word_1_522' title='bbox 595 4401 768 4474; x_wconf 84' lang='lat' dir='ltr'><strong><em>ipsum</em></strong></span> <span class='ocrx_word' id='word_1_523' title='bbox 799 4419 902 4458; x_wconf 91' lang='lat' dir='ltr'><strong><em>non</em></strong></span> <span class='ocrx_word' id='word_1_524' title='bbox 930 4410 1093 4473; x_wconf 87' lang='lat' dir='ltr'><strong><em>potest</em></strong></span> <span class='ocrx_word' id='word_1_525' title='bbox 1119 4403 1318 4457; x_wconf 85' lang='lat' dir='ltr'><strong><em>salvum</em></strong></span> <span class='ocrx_word' id='word_1_526' title='bbox 1338 4402 1528 4473; x_wconf 73' lang='lat' dir='ltr'><strong><em>facere.</em></strong></span> <span class='ocrx_word' id='word_1_527' title='bbox 1562 4400 1839 4478; x_wconf 86' lang='lat' dir='ltr'><strong><em>(Venant.)</em></strong></span> <span class='ocrx_word' id='word_1_528' title='bbox 1869 4404 2046 4461; x_wconf 88' lang='lat' dir='ltr'><strong><em>Etiam</em></strong></span> <span class='ocrx_word' id='word_1_529' title='bbox 2075 4420 2174 4462; x_wconf 89' lang='lat' dir='ltr'><strong><em>no-</em></strong></span> 
     </span>
    </p>
   </div>
   <div class='ocr_carea' id='block_1_63' title="bbox 2274 3017 3679 3112">
    <p class='ocr_par' dir='ltr' id='par_1_63' title="bbox 2274 3017 3679 3112">
     <span class='ocr_line' id='line_1_63' title="bbox 2274 3017 3679 3112; baseline -0.014 -19"><span class='ocrx_word' id='word_1_530' title='bbox 2274 3017 2330 3093; x_wconf 81' lang='lat' dir='ltr'><strong><em>in</em></strong></span> <span class='ocrx_word' id='word_1_531' title='bbox 2357 3052 2571 3108; x_wconf 82' lang='lat' dir='ltr'><strong><em>regnum</em></strong></span> <span class='ocrx_word' id='word_1_532' title='bbox 2597 3044 2747 3088; x_wconf 87' lang='lat' dir='ltr'><strong><em>tuum</em></strong></span> <span class='ocrx_word' id='word_1_533' title='bbox 2772 3030 2923 3104; x_wconf 88' lang='lat' dir='ltr'><strong><em>(Luc.</em></strong></span> <span class='ocrx_word' id='word_1_534' title='bbox 2949 3026 3143 3100; x_wconf 79' lang='lat' dir='ltr'><strong><em>xxiii),</em></strong></span> <span class='ocrx_word' id='word_1_535' title='bbox 3192 3038 3353 3094; x_wconf 90' lang='lat' dir='ltr'><strong><em>usque</em></strong></span> <span class='ocrx_word' id='word_1_536' title='bbox 3384 3018 3513 3112; x_wconf 74' lang='lat' dir='ltr'><strong><em>hodie</em></strong></span> 
     </span>
    </p>
   </div>
   <div class='ocr_carea' id='block_1_64' title="bbox 2276 3105 3678 3199">
    <p class='ocr_par' dir='ltr' id='par_1_64' title="bbox 2276 3105 3678 3199">
     <span class='ocr_line' id='line_1_64' title="bbox 2276 3105 3678 3199; baseline -0.014 -16"><span class='ocrx_word' id='word_1_537' title='bbox 2276 3128 2335 3183; x_wconf 90' lang='lat' dir='ltr'><strong><em>in</em></strong></span> <span class='ocrx_word' id='word_1_538' title='bbox 2360 3105 2604 3185; x_wconf 78' lang='lat' dir='ltr'><strong><em>Ecclesia</em></strong></span> <span class='ocrx_word' id='word_1_539' title='bbox 2628 3123 2893 3187; x_wconf 87' lang='lat' dir='ltr'><strong><em>videmus,</em></strong></span> <span class='ocrx_word' id='word_1_540' title='bbox 2925 3136 3052 3179; x_wconf 87' lang='lat' dir='ltr'><strong><em>cum</em></strong></span> <span class='ocrx_word' id='word_1_541' title='bbox 3086 3115 3362 3173; x_wconf 86' lang='lat' dir='ltr'><strong><em>mundanis</em></strong></span> <span class='ocrx_word' id='word_1_542' title='bbox 3394 3105 3678 3199; x_wconf 54' lang='lat' dir='ltr'><strong><em>tactiaﬂlittiill</em></strong></span> 
     </span>
    </p>
   </div>
   <div class='ocr_carea' id='block_1_65' title="bbox 2275 3195 3677 3275">
    <p class='ocr_par' dir='ltr' id='par_1_65' title="bbox 2275 3195 3677 3275">
     <span class='ocr_line' id='line_1_65' title="bbox 2275 3195 3677 3275; baseline -0.019 0"><span class='ocrx_word' id='word_1_543' title='bbox 2275 3217 2377 3275; x_wconf 89' lang='lat' dir='ltr'><strong><em>bus</em></strong></span> <span class='ocrx_word' id='word_1_544' title='bbox 2418 3216 2622 3272; x_wconf 87' lang='lat' dir='ltr'><strong><em>fuerint</em></strong></span> <span class='ocrx_word' id='word_1_545' title='bbox 2661 3214 2776 3269; x_wconf 84' lang='lat' dir='ltr'><strong><em>veri</em></strong></span> <span class='ocrx_word' id='word_1_546' title='bbox 2819 3212 2981 3268; x_wconf 92' lang='lat' dir='ltr'><strong><em>simul</em></strong></span> <span class='ocrx_word' id='word_1_547' title='bbox 3023 3219 3080 3265; x_wconf 91' lang='lat' dir='ltr'><strong><em>et</em></strong></span> <span class='ocrx_word' id='word_1_548' title='bbox 3124 3208 3242 3265; x_wconf 81' lang='lat' dir='ltr'><strong><em>falsi</em></strong></span> <span class='ocrx_word' id='word_1_549' title='bbox 3280 3195 3677 3261; x_wconf 66' lang='lat' dir='ltr'><strong><em>Christiani.th</em></strong></span> 
     </span>
    </p>
   </div>
   <div class='ocr_carea' id='block_1_66' title="bbox 2277 3291 3676 3380">
    <p class='ocr_par' dir='ltr' id='par_1_66' title="bbox 2277 3291 3676 3380">
     <span class='ocr_line' id='line_1_66' title="bbox 2277 3291 3676 3380; baseline -0.019 -14"><span class='ocrx_word' id='word_1_550' title='bbox 2277 3307 2400 3365; x_wconf 88' lang='lat' dir='ltr'><strong><em>dem</em></strong></span> <span class='ocrx_word' id='word_1_551' title='bbox 2424 3306 2517 3380; x_wconf 92' lang='lat' dir='ltr'><strong><em>qui</em></strong></span> <span class='ocrx_word' id='word_1_552' title='bbox 2545 3307 2669 3361; x_wconf 88' lang='lat' dir='ltr'><strong><em>ﬁcta</em></strong></span> <span class='ocrx_word' id='word_1_553' title='bbox 2700 3313 2880 3360; x_wconf 88' lang='lat' dir='ltr'><strong><em>mente</em></strong></span> <span class='ocrx_word' id='word_1_554' title='bbox 2911 3300 3211 3357; x_wconf 69' lang='lat' dir='ltr'><strong><em>Dominicae</em></strong></span> <span class='ocrx_word' id='word_1_555' title='bbox 3234 3292 3467 3368; x_wconf 76' lang='lat' dir='ltr'><strong><em>passnonis</em></strong></span> <span class='ocrx_word' id='word_1_556' title='bbox 3485 3291 3676 3380; x_wconf 52' lang='lat' dir='ltr'><strong><em>sacranti!)</em></strong></span> 
     </span>
    </p>
   </div>
   <div class='ocr_carea' id='block_1_67' title="bbox 2278 3377 3676 3472">
    <p class='ocr_par' dir='ltr' id='par_1_67' title="bbox 2278 3377 3676 3472">
     <span class='ocr_line' id='line_1_67' title="bbox 2278 3377 3676 3472; baseline -0.021 -17"><span class='ocrx_word' id='word_1_557' title='bbox 2278 3377 2513 3472; x_wconf 81' lang='lat' dir='ltr'><strong><em>gestant,</em></strong></span> <span class='ocrx_word' id='word_1_558' title='bbox 2552 3397 2621 3452; x_wconf 90' lang='lat' dir='ltr'><strong><em>ad</em></strong></span> <span class='ocrx_word' id='word_1_559' title='bbox 2652 3394 2935 3469; x_wconf 84' lang='lat' dir='ltr'><strong><em>praesentis</em></strong></span> <span class='ocrx_word' id='word_1_560' title='bbox 2959 3394 3092 3448; x_wconf 61' lang='lat' dir='ltr'><strong><em>vitae</em></strong></span> <span class='ocrx_word' id='word_1_561' title='bbox 3120 3387 3308 3462; x_wconf 87' lang='lat' dir='ltr'><strong><em>gaudia</em></strong></span> <span class='ocrx_word' id='word_1_562' title='bbox 3332 3383 3513 3454; x_wconf 85' lang='lat' dir='ltr'><strong><em>cupiunt</em></strong></span> <span class='ocrx_word' id='word_1_563' title='bbox 3528 3377 3676 3472; x_wconf 52' lang='lat' dir='ltr'><strong><em>lincunt</em></strong></span> 
     </span>
    </p>
   </div>
   <div class='ocr_carea' id='block_1_68' title="bbox 2275 3459 3677 3570">
    <p class='ocr_par' dir='ltr' id='par_1_68' title="bbox 2275 3459 3677 3570">
     <span class='ocr_line' id='line_1_68' title="bbox 2275 3459 3677 3570; baseline -0.014 -23"><span class='ocrx_word' id='word_1_564' title='bbox 2275 3459 2542 3555; x_wconf 67' lang='lat' dir='ltr'><strong><em>Domino,</em></strong></span> <span class='ocrx_word' id='word_1_565' title='bbox 2594 3459 2779 3560; x_wconf 49' lang='lat' dir='ltr'><strong><em>at-qui</em></strong></span> <span class='ocrx_word' id='word_1_566' title='bbox 2821 3485 3056 3557; x_wconf 87' lang='lat' dir='ltr'><strong><em>simplici</em></strong></span> <span class='ocrx_word' id='word_1_567' title='bbox 3101 3459 3383 3539; x_wconf 81' lang='lat' dir='ltr'><strong><em>intentione</em></strong></span> <span class='ocrx_word' id='word_1_568' title='bbox 3416 3459 3677 3570; x_wconf 85' lang='lat' dir='ltr'><strong><em>cum</em></strong></span> 
     </span>
    </p>
   </div>
   <div class='ocr_carea' id='block_1_69' title="bbox 2276 3562 3676 3656">
    <p class='ocr_par' dir='ltr' id='par_1_69' title="bbox 2276 3562 3676 3656">
     <span class='ocr_line' id='line_1_69' title="bbox 2276 3562 3676 3656; baseline -0.004 -19"><span class='ocrx_word' id='word_1_569' title='bbox 2276 3599 2386 3640; x_wconf 91' lang='lat' dir='ltr'><strong><em>non</em></strong></span> <span class='ocrx_word' id='word_1_570' title='bbox 2423 3582 2745 3656; x_wconf 87' lang='lat' dir='ltr'><strong><em>gloriantur,</em></strong></span> <span class='ocrx_word' id='word_1_571' title='bbox 2776 3580 2879 3636; x_wconf 89' lang='lat' dir='ltr'><strong><em>nisi</em></strong></span> <span class='ocrx_word' id='word_1_572' title='bbox 2909 3581 2961 3634; x_wconf 92' lang='lat' dir='ltr'><strong><em>in</em></strong></span> <span class='ocrx_word' id='word_1_573' title='bbox 2994 3594 3163 3636; x_wconf 82' lang='lat' dir='ltr'><strong><em>cruce</em></strong></span> <span class='ocrx_word' id='word_1_574' title='bbox 3183 3570 3384 3633; x_wconf 88' lang='lat' dir='ltr'><strong><em>Domini</em></strong></span> <span class='ocrx_word' id='word_1_575' title='bbox 3408 3562 3676 3656; x_wconf 61' lang='lat' dir='ltr'><strong><em>nostris</em></strong></span> 
     </span>
    </p>
   </div>
   <div class='ocr_carea' id='block_1_70' title="bbox 2277 3653 3769 3747">
    <p class='ocr_par' dir='ltr' id='par_1_70' title="bbox 2277 3653 3769 3747">
     <span class='ocr_line' id='line_1_70' title="bbox 2277 3653 3769 3747; baseline -0.008 -15"><span class='ocrx_word' id='word_1_576' title='bbox 2277 3675 2385 3732; x_wconf 89' lang='lat' dir='ltr'><strong><em>tius</em></strong></span> <span class='ocrx_word' id='word_1_577' title='bbox 2411 3653 2450 3731; x_wconf 77' lang='lat' dir='ltr'><strong><em>a</em></strong></span> <span class='ocrx_word' id='word_1_578' title='bbox 2470 3673 2827 3747; x_wconf 79' lang='lat' dir='ltr'><strong><em>praesentibus</em></strong></span> <span class='ocrx_word' id='word_1_579' title='bbox 2854 3671 3114 3727; x_wconf 59' lang='lat' dir='ltr'><strong><em>aerumnis</em></strong></span> <span class='ocrx_word' id='word_1_580' title='bbox 3141 3671 3323 3739; x_wconf 85' lang='lat' dir='ltr'><strong><em>optant</em></strong></span> <span class='ocrx_word' id='word_1_581' title='bbox 3345 3657 3464 3723; x_wconf 67' lang='lat' dir='ltr'><strong><em>erui.</em></strong></span> <span class='ocrx_word' id='word_1_582' title='bbox 3485 3653 3677 3747; x_wconf 53' lang='grc' dir='ltr'><strong><em>ξιιεριιιιῗ</em></strong></span> <span class='ocrx_word' id='word_1_583' title='bbox 3768 3712 3769 3727; x_wconf 29' lang='grc' dir='ltr'>χ</span> 
     </span>
    </p>
   </div>
   <div class='ocr_carea' id='block_1_71' title="bbox 2275 3742 3676 3836">
    <p class='ocr_par' dir='ltr' id='par_1_71' title="bbox 2275 3742 3676 3836">
     <span class='ocr_line' id='line_1_71' title="bbox 2275 3742 3676 3836; baseline -0.019 -15"><span class='ocrx_word' id='word_1_584' title='bbox 2275 3780 2434 3823; x_wconf 89' lang='lat' dir='ltr'><strong><em>suum</em></strong></span> <span class='ocrx_word' id='word_1_585' title='bbox 2476 3765 2531 3820; x_wconf 92' lang='lat' dir='ltr'><strong><em>in</em></strong></span> <span class='ocrx_word' id='word_1_586' title='bbox 2573 3779 2765 3818; x_wconf 89' lang='lat' dir='ltr'><strong><em>manus</em></strong></span> <span class='ocrx_word' id='word_1_587' title='bbox 2802 3762 2887 3817; x_wconf 89' lang='lat' dir='ltr'><strong><em>sui</em></strong></span> <span class='ocrx_word' id='word_1_588' title='bbox 2925 3756 3303 3816; x_wconf 87' lang='lat' dir='ltr'><strong><em>commendent</em></strong></span> <span class='ocrx_word' id='word_1_589' title='bbox 3333 3743 3540 3807; x_wconf 81' lang='lat' dir='ltr'><strong><em>auctoris,</em></strong></span> 
     </span>
    </p>
   </div>
   <div class='ocr_carea' id='block_1_72' title="bbox 2275 3834 3674 3929">
    <p class='ocr_par' dir='ltr' id='par_1_72' title="bbox 2275 3834 3674 3929">
     <span class='ocr_line' id='line_1_72' title="bbox 2275 3834 3674 3929; baseline -0.005 -16"><span class='ocrx_word' id='word_1_590' title='bbox 2275 3871 2399 3913; x_wconf 91' lang='lat' dir='ltr'><strong><em>cum</em></strong></span> <span class='ocrx_word' id='word_1_591' title='bbox 2428 3856 2544 3929; x_wconf 90' lang='lat' dir='ltr'><strong><em>ipso</em></strong></span> <span class='ocrx_word' id='word_1_592' title='bbox 2570 3854 2723 3927; x_wconf 89' lang='lat' dir='ltr'><strong><em>regni</em></strong></span> <span class='ocrx_word' id='word_1_593' title='bbox 2762 3852 2997 3911; x_wconf 81' lang='lat' dir='ltr'><strong><em>caelestis</em></strong></span> <span class='ocrx_word' id='word_1_594' title='bbox 3039 3848 3341 3908; x_wconf 83' lang='lat' dir='ltr'><strong><em>desiderent</em></strong></span> <span class='ocrx_word' id='word_1_595' title='bbox 3374 3851 3475 3897; x_wconf 71' lang='lat' dir='ltr'><strong><em>esse</em></strong></span> 
     </span>
    </p>
   </div>
   <div class='ocr_carea' id='block_1_73' title="bbox 2275 3911 3674 4016">
    <p class='ocr_par' dir='ltr' id='par_1_73' title="bbox 2275 3911 3674 4016">
     <span class='ocr_line' id='line_1_73' title="bbox 2275 3911 3674 4016; baseline -0.009 -10"><span class='ocrx_word' id='word_1_596' title='bbox 2275 3911 2596 4007; x_wconf 59' lang='lat' dir='ltr'><strong><em>unde&#39;bcne</em></strong></span> <span class='ocrx_word' id='word_1_597' title='bbox 2634 3911 2749 4012; x_wconf 66' lang='lat' dir='ltr'><strong><em>ille,</em></strong></span> <span class='ocrx_word' id='word_1_598' title='bbox 2792 3944 2885 4016; x_wconf 88' lang='lat' dir='ltr'><strong><em>qui</em></strong></span> <span class='ocrx_word' id='word_1_599' title='bbox 2930 3942 3039 3999; x_wconf 87' lang='lat' dir='ltr'><strong><em>ﬁde</em></strong></span> <span class='ocrx_word' id='word_1_600' title='bbox 3089 3939 3250 3997; x_wconf 90' lang='lat' dir='ltr'><strong><em>dubia</em></strong></span> <span class='ocrx_word' id='word_1_601' title='bbox 3274 3930 3515 3991; x_wconf 77' lang='lat' dir='ltr'><strong><em>Dominum</em></strong></span> <span class='ocrx_word' id='word_1_602' title='bbox 3533 3911 3674 4016; x_wconf 61' lang='grc' dir='ltr'><strong><em>ριαιξῖ</em></strong></span> 
     </span>
    </p>
   </div>
   <div class='ocr_carea' id='block_1_74' title="bbox 2274 3997 3673 4108">
    <p class='ocr_par' dir='ltr' id='par_1_74' title="bbox 2274 3997 3673 4108">
     <span class='ocr_line' id='line_1_74' title="bbox 2274 3997 3673 4108; baseline -0.009 -14"><span class='ocrx_word' id='word_1_603' title='bbox 2274 4047 2384 4108; x_wconf 83' lang='lat' dir='ltr'><strong><em>tur,</em></strong></span> <span class='ocrx_word' id='word_1_604' title='bbox 2428 4037 2666 4094; x_wconf 82' lang='lat' dir='ltr'><strong><em>funditus</em></strong></span> <span class='ocrx_word' id='word_1_605' title='bbox 2713 3997 3182 4104; x_wconf 40' lang='lat' dir='ltr'><strong><em>estjcontemptus</em></strong></span> <span class='ocrx_word' id='word_1_606' title='bbox 3206 4043 3239 4083; x_wconf 90' lang='lat' dir='ltr'><strong><em>a</em></strong></span> <span class='ocrx_word' id='word_1_607' title='bbox 3262 3997 3673 4108; x_wconf 84' lang='lat' dir='ltr'><strong><em>Domino,</em></strong></span> 
     </span>
    </p>
   </div>
   <div class='ocr_carea' id='block_1_75' title="bbox 2274 4091 3671 4211">
    <p class='ocr_par' dir='ltr' id='par_1_75' title="bbox 2274 4091 3671 4211">
     <span class='ocr_line' id='line_1_75' title="bbox 2274 4091 3671 4211; baseline -0.019 -21"><span class='ocrx_word' id='word_1_608' title='bbox 2274 4091 2865 4205; x_wconf 67' lang='lat' dir='ltr'><strong><em>responsionemgnus</em></strong></span> <span class='ocrx_word' id='word_1_609' title='bbox 2907 4091 3147 4181; x_wconf 63' lang='lat' dir='ltr'><strong><em>habitus.</em></strong></span> <span class='ocrx_word' id='word_1_610' title='bbox 3195 4119 3279 4211; x_wconf 74' lang='lat' dir='ltr'><strong><em>At</em></strong></span> <span class='ocrx_word' id='word_1_611' title='bbox 3304 4091 3671 4211; x_wconf 38' lang='lat' dir='ltr'><strong><em>verum?</em></strong></span> 
     </span>
    </p>
   </div>
   <div class='ocr_carea' id='block_1_76' title="bbox 2275 4185 3673 4294">
    <p class='ocr_par' dir='ltr' id='par_1_76' title="bbox 2275 4185 3673 4294">
     <span class='ocr_line' id='line_1_76' title="bbox 2275 4185 3673 4294; baseline -0.007 -19"><span class='ocrx_word' id='word_1_612' title='bbox 2275 4185 2655 4294; x_wconf 45' lang='lat' dir='ltr'><strong><em>qui‘aeternam</em></strong></span> <span class='ocrx_word' id='word_1_613' title='bbox 2683 4234 2715 4273; x_wconf 90' lang='lat' dir='ltr'><strong><em>a</em></strong></span> <span class='ocrx_word' id='word_1_614' title='bbox 2728 4185 2799 4273; x_wconf 56' lang='lat' dir='ltr'><strong><em>se</em></strong></span> <span class='ocrx_word' id='word_1_615' title='bbox 2828 4215 3059 4275; x_wconf 87' lang='lat' dir='ltr'><strong><em>salutem</em></strong></span> <span class='ocrx_word' id='word_1_616' title='bbox 3088 4208 3372 4286; x_wconf 81' lang='lat' dir='ltr'><strong><em>quaerebat,</em></strong></span> <span class='ocrx_word' id='word_1_617' title='bbox 3389 4199 3465 4272; x_wconf 71' lang='lat' dir='ltr'><strong><em>pia</em></strong></span> <span class='ocrx_word' id='word_1_618' title='bbox 3480 4205 3568 4294; x_wconf 60' lang='grc' dir='ltr'><strong><em>ωοξ</em></strong></span> 
     </span>
    </p>
   </div>
   <div class='ocr_carea' id='block_1_77' title="bbox 2274 4282 3671 4415">
    <p class='ocr_par' dir='ltr' id='par_1_77' title="bbox 2274 4282 3671 4415">
     <span class='ocr_line' id='line_1_77' title="bbox 2274 4282 3671 4415; baseline -0.024 -43"><span class='ocrx_word' id='word_1_619' title='bbox 2274 4330 2377 4373; x_wconf 88' lang='lat' dir='ltr'><strong><em>nus</em></strong></span> <span class='ocrx_word' id='word_1_620' title='bbox 2426 4310 2767 4371; x_wconf 82' lang='lat' dir='ltr'><strong><em>exauditione</em></strong></span> <span class='ocrx_word' id='word_1_621' title='bbox 2795 4308 3075 4379; x_wconf 85' lang='lat' dir='ltr'><strong><em>suscipere</em></strong></span> <span class='ocrx_word' id='word_1_622' title='bbox 3115 4303 3352 4374; x_wconf 86' lang='lat' dir='ltr'><strong><em>dignatus</em></strong></span> <span class='ocrx_word' id='word_1_623' title='bbox 3383 4298 3470 4354; x_wconf 83' lang='lat' dir='ltr'><strong><em>est.</em></strong></span> 
     </span>
     <span class='ocr_line' id='line_1_78' title="bbox 2507 4381 3526 4415; baseline -0.033 15"><span class='ocrx_word' id='word_1_624' title='bbox 2507 4404 2519 4415; x_wconf 86' lang='lat'>&#39;</span> <span class='ocrx_word' id='word_1_625' title='bbox 2768 4401 2781 4414; x_wconf 76' lang='grc' dir='ltr'><strong><em>ο</em></strong></span> <span class='ocrx_word' id='word_1_626' title='bbox 2850 4409 2861 4415; x_wconf 84' lang='grc'>.</span> <span class='ocrx_word' id='word_1_627' title='bbox 2902 4400 2932 4415; x_wconf 82' lang='grc' dir='ltr'><strong><em>-ι</em></strong></span> <span class='ocrx_word' id='word_1_628' title='bbox 2992 4398 3006 4415; x_wconf 81' lang='grc' dir='ltr'>ι</span> <span class='ocrx_word' id='word_1_629' title='bbox 3051 4398 3111 4415; x_wconf 37' lang='lat' dir='ltr'><strong><em>Ay</em></strong></span> <span class='ocrx_word' id='word_1_630' title='bbox 3144 4397 3278 4415; x_wconf 31' lang='grc' dir='ltr'><strong><em>λι---</em></strong></span> <span class='ocrx_word' id='word_1_631' title='bbox 3304 4381 3442 4415; x_wconf 41' lang='lat' dir='ltr'>dum“:</span> <span class='ocrx_word' id='word_1_632' title='bbox 3503 4389 3526 4415; x_wconf 63' lang='grc' dir='ltr'><strong>ρ</strong></span> 
     </span>
    </p>
   </div>
   <div class='ocr_carea' id='block_1_78' title="bbox 2274 4379 3621 4477">
    <p class='ocr_par' dir='ltr' id='par_1_78' title="bbox 2274 4379 3621 4477">
     <span class='ocr_line' id='line_1_79' title="bbox 2274 4379 3621 4477; baseline -0.01 -15"><span class='ocrx_word' id='word_1_633' title='bbox 2274 4421 2398 4462; x_wconf 87' lang='lat' dir='ltr'><strong><em>rum</em></strong></span> <span class='ocrx_word' id='word_1_634' title='bbox 2431 4404 2739 4477; x_wconf 90' lang='lat' dir='ltr'><strong><em>quicunque</em></strong></span> <span class='ocrx_word' id='word_1_635' title='bbox 2767 4401 2822 4456; x_wconf 92' lang='lat' dir='ltr'><strong><em>in</em></strong></span> <span class='ocrx_word' id='word_1_636' title='bbox 2846 4397 3281 4455; x_wconf 87' lang='lat' dir='ltr'><strong><em>tribulationibus</em></strong></span> <span class='ocrx_word' id='word_1_637' title='bbox 3304 4381 3462 4462; x_wconf 55' lang='lat' dir='ltr'><strong><em>positi,</em></strong></span> 
     </span>
    </p>
   </div>
   <div class='ocr_carea' id='block_1_79' title="bbox 597 4450 3669 4590">
    <p class='ocr_par' dir='ltr' id='par_1_79' title="bbox 597 4450 3669 4590">
     <span class='ocr_line' id='line_1_80' title="bbox 597 4450 3621 4473; baseline 0.001 -16"><span class='ocrx_word' id='word_1_638' title='bbox 597 4450 614 4457; x_wconf 81' lang='lat'><strong><em>-</em></strong></span> <span class='ocrx_word' id='word_1_639' title='bbox 801 4450 902 4458; x_wconf 69' lang='grc' dir='ltr'><strong><em>η-.-</em></strong></span> <span class='ocrx_word' id='word_1_640' title='bbox 930 4450 1090 4473; x_wconf 55' lang='grc' dir='ltr'><strong><em>πη---</em></strong></span> <span class='ocrx_word' id='word_1_641' title='bbox 1120 4450 1528 4473; x_wconf 52' lang='grc' dir='ltr'><strong><em>-----π.--,π,-.-.</em></strong></span> <span class='ocrx_word' id='word_1_642' title='bbox 1603 4450 1812 4459; x_wconf 77' lang='lat'><strong><em>.-........</em></strong></span> <span class='ocrx_word' id='word_1_643' title='bbox 1870 4450 2046 4461; x_wconf 84' lang='lat'><strong><em>._-......</em></strong></span> <span class='ocrx_word' id='word_1_644' title='bbox 2076 4450 2147 4462; x_wconf 77' lang='grc'><strong><em>..-</em></strong></span> <span class='ocrx_word' id='word_1_645' title='bbox 2276 4450 2398 4462; x_wconf 85' lang='grc'><strong><em>.,.,.-</em></strong></span> <span class='ocrx_word' id='word_1_646' title='bbox 2472 4450 2738 4473; x_wconf 43' lang='lat' dir='ltr'><strong>&quot;ww,&quot;</strong></span> <span class='ocrx_word' id='word_1_647' title='bbox 2851 4450 3207 4455; x_wconf 50' lang='grc' dir='ltr'><strong><em>,ηπ-ηηηη</em></strong></span> <span class='ocrx_word' id='word_1_648' title='bbox 3305 4450 3327 4462; x_wconf 85' lang='grc'><strong><em>-</em></strong></span> <span class='ocrx_word' id='word_1_649' title='bbox 3615 4452 3621 4460; x_wconf 87' lang='grc'><strong><em>,</em></strong></span> 
     </span>
     <span class='ocr_line' id='line_1_81' title="bbox 597 4450 3669 4590; baseline -0 -42"><span class='ocrx_word' id='word_1_650' title='bbox 597 4450 774 4549; x_wconf 59' lang='lat' dir='ltr'><strong><em>lentes</em></strong></span> <span class='ocrx_word' id='word_1_651' title='bbox 822 4490 1147 4549; x_wconf 81' lang='lat' dir='ltr'><strong><em>conﬁtentur</em></strong></span> <span class='ocrx_word' id='word_1_652' title='bbox 1195 4493 1389 4550; x_wconf 67' lang='lat' dir='ltr'><strong><em>scribae</em></strong></span> <span class='ocrx_word' id='word_1_653' title='bbox 1428 4501 1484 4550; x_wconf 91' lang='lat' dir='ltr'><strong><em>et</em></strong></span> <span class='ocrx_word' id='word_1_654' title='bbox 1523 4450 1838 4567; x_wconf 60' lang='lat' dir='ltr'><strong><em>pontiﬁces:</em></strong></span> <span class='ocrx_word' id='word_1_655' title='bbox 1860 4496 2004 4567; x_wconf 91' lang='lat' dir='ltr'><strong><em>quod</em></strong></span> <span class='ocrx_word' id='word_1_656' title='bbox 2032 4495 2168 4551; x_wconf 87' lang='lat' dir='ltr'><strong><em>alios</em></strong></span> <span class='ocrx_word' id='word_1_657' title='bbox 2192 4529 2247 4590; x_wconf 72' lang='grc' dir='ltr'><strong>Β</strong></span> <span class='ocrx_word' id='word_1_658' title='bbox 2276 4450 2487 4552; x_wconf 60' lang='lat' dir='ltr'><strong><em>tantum</em></strong></span> <span class='ocrx_word' id='word_1_659' title='bbox 2517 4511 2548 4550; x_wconf 91' lang='lat' dir='ltr'><strong><em>a</em></strong></span> <span class='ocrx_word' id='word_1_660' title='bbox 2573 4494 2801 4550; x_wconf 87' lang='lat' dir='ltr'><strong><em>Domino</em></strong></span> <span class='ocrx_word' id='word_1_661' title='bbox 2838 4490 3032 4547; x_wconf 88' lang='lat' dir='ltr'><strong><em>solatia</em></strong></span> <span class='ocrx_word' id='word_1_662' title='bbox 3065 4485 3354 4559; x_wconf 72' lang='lat' dir='ltr'><strong><em>requirunt.</em></strong></span> <span class='ocrx_word' id='word_1_663' title='bbox 3382 4450 3669 4590; x_wconf 48' lang='lat' dir='ltr'><strong><em>anim</em></strong></span> 
     </span>
    </p>
   </div>
   <div class='ocr_carea' id='block_1_80' title="bbox 597 4553 3669 4687">
    <p class='ocr_par' dir='ltr' id='par_1_80' title="bbox 597 4553 3669 4687">
     <span class='ocr_line' id='line_1_82' title="bbox 597 4553 3669 4687; baseline 0.006 -44"><span class='ocrx_word' id='word_1_664' title='bbox 597 4584 777 4643; x_wconf 87' lang='lat' dir='ltr'><strong><em>salvos</em></strong></span> <span class='ocrx_word' id='word_1_665' title='bbox 800 4586 948 4644; x_wconf 79' lang='lat' dir='ltr'><strong><em>fecit.</em></strong></span> <span class='ocrx_word' id='word_1_666' title='bbox 975 4580 1163 4673; x_wconf 76' lang='lat' dir='ltr'><strong><em>itaque</em></strong></span> <span class='ocrx_word' id='word_1_667' title='bbox 1199 4596 1294 4644; x_wconf 78' lang='lat' dir='ltr'><strong><em>e05</em></strong></span> <span class='ocrx_word' id='word_1_668' title='bbox 1334 4553 1553 4659; x_wconf 72' lang='lat' dir='ltr'><strong><em>propria</em></strong></span> <span class='ocrx_word' id='word_1_669' title='bbox 1582 4553 1911 4645; x_wconf 63' lang='lat' dir='ltr'><strong><em>condemnat</em></strong></span> <span class='ocrx_word' id='word_1_670' title='bbox 1949 4596 2171 4645; x_wconf 84' lang='lat' dir='ltr'><strong><em>senten-</em></strong></span> <span class='ocrx_word' id='word_1_671' title='bbox 2192 4553 2247 4590; x_wconf 68' lang='grc' dir='ltr'><strong><em>υ</em></strong></span> <span class='ocrx_word' id='word_1_672' title='bbox 2273 4607 2333 4651; x_wconf 86' lang='lat' dir='ltr'><strong><em>se</em></strong></span> <span class='ocrx_word' id='word_1_673' title='bbox 2359 4592 2566 4664; x_wconf 87' lang='lat' dir='ltr'><strong><em>pariter</em></strong></span> <span class='ocrx_word' id='word_1_674' title='bbox 2590 4597 2646 4648; x_wconf 87' lang='lat' dir='ltr'><strong><em>et</em></strong></span> <span class='ocrx_word' id='word_1_675' title='bbox 2673 4588 2890 4644; x_wconf 77' lang='lat' dir='ltr'><strong><em>aeternis</em></strong></span> <span class='ocrx_word' id='word_1_676' title='bbox 2919 4586 3130 4658; x_wconf 74' lang='lat' dir='ltr'><strong><em>gaudiis</em></strong></span> <span class='ocrx_word' id='word_1_677' title='bbox 3152 4579 3370 4680; x_wconf 48' lang='lat' dir='ltr'><strong><em>Dim?&quot;</em></strong></span> <span class='ocrx_word' id='word_1_678' title='bbox 3397 4553 3669 4687; x_wconf 45' lang='grc' dir='ltr'><strong><em>ρώξΐὲ</em></strong></span> 
     </span>
    </p>
   </div>
   <div class='ocr_carea' id='block_1_81' title="bbox 591 4668 2167 4750">
    <p class='ocr_par' dir='ltr' id='par_1_81' title="bbox 591 4668 2167 4750">
     <span class='ocr_line' id='line_1_83' title="bbox 591 4668 2167 4750; baseline 0.003 -19"><span class='ocrx_word' id='word_1_679' title='bbox 591 4672 691 4731; x_wconf 73' lang='lat' dir='ltr'><strong><em>tia.</em></strong></span> <span class='ocrx_word' id='word_1_680' title='bbox 719 4670 826 4744; x_wconf 84' lang='lat' dir='ltr'><strong><em>Qui</em></strong></span> <span class='ocrx_word' id='word_1_681' title='bbox 845 4677 993 4732; x_wconf 84' lang='lat' dir='ltr'><strong><em>enim</em></strong></span> <span class='ocrx_word' id='word_1_682' title='bbox 1033 4668 1167 4733; x_wconf 84' lang='lat' dir='ltr'><strong><em>alios</em></strong></span> <span class='ocrx_word' id='word_1_683' title='bbox 1206 4677 1382 4735; x_wconf 88' lang='lat' dir='ltr'><strong><em>salvos</em></strong></span> <span class='ocrx_word' id='word_1_684' title='bbox 1407 4676 1556 4748; x_wconf 82' lang='lat' dir='ltr'><strong><em>fecit,</em></strong></span> <span class='ocrx_word' id='word_1_685' title='bbox 1587 4679 1775 4750; x_wconf 83' lang='lat' dir='ltr'><strong><em>utique</em></strong></span> <span class='ocrx_word' id='word_1_686' title='bbox 1804 4678 1850 4734; x_wconf 91' lang='lat' dir='ltr'><strong><em>si</em></strong></span> <span class='ocrx_word' id='word_1_687' title='bbox 1878 4677 2044 4733; x_wconf 85' lang='lat' dir='ltr'><strong><em>vellet</em></strong></span> <span class='ocrx_word' id='word_1_688' title='bbox 2082 4693 2167 4735; x_wconf 87' lang='lat' dir='ltr'><strong><em>se-</em></strong></span> 
     </span>
    </p>
   </div>
   <div class='ocr_carea' id='block_1_82' title="bbox 592 4754 1264 4841">
    <p class='ocr_par' dir='ltr' id='par_1_82' title="bbox 592 4754 1264 4841">
     <span class='ocr_line' id='line_1_84' title="bbox 592 4754 1264 4841; baseline 0.003 -18"><span class='ocrx_word' id='word_1_689' title='bbox 592 4754 771 4839; x_wconf 66' lang='lat' dir='ltr'><strong><em>ipsum</em></strong></span> <span class='ocrx_word' id='word_1_690' title='bbox 796 4766 1009 4824; x_wconf 80' lang='lat' dir='ltr'><strong><em>salvare</em></strong></span> <span class='ocrx_word' id='word_1_691' title='bbox 1033 4778 1264 4841; x_wconf 87' lang='lat' dir='ltr'><strong><em>poterat.</em></strong></span> 
     </span>
    </p>
   </div>
   <div class='ocr_carea' id='block_1_83' title="bbox 666 4846 2168 4930">
    <p class='ocr_par' dir='ltr' id='par_1_83' title="bbox 666 4846 2168 4930">
     <span class='ocr_line' id='line_1_85' title="bbox 666 4846 2168 4930; baseline -0.001 -13"><span class='ocrx_word' id='word_1_692' title='bbox 666 4860 727 4917; x_wconf 89' lang='lat' dir='ltr'><strong><em>Si</em></strong></span> <span class='ocrx_word' id='word_1_693' title='bbox 747 4856 842 4918; x_wconf 68' lang='lat' dir='ltr'><strong><em>red:</em></strong></span> <span class='ocrx_word' id='word_1_694' title='bbox 869 4858 1039 4919; x_wconf 77' lang='lat' dir='ltr'><strong><em>Israel</em></strong></span> <span class='ocrx_word' id='word_1_695' title='bbox 1067 4873 1141 4920; x_wconf 90' lang='lat' dir='ltr'><strong><em>est</em></strong></span> <span class='ocrx_word' id='word_1_696' title='bbox 1180 4863 1457 4919; x_wconf 87' lang='lat' dir='ltr'><strong><em>descendat</em></strong></span> <span class='ocrx_word' id='word_1_697' title='bbox 1480 4881 1617 4919; x_wconf 89' lang='lat' dir='ltr'><strong><em>nunc</em></strong></span> <span class='ocrx_word' id='word_1_698' title='bbox 1636 4846 1701 4918; x_wconf 80' lang='lat' dir='ltr'><strong><em>de</em></strong></span> <span class='ocrx_word' id='word_1_699' title='bbox 1721 4877 1893 4930; x_wconf 88' lang='lat' dir='ltr'><strong><em>cruce,</em></strong></span> <span class='ocrx_word' id='word_1_700' title='bbox 1920 4868 1969 4915; x_wconf 93' lang='lat' dir='ltr'><strong><em>et</em></strong></span> <span class='ocrx_word' id='word_1_701' title='bbox 1989 4859 2168 4915; x_wconf 85' lang='lat' dir='ltr'><strong><em>crede—</em></strong></span> 
     </span>
    </p>
   </div>
   <div class='ocr_carea' id='block_1_84' title="bbox 591 4946 2167 5028">
    <p class='ocr_par' dir='ltr' id='par_1_84' title="bbox 591 4946 2167 5028">
     <span class='ocr_line' id='line_1_86' title="bbox 591 4946 2167 5028; baseline -0.001 -20"><span class='ocrx_word' id='word_1_702' title='bbox 591 4966 711 5008; x_wconf 84' lang='lat' dir='ltr'><strong><em>mus</em></strong></span> <span class='ocrx_word' id='word_1_703' title='bbox 737 4948 808 5010; x_wconf 69' lang='lat' dir='ltr'><strong><em>et.</em></strong></span> <span class='ocrx_word' id='word_1_704' title='bbox 832 4946 1062 5023; x_wconf 77' lang='lat' dir='ltr'><strong><em>Conﬁdit</em></strong></span> <span class='ocrx_word' id='word_1_705' title='bbox 1084 4955 1141 5009; x_wconf 90' lang='lat' dir='ltr'><strong><em>in</em></strong></span> <span class='ocrx_word' id='word_1_706' title='bbox 1164 4953 1295 5009; x_wconf 90' lang='lat' dir='ltr'><strong><em>Deo.</em></strong></span> <span class='ocrx_word' id='word_1_707' title='bbox 1329 4954 1510 5028; x_wconf 70' lang='grc' dir='ltr'><strong><em>(ΕΑΒ.)</em></strong></span> <span class='ocrx_word' id='word_1_708' title='bbox 1539 4953 1904 5009; x_wconf 86' lang='lat' dir='ltr'><strong><em>Fraudulenta</em></strong></span> <span class='ocrx_word' id='word_1_709' title='bbox 1931 4953 2167 5024; x_wconf 89' lang='lat' dir='ltr'><strong><em>promis-</em></strong></span> 
     </span>
    </p>
   </div>
   <div class='ocr_carea' id='block_1_85' title="bbox 594 5036 2165 5115">
    <p class='ocr_par' dir='ltr' id='par_1_85' title="bbox 594 5036 2165 5115">
     <span class='ocr_line' id='line_1_87' title="bbox 594 5036 2165 5115; baseline -0.003 -15"><span class='ocrx_word' id='word_1_710' title='bbox 594 5040 698 5100; x_wconf 87' lang='lat' dir='ltr'><strong><em>sio.</em></strong></span> <span class='ocrx_word' id='word_1_711' title='bbox 729 5036 873 5111; x_wconf 82' lang='lat' dir='ltr'><strong><em>Quid</em></strong></span> <span class='ocrx_word' id='word_1_712' title='bbox 902 5050 986 5100; x_wconf 88' lang='lat' dir='ltr'><strong><em>est</em></strong></span> <span class='ocrx_word' id='word_1_713' title='bbox 1006 5044 1126 5115; x_wconf 88' lang='lat' dir='ltr'><strong><em>plus</em></strong></span> <span class='ocrx_word' id='word_1_714' title='bbox 1156 5044 1221 5101; x_wconf 91' lang='lat' dir='ltr'><strong><em>de</em></strong></span> <span class='ocrx_word' id='word_1_715' title='bbox 1246 5060 1408 5100; x_wconf 89' lang='lat' dir='ltr'><strong><em>cruce</em></strong></span> <span class='ocrx_word' id='word_1_716' title='bbox 1435 5045 1608 5100; x_wconf 88' lang='lat' dir='ltr'><strong><em>adhuc</em></strong></span> <span class='ocrx_word' id='word_1_717' title='bbox 1636 5044 1907 5099; x_wconf 81' lang='lat' dir='ltr'><strong><em>viventem</em></strong></span> <span class='ocrx_word' id='word_1_718' title='bbox 1939 5043 2165 5097; x_wconf 87' lang='lat' dir='ltr'><strong><em>descen-</em></strong></span> 
     </span>
    </p>
   </div>
   <div class='ocr_carea' id='block_1_86' title="bbox 594 5132 2168 5205">
    <p class='ocr_par' dir='ltr' id='par_1_86' title="bbox 594 5132 2168 5205">
     <span class='ocr_line' id='line_1_88' title="bbox 594 5132 2168 5205; baseline -0.003 -13"><span class='ocrx_word' id='word_1_719' title='bbox 594 5132 744 5200; x_wconf 84' lang='lat' dir='ltr'><strong><em>dere,</em></strong></span> <span class='ocrx_word' id='word_1_720' title='bbox 778 5148 855 5190; x_wconf 86' lang='lat' dir='ltr'><strong><em>an</em></strong></span> <span class='ocrx_word' id='word_1_721' title='bbox 874 5134 941 5191; x_wconf 88' lang='lat' dir='ltr'><strong><em>de</em></strong></span> <span class='ocrx_word' id='word_1_722' title='bbox 971 5134 1217 5205; x_wconf 90' lang='lat' dir='ltr'><strong><em>sepulcro</em></strong></span> <span class='ocrx_word' id='word_1_723' title='bbox 1251 5136 1874 5205; x_wconf 75' lang='lat' dir='ltr'><strong><em>mortuum‘resurgere?</em></strong></span> <span class='ocrx_word' id='word_1_724' title='bbox 1917 5133 2168 5190; x_wconf 80' lang='lat' dir='ltr'><strong><em>Surrexit</em></strong></span> 
     </span>
    </p>
   </div>
   <div class='ocr_carea' id='block_1_87' title="bbox 592 5222 2166 5299">
    <p class='ocr_par' dir='ltr' id='par_1_87' title="bbox 592 5222 2166 5299">
     <span class='ocr_line' id='line_1_89' title="bbox 592 5222 2166 5299; baseline -0.003 -16"><span class='ocrx_word' id='word_1_725' title='bbox 592 5230 651 5283; x_wconf 82' lang='lat' dir='ltr'><strong><em>et</em></strong></span> <span class='ocrx_word' id='word_1_726' title='bbox 677 5236 786 5281; x_wconf 89' lang='lat' dir='ltr'><strong><em>non</em></strong></span> <span class='ocrx_word' id='word_1_727' title='bbox 813 5224 1055 5283; x_wconf 71' lang='lat' dir='ltr'><strong><em>creditis.</em></strong></span> <span class='ocrx_word' id='word_1_728' title='bbox 1088 5222 1229 5299; x_wconf 84' lang='lat' dir='ltr'><strong><em>Ergo</em></strong></span> <span class='ocrx_word' id='word_1_729' title='bbox 1254 5229 1418 5283; x_wconf 88' lang='lat' dir='ltr'><strong><em>etiam</em></strong></span> <span class='ocrx_word' id='word_1_730' title='bbox 1445 5227 1491 5284; x_wconf 90' lang='lat' dir='ltr'><strong><em>si</em></strong></span> <span class='ocrx_word' id='word_1_731' title='bbox 1520 5227 1587 5282; x_wconf 92' lang='lat' dir='ltr'><strong><em>de</em></strong></span> <span class='ocrx_word' id='word_1_732' title='bbox 1616 5242 1778 5283; x_wconf 90' lang='lat' dir='ltr'><strong><em>cruce</em></strong></span> <span class='ocrx_word' id='word_1_733' title='bbox 1806 5225 2166 5294; x_wconf 87' lang='lat' dir='ltr'><strong><em>descenderit,</em></strong></span> 
     </span>
    </p>
   </div>
   <div class='ocr_carea' id='block_1_88' title="bbox 593 5300 988 5374">
    <p class='ocr_par' dir='ltr' id='par_1_88' title="bbox 593 5300 988 5374">
     <span class='ocr_line' id='line_1_90' title="bbox 593 5300 988 5374; baseline 0 -1"><span class='ocrx_word' id='word_1_734' title='bbox 593 5327 704 5373; x_wconf 84' lang='lat' dir='ltr'><strong><em>non</em></strong></span> <span class='ocrx_word' id='word_1_735' title='bbox 732 5300 988 5374; x_wconf 68' lang='lat' dir='ltr'><strong><em>credetis.</em></strong></span> 
     </span>
    </p>
   </div>
   <div class='ocr_carea' id='block_1_89' title="bbox 666 5402 2175 5473">
    <p class='ocr_par' dir='ltr' id='par_1_89' title="bbox 666 5402 2175 5473">
     <span class='ocr_line' id='line_1_91' title="bbox 666 5402 2175 5473; baseline 0.003 -13"><span class='ocrx_word' id='word_1_736' title='bbox 666 5403 871 5463; x_wconf 85' lang='lat' dir='ltr'><strong><em>Liberet</em></strong></span> <span class='ocrx_word' id='word_1_737' title='bbox 900 5402 1020 5465; x_wconf 74' lang='lat' dir='ltr'><strong><em>eum</em></strong></span> <span class='ocrx_word' id='word_1_738' title='bbox 1061 5422 1198 5464; x_wconf 86' lang='lat' dir='ltr'><strong><em>nunc</em></strong></span> <span class='ocrx_word' id='word_1_739' title='bbox 1238 5410 1285 5462; x_wconf 89' lang='lat' dir='ltr'><strong><em>si</em></strong></span> <span class='ocrx_word' id='word_1_740' title='bbox 1331 5408 1459 5463; x_wconf 84' lang='lat' dir='ltr'><strong><em>vult.</em></strong></span> <span class='ocrx_word' id='word_1_741' title='bbox 1504 5407 1835 5471; x_wconf 69' lang='lat' dir='ltr'><strong><em>Dixitenim</em></strong></span> <span class='ocrx_word' id='word_1_742' title='bbox 1859 5422 1876 5461; x_wconf 94' lang='lat'><em>:</em></span> <span class='ocrx_word' id='word_1_743' title='bbox 1904 5406 2043 5473; x_wconf 83' lang='lat' dir='ltr'><strong><em>Quia</em></strong></span> <span class='ocrx_word' id='word_1_744' title='bbox 2073 5407 2175 5464; x_wconf 87' lang='lat' dir='ltr'><strong><em>Dei</em></strong></span> 
     </span>
    </p>
   </div>
   <div class='ocr_carea' id='block_1_90' title="bbox 596 5494 2172 5574">
    <p class='ocr_par' dir='ltr' id='par_1_90' title="bbox 596 5494 2172 5574">
     <span class='ocr_line' id='line_1_92' title="bbox 596 5494 2172 5574; baseline 0 -18"><span class='ocrx_word' id='word_1_745' title='bbox 596 5494 777 5556; x_wconf 75' lang='lat' dir='ltr'><strong><em>Filius</em></strong></span> <span class='ocrx_word' id='word_1_746' title='bbox 813 5498 947 5558; x_wconf 77' lang='lat' dir='ltr'><strong><em>sum.</em></strong></span> <span class='ocrx_word' id='word_1_747' title='bbox 980 5500 1026 5560; x_wconf 92' lang='lat'><strong>0</strong></span> <span class='ocrx_word' id='word_1_748' title='bbox 1046 5516 1187 5560; x_wconf 69' lang='lat' dir='ltr'><strong><em>caece</em></strong></span> <span class='ocrx_word' id='word_1_749' title='bbox 1212 5510 1268 5557; x_wconf 90' lang='lat' dir='ltr'><strong><em>et</em></strong></span> <span class='ocrx_word' id='word_1_750' title='bbox 1294 5501 1456 5558; x_wconf 88' lang='lat' dir='ltr'><strong><em>stulte</em></strong></span> <span class='ocrx_word' id='word_1_751' title='bbox 1483 5518 1611 5574; x_wconf 85' lang='lat' dir='ltr'><strong><em>grex</em></strong></span> <span class='ocrx_word' id='word_1_752' title='bbox 1638 5501 2005 5567; x_wconf 91' lang='lat' dir='ltr'><strong><em>sacerdotum,</em></strong></span> <span class='ocrx_word' id='word_1_753' title='bbox 2037 5501 2172 5557; x_wconf 88' lang='lat' dir='ltr'><strong><em>scri-</em></strong></span> 
     </span>
    </p>
   </div>
   <div class='ocr_carea' id='block_1_91' title="bbox 593 5590 2170 5665">
    <p class='ocr_par' dir='ltr' id='par_1_91' title="bbox 593 5590 2170 5665">
     <span class='ocr_line' id='line_1_93' title="bbox 593 5590 2170 5665; baseline -0.001 -17"><span class='ocrx_word' id='word_1_754' title='bbox 593 5590 790 5648; x_wconf 81' lang='lat' dir='ltr'><strong><em>barum</em></strong></span> <span class='ocrx_word' id='word_1_755' title='bbox 826 5598 884 5646; x_wconf 91' lang='lat' dir='ltr'><strong><em>et</em></strong></span> <span class='ocrx_word' id='word_1_756' title='bbox 917 5594 1210 5650; x_wconf 88' lang='lat' dir='ltr'><strong><em>seniorum.</em></strong></span> <span class='ocrx_word' id='word_1_757' title='bbox 1256 5591 1507 5665; x_wconf 85' lang='lat' dir='ltr'><strong><em>Nunquid</em></strong></span> <span class='ocrx_word' id='word_1_758' title='bbox 1551 5592 1883 5665; x_wconf 85' lang='lat' dir='ltr'><strong><em>impossibile</em></strong></span> <span class='ocrx_word' id='word_1_759' title='bbox 1912 5599 1999 5648; x_wconf 86' lang='lat' dir='ltr'><strong><em>est</em></strong></span> <span class='ocrx_word' id='word_1_760' title='bbox 2026 5591 2075 5647; x_wconf 89' lang='lat' dir='ltr'><strong><em>ei</em></strong></span> <span class='ocrx_word' id='word_1_761' title='bbox 2104 5591 2170 5648; x_wconf 90' lang='lat' dir='ltr'><strong><em>de</em></strong></span> 
     </span>
    </p>
   </div>
   <div class='ocr_carea' id='block_1_92' title="bbox 593 5680 2173 5759">
    <p class='ocr_par' dir='ltr' id='par_1_92' title="bbox 593 5680 2173 5759">
     <span class='ocr_line' id='line_1_94' title="bbox 593 5680 2173 5759; baseline 0.003 -21"><span class='ocrx_word' id='word_1_762' title='bbox 593 5687 766 5754; x_wconf 75' lang='lat' dir='ltr'><strong><em>parvo</em></strong></span> <span class='ocrx_word' id='word_1_763' title='bbox 804 5680 939 5754; x_wconf 82' lang='lat' dir='ltr'><strong><em>ligni</em></strong></span> <span class='ocrx_word' id='word_1_764' title='bbox 973 5685 1152 5759; x_wconf 85' lang='lat' dir='ltr'><strong><em>stipite</em></strong></span> <span class='ocrx_word' id='word_1_765' title='bbox 1189 5687 1533 5753; x_wconf 90' lang='lat' dir='ltr'><strong><em>descendere,</em></strong></span> <span class='ocrx_word' id='word_1_766' title='bbox 1565 5686 1657 5757; x_wconf 92' lang='lat' dir='ltr'><strong><em>qui</em></strong></span> <span class='ocrx_word' id='word_1_767' title='bbox 1696 5684 1974 5742; x_wconf 87' lang='lat' dir='ltr'><strong><em>descendit</em></strong></span> <span class='ocrx_word' id='word_1_768' title='bbox 2003 5699 2034 5739; x_wconf 87' lang='lat' dir='ltr'><strong><em>a</em></strong></span> <span class='ocrx_word' id='word_1_769' title='bbox 2064 5700 2173 5742; x_wconf 79' lang='lat' dir='ltr'><strong><em>cce-</em></strong></span> 
     </span>
    </p>
   </div>
   <div class='ocr_carea' id='block_1_93' title="bbox 594 5766 2174 5853">
    <p class='ocr_par' dir='ltr' id='par_1_93' title="bbox 594 5766 2174 5853">
     <span class='ocr_line' id='line_1_95' title="bbox 594 5766 2174 5853; baseline 0.004 -23"><span class='ocrx_word' id='word_1_770' title='bbox 594 5766 969 5847; x_wconf 63' lang='lat' dir='ltr'><strong><em>lo&#39;ruin‘iree;</em></strong></span> <span class='ocrx_word' id='word_1_771' title='bbox 1003 5785 1096 5836; x_wconf 86' lang='lat' dir='ltr'><strong><em>aut</em></strong></span> <span class='ocrx_word' id='word_1_772' title='bbox 1136 5779 1379 5853; x_wconf 87' lang='lat' dir='ltr'><strong><em>nunquid</em></strong></span> <span class='ocrx_word' id='word_1_773' title='bbox 1421 5788 1513 5837; x_wconf 89' lang='lat' dir='ltr'><strong><em>tua</em></strong></span> <span class='ocrx_word' id='word_1_774' title='bbox 1545 5777 1728 5836; x_wconf 89' lang='lat' dir='ltr'><strong><em>vincla</em></strong></span> <span class='ocrx_word' id='word_1_775' title='bbox 1764 5777 1914 5837; x_wconf 88' lang='lat' dir='ltr'><strong><em>illum</em></strong></span> <span class='ocrx_word' id='word_1_776' title='bbox 1947 5787 2174 5850; x_wconf 89' lang='lat' dir='ltr'><strong><em>possunt</em></strong></span> 
     </span>
    </p>
   </div>
   <div class='ocr_carea' id='block_1_94' title="bbox 2271 4649 3668 4777">
    <p class='ocr_par' dir='ltr' id='par_1_94' title="bbox 2271 4649 3668 4777">
     <span class='ocr_line' id='line_1_96' title="bbox 2271 4649 3668 4777; baseline -0.016 -35"><span class='ocrx_word' id='word_1_777' title='bbox 2271 4649 2473 4743; x_wconf 77' lang='lat' dir='ltr'><strong><em>raciter</em></strong></span> <span class='ocrx_word' id='word_1_778' title='bbox 2508 4687 2651 4741; x_wconf 90' lang='lat' dir='ltr'><strong><em>bona</em></strong></span> <span class='ocrx_word' id='word_1_779' title='bbox 2684 4682 2876 4754; x_wconf 80' lang='lat' dir='ltr'><strong><em>patriae</em></strong></span> <span class='ocrx_word' id='word_1_780' title='bbox 2902 4679 3140 4737; x_wconf 82' lang='lat' dir='ltr'><strong><em>caelestis</em></strong></span> <span class='ocrx_word' id='word_1_781' title='bbox 3168 4668 3435 4777; x_wconf 70' lang='lat' dir='ltr'><strong><em>suspirant.</em></strong></span> <span class='ocrx_word' id='word_1_782' title='bbox 3454 4649 3668 4777; x_wconf 42' lang='grc' dir='ltr'>ᾖ</span> 
     </span>
    </p>
   </div>
   <div class='ocr_carea' id='block_1_95' title="bbox 2273 4745 3668 4862">
    <p class='ocr_par' dir='ltr' id='par_1_95' title="bbox 2273 4745 3668 4862">
     <span class='ocr_line' id='line_1_97' title="bbox 2273 4745 3668 4862; baseline -0.01 -31"><span class='ocrx_word' id='word_1_783' title='bbox 2273 4791 2377 4847; x_wconf 89' lang='lat' dir='ltr'><strong><em>que</em></strong></span> <span class='ocrx_word' id='word_1_784' title='bbox 2414 4774 2523 4831; x_wconf 89' lang='lat' dir='ltr'><strong><em>ulla</em></strong></span> <span class='ocrx_word' id='word_1_785' title='bbox 2572 4745 2851 4829; x_wconf 76' lang='lat' dir='ltr'><strong><em>dubietate</em></strong></span> <span class='ocrx_word' id='word_1_786' title='bbox 2894 4771 3115 4826; x_wconf 86' lang='lat' dir='ltr'><strong><em>Christo</em></strong></span> <span class='ocrx_word' id='word_1_787' title='bbox 3161 4760 3432 4862; x_wconf 29' lang='lat' dir='ltr'><strong><em>miserante“</em></strong></span> 
     </span>
    </p>
   </div>
   <div class='ocr_carea' id='block_1_96' title="bbox 2270 4822 3652 4936">
    <p class='ocr_par' dir='ltr' id='par_1_96' title="bbox 2270 4822 3652 4936">
     <span class='ocr_line' id='line_1_98' title="bbox 2270 4822 3652 4936; baseline -0.008 -12"><span class='ocrx_word' id='word_1_788' title='bbox 2270 4822 2456 4924; x_wconf 54' lang='lat' dir='ltr'><strong><em>Botest</em></strong></span> <span class='ocrx_word' id='word_1_789' title='bbox 2485 4874 2539 4921; x_wconf 89' lang='lat' dir='ltr'><strong><em>et</em></strong></span> <span class='ocrx_word' id='word_1_790' title='bbox 2568 4866 2626 4921; x_wconf 88' lang='lat' dir='ltr'><strong><em>in</em></strong></span> <span class='ocrx_word' id='word_1_791' title='bbox 2654 4866 2861 4921; x_wconf 91' lang='lat' dir='ltr'><strong><em>duobus</em></strong></span> <span class='ocrx_word' id='word_1_792' title='bbox 2897 4860 3197 4917; x_wconf 88' lang='lat' dir='ltr'><strong><em>latronibus</em></strong></span> <span class='ocrx_word' id='word_1_793' title='bbox 3235 4855 3435 4916; x_wconf 72' lang='grc' dir='ltr'><strong><em>υιετίιυθ</em></strong></span> <span class='ocrx_word' id='word_1_794' title='bbox 3470 4822 3652 4936; x_wconf 36' lang='lat' dir='ltr'><strong><em>“ius”:</em></strong></span> 
     </span>
    </p>
   </div>
   <div class='ocr_carea' id='block_1_97' title="bbox 2275 4916 3668 5043">
    <p class='ocr_par' dir='ltr' id='par_1_97' title="bbox 2275 4916 3668 5043">
     <span class='ocr_line' id='line_1_99' title="bbox 2275 4916 3668 5043; baseline -0.012 -28"><span class='ocrx_word' id='word_1_795' title='bbox 2275 4959 2516 5033; x_wconf 86' lang='lat' dir='ltr'><strong><em>gentium</em></strong></span> <span class='ocrx_word' id='word_1_796' title='bbox 2548 4966 2602 5013; x_wconf 89' lang='lat' dir='ltr'><strong><em>et</em></strong></span> <span class='ocrx_word' id='word_1_797' title='bbox 2633 4954 2941 5012; x_wconf 75' lang='lat' dir='ltr'><strong><em>Judzcorum</em></strong></span> <span class='ocrx_word' id='word_1_798' title='bbox 2971 4943 3275 5043; x_wconf 82' lang='lat' dir='ltr'><strong><em>signiﬁcari.</em></strong></span> <span class='ocrx_word' id='word_1_799' title='bbox 3300 4916 3668 5043; x_wconf 34' lang='lat' dir='ltr'><strong><em>quitlnlllﬂaﬂgz</em></strong></span> 
     </span>
    </p>
   </div>
   <div class='ocr_carea' id='block_1_98' title="bbox 2276 5011 3667 5148">
    <p class='ocr_par' dir='ltr' id='par_1_98' title="bbox 2276 5011 3667 5148">
     <span class='ocr_line' id='line_1_100' title="bbox 2276 5011 3667 5148; baseline -0.016 -42"><span class='ocrx_word' id='word_1_800' title='bbox 2276 5011 2399 5106; x_wconf 61' lang='lat' dir='ltr'><strong><em>dem</em></strong></span> <span class='ocrx_word' id='word_1_801' title='bbox 2471 5056 2699 5118; x_wconf 86' lang='lat' dir='ltr'><strong><em>uterque</em></strong></span> <span class='ocrx_word' id='word_1_802' title='bbox 2758 5045 2986 5118; x_wconf 87' lang='lat' dir='ltr'><strong><em>populus</em></strong></span> <span class='ocrx_word' id='word_1_803' title='bbox 3019 5011 3330 5135; x_wconf 55' lang='lat' dir='ltr'><strong><em>vDominutn</em></strong></span> <span class='ocrx_word' id='word_1_804' title='bbox 3390 5011 3624 5148; x_wconf 41' lang='lat'><strong><em>51:13::</em></strong></span> <span class='ocrx_word' id='word_1_805' title='bbox 3619 5011 3667 5132; x_wconf 49' lang='grc' dir='ltr'><strong><em>ἐξ</em></strong></span> 
     </span>
    </p>
   </div>
   <div class='ocr_carea' id='block_1_99' title="bbox 2275 5115 3669 5233">
    <p class='ocr_par' dir='ltr' id='par_1_99' title="bbox 2275 5115 3669 5233">
     <span class='ocr_line' id='line_1_101' title="bbox 2275 5115 3669 5233; baseline -0.015 -38"><span class='ocrx_word' id='word_1_806' title='bbox 2275 5137 2492 5212; x_wconf 90' lang='lat' dir='ltr'><strong><em>quando</em></strong></span> <span class='ocrx_word' id='word_1_807' title='bbox 2538 5115 2743 5211; x_wconf 78' lang='lat' dir='ltr'><strong><em>pariter</em></strong></span> <span class='ocrx_word' id='word_1_808' title='bbox 2758 5115 2952 5191; x_wconf 48' lang='lat' dir='ltr'><strong><em>dudmi</em></strong></span> <span class='ocrx_word' id='word_1_809' title='bbox 2975 5142 3029 5191; x_wconf 89' lang='lat' dir='ltr'><strong><em>et</em></strong></span> <span class='ocrx_word' id='word_1_810' title='bbox 3051 5138 3230 5231; x_wconf 79' lang='lat' dir='ltr'><strong><em>gentes</em></strong></span> <span class='ocrx_word' id='word_1_811' title='bbox 3272 5124 3322 5179; x_wconf 78' lang='lat' dir='ltr'><strong><em>in</em></strong></span> 
     </span>
    </p>
   </div>
   <div class='ocr_carea' id='block_1_100' title="bbox 2276 5200 3667 5323">
    <p class='ocr_par' dir='ltr' id='par_1_100' title="bbox 2276 5200 3667 5323">
     <span class='ocr_line' id='line_1_102' title="bbox 2276 5200 3667 5323; baseline -0.019 -35"><span class='ocrx_word' id='word_1_812' title='bbox 2276 5200 2687 5288; x_wconf 72' lang='lat' dir='ltr'><strong><em>consenserunt.</em></strong></span> <span class='ocrx_word' id='word_1_813' title='bbox 2740 5226 2932 5282; x_wconf 88' lang='lat' dir='ltr'><strong><em>Postea</em></strong></span> <span class='ocrx_word' id='word_1_814' title='bbox 2980 5239 3108 5279; x_wconf 85' lang='lat' dir='ltr'><strong><em>vero</em></strong></span> <span class='ocrx_word' id='word_1_815' title='bbox 3152 5220 3401 5323; x_wconf 48' lang='lat' dir='ltr'><strong><em>signoruni</em></strong></span> <span class='ocrx_word' id='word_1_816' title='bbox 3435 5200 3667 5323; x_wconf 42' lang='grc' dir='ltr'><strong><em>Ἐξίζῇ</em></strong></span> 
     </span>
    </p>
   </div>
   <div class='ocr_carea' id='block_1_101' title="bbox 2276 5290 3556 5389">
    <p class='ocr_par' dir='ltr' id='par_1_101' title="bbox 2276 5290 3556 5389">
     <span class='ocr_line' id='line_1_103' title="bbox 2276 5290 3556 5389; baseline -0.02 -12"><span class='ocrx_word' id='word_1_817' title='bbox 2276 5321 2415 5379; x_wconf 89' lang='lat' dir='ltr'><strong><em>alter</em></strong></span> <span class='ocrx_word' id='word_1_818' title='bbox 2458 5319 2751 5374; x_wconf 81' lang='lat' dir='ltr'><strong><em>exterritus</em></strong></span> <span class='ocrx_word' id='word_1_819' title='bbox 2794 5317 2904 5389; x_wconf 85' lang='lat' dir='ltr'><strong><em>egit</em></strong></span> <span class='ocrx_word' id='word_1_820' title='bbox 2946 5308 3324 5387; x_wconf 76' lang='lat' dir='ltr'><strong><em>paenitentiam,</em></strong></span> <span class='ocrx_word' id='word_1_821' title='bbox 3357 5303 3402 5352; x_wconf 73' lang='lat' dir='ltr'><strong><em>et</em></strong></span> <span class='ocrx_word' id='word_1_822' title='bbox 3434 5290 3556 5352; x_wconf 64' lang='lat'><strong><em>1154&#39;“</em></strong></span> 
     </span>
    </p>
   </div>
   <div class='ocr_carea' id='block_1_102' title="bbox 2275 5408 3274 5483">
    <p class='ocr_par' dir='ltr' id='par_1_102' title="bbox 2275 5408 3274 5483">
     <span class='ocr_line' id='line_1_104' title="bbox 2275 5408 3274 5483; baseline -0.017 -12"><span class='ocrx_word' id='word_1_823' title='bbox 2275 5412 2490 5471; x_wconf 71' lang='lat' dir='ltr'><strong><em>Iudaeos</em></strong></span> <span class='ocrx_word' id='word_1_824' title='bbox 2532 5412 2777 5483; x_wconf 88' lang='lat' dir='ltr'><strong><em>increpat</em></strong></span> <span class='ocrx_word' id='word_1_825' title='bbox 2814 5408 3274 5479; x_wconf 45' lang='lat' dir='ltr'><strong><em>blaspliemantes,</em></strong></span> 
     </span>
    </p>
   </div>
   <div class='ocr_carea' id='block_1_103' title="bbox 2349 5490 3313 5578">
    <p class='ocr_par' dir='ltr' id='par_1_103' title="bbox 2349 5490 3313 5578">
     <span class='ocr_line' id='line_1_105' title="bbox 2349 5490 3313 5578; baseline -0.022 -16"><span class='ocrx_word' id='word_1_826' title='bbox 2349 5504 2464 5578; x_wconf 79' lang='lat' dir='ltr'><strong><em>[V.]</em></strong></span> <span class='ocrx_word' id='word_1_827' title='bbox 2506 5502 2550 5555; x_wconf 84' lang='lat' dir='ltr'><strong><em>A</em></strong></span> <span class='ocrx_word' id='word_1_828' title='bbox 2580 5511 2727 5557; x_wconf 74' lang='lat' dir='ltr'><strong><em>sexta</em></strong></span> <span class='ocrx_word' id='word_1_829' title='bbox 2754 5508 2927 5554; x_wconf 86' lang='lat' dir='ltr'><strong><em>autem</em></strong></span> <span class='ocrx_word' id='word_1_830' title='bbox 2959 5498 3086 5552; x_wconf 78' lang='lat' dir='ltr'><strong><em>liora</em></strong></span> <span class='ocrx_word' id='word_1_831' title='bbox 3113 5490 3313 5552; x_wconf 72' lang='lat' dir='ltr'><strong><em>tenebrat</em></strong></span> 
     </span>
    </p>
   </div>
   <div class='ocr_carea' id='block_1_104' title="bbox 2275 5586 3366 5671">
    <p class='ocr_par' dir='ltr' id='par_1_104' title="bbox 2275 5586 3366 5671">
     <span class='ocr_line' id='line_1_106' title="bbox 2275 5586 3366 5671; baseline -0.021 -18"><span class='ocrx_word' id='word_1_832' title='bbox 2275 5598 2571 5653; x_wconf 87' lang='lat' dir='ltr'><strong><em>universam</em></strong></span> <span class='ocrx_word' id='word_1_833' title='bbox 2594 5601 2802 5647; x_wconf 88' lang='lat' dir='ltr'><strong><em>terram.</em></strong></span> <span class='ocrx_word' id='word_1_834' title='bbox 2833 5586 3099 5662; x_wconf 86' lang='lat' dir='ltr'><strong><em>(Hieron.)</em></strong></span> <span class='ocrx_word' id='word_1_835' title='bbox 3147 5586 3241 5651; x_wconf 86' lang='lat' dir='ltr'><strong><em>Qui</em></strong></span> <span class='ocrx_word' id='word_1_836' title='bbox 3278 5586 3366 5671; x_wconf 60' lang='lat' dir='ltr'><strong><em>sct‘l</em></strong></span> 
     </span>
    </p>
   </div>
   <div class='ocr_carea' id='block_1_105' title="bbox 2274 5661 3410 5758">
    <p class='ocr_par' dir='ltr' id='par_1_105' title="bbox 2274 5661 3410 5758">
     <span class='ocr_line' id='line_1_107' title="bbox 2274 5661 3410 5758; baseline -0.02 -15"><span class='ocrx_word' id='word_1_837' title='bbox 2274 5685 2604 5758; x_wconf 84' lang='lat' dir='ltr'><strong><em>Evangelia,</em></strong></span> <span class='ocrx_word' id='word_1_838' title='bbox 2652 5681 2998 5753; x_wconf 86' lang='lat' dir='ltr'><strong><em>suspicantur</em></strong></span> <span class='ocrx_word' id='word_1_839' title='bbox 3040 5673 3248 5747; x_wconf 90' lang='lat' dir='ltr'><strong><em>eclipsin</em></strong></span> <span class='ocrx_word' id='word_1_840' title='bbox 3282 5661 3410 5758; x_wconf 48' lang='lat' dir='ltr'><strong><em>solist</em></strong></span> 
     </span>
    </p>
   </div>
   <div class='ocr_carea' id='block_1_106' title="bbox 2277 5749 3448 5847">
    <p class='ocr_par' dir='ltr' id='par_1_106' title="bbox 2277 5749 3448 5847">
     <span class='ocr_line' id='line_1_108' title="bbox 2277 5749 3448 5847; baseline -0.021 -13"><span class='ocrx_word' id='word_1_841' title='bbox 2277 5749 2603 5847; x_wconf 70' lang='lat' dir='ltr'><strong><em>statutisque</em></strong></span> <span class='ocrx_word' id='word_1_842' title='bbox 2652 5749 2986 5845; x_wconf 82' lang='lat' dir='ltr'><strong><em>temporibus</em></strong></span> <span class='ocrx_word' id='word_1_843' title='bbox 3038 5765 3267 5827; x_wconf 80' lang='lat' dir='ltr'><strong><em>accidere</em></strong></span> <span class='ocrx_word' id='word_1_844' title='bbox 3307 5749 3448 5813; x_wconf 62' lang='lat' dir='ltr'><strong><em>5016b</em></strong></span> 
     </span>
    </p>
   </div>
  </div>
