3898 6438
249 368 375 425 HM

1165 373 1515 433 COMMENT.
1554 373 1621 430 IN
1662 375 2093 436 ΜΑΤΤΗᾸΞΠΜ.
2132 410 2223 444 -,
2237 380 2363 437 LIB.
2409 380 2534 438 VIII.

3264 344 3267 349 ἱ
3340 386 3483 443 me.

249 484 448 545 Christi
479 491 552 551 ob
589 493 913 565 imperitiam
939 506 1101 564 super
1124 494 1573 550 resurrectionem
1595 494 1807 551 Domini
1832 500 1889 561 Α
1912 498 2145 557 cundum
2170 515 2327 571 suum
2351 497 2583 556 oiiicium
2606 499 2969 572 praebuerunt.
2993 474 3318 572 Intelligitur
3349 519 3469 577 ergc

253 577 646 650 interpretatos,
690 598 815 639 cum
844 583 1085 641 defectus
1110 584 1242 642 solis
1261 600 1536 655 nunquam
1563 586 1666 641 nisi
1687 594 1811 643 ortu

248 668 387 726 lunai
424 671 541 728 ﬁeri
578 675 766 731 soleat.
810 675 950 732 Nulli
998 686 1177 733 autem
1211 676 1429 734 dubium
1470 685 1551 734 est
1590 678 1809 736 Pascha:

244 770 482 832 tempore
520 763 701 820 lunam
742 765 911 823 fuisse
951 768 1338 840 plenissimam.
1388 768 1457 824 Et
1492 782 1559 825 ne
1581 767 1810 825 forsitan

240 855 510 912 videretur
534 858 725 914 umbra
746 867 926 926 terrae,
950 860 1033 916 vel
1061 861 1210 917 orbis
1229 860 1316 916 vel
1351 860 1510 927 lunae,
1539 861 1641 917 soli
1662 862 1806 917 obsi-

243 954 327 1003 tus
348 950 541 1006 breves
566 957 623 1006 et
644 950 982 1024 ferrugineas
1002 952 1194 1009 fecisse
1218 955 1495 1020 tenebras,
1525 955 1688 1010 trium
1716 956 1811 1009 ho-

240 1054 420 1096 rarum
459 1042 691 1111 spatium
718 1042 955 1113 ponitur,
988 1050 1047 1097 ut
1070 1044 1247 1099 omnis
1274 1045 1614 1100 causantium
1654 1058 1811 1100 occa-

238 1127 319 1181 sio
340 1128 634 1184 tolleretur.
676 1131 743 1184 Et
781 1132 884 1187 hoc
928 1131 1125 1187 factum
1175 1148 1317 1200 reor,
1364 1142 1427 1189 ut
1470 1134 1805 1205 compleatur

234 1220 516 1289 pmphetia
555 1221 742 1278 dicens
768 1241 780 1277 :
808 1222 1061 1279 Occubuit
1107 1224 1187 1279 sol
1220 1225 1456 1292 meridie,
1486 1234 1535 1280 et
1565 1236 1806 1281 contene-

234 1306 470 1365 brabitur
502 1325 658 1380 super
692 1320 888 1366 terram
929 1314 984 1367 in
1016 1313 1100 1367 die
1129 1312 1222 1368 lux
1255 1313 1456 1385 (Amos.
1480 1314 1619 1384 vin).
1651 1315 1720 1370 Et
1743 1316 1799 1370 in

230 1398 339 1453 alio
365 1398 485 1455 loco
509 1404 764 1458 occubuit
791 1404 872 1460 sol
906 1419 1028 1459 cum
1070 1406 1247 1461 adhuc
1276 1405 1451 1460 media
1474 1414 1617 1461 esset
1642 1406 1764 1462 dies
1786 1423 1801 1473 ;

230 1488 553 1561 videturque
579 1494 713 1549 mihi
743 1494 1101 1552 clarissimum
1131 1497 1312 1554 lumen
1347 1498 1554 1564 mundi,
1589 1499 1694 1554 hoc
1720 1507 1806 1554 est

229 1578 496 1638 luminare
535 1586 711 1657 majus
750 1588 1047 1644 retraxisse
1074 1588 1253 1646 radios
1291 1606 1438 1658 suos,
1465 1604 1535 1647 ne
1563 1602 1656 1645 aut
1674 1606 1805 1661 pen-

229 1672 447 1731 dentem
471 1677 680 1735 videret
714 1679 1020 1749 Dominum,
1055 1691 1149 1738 aut
1186 1683 1339 1754 impii
1369 1684 1804 1755 blasphemantes

225 1775 327 1819 sua
373 1765 493 1823 luce
560 1768 889 1827 fruerentur.
952 1773 1134 1846 (liam)
1184 1775 1253 1829 Et
1308 1775 1603 1829 notandum
1658 1774 1804 1845 quod

226 1856 489 1917 Dominus
537 1871 691 1918 sexta
758 1864 891 1920 hora
914 1906 930 1932 ,
966 1844 1089 1922 hoc
1115 1844 1218 1923 est
1258 1881 1542 1923 recessuro
1596 1882 1628 1921 a
1673 1844 1801 1923 cen-
1829 1844 1878 1906 Β

224 1955 313 2007 tro
342 1953 530 2009 mundi
559 1954 691 2022 sole,
717 1957 1009 2013 cruciﬁxus
1035 1959 1124 2014 sit.
1167 1958 1416 2017 Diluculo
1456 1966 1658 2027 autem,
1698 1960 1802 2016 hoc

222 2048 311 2097 est
352 2042 566 2101 oriente
599 2044 714 2116 jam
755 2047 886 2116 sole,
932 2050 1347 2107 resurrectionis
1389 2065 1503 2107 suae
1544 2053 1803 2124 mysteria

223 2134 541 2194 celebravit.
584 2137 741 2197 Statu
771 2142 916 2197 enim
943 2145 1202 2215 temporis
1236 2145 1470 2215 signavit
1503 2146 1647 2215 quod
1677 2144 1804 2202 ell‘e-

218 2234 316 2284 etu
334 2230 521 2299 operis
543 2232 809 2288 exhibuit.
853 2234 990 2302 Quia
1037 2244 1282 2293 mortuus
1312 2246 1395 2293 est
1429 2244 1652 2308 propter
1671 2253 1802 2309 pec-

218 2329 342 2375 cata
370 2333 579 2389 nostra,
615 2333 671 2381 et
698 2328 935 2383 surrexit
976 2338 1199 2400 propter
1228 2328 1674 2399 justiﬁeationem
1706 2348 1806 2389 no-

215 2418 417 2467 stram.
449 2413 585 2469 Nam
626 2416 696 2472 de
731 2418 902 2474 Adam
944 2430 1202 2491 peccante
1232 2423 1495 2494 scriptum
1521 2430 1625 2491 est,
1656 2425 1801 2495 quod

214 2502 459 2559 audierit
498 2519 689 2561 vocem
732 2507 945 2564 Domini
996 2511 1093 2566 Dei
1130 2512 1524 2569 deambulantis
1554 2514 1609 2568 in
1644 2529 1804 2584 para-

212 2592 336 2650 diso
355 2596 433 2652 ad
461 2612 648 2653 auram
672 2607 797 2669 post
819 2601 1101 2657 meridiem
1135 2601 1288 2674 (Gen.
1313 2603 1421 2676 ιιι).
1466 2600 1598 2660 Post
1637 2606 1802 2660 meri—

212 2686 390 2761 diem,
426 2704 661 2760 namque
686 2692 943 2748 inclinata
980 2694 1103 2749 luce
1136 2694 1280 2751 ﬁdei.
1313 2695 1397 2750 Ad
1431 2711 1618 2751 auram
1647 2710 1799 2763 vero,

210 2779 616 2853 refrigescente
654 2783 868 2841 fervore
898 2787 1197 2842 charitatis.
1229 2788 1589 2843 Deambulans
1619 2796 1800 2844 autem

212 2874 549 2931 audiebatur
568 2877 697 2947 quia
720 2878 788 2934 ab
812 2880 1031 2935 homine
1057 2889 1318 2951 peccante
1347 2889 1667 2938 recesserat.
1691 2881 1799 2938 Ba-

212 2966 390 3024 tionis
430 2968 596 3039 igitur
622 2971 731 3027 imo
759 2971 953 3028 divinae
996 2974 1213 3045 pietatis
1253 2978 1388 3031 ordo
1423 2977 1703 3046 poscebat,
1741 2984 1805 3032 ut

211 3058 412 3116 eodem
452 3062 713 3132 temporis
737 3063 968 3119 articulo
988 3079 1096 3134 quo
1121 3073 1249 3121 tunc
1274 3064 1403 3122 Adae
1425 3044 1802 3136 praevaricanti
1837 3044 1879 3125 ΪῘ

211 3150 548 3219 occluserat,
583 3169 730 3209 nunc
762 3155 959 3212 latroni
988 3154 1246 3211 Dominus
1273 3158 1560 3227 poenitenti
1577 3158 1800 3229 januam
1828 3152 1877 3229 ,ί

213 3242 459 3312 paradisi
498 3253 787 3314 reseraret,
819 3254 876 3301 et
914 3261 1020 3317 qua
1060 3248 1196 3303 hora
1235 3249 1443 3319 primus
1478 3249 1649 3306 Adam
1678 3263 1802 3321 pec—

218 3333 398 3389 cando
422 3340 655 3391 mortem
680 3336 808 3393 huic
843 3337 1042 3394 mundo
1074 3339 1298 3407 invexit,
1330 3340 1520 3395 eadem
1554 3341 1688 3396 hora
1714 3354 1801 3397 se-

218 3426 433 3482 cundus
468 3426 643 3483 Adam
676 3437 907 3485 mortem
940 3432 1219 3488 moriendo
1248 3433 1575 3490 destrueret.
1615 3433 1798 3508 (Aug.)

218 3516 333 3573 Nec
380 3521 814 3589 praetereundum
853 3525 995 3594 quod
1032 3533 1160 3581 sunt
1190 3525 1283 3596 qui
1313 3524 1645 3581 arbitrentur
1665 3528 1800 3583 hora

215 3608 441 3678 quidem
482 3611 641 3667 tertia
683 3612 971 3671 Dominum
1008 3616 1345 3684 cruciﬁxum,
1376 3633 1407 3672 a
1434 3626 1587 3674 sexta
1618 3622 1799 3675 autem

216 3698 357 3753 hora
384 3701 639 3758 tenebras
658 3701 833 3760 factas
853 3720 1022 3775 usque
1042 3708 1108 3762 ad
1138 3723 1355 3774 nonam,
1385 3717 1446 3763 ut
1469 3718 1800 3779 consumptae

214 3786 594 3860 intelligantur
619 3799 733 3849 tres
760 3792 928 3863 horae,
958 3809 1025 3851 ex
1055 3812 1162 3867 quo
1192 3798 1484 3854 cruciﬁxus
1512 3808 1596 3854 est
1628 3814 1800 3870 usque

218 3879 291 3935 ad
326 3882 582 3940 tenebras
606 3883 796 3942 factas.
826 3886 895 3942 Et
919 3897 1103 3959 posset
1127 3889 1343 3960 quidem
1368 3890 1471 3946 hoc
1497 3890 1797 3948 rectissime

216 3972 472 4047 intelligi,
501 3977 606 4033 nisi
634 3977 870 4037 Joannes
893 3980 1097 4037 diceret
1125 3982 1259 4038 hora
1292 3983 1445 4054 quasi
1474 3991 1628 4040 sexta
1659 3982 1801 4039 Pila-

214 4072 336 4122 tum
387 4068 614 4125 rediisse
654 4086 757 4142 pro
787 4071 1044 4128 tribunali
1087 4072 1146 4128 in
1188 4074 1308 4130 loco
1344 4074 1437 4144 qui
1474 4073 1672 4130 dicitur
1710 4072 1801 4129 Li-

212 4157 537 4225 tbostrotos,
563 4159 824 4217 Hebraice
849 4171 1028 4218 autem
1048 4162 1349 4221 Gabbatha.
1377 4164 1633 4235 Sequitur
1657 4164 1801 4233 enim

208 4265 496 4321 parasceve
525 4250 747 4307 Pascha!
766 4253 896 4307 hora
915 4254 1068 4323 quasi
1088 4264 1259 4321 sexta,
1304 4265 1352 4310 et
1393 4254 1518 4309 dicit
1550 4254 1796 4310 Judwis:

214 4341 358 4397 Ecce
386 4358 481 4397 rea:
503 4351 689 4411 uester,
729 4351 835 4401 etc.
868 4343 927 4400 Si
952 4347 1120 4418 igitur
1154 4348 1289 4403 hora
1328 4349 1485 4419 quasi
1524 4356 1681 4404 sexta
1709 4347 1801 4402 Pi—

204 4432 329 4490 lato
370 4435 590 4490 sedente
627 4450 726 4506 pro
761 4436 1014 4492 tribunali
1037 4438 1269 4494 traditus
1293 4445 1378 4495 est
1403 4438 1798 4510 cruciﬁgendus

211 4523 439 4592 Iudaeis,
486 4527 761 4597 quomodo
802 4527 938 4582 hora
984 4529 1144 4584 tertia
1194 4529 1487 4585 cruciﬁxus
1525 4537 1627 4595 est,
1663 4529 1804 4584 sicut
1829 4568 1884 4629 Β

210 4620 388 4675 verba
447 4633 556 4695 non
616 4619 975 4692 intelligentes
1018 4622 1238 4691 quidam
1284 4630 1628 4693 putaverunt.
1683 4621 1804 4681 lam

210 4718 371 4767 certe
417 4710 631 4766 dixerat
672 4710 906 4782 Marcus,
952 4712 1022 4767 Et
1059 4715 1421 4785 cruci/ﬁgentes
1461 4731 1579 4769 eum
1616 4714 1804 4768 divise-

209 4810 345 4859 runt
385 4803 693 4858 vestimenta
734 4804 870 4883 ejus.
905 4803 964 4860 Si
992 4818 1124 4878 ergo
1150 4805 1269 4877 ejus
1297 4806 1376 4861 rei
1405 4815 1571 4875 gestae
1595 4814 1806 4874 tempus

212 4891 391 4949 voluit
417 4906 867 4961 commemorare,
906 4895 1174 4951 sufﬁceret
1204 4897 1425 4953 dicere:
1454 4896 1589 4951 Erat
1631 4903 1805 4950 autem

209 4983 351 5040 hora
376 4982 572 5049 tertia;
595 4991 656 5040 ut
680 4985 813 5056 quid
840 4984 1105 5057 adiunxit,
1136 4985 1204 5042 Et
1246 4988 1621 5058 cruciﬁxerunt
1648 4987 1807 5042 eum?

210 5073 323 5130 nisi
364 5073 496 5144 quia
540 5072 713 5130 voluit
761 5074 964 5147 aliquid
1010 5076 1417 5147 recapitulando
1464 5077 1800 5150 signiﬁcare,

211 5164 366 5236 quod
399 5166 686 5235 quaesitum
712 5168 1073 5237 inveniretur,
1102 5186 1226 5226 cum
1253 5168 1533 5243 Scriptura
1561 5172 1674 5243 ipsa
1698 5170 1806 5227 illis

210 5255 557 5327 temporibus
585 5256 874 5331 legeretur,
915 5261 1113 5333 quibus
1134 5262 1401 5319 universae
1424 5262 1684 5319 Ecclesia:
1707 5277 1805 5319 no-

210 5358 336 5407 tum
379 5357 500 5405 erat
536 5366 643 5422 qua
687 5353 824 5409 hora
865 5354 1125 5413 Dominus
1160 5356 1307 5429 ligno
1347 5374 1645 5430 suspensus
1682 5364 1800 5415 est:

209 5442 365 5499 unde
396 5450 581 5513 posset
607 5441 768 5514 hujus
790 5446 876 5502 vel
902 5462 1056 5504 error
1078 5451 1302 5521 corrigi,
1341 5450 1427 5506 vel
1463 5450 1803 5507 mendacium

213 5534 468 5591 refutari.
525 5534 632 5592 Sed
687 5536 815 5609 quia
869 5538 1076 5596 sciebat
1120 5557 1149 5596 a
1197 5541 1459 5597 militibus
1516 5541 1801 5611 Dominum

210 5625 542 5683 cruciﬁxum
582 5641 692 5683 non
733 5644 766 5683 a
807 5628 1037 5697 Iudaeis,
1073 5633 1285 5688 occulte
1319 5633 1611 5689 ostendere
1632 5631 1804 5687 voluit

210 5731 315 5776 eos
338 5721 517 5792 magis
545 5722 883 5781 cruciﬁxisse
908 5726 1000 5795 qui
1029 5726 1400 5782 clamaveruut
1426 5734 1488 5781 ut
1515 5723 1805 5796 cruciﬁge-

204 5817 402 5905 retur,
429 5828 594 5887 quam
634 5816 755 5876 illos
797 5818 890 5890 qui
927 5818 1292 5878 ministerium
1330 5818 1566 5894 principi
1593 5832 1693 5880 suo
1717 5831 1806 5879 se-

1910 587 2076 645 fuisse
2114 589 2251 645 hora
2280 590 2439 645 tertia
2463 605 2585 647 cum
2613 590 2980 646 clamaverunt
3017 586 3187 645 Judaei
3212 600 3272 646 ut
3300 591 3470 648 Domi-

1912 698 2015 738 nus
2071 682 2497 754 cruciﬁgeretur.
2552 683 2621 739 Et
2674 683 3021 740 veracissime
3076 683 3473 741 demonstratur

1908 780 2038 831 tunc
2066 790 2158 831 eos
2185 775 2516 831 cruciﬁxisse
2565 775 2780 847 quando
2826 775 3197 839 clamaverth
3240 777 3475 833 maxime

1908 865 2033 935 quia
2077 865 2329 922 nolebant
2369 867 2543 922 videri
2589 881 2648 923 se
2695 867 2801 923 hoc
2844 865 3054 941 fecisse,
3100 875 3158 924 et
3194 877 3478 941 propterea

1907 969 2028 1010 eum
2057 955 2228 1012 Pilato
2259 957 2630 1013 tradiderant:
2656 957 2801 1028 quod
2825 972 3014 1013 eorum
3041 957 3207 1014 verba
3237 958 3368 1015 satis
3393 958 3481 1016 in-

1907 1047 2089 1102 dicant
2126 1048 2422 1104 secundum
2467 1049 2747 1104 Joannem.
2797 1047 2949 1114 Quod
2984 1063 3114 1120 ergo
3143 1049 3377 1105 maxime
3401 1049 3482 1104 vi-

1907 1137 2021 1192 deri
2065 1152 2124 1193 se
2162 1136 2351 1194 fecisse
2382 1137 2655 1205 nolebant,
2685 1138 2790 1195 huc
2814 1152 2907 1194 eos
2933 1137 3068 1193 hora
3099 1138 3257 1194 tertia
3286 1137 3483 1194 fecisse

1904 1225 2118 1283 Marcus
2159 1230 2430 1295 ostendit,
2488 1229 2767 1285 verissima
2810 1229 3061 1301 judicans
3105 1232 3277 1302 magis
3317 1230 3483 1285 fuisse

1906 1319 2118 1375 Domini
2160 1322 2485 1378 necatricem
2528 1321 2763 1392 linguam
2808 1318 3119 1378 Judieorum
3144 1337 3307 1393 quam
3342 1321 3483 1377 mili-

1907 1419 2022 1468 tum
2046 1428 2258 1468 manus.

1976 1502 2047 1556 Et
2072 1504 2209 1557 circa
2232 1504 2415 1558 horam
2438 1520 2631 1559 nonam
2650 1501 2892 1559 clamavit
2917 1502 3075 1559 Iesus
3100 1519 3221 1558 voce
3242 1519 3434 1574 magna
3460 1515 3478 1554 :

1906 1591 2051 1659 Heli,
2079 1591 2221 1659 Heli,
2252 1591 2716 1660 Lamasabathani,
2738 1593 2836 1648 hoc
2856 1603 2954 1660 est,
2976 1593 3117 1649 Deus
3142 1610 3309 1659 meus,
3340 1593 3481 1648 Deus

1904 1701 2070 1752 meus,
2118 1694 2173 1739 ut
2219 1686 2342 1758 quid
2389 1703 2471 1741 me
2516 1685 2888 1759 dereliquisti?
2926 1686 3200 1756 Principio
3239 1685 3482 1741 vicesimi

1904 1775 2067 1847 primi
2111 1776 2303 1847 psalmi
2347 1776 2546 1831 abusus
2570 1782 2672 1841 est,
2703 1775 2831 1830 illud
2856 1775 2998 1846 quod
3026 1775 3082 1830 in
3106 1776 3283 1831 medio
3312 1776 3483 1829 versi—

1904 1868 2012 1925 culi
2038 1869 2272 1940 ~legitur,
2321 1867 2531 1940 Respice
2555 1868 2612 1921 in
2638 1883 2741 1933 me,
2777 1866 3105 1937 superﬂuum
3129 1874 3229 1922 est.
3258 1866 3483 1937 Legitur

1904 1962 2049 2017 enim
2080 1961 2133 2016 in
2162 1961 2407 2027 Hebraeo,
2446 1960 2587 2014 Deus
2621 1975 2792 2025 meus,
2818 1956 2967 2013 Deus'
2999 1974 3164 2024 meus,
3198 1974 3362 2029 quare
3401 1973 3484 2010 me

1903 2054 2243 2126 dereliquisti.
2287 2051 2467 2128 (ΗΑΒ.)
2510 2050 2622 2107 Nec
2675 2051 2892 2106 mireris
2939 2049 3227 2106 verborum
3265 2047 3484 2103 humili—

1905 2155 2092 2213 tatem,
2136 2144 2502 2216 querimonias
2545 2141 2785 2197 derelicti
2808 2181 2823 2207 ,
2879 2154 3003 2195 cum
3049 2137 3280 2195 formam
3334 2138 3480 2193 servi

1904 2238 2107 2305 sciens,
2136 2236 2449 2293 scandalum
2473 2234 2652 2290 crucis
2667 2232 2873 2288 videas.
2903 2230 3058 2287 Sicut
3077 2230 3222 2285 enim
3246 2229 3477 2294 esurire,

1904 2340 1960 2388 et
2007 2331 2179 2397 sitire,
2207 2337 2263 2386 et
2305 2328 2541 2400 fatigari,
2593 2342 2703 2382 non
2732 2331 2886 2380 erant
2913 2322 3132 2394 propria
3157 2319 3476 2384 divinitatis,

1905 2422 2001 2478 sed
2024 2420 2332 2493 corporales
2353 2418 2652 2491 passiones,
2678 2416 2753 2471 ita
2777 2424 2834 2471 et
2863 2413 2989 2485 quia
3021 2412 3238 2477 dicitur,
3265 2409 3331 2465 Ut
3353 2410 3481 2481 quid

1904 2531 1986 2569 me
2015 2512 2332 2585 dereliquisti
2349 2512 2374 2564 1’
2396 2509 2694 2580 corporalis
2714 2506 2864 2562 vocis
2888 2510 3008 2560 erat
3027 2502 3325 2573 proprium,
3354 2498 3484 2568 quia

1905 2603 2043 2662 solet
2059 2604 2354 2659 secundum
2373 2608 2622 2656 naturam
2643 2614 2842 2671 corpus
2854 2596 3162 2652 nullatenus
3185 2593 3320 2648 velle
3334 2590 3483 2663 asihi

1906 2694 2192 2765 conjuncta
2227 2695 2340 2749 vita
2367 2692 2630 2748 fraudari.
2659 2691 2813 2747 Licet
2844 2690 2988 2746 enim
3017 2695 3073 2743 et
3092 2686 3207 2757 ipse
3235 2682 3485 2738 Salvator

1906 2785 2121 2841 dicebat
2142 2785 2264 2851 hoc,
2295 2784 2389 2840 sed
2413 2783 2631 2855 proprie
2653 2781 2975 2837 ostendebat
3000 2776 3244 2848 corporis
3271 2772 3484 2845 fragili-

1906 2884 2107 2943 tatem,
2151 2889 2376 2932 manens
2421 2876 2596 2930 virtus
2621 2883 2677 2931 et
2720 2872 2988 2945 sapientia
3037 2870 3153 2926 Dei.
3197 2866 3381 2941 (Aug.)
3412 2866 3487 2924 Ut

1850 3002 1863 3037 ί
1905 2968 2070 3025 homo
2122 2981 2249 3039 ergo
2305 2967 2560 3038 loquitur,
2614 2966 2670 3021 in
2724 2981 2818 3022 eos
2868 2961 3256 3020 circumferens
3304 2967 3484 3015 motus

1825 5865 1848 5883 .'
1865 5868 1877 5883 ι’

1816 5889 1826 5899 ρ
1861 5888 1897 5901 αι.

1908 3061 2050 3131 quod
2082 3060 2136 3115 in
2172 3059 2429 3131 periculis
2458 3057 2620 3131 positi
2649 3072 2682 3111 a
2706 3057 2818 3112 Deo
2849 3070 2952 3112 nos
2981 3054 3156 3110 deseri
3184 3059 3480 3123 putamus:

1884 3140 1969 3209 'ut
2003 3153 2166 3228 homo
2209 3151 2479 3217 turbatur,
2516 3157 2576 3204 ut
2600 3150 2762 3204 homo
2789 3146 2902 3214 ﬁet,
2933 3154 2995 3202 ut
3022 3144 3187 3200 homo
3214 3139 3489 3212 cruciﬁgi-

1911 3253 2022 3301 tur.
2064 3243 2346 3312 Quomodo
2372 3242 2519 3299 enim
2543 3238 2708 3296 Pater
2733 3240 2984 3295 deserere
3007 3234 3185 3308 potuit
3208 3231 3407 3287 Filium
3431 3230 3487 3286 in

1908 3335 2162 3411 passione
2181 3377 2195 3402 ,
2246 3349 2369 3390 cum
2418 3329 2803 3402 inseparabiles
2849 3327 2958 3383 sint
3005 3326 3061 3381 in
3102 3330 3294 3380 natura
3346 3320 3487 3377 sicut

1908 3432 2026 3503 ipse
2052 3429 2221 3486 Filius
2250 3436 2497 3484 testatur.
2530 3424 2634 3492 Qui
2654 3441 2735 3480 me
2761 3423 2903 3479 misit
2936 3435 3141 3476 mecum
3163 3427 3259 3486 est,
3292 3432 3383 3471 nec
3404 3431 3487 3471 me

1908 3521 2184 3593 dereliquit
2227 3519 2427 3592 (Joan.
2482 3517 2643 3590 vm).
2700 3515 2819 3572 Non
2854 3529 2983 3586 ergo
3021 3509 3200 3569 deseri
3251 3526 3281 3565 a
3321 3508 3486 3564 Patre

1906 3613 2085 3686 potuit
2117 3612 2308 3678 Filius,
2341 3611 2467 3682 quia
2496 3609 2660 3665 Pater
2686 3617 2741 3663 et
2776 3606 2948 3663 Filius
2973 3621 3081 3661 non
3109 3602 3489 3672 derelinquunt

1908 3714 2191 3781 sperantes
2232 3704 2289 3759 in
2333 3718 2409 3760 se.
2453 3701 2701 3758 Humana
2728 3700 2871 3755 enim
2898 3705 3095 3754 natura
3116 3702 3339 3766 propter
3367 3705 3488 3763 pec-

1907 3806 2089 3853 catum
2119 3794 2375 3851 derelicta
2412 3791 2612 3860 fuerat,
2651 3801 2706 3849 et
2744 3790 2958 3846 deserta
2988 3804 3019 3843 a
3046 3787 3175 3842 Deo.
3219 3784 3326 3840 Sed
3361 3781 3489 3853 quia

1907 3884 2079 3943 Filius
2117 3883 2292 3941 factus
2334 3891 2420 3940 est
2464 3890 2649 3939 noster
2696 3881 2990 3937 advocatus
3039 3884 3094 3932 et
3144 3872 3451 3930 causidicus
3470 3911 3486 3937 ,

1908 3977 2030 4034 ideo
2055 3992 2283 4057 quorum
2310 3975 2548 4046 suscepit
2571 3982 2821 4029 naturam
2846 3984 3037 4028 eorum
3055 3966 3300 4039 deplorat
3325 3963 3488 4020 mise—

1907 4055 2080 4126 riam.
2099 4069 2220 4141 Ipsa
2253 4069 2397 4124 enim
2418 4078 2621 4144 natura
2647 4080 2808 4136 quam
2839 4061 2930 4118 ille
2961 4064 3298 4131 susceperat,
3334 4055 3487 4111 dere-

1906 4162 2038 4219 licta
2064 4162 2239 4217 fuerat
2266 4177 2297 4216 a
2320 4160 2507 4227 Patre,
2537 4173 2648 4216 non
2680 4156 2871 4222 Filius,
2900 4155 2993 4226 qui
3030 4167 3137 4209 una
3172 4165 3295 4207 cum
3325 4147 3487 4203 Patre

1907 4261 2011 4310 est.
2043 4251 2397 4320 Ostenditque
2422 4257 2685 4320 quantum
2709 4246 2839 4301 ﬁere
2866 4245 3095 4301 debeant
3118 4242 3209 4314 qui
3238 4249 3484 4313 peccant,

1908 4343 2124 4413 quando
2150 4342 2229 4397 sic
2248 4340 2395 4395 ﬂevit
2420 4340 2513 4408 qui
2544 4352 2816 4406 nunquam
2857 4333 3117 4405 peccavit.
3156 4332 3226 4387 Et
3254 4330 3489 4386 ostendit

1910 4448 2074 4505 quam
2114 4432 2386 4503 patientes
2414 4437 2469 4485 et
2490 4436 2771 4499 sperantes
2798 4427 3030 4482 debeant
3069 4438 3190 4481 esse
3224 4424 3366 4478 inter
3393 4421 3487 4477 tia-

1912 4526 2067 4600 gella,
2099 4526 2190 4597 qui
2214 4532 2530 4597 peccatores
2556 4529 2702 4587 sunt,
2731 4520 2945 4590 quando
2975 4519 3090 4589 ipse
3113 4515 3181 4571 ad
3210 4516 3488 4571 immorta-

1908 4619 2118 4676 litatem
2144 4634 2253 4675 non
2289 4617 2392 4672 nisi
2421 4629 2519 4687 per
2543 4621 2773 4668 mortem
2798 4609 3068 4679 transivit.

1983 4709 2213 4777 Quidam
2252 4717 2425 4763 autem
2445 4702 2573 4775 liltic
2605 4710 2800 4757 stantes
2827 4708 2876 4755 et
2907 4699 3176 4755 audientes
3203 4696 3443 4759 dicebant
3467 4712 3486 4749 :

1910 4801 2089 4858 Etiam
2125 4808 2275 4855 vocat
2313 4798 2430 4853 iste.
2469 4797 2586 4852 Non
2613 4808 2824 4861 omnes,
2854 4792 2950 4849 sed
2998 4791 3216 4862 quidam
3242 4803 3377 4860 quos
3403 4804 3489 4842 ar-

1906 4889 2084 4948 bitror
2107 4887 2306 4944 milites
2337 4886 2505 4942 fuisse
2529 4885 2826 4961 Romanos,
2852 4897 2963 4938 non
2989 4879 3351 4951 intelligentes
3375 4892 3490 4933 ser-

1908 4982 2089 5040 monis
2108 4979 2359 5037 Hebraici
2380 4977 2768 5051 proprietatem
2797 5015 2813 5042 ,
2846 4972 2942 5030 sed
2961 4986 3027 5029 eo
3051 4969 3196 5042 quod
3217 4968 3353 5024 dixit
3373 4966 3483 5033 Eli,

1911 5078 2021 5145 Eii,
2058 5084 2311 5149 putantes
2358 5075 2531 5131 Eliam
2573 5075 2642 5131 ab
2683 5089 2748 5130 eo
2787 5070 3117 5127 invocatum.
3166 5065 3265 5122 Sin
3307 5072 3488 5125 autem

1910 5167 2125 5225 ludat-os
2153 5166 2246 5238 qui
2282 5166 2387 5222 hoc
2417 5165 2653 5221 dixerint
2679 5162 2981 5234 intelligere
3006 5158 3268 5224 volueris,
3296 5164 3353 5213 et
3385 5156 3489 5213 hoc

1909 5270 2065 5315 more
2108 5257 2216 5313 sibi
2260 5255 2417 5312 solito
2455 5254 2663 5309 iaciunt
2703 5259 2764 5308 ut
2806 5251 3095 5307 Dominum
3118 5244 3490 5309 imbecillitate

1914 5348 2199 5416 infament,
2230 5346 2324 5419 qui
2344 5345 2475 5401 Elian
2498 5343 2756 5400 auxilium
2779 5341 3116 5411 deprecetur.

1981 5440 2321 5496 Et'continuo
2345 5452 2558 5493 currens
2584 5450 2721 5490 unus
2741 5449 2806 5488 ea;
2826 5432 2904 5487 eis
2928 5435 3193 5501 acceptam
3217 5425 3492 5499 spongiam

1906 5533 2135 5607 implevit
2170 5514 2335 5596 aceto,
2370 5540 2417 5585 et
2455 5530 2703 5600 imposuit
2746 5524 3017 5589 arundini,
3063 5529 3115 5577 et
3151 5517 3311 5576 dabat
3338 5516 3388 5572 ei
3413 5513 3491 5607 bi—

1908 5605 2045 5682 bere.
2080 5623 2263 5699 (Rm)
2298 5622 2472 5690 Quam
2508 5622 2579 5676 ob
2614 5633 2834 5676 causam
2877 5614 3106 5673 Domino
3152 5618 3367 5699 acetum
3416 5605 3493 5693 sit

1907 5718 2059 5792 potui
2080 5696 2266 5772 datum
2284 5712 2521 5770 Joannes
2546 5709 2784 5768 ostendit
2806 5707 3020 5781 plenius
3040 5704 3225 5762 dicens
3247 5717 3262 5755 :
3292 5696 3492 5765 Postea

1911 5810 2081 5873 aciem
2122 5808 2290 5894 lctus”
2328 5808 2454 5886 quia
2485 5806 2605 5891 jam
2646 5802 2823 5865 omnia
2855 5804 3216 5888 consummata
3248 5799 3390 5859 sunt,
3432 5795 3491 5842 ut

1840 5962 1869 5997 ν
