3898 6470
584 456 724 513 114⁸5

1232 455 1292 509 B.
1335 451 1590 507 meam
1627 447 1847 505 suum
1881 442 2200 500 ARCHIEP.
2243 441 2548 499 uocum.
2592 439 2874 496 ornuun
2907 441 3088 497 PARS
3126 437 3163 496 ιζ
3600 458 3675 514 μη

580 585 1036 629 consummantur
1072 569 1349 637 Scriptura
1371 563 1518 629 dicit,
1547 562 1701 617 Sitio.
1746 559 1850 614 Vas
1873 575 1994 630 ergo
2023 573 2114 627 pos

2137 585 2160 596 ..
2184 555 2240 617 Α
2261 570 2366 623 que
2408 553 2474 607 ad
2515 551 2772 622 populum
2803 559 3079 604 transeant
3105 560 3380 607 nationum.
3418 564 3527 613 Ante
3556 566 3676 622 simi

581 672 695 717 tum
723 669 836 715 erat
863 667 1009 714 aceto
1028 656 1256 728 plenum.
1296 654 1388 708 Illi
1431 658 1605 709 autem
1643 651 1914 721 spongiam
1955 646 2164 718 plenam

584 761 731 808 aceto
781 750 1000 819 hyssopo
1047 746 1530 817 circumponentes,
1573 741 1868 797 obtulerunt
1901 739 1982 792 ori
2027 737 2161 806 ejus.

584 840 767 912 (Aug.)
809 838 954 894 Vidit
982 854 1112 908 ergo
1147 837 1404 907 quoniam
1433 841 1804 890 consummata
1835 838 1961 887 sunt
1983 829 2163 884 omnia

582 947 701 1001 quae
727 929 1010 1000 oportebat
1048 936 1106 982 ut
1129 927 1321 982 ﬁerent
1340 936 1627 996 antequam
1657 925 1926 994 acciperet
1953 931 2163 976 acetum

581 1035 638 1082 et
667 1027 908 1081 traderet
941 1024 1227 1094 spiritum;
1262 1030 1424 1093 atque
1468 1030 1527 1075 ut
1565 1021 1667 1075 hoc
1704 1020 1866 1073 etiam
1909 1031 2163 1072 consum-

581 1124 822 1172 maretur
867 1115 1010 1185 quod
1053 1114 1169 1167 ait:
1199 1113 1267 1167 Et
1311 1114 1367 1167 in
1409 1113 1496 1166 siti
1547 1119 1850 1181 potaverunt
1893 1125 1975 1162 me
2019 1117 2165 1161 aceto

583 1207 756 1279 (Psal.
789 1206 1003 1278 nxvm).
1036 1205 1192 1270 Sitio,
1231 1206 1426 1276 inquit,
1472 1213 1726 1274 tanquam
1769 1204 1872 1257 hoc
1919 1201 2161 1256 diceret:

581 1299 698 1355 Hoc
737 1301 918 1355 minus
967 1299 1192 1361 fecistis,
1241 1299 1365 1353 date
1405 1298 1549 1368 quod
1576 1297 1710 1352 estis
1737 1314 1750 1349 :
1777 1294 1944 1349 Judaei
1968 1293 2168 1362 quippe

585 1391 681 1460 ipsi
715 1400 864 1444 erant
899 1400 1134 1456 acetum,
1174 1392 1563 1460 degenerantes
1591 1405 1620 1443 a
1667 1390 1792 1443 vino
1829 1386 2166 1457 patriarcha-

585 1495 703 1532 rum
731 1488 786 1534 et
814 1480 1221 1549 prophetarum,
1254 1489 1508 1548 tanquam
1536 1480 1601 1534 de
1631 1479 1788 1549 pleno
1814 1493 1942 1533 vase
1968 1477 2034 1532 de
2063 1476 2167 1530 ini-

583 1568 792 1638 quitate
834 1569 1022 1623 mundi
1073 1570 1233 1640 hujus
1278 1570 1519 1640 impleti,
1575 1585 1669 1625 cor
1715 1569 1976 1624 habentes
2021 1566 2165 1622 velut

582 1662 862 1730 spongiam
907 1663 1216 1717 cavernosis
1265 1664 1662 1732 quodammodo
1702 1671 1862 1732 atque
1910 1661 2167 1716 tortuosis

584 1749 823 1804 latibulis
857 1750 1277 1806 fraudulentum.
1311 1752 1612 1823 l-lySSOpum
1648 1752 1734 1806 cui
1762 1752 2164 1822 circumposue-

584 1849 708 1895 runt
727 1842 1006 1911 spongiam
1039 1851 1192 1898 aceto
1222 1843 1432 1914 plenam
1462 1844 1717 1913 quoniam
1755 1842 1922 1897 herba
1952 1852 2036 1896 est
2061 1842 2162 1896 hu-

585 1932 728 1986 milis
771 1941 824 1987 et
868 1943 1055 2002 pectus
1106 1943 1317 2005 purgat,
1359 1935 1528 2005 ipsius
1566 1934 1766 1988 Christi
1806 1933 2163 1988 humilitatem
2195 1917 2240 1975 Β

583 2035 946 2095 congruenter
991 2027 1265 2097 accipiens
1306 2044 1469 2098 quam
1509 2027 2000 2091 circumdederunt,
2033 2034 2087 2080 et
2108 2040 2166 2080 se

584 2117 1007 2174 circumvenisse
1035 2128 1377 2189 putaverunt.
1415 2119 1565 2175 Unde
1595 2126 1650 2174 et
1679 2119 1805 2174 illud
1838 2119 1892 2173 in
1919 2118 2124 2188 psalmo
2149 2135 2162 2171 :

586 2205 838 2278 Asperges
870 2227 950 2262 me
971 2211 1214 2280 hyssopo,
1259 2222 1306 2266 et
1337 2212 1628 2266 mundabor
1658 2210 1832 2283 (Psal.
1864 2210 1936 2280 ι),
1965 2210 2167 2266 Christi

587 2313 819 2368 namque
858 2301 1160 2356 humilitate
1202 2303 1544 2358 mundamur.
1578 2302 1714 2370 Quia
1744 2303 1848 2357 nisi
1884 2303 2168 2357 humilias-

587 2396 670 2443 set
698 2391 1048 2460 semetipsum
1077 2393 1253 2450 factus
1281 2395 1538 2449 obediens
1564 2394 1712 2449 Patri
1735 2409 1904 2464 usque
1930 2395 1998 2449 ad
2025 2410 2170 2449 mor-

586 2489 697 2536 tem
724 2484 924 2548 crucis,
964 2500 1070 2538 non
1111 2486 1297 2555 utique
1336 2486 1554 2555 sanguis
1594 2485 1709 2553 ejus
1740 2486 1792 2540 in
1822 2495 2169 2556 peccatorum

587 2572 984 2637 remissionem,
1019 2574 1124 2628 hoc
1145 2583 1228 2629 est
1258 2575 1312 2628 in
1342 2582 1582 2629 nostram
1610 2575 2014 2630 inundationem
2039 2575 2170 2629 fuisv

588 2671 671 2716 set
712 2662 932 2720 eﬂ'usus.
978 2665 1084 2721 Per
1125 2666 1442 2722 arundinem
1485 2682 1615 2722 vero
1661 2667 1747 2722 cui
1791 2667 2043 2736 imposita
2088 2675 2173 2722 est

589 2757 813 2827 spongia
865 2756 1143 2829 Scriptura
1187 2760 1542 2831 signiﬁcatur,
1575 2776 1693 2830 quae
1717 2759 2039 2829 implebatur
2067 2760 2172 2814 hoc

589 2849 751 2906 facto.
786 2849 939 2907 Sicut
968 2853 1115 2908 enim
1151 2854 1332 2925 lingua
1368 2854 1570 2909 dicitur
1606 2854 1688 2909 vel
1720 2853 1926 2919 erca,
1958 2853 2042 2908 vel
2070 2853 2174 2908 La-

593 2943 726 3008 tina,
759 2944 842 3000 vel
879 2945 984 3000 alia
1016 2947 1269 3016 quaelibet
1304 2963 1495 3002 sonum
1525 2946 1838 3018 signiﬁcans
1867 2947 1960 3016 qui
1989 2946 2171 3018 lingua

589 3036 877 3106 promitur,
912 3039 991 3094 sic
1027 3039 1234 3094 arundo
1269 3039 1372 3094 dici
1402 3049 1581 3110 potest
1619 3038 1798 3093 littera
1851 3054 1970 3108 qua:
2009 3053 2173 3092 arun-

593 3129 718 3184 dine
771 3131 1066 3196 scribitur;
1115 3133 1208 3188 sed
1259 3131 1650 3204 signiﬁcantius
1687 3145 1851 3186 sonos
1889 3131 2042 3185 vocis
2079 3131 2178 3183 liu-

593 3234 768 3276 manae
791 3222 1143 3278 usitatissime
1171 3222 1403 3279 dicimus
1425 3222 1653 3294 linguas.
1685 3221 2023 3292 Scripturam
2044 3235 2174 3276 vero

592 3311 908 3367 arundinem
960 3313 1066 3369 dici
1091 3329 1200 3384 quo
1252 3314 1431 3370 minus
1483 3315 1761 3381 usitatum,
1809 3329 1876 3369 eo
1903 3315 2074 3386 magis
2093 3321 2177 3369 est

596 3403 821 3472 mystice
851 3402 1164 3475 ﬁguratum.

665 3488 855 3544 theri
897 3509 1014 3547 vero
1064 3492 1304 3550 dicebant
1335 3511 1353 3549 :
1385 3495 1549 3562 Sine,
1598 3495 1863 3550 videamus
1901 3513 1970 3550 an
2007 3495 2174 3550 veniat

595 3580 745 3642 Elias
776 3581 1004 3639 liberans
1029 3603 1166 3640 eum.
1208 3587 1345 3654 Quia
1386 3604 1552 3659 prave
1592 3604 1783 3644 sonum
1815 3589 1960 3643 vocis
1988 3586 2174 3642 Domi-

597 3673 735 3728 nica:
768 3673 1160 3747 intelligebant,
1196 3679 1315 3735 ideo
1350 3681 1586 3736 inaniter
1609 3681 1897 3736 adventum
1927 3681 2054 3736 Elia:
2082 3695 2178 3735 ex-

593 3767 933 3834 spectabant.
968 3769 1134 3825 Deum
1157 3786 1287 3844 ergo
1311 3788 1470 3843 quem
1495 3789 1748 3830 sermone
1777 3772 2042 3830 Hebraico
2063 3771 2179 3829 Sal-

593 3866 748 4000 rigor
792 3857 1096 3928 invocabat,
1140 3861 1579 3933 inseparabiliter
1617 3879 1801 3920 secum
1831 3879 2044 3936 semper
2078 3865 2178 3919 ha-

631 3961 660 4000 e
698 3955 772 4000 at.

631 3955 772 4001 ebat.

619 4083 622 4087 .
664 4037 820 4094 Iesus
841 4050 1018 4095 autem
1045 4043 1235 4098 iterum
1259 4043 1495 4100 clamans
1511 4063 1629 4101 voce
1648 4062 1840 4117 magna
1867 4045 2040 4100 emisit
2062 4045 2173 4116 spi-

592 4128 767 4181 ritum.
799 4129 1075 4204 (Venant.)
1099 4132 1240 4199 Quid
1269 4135 1368 4190 hac
1396 4151 1528 4192 voce
1546 4152 1741 4205 magna
1767 4137 1964 4192 dixerit
1994 4137 2176 4192 Domi-

593 4231 696 4270 nus
744 4216 918 4273 Lucas
970 4230 1154 4288 aperte
1200 4222 1489 4294 designat:
1525 4223 1707 4290 Pater,
1733 4225 1788 4278 in
1829 4241 2018 4279 manus
2055 4234 2174 4279 tuas

592 4310 896 4365 commendo
947 4313 1186 4382 spiritum
1242 4331 1434 4370 meum.
1476 4316 1547 4370 Et
1594 4317 1726 4383 lucc,
1765 4318 1956 4388 inquit,
1994 4319 2173 4374 dicens

590 4402 870 4470 exspiravit
915 4403 1086 4477 (Psal.
1128 4407 1281 4480 xxx).
1316 4408 1469 4475 Quod
1524 4424 1652 4464 vero
1701 4410 1890 4466 scribit
1941 4408 2177 4465 Joannes

589 4492 733 4561 quod
762 4509 888 4550 cum
921 4499 1222 4569 accepisset
1251 4498 1409 4556 Iesus
1441 4509 1675 4566 acetum,
1703 4502 1842 4556 dixit
1870 4519 1883 4554 ι
1918 4501 2179 4556 Consum-

588 4593 787 4638 motum
827 4595 924 4650 est,
957 4598 1006 4642 et
1044 4590 1295 4645 inclinato
1333 4594 1500 4663 capite
1536 4593 1753 4647 tradidit
1778 4594 2020 4664 spiritum
2047 4607 2066 4645 :
2095 4594 2177 4646 in-

591 4683 673 4729 ter
704 4675 833 4732 illud
877 4679 1023 4748 quod
1065 4681 1180 4735 ait:
1211 4679 1646 4738 Consummatum
1671 4693 1768 4745 est,
1800 4692 1855 4740 et
1880 4683 2009 4739 illud
2037 4701 2052 4738 :
2081 4682 2177 4738 In-

587 4766 784 4824 clinato
824 4773 994 4842 capite
1028 4773 1248 4828 tradidit
1300 4775 1565 4845 spiritum,
1617 4778 1818 4833 emissa
1837 4786 1921 4834 est
1947 4777 2037 4833 illa
2072 4793 2178 4833 vox

587 4873 784 4928 magna
829 4877 995 4931 quam
1049 4865 1217 4920 tacuit
1269 4863 1545 4932 Joannes,
1596 4869 1781 4924 cmteri
1831 4878 2013 4924 autem
2066 4877 2179 4924 tres

586 4964 1176 5012 commemoraverunt.
1204 4957 1360 5026 Quod
1403 4969 1581 5016 autem
1617 4962 1769 5028 dicit,
1802 4961 1994 5017 Emisit
2019 4963 2179 5033 spiri-

585 5050 716 5106 tum,
749 5046 989 5101 ostendit
1023 5048 1220 5105 divinaa
1244 5053 1530 5121 potestatis
1559 5068 1682 5108 esse
1719 5055 1973 5110 emittere
2013 5055 2178 5124 spiri-

587 5141 728 5197 tum,
785 5146 846 5192 ut
895 5139 1010 5208 ipse
1055 5156 1271 5214 quoque
1311 5144 1553 5200 dixerat:
1585 5144 1754 5200 Nemo
1791 5155 1956 5216 potest
1993 5146 2177 5202 tollere

585 5227 818 5282 animam
843 5246 1014 5284 meam
1043 5249 1075 5285 a
1105 5249 1206 5298 me,
1237 5235 1329 5289 sed
1356 5252 1449 5307 ego
1479 5254 1614 5307 pono
1653 5253 1768 5292 eam
1794 5255 1826 5292 a
1847 5255 1948 5306 me,
1984 5248 2034 5294 et
2057 5256 2175 5294 rur-

583 5333 700 5369 sum
721 5321 980 5390 accipiam
1004 5339 1120 5377 eam
1145 5322 1328 5395 (Joan.
1358 5326 1438 5398 Χ).

657 5407 817 5482 [VIL]
848 5411 914 5466 Et
933 5431 1050 5470 ecce
1067 5415 1239 5471 celum
1266 5419 1443 5489 templi
1470 5423 1689 5476 scissum
1715 5433 1790 5478 est
1808 5424 1863 5478 in
1889 5424 2025 5479 duas
2047 5442 2174 5495 par-

582 5507 679 5565 tes,
701 5515 735 5553 a
758 5515 961 5556 summo
987 5521 1149 5576 usque
1171 5506 1436 5562 deorsum.
1463 5508 1728 5581 Josephus
1757 5527 1972 5582 quoque
2000 5513 2170 5568 refert

581 5589 812 5646 virtutes
867 5596 1137 5665 angelicas
1183 5599 1442 5670 praesides
1494 5603 1765 5671 quondam
1808 5603 1993 5673 templi
2037 5613 2167 5661 tunc

580 5682 788 5749 pariter
835 5685 1208 5744 conclamasse
1247 5709 1260 5745 :
1307 5690 1658 5746 Transeamus
1698 5693 1762 5747 ab
1803 5695 1884 5747 his
1931 5695 2160 5749 sedibus.

583 5770 862 5831 Scinditur
887 5777 1063 5832 velum
1095 5781 1295 5851 templi,
1330 5791 1404 5860 .ut
1440 5800 1566 5838 arca
1607 5787 1935 5848 testamenti,
1969 5797 2023 5840 et
2050 5803 2163 5842 om-

584 5864 675 5920 nia
712 5866 846 5938 legis
871 5881 1213 5950 sacramenta
1237 5889 1358 5945 quae
1385 5877 1708 5947 tegebantur
1736 5889 2051 5950 appareant,
2082 5890 2164 5937 at-

2269 647 2471 702 dictum
2515 644 2692 699 fuerat
2717 659 2732 697 :
2762 642 2934 697 Notus
2961 643 3015 696 in
3038 641 3225 698 Judtea
3247 643 3394 711 Deus,
3420 648 3465 701 in
3485 649 3604 706 Israel
3619 676 3678 712 ns.

2264 756 2423 810 gnum
2446 754 2630 792 nomen
2651 737 2784 806 ejus.
2812 735 2961 791 Nunc
2978 744 3157 790 autem
3174 753 3188 789 :
3203 735 3427 792 Esaitare
3445 756 3562 811 super
3575 748 3678 814 εωιω,

2267 834 2429 899 Deus,
2476 836 2537 888 et’
2559 850 2715 904 super
2766 849 3004 896 omnem,
3051 831 3237 901 inquit,
3287 840 3451 886 terram
3485 834 3603 903 gloria
3629 852 3678 894 tu

2267 921 2440 994 (Psal.
2457 921 2640 994 Lxxv).
2661 923 2728 976 Et
2743 922 2797 1000 in
2811 920 3100 991 Evangelio
3123 920 3263 990 prius
3285 921 3425 974 dixit:
3443 921 3495 975 In
3511 925 3681 997 tingen-

2266 1017 2396 1070 tium
2421 1032 2482 1069 ne
2504 1015 2734 1068 abieritis
2759 1031 2776 1077 ;
2816 1023 2934 1084 post
2972 1012 3271 1082 passionem
3299 1026 3412 1067 vero
3439 1015 3679 1070 suamzﬁu-

2270 1118 2364 1171 tes,
2405 1107 2602 1176 inquit,
2633 1106 2810 1161 docete
2839 1122 3016 1160 omnes
3045 1114 3232 1175 gentes.

2338 1199 2405 1252 Et
2435 1209 2575 1252 terra
2615 1208 2757 1251 mota
2801 1207 2896 1263 est,
2936 1207 2984 1251 et
3021 1205 3179 1268 petra:
3205 1197 3365 1251 scissa:
3388 1207 3503 1262 sunt,
3531 1209 3680 1253 amont-

2266 1283 2442 1347 m‘enta
2470 1300 2652 1362 aperta
2672 1302 2814 1345 sunt.
2848 1289 2989 1344 Nulli
3039 1290 3253 1344 dubium
3285 1297 3360 1344 est
3394 1290 3499 1357 quid
3527 1290 3682 1360 signiﬁed

2260 1383 2414 1453 juxta
2463 1384 2697 1438 litteram
2749 1383 3064 1453 magnitudo
3105 1381 3381 1452 signorum,
3407 1389 3456 1434 ut
3485 1381 3679 1438 cruciﬁxus

2266 1476 2472 1531 scilicet
2507 1475 2792 1531 Dominum
2823 1490 3005 1538 suum,
3033 1482 3088 1528 et
3111 1473 3299 1528 cmlum
3319 1480 3368 1526 et
3389 1480 3554 1526 terrena
3581 1477 3679 1528 omni:

2267 1570 2722 1625 demonstrarent.
2775 1567 2881 1623 Sed
2926 1567 3062 1622 mihi
3111 1566 3314 1620 videtur
3355 1572 3487 1620 terra:
3521 1576 3682 1624 motuset

2268 1663 2470 1732 reliqua
2501 1671 2689 1734 typum
2714 1661 2859 1716 ferre
2886 1660 3154 1732 gentium,
3179 1657 3315 1728 quod
3331 1656 3529 1726 pristinis
3542 1673 3682 1711 errorum

2267 1754 2432 1816 vitiis,
2465 1761 2521 1808 et
2560 1753 2739 1808 cordis
2777 1751 3016 1807 emollita
3057 1749 3276 1812 duritia,
3313 1747 3393 1817 qui
3433 1746 3546 1816 prius
3573 1747 3682 1801 simila

2267 1854 2424 1902 erant
2465 1845 2686 1899 tumulis
2721 1851 3084 1906 mortuorum,
3114 1847 3295 1910 postea
3322 1835 3683 1906 agnoveruntCm-

2269 1948 2460 1994 torem.
2516 1939 2685 1993 Aliter
2723 1948 2863 1991 terra
2912 1944 3058 1988 mota
3103 1943 3178 1988 est
3221 1931 3500 2002 pendentem
3519 1928 3682 1982 Dominum

2270 2047 2425 2087 suum
2457 2029 2598 2085 ferre
2627 2043 2733 2083 non
2760 2026 3055 2082 sustinens.
3096 2023 3268 2078 Petra:
3286 2022 3440 2076 scissa
3454 2028 3544 2073 sunt
3562 2027 3600 2071 ut
3611 2017 3682 2070 indi-

2271 2130 2458 2180 carent
2493 2120 2750 2174 duritiam
2789 2117 3124 2182 Judaeorum,
3171 2115 3260 2182 qui
3288 2119 3550 2183 praesentem
3571 2107 3684 2162 Deifi-

2272 2217 2400 2270 lium
2448 2213 2746 2283 intelligere
2789 2211 3106 2266 noluerunt.
3161 2208 3224 2262 Et
3279 2213 3554 2260 monumenta
3591 2211 3683 2271 aperti

2269 2317 2386 2363 sunt
2428 2307 2481 2360 in
2509 2306 2722 2376 signum
2755 2303 2948 2356 futura:
2975 2298 3399 2355 resurrectionis.

2341 2399 2409 2452 Et
2434 2396 2601 2451 multa
2627 2412 2847 2463 corpora
2880 2404 3190 2447 sanctorum
3213 2391 3300 2461 qui
3324 2389 3578 2443 dormierunt
3596 2401 3684 2437 run-

2273 2497 2534 2552 rexerunt,
2564 2496 2611 2541 et
2638 2495 2882 2540 exeuntes
2913 2484 2978 2537 de
3005 2482 3347 2536 monumentis
3365 2489 3459 2550 post
3483 2477 3684 2531 resurrectio-

2273 2596 2387 2634 nem
2437 2580 2552 2648 ejus
2595 2584 2846 2632 venerunt
2886 2577 2940 2628 in
2991 2582 3230 2628 sanctam
3263 2573 3508 2632 ciuitatem,
3541 2566 3682 2621 anulis

2272 2679 2648 2742 apparuerunt.
2681 2668 2762 2723 Ad
2789 2667 3162 2723 testimonium
3189 2681 3314 2737 ergo
3343 2662 3575 2717 Dominica:
3595 2673 3684 2712 resu-

2272 2763 2528 2820 rectionis
2555 2761 2724 2817 multa
2745 2777 2972 2831 corpora
3002 2767 3311 2814 sanctorum
3333 2757 3683 2811 resurrexeruntu

2273 2856 2558 2912 Dominum
2587 2855 2837 2909 videlicet
2867 2852 3055 2908 Jcsum
3080 2849 3411 2906 ostenderent
3444 2849 3684 2912 resurgentem.

2273 2959 2328 3005 et
2352 2963 2535 3004 tamen
2564 2964 2684 3003 cum
2711 2954 3062 3002 monumenta
3103 2950 3282 3015 aperta
3311 2947 3439 3005 sunt,
3460 2952 3539 2992 non
3558 2941 3682 2987 autern

2275 3047 2628 3097 surrexerunt
2654 3055 2815 3110 quam
2842 3037 3106 3092 Dominus
3135 3039 3442 3104 resurgeret,
3467 3037 3514 3081 ut
3535 3020 3685 3090 «sum

2277 3134 2581 3204 mogenitus
2628 3129 3044 3187 resurrectionis
3076 3144 3142 3185 ex
3180 3125 3412 3184 mortuis.
3444 3121 3521 3188 Qui
3541 3118 3682 3173 enimn

2279 3235 2532 3297 surgente
2555 3225 2785 3280 Domino
2805 3229 3225 3278 resurrexerunt
3251 3235 3280 3273 a
3306 3217 3512 3273 mortuis.
3539 3211 3637 3264 etiam
3654 3204 3682 3258 at

2280 3317 2446 3375 caelos
2485 3315 2809 3371 ascendente
2851 3313 3008 3370 simul
3058 3310 3359 3368 ascendisse
3398 3299 3585 3360 credendi
3613 3305 3682 3350 sunt.

2276 3408 2462 3477 Neque
2488 3406 2593 3462 ulla
2623 3405 2834 3460 ratione
2875 3405 3094 3459 illorum
3141 3397 3415 3456 temeritati
3451 3394 3551 3448 ﬁdes
3574 3400 3684 3444 acuta-

2277 3499 2563 3559 modanda,
2603 3497 2696 3567 qui
2716 3511 2812 3552 eos
2833 3505 3023 3566 postea
3049 3506 3295 3550 reversos
3326 3490 3374 3545 in
3397 3487 3575 3543 cinerem
3591 3477 3684 3567 acti-

2277 3605 2386 3645 nuo
2429 3589 2482 3643 in
2524 3563 2888 3643 monumentis
2929 3602 3051 3655 qua:
3083 3583 3250 3656 pridie
3278 3578 3509 3652 patefacta
3540 3579 3631 3631 sum,
3654 3563 3684 3616 ab

2278 3681 2358 3736 eis
2388 3681 2585 3749 quibus
2610 3678 2770 3748 paulo
2799 3686 2923 3732 ante
2959 3677 3066 3730 vivi
3112 3676 3463 3745 apparuerunt,
3499 3676 3598 3718 more
3614 3670 3685 3711 mor-

2278 3781 2496 3828 tuorum
2549 3779 2743 3842 putant
2791 3769 3012 3841 quidam
3065 3783 3184 3824 esse
3239 3764 3500 3822 conclusos.
3542 3753 3683 3808 Sane-IIII

2277 3863 2418 3919 hanc
2459 3841 2734 3917 civitatem
2776 3861 2830 3915 in
2870 3876 2975 3929 qua
3024 3858 3129 3914 visi
3175 3865 3297 3914 sunt
3336 3853 3618 3920 resurgentes,
3643 3841 3685 3887 δαί

2280 3956 2708 4028 Hierosolymam
2737 3951 3018 4008 caelestem
3055 3951 3416 4021 intelligamus,
3442 3948 3514 3996 aut
3637 3937 3686 3980 trt-

2278 4063 2489 4110 renam,
2529 4021 2654 4116 quae
2693 4051 2820 4099 ante
2866 4051 3056 4098 sancta
3089 4043 3276 4097 fuerat.
3309 4038 3443 4093 Sicut
3467 4021 3684 4116 etllattlttts

2280 4112 2582 4214 appellatur
2611 4139 2935 4212 publicanus
2964 4153 3072 4193 non
3102 4137 3242 4208 quod
3282 4141 3333 4186 et
3363 4123 3571 4200 apostolus
3594 4112 3682 4214 alia

2277 4203 2594 4306 permaneat
2612 4203 2960 4302 publicanus,
2993 4229 3086 4284 sed
3117 4203 3256 4298 quod
3287 4221 3529 4306 pristinum
3559 4203 3682 4306 toti.hit

2278 4294 2391 4381 lum
2438 4294 2638 4381 teneat:
2696 4324 2895 4379 Sancta
2946 4294 3241 4394 appellatur
3278 4294 3447 4373 civitas
3483 4294 3680 4399 Hiems-Ili“

2277 4429 2502 4490 propter
2536 4417 2816 4489 templum,
2844 4427 2900 4473 et
2929 4391 3116 4472 sancta
3133 4400 3445 4470 sanctorum,
3464 4410 3505 4457 et
3525 4396 3572 4451 ob
3586 4391 3684 4490 dit”?

2281 4481 2514 4569 otio-nem
2564 4481 2810 4566 aliarum:
2835 4510 3074 4575 urbium,
3105 4508 3160 4562 in
3195 4505 3377 4577 quibus
3406 4492 3517 4552 idola
3545 4481 3682 4542 colebm'

2283 4613 2392 4658 tur.
2417 4602 2641 4670 Quando
2664 4618 2796 4657 vero
2821 4600 3036 4663 dicitur,
3067 4599 3414 4670 Apparuerunt
3432 4579 3684 4674 multis»?

2283 4698 2428 4754 ditur
2457 4711 2566 4751 non
2595 4694 2862 4766 generalis
2888 4693 3055 4748 fuisse
3085 4685 3395 4747 resurrectio
3428 4661 3682 4766 quaomntltti:

2286 4796 2527 4858 apparet,
2553 4760 2649 4842 sed
2668 4784 2920 4856 specialis
2943 4785 3008 4839 ad
3032 4783 3303 4854 plurimos,
3329 4784 3382 4831 ut
3405 4771 3452 4827 hi
3471 4760 3682 4821 viderem!)in

2285 4894 2510 4936 cernere
2544 4878 2913 4932 merebantur.
3591 4936 3610 4944 η

2354 4966 2600 5023 Centurio
2639 4977 2813 5021 autem
2855 4977 2902 5021 et
2943 4967 3032 5037 qui
3073 4981 3190 5020 cum
3228 4976 3283 5015 eo
3314 4960 3443 5012 erant
3474 4936 3681 5037 custodin

2281 5060 2465 5117 Jesum
2499 5062 2610 5115 viso
2631 5072 2785 5115 terra:
2815 5025 2980 5126 motu,
3009 5069 3056 5113 et
3082 5059 3161 5112 his
3183 5068 3292 5128 qua!
3317 5048 3492 5119 ﬁebat“:

2282 5152 2459 5216 valde,
2501 5152 2771 5206 dicentes:
2808 5149 2934 5206 Vere
2966 5109 3156 5205 ,Fitius
3327 5146 3424 5195 erat
3454 5134 3539 5186 iste.
3571 5121 3605 5174 lu
3630 5109 3684 5210 alto

2280 5243 2569 5313 Evangelia
2597 5252 2720 5314 post
2750 5250 2914 5298 teme
2947 5252 3151 5298 motum
3182 5231 3481 5295 manifestior

2279 5331 2446 5387 raculi
2476 5305 2811 5390 centurionis
2837 5335 3140 5403 exponitur,
3165 5329 3298 5403 quod
3324 5337 3429 5381 cum
3451 5305 3681 5403 vidisset

2278 5424 2526 5495 spiritum
2551 5425 2820 5481 dimisisse
2846 5394 3042 5481 digerit
3069 5444 3082 5479 :
3121 5394 3242 5479 Vere
3266 5417 3417 5474 Filius

2277 5487 2466 5570 N-ullus
2499 5516 2645 5571 enim
2687 5517 2850 5572 habet
2895 5526 3209 5587 potestatem
3244 5496 3498 5567 dimittendi
3519 5487 3679 5587 spiriltlll:

2272 5609 2372 5664 nisi
2409 5610 2496 5664 ille
2523 5612 2614 5682 qui
2641 5613 2943 5668 animarum
2969 5615 3210 5669 conditor
3237 5614 3328 5662 est.
3358 5576 3677 5682 Spiritutn‘a-lﬂ

2273 5701 2325 5753 iu
2357 5701 2459 5756 hoc
2483 5703 2600 5756 loco
2625 5719 2725 5770 pro
2755 5703 2934 5756 anima
2977 5703 3335 5771 intelligamus,
3368 5700 3443 5742 seu
3469 5667 3570 5771 Quod

2268 5791 2377 5846 tale
2403 5800 2455 5846 et
2481 5751 2654 5847 vitaler
2672 5809 2871 5864 corpus
2899 5793 3082 5859 faciat,
3133 5751 3219 5844 scen
3254 5780 3375 5855 quod
3411 5769 3556 5827 animae
3581 5751 3676 5820 ῘΡ⁵¹ί¹⁵

2268 5881 2564 5906 -.-ιηη-Α-
2593 5884 2811 5906 -..ε-2.---
2842 5885 2906 5906 -ξι
2957 5885 3098 5906 ε----.-
3127 5879 3242 5906 mm:
3267 5868 3385 5906 ιιι-ΛΑ
3405 5838 3673 5906 ςηνὶυῐιωιθδίν

2267 5881 2568 5939 substantia
2592 5857 2813 5954 spiritus
2841 5885 2931 5951 sit,
2951 5857 3103 5956 juxta
3127 5879 3244 5938 illud
3265 5868 3387 5944 quod
3405 5857 3515 5925 scrip
