3898 6450
159 466 295 526 lilii

1076 458 1419 518 COMMENT.
1461 457 1531 511 IN
1568 455 2000 513 MAT'I‘HAZUM.
2040 484 2111 500 -ι
2149 458 2277 513 LIB.
2320 458 2450 517 vm.
2514 490 2517 491 ν
2560 484 2563 489 -
2597 472 2603 481 ο
2632 478 2657 489 ν

3257 455 3411 512 ηιϐι

156 579 381 649 Auferes
423 575 665 646 spiritum
697 589 878 628 eorum
915 582 963 627 et
1006 573 1244 642 deﬁcient
1291 568 1463 641 (Psat.
1485 569 1621 640 ctu).
1654 568 1721 622 Et
1747 570 1799 629 Α
1822 569 1975 622 Inoino
1998 571 2138 626 uiues
2168 571 2232 625 ab
2258 572 2551 625 Arimnthia
2591 569 2799 624 nomine
2832 568 3051 640 Joseph,
3091 570 3180 640 qui
3204 579 3252 624 et
3272 571 3411 642 ipse.

155 673 262 727 hoc
301 664 750 723 considerandum
790 665 932 736 quod
972 664 1216 719 centurio
1262 671 1388 718 ante
1430 676 1647 717 crucem
1669 661 1725 715 in

155 766 278 834 ipso
317 758 574 817 scandan
606 758 870 828 passionis
892 772 1021 812 vere
1046 757 1139 811 Dei
1165 756 1362 810 Filium
1385 757 1724 819 conﬁteatur,

152 868 209 914 et
237 854 405 910 Arius
434 852 490 906 in
513 852 755 907 Ecclesia
782 850 1038 921 praedicat
1075 858 1404 905 creaturam.
1447 846 1728 915 Simulque

152 946 599 1018 perpendendum
623 944 766 1015 quod
794 957 901 998 non
938 942 1084 997 solus
1128 942 1371 997 centurio
1411 938 1731 1012 glorificavit

154 1040 353 1101 Deum,
381 1035 478 1089 sed
505 1042 560 1089 et
591 1034 786 1089 milites
812 1034 904 1104 qui
931 1048 1054 1088 cum
1084 1047 1151 1088 eo
1176 1039 1334 1088 erant
1363 1029 1731 1086 custodientes

153 1129 361 1190 Jesum,
403 1128 519 1182 viso
564 1136 720 1182 terra:
758 1136 906 1181 motu
945 1136 999 1179 et
1038 1125 1120 1180 bis
1149 1139 1269 1193 qua:
1290 1124 1508 1187 ﬁebant,
1540 1122 1732 1176 timue-

155 1226 288 1273 runt
309 1216 492 1281 valde,
515 1216 752 1271 dicentes
779 1232 791 1268 :
826 1213 954 1269 Vere
975 1213 1068 1268 Dei
1093 1211 1267 1267 Filius
1287 1223 1359 1266 est
1380 1212 1495 1265 iste.
1521 1210 1731 1276 Quanta

156 1322 288 1378 ergo
317 1306 536 1361 accitas
553 1303 882 1368 indecorum,
907 1302 998 1373 qui
1020 1311 1097 1357 tot
1125 1318 1222 1372 per
1248 1301 1531 1357 Dominum
1561 1299 1733 1354 virtu-

158 1397 305 1452 tibus
333 1395 515 1462 factis,
546 1396 708 1451 tantis
729 1397 784 1449 in
807 1403 979 1450 morte
1002 1393 1119 1463 ejus
1137 1391 1520 1463 apparentibus
1540 1389 1727 1461 signis,

155 1486 387 1541 credere
427 1495 747 1555 respuerunt
777 1494 831 1540 et
866 1484 1285 1540 insensibiliores
1309 1482 1598 1555 gentilibus
1628 1482 1733 1535 Do-

158 1576 370 1629 minum
401 1575 700 1645 gloriﬁcare
744 1574 829 1630 vel
857 1576 1051 1631 timere
1077 1583 1534 1645 contempserunt.
1578 1572 1732 1629 Unde

156 1666 358 1723 merito
394 1682 491 1736 per
512 1668 882 1725 centurionem
929 1667 1062 1723 ﬁdes
1100 1667 1352 1723 Ecclesiae
1395 1667 1728 1737 designatur,

153 1776 276 1829 qua:
305 1759 426 1815 velo
450 1760 828 1832 mysteriorum
866 1759 1168 1817 calestium
1210 1776 1308 1829 per
1353 1767 1575 1814 mortem
1621 1757 1733 1812 Do-

155 1853 293 1909 mini
314 1863 578 1921 reserato,
605 1854 857 1909 continuo
880 1852 1066 1909 Jesum
1093 1863 1149 1908 et
1168 1868 1294 1908 vere
1314 1851 1517 1921 justum
1550 1850 1728 1906 homi-

1825 661 2110 732 discipulus
2148 672 2261 718 erat
2296 662 2447 717 Iesu.
2486 660 2754 735 (Ηὶενοη.)
2803 661 2963 717 Dives
2992 661 3239 724 refertur,
3284 674 3417 718 non'

1825 754 1893 809 de
1926 754 2186 825 jactantia
2225 756 2529 825 scriptoris,
2584 755 2676 826 qui
2713 755 2891 809 virum
2948 754 3182 810 nobilem
3234 764 3419 826 atque

1826 845 2156 902 ditissimum
2202 846 2404 903 referat
2446 846 2570 901 Jesu
2619 846 2786 902 fuisse
2825 843 3188 917 discipulum,-’
3212 847 3309 902 sed
3337 844 3421 902 tit‘

1785 961 1790 965 ·
1826 938 2073 995 ostendat
2099 955 2316 995 causam
2336 955 2502 1011 quare
2531 956 2562 993 a
2609 939 2778 993 Pilato
2796 950 2991 1008 corpus
3016 938 3143 994 Iesu
3162 938 3423 1009 potuerit'

1828 1032 2137 1102 impetrare.
2177 1031 2448 1101 Pauperes
2472 1031 2615 1084 enim
2640 1038 2694 1085 et
2735 1030 2902 1100 ignoti
2928 1045 3034 1084 non
3064 1037 3313 1099 poterant
3326 1029 3423 1086 ’θιὼ

1829 1120 2059 1175 Pilatum
2106 1121 2384 1191 prtesidem
2418 1119 2671 1175 Romana:
2698 1120 2983 1188 potestatis
3022 1119 3300 1184 accedere,
3326 1126 3425 1175 α’

1830 1211 2074 1267 crucifixi
2109 1226 2304 1281 corpus
2342 1212 2649 1280 impetrare.
2681 1209 2863 1281 (ΚΑΒ.)
2897 1210 2961 1264 [ir
2984 1209 3090 1264 alio
3116 1206 3423 1280 Evangelia

1829 1302 2027 1372 .loseph
2058 1302 2161 1357 iste
2185 1300 2483 1371 appellatus
2504 1308 2587 1356 est
2612 1301 2846 1365 decurio,
2871 1299 3019 1369 quod
3034 1301 3111 1355 sit
3125 1302 3192 1355 de
3206 1298 3425 1359 ’ordinel

1830 1395 2031 1459 curiae,
2075 1403 2132 1450 et
2176 1393 2413 1448 officium
2479 1393 2643 1448 curia:
2689 1392 3045 1447 administret.
3089 1392 3215 1459 Qui;
3241 1393 3407 1452 etiam

1832 1490 2049 1547 curialis
2074 1505 2106 1543 a
2136 1488 2474 1559 procurando
2501 1501 2726 1542 munera
2756 1486 2932 1541 civilia
2962 1485 3423 1556 solet'appellari.‘

1830 1582 2128 1637 Arimathia
2172 1590 2380 1645 autem,
2420 1582 2532 1650 ipsa
2562 1590 2648 1636 est
2677 1579 3016 1635 Ramatbaim
3057 1576 3411 1634 civitas'liel-t

1831 1688 2013 1737 came,
2059 1680 2115 1727 et
2159 1671 2425 1727 Samuelis
2451 1710 2466 1736 ,
2512 1671 2568 1725 in
2614 1669 2834 1741 regione
2876 1669 3215 1723 Thamnitioa
3255 1670 3429 1739 juxta"

1831 1762 2122 1834 Diospolim
2784 1778 2785 1785 ‘
3009 1790 3015 1797 -
3126 1776 3131 1781 ‘
3200 1782 3207 1787 ί

1899 1853 2001 1908 Hic
2046 1853 2259 1907 accessit
2311 1852 2380 1905 ad
2437 1850 2691 1917 Pilatum,
2737 1859 2787 1905 et
2825 1850 2970 1919 petiit
3023 1864 3233 1921 corpus
3248 1848 3427 1905 Jequ

153 1958 304 2008 nem,
333 1951 391 1999 et
415 1959 543 1999 vere
566 1944 661 1999 Dei
693 1942 886 1997 Filium
905 1957 1173 2015 synagoga
1196 1950 1405 1997 tacente
1425 1939 1726 1996 conﬁrmat.
1756 1925 1813 1985 Β
1836 1944 1982 1999 Tunc
2004 1945 2165 2014 jussit
2185 1941 2392 1997 Pilatus
2422 1942 2569 1995 reddi
2595 1957 2803 2011 corpus.
2834 1940 3044 2010 Magna:r
3067 1936 3429 2010 quidem'loéE

152 2032 292 2087 Nam
333 2041 391 2089 et
421 2034 536 2104 ipsa
563 2048 774 2089 summa
805 2033 1138 2097 centenaria,
1169 2047 1288 2102 quae
1315 2030 1508 2086 inﬂexu
1540 2030 1736 2098 digito-

153 2141 278 2181 rum
300 2126 447 2182 sicut
475 2138 643 2196 supra
661 2134 1019 2181 memoratum
1052 2134 1157 2190 est,
1195 2124 1260 2178 de
1295 2124 1514 2179 sinistra
1544 2121 1737 2177 transit

152 2217 211 2271 in
257 2218 539 2274 dexteram
609 2217 893 2281 Ecclesiae,
939 2214 1294 2270 sacramentis
1342 2222 1397 2269 et
1441 2213 1566 2268 ﬁdei
1634 2227 1733 2280 ap-

151 2309 367 2367 tissime
411 2311 681 2381 congruit,
729 2309 816 2365 cui
859 2324 958 2377 pro
1000 2309 1115 2379 lege
1159 2306 1508 2377 Evangelinm
1555 2304 1733 2360 credi-

151 2405 290 2464 tum,
336 2415 439 2469 pro
479 2408 639 2455 terra:
684 2399 888 2454 divitiis
921 2413 1144 2469 regnum
1184 2396 1444 2453 caelorum
1488 2403 1573 2451 est
1602 2410 1732 2465 pro-

150 2490 402 2547 missum.

221 2583 397 2638 Erant
416 2595 590 2638 autem
611 2584 681 2637 ibi
701 2582 942 2639 mulieres
969 2582 1147 2637 multa:
1170 2599 1202 2635 a
1223 2580 1373 2651 longe
1398 2596 1516 2650 quae
1542 2588 1734 2634 secuta:

149 2682 301 2728 erant
344 2674 533 2729 Iesum
558 2692 592 2727 a
615 2673 838 2729 Galiltea
888 2673 1241 2727 ministrantes
1266 2672 1334 2725 ei.
1372 2669 1735 2725 Consuetudi-

149 2766 236 2820 nis
268 2776 459 2821 autem
496 2763 732 2820 Iudaicae
775 2763 898 2829 fuit,
947 2778 1046 2819 nec
1088 2762 1384 2817 ducebatur
1424 2761 1476 2814 in
1522 2760 1733 2828 culpam

151 2871 305 2914 more
340 2857 522 2928 gentis
549 2856 792 2926 antiquo,
833 2863 894 2909 ut
930 2853 1184 2908 mulieres
1211 2852 1277 2906 de
1304 2852 1605 2906 substantia
1634 2865 1731 2905 sua

150 2950 353 3005 victum
403 2959 565 3021 atque
596 2950 851 3003 vestitum
886 2947 1310 3018 przeceptoribus
1338 2945 1730 3001 ministrarent.

152 3042 267 3100 lloc
303 3045 434 3114 quia
478 3042 788 3098 scandalum
833 3041 1013 3096 facere
1055 3047 1268 3110 poterat
1308 3039 1362 3093 in
1399 3037 1729 3103 nationibus,

149 3133 352 3191 Paulus
403 3131 663 3203 abiecisse
693 3148 752 3189 se
780 3140 1046 3189 memorat
1072 3132 1255 3187 dicens
1282 3145 1297 3184 :
1330 3127 1586 3200 Nunquid
1627 3146 1729 3184 non

150 3223 404 3280 habemus
444 3233 747 3294 potestatem
777 3239 983 3278 sorores
1028 3220 1269 3277 mulieres
1307 3220 1731 3276 circumducendi

150 3316 285 3370 sicut
315 3326 364 3370 et
395 3316 571 3370 caueri
598 3314 819 3385 apostoli
842 3315 1039 3382 faciunt
1084 3314 1137 3384 (I
1164 3314 1287 3369 Cor.
1320 3322 1416 3385 Ix).
1458 3314 1732 3369 Ministra-

150 3404 285 3459 bant
313 3413 494 3461 autem
526 3404 754 3459 Domino
796 3404 864 3459 de
905 3403 1207 3459 substantia
1250 3419 1366 3468 sua,
1410 3412 1469 3458 ut
1504 3412 1735 3460 meteret

148 3508 340 3550 eorum
364 3495 601 3551 carnalia
632 3535 647 3560 ,
678 3494 831 3564 cujus
854 3495 955 3550 illa:
980 3495 1251 3549 metebant
1271 3493 1590 3564 spiritualia.
1618 3493 1734 3550 Non

150 3598 260 3653 quo
307 3585 572 3656 indigeret
617 3585 752 3640 cibis
794 3584 1055 3640 Dominus
1102 3593 1499 3649 creaturarum,
1546 3600 1641 3640 seu
1675 3598 1735 3639 ut

158 3684 347 3746 typum
394 3677 707 3733 ostenderet
753 3679 1157 3748 magistrorum,
1200 3677 1341 3747 quod
1379 3677 1525 3731 victu
1574 3687 1733 3746 atque

150 3765 351 3820 vestitu
390 3781 455 3821 ex
506 3766 786 3836 discipulis
832 3766 1092 3822 deberent
1141 3781 1262 3822 esse
1314 3767 1577 3823 contenti.
1620 3765 1732 3823 Sed

147 3853 433 3912 videamus
455 3856 642 3926 quales
663 3857 886 3912 comites
909 3857 1175 3912 habuerit.

216 3944 365 4001 Inter
387 3966 518 4019 quas
545 3959 657 4003 erat
680 3948 855 4004 Maria
879 3949 1209 4020 Magdalene,
1251 3961 1300 4006 et
1323 3950 1500 4007 Maria
1520 3952 1729 4018 Jacobi,

144 4043 194 4087 et
240 4034 436 4108 Joseph
466 4048 652 4104 mater,
699 4050 748 4093 et
797 4051 964 4095 mater
990 4041 1221 4110 ﬁliorum
1264 4041 1520 4098 Zebedtri.
1562 4043 1732 4099 Maria

144 4124 456 4198 Magdalena
506 4145 537 4182 a
568 4146 673 4199 qua
722 4140 924 4201 septem
952 4132 1218 4187 da:monia
1253 4131 1504 4201 ejecerat,
1537 4144 1592 4189 et
1618 4135 1731 4190 Illa-

145 4216 225 4269 ria
275 4216 504 4285 Jacobi,
568 4228 624 4274 et
692 4219 892 4291 Joseph
967 4231 1161 4289 mater,
1236 4232 1533 4280 matertera
1588 4240 1726 4293 sua,

143 4322 300 4389 soror
353 4311 536 4366 Maria:
595 4312 786 4366 matris
834 4313 1091 4379 Domini,
1154 4322 1208 4368 et
1260 4302 1728 4370 mater'liliorum

142 4398 414 4463 Zebedazi,
436 4417 557 4472 quae
577 4418 790 4473 quoque
817 4404 977 4473 paulo
1000 4413 1125 4460 ante
1151 4421 1375 4477 regnum
1408 4406 1592 4462 liberis
1633 4422 1728 4477 po-

142 4491 397 4558 stularat,
429 4501 485 4548 et
504 4493 623 4550 alia:
651 4509 786 4564 quas
815 4494 869 4548 in
907 4495 1120 4551 caeteris
1144 4495 1451 4567 Evangeliis
1477 4497 1722 4568 legimus.

1834 2036 1965 2105 sepb
2013 2036 2117 2090 iste
2153 2033 2431 2105 dignitatis
2459 2033 2525 2087 ad
2561 2032 2839 2098 saeculum,
2889 2033 2983 2088 sed
3027 2031 3244 2101 majoris
3272 2032 3433 2103 apud‘

1836 2128 2002 2182 Deum
2028 2126 2207 2214 meriti
2229 2126 2393 2181 fuisse
2422 2125 2689 2181 laudatur.
2716 2126 2901 2181 Talem
2929 2139 3161 2197 namque
3179 2126 3413 2181 existere

1836 2219 2062 2275 decebat
2090 2235 2247 2284 eum,
2279 2220 2370 2289 qui
2411 2234 2608 2290 corpus
2654 2220 2867 2275 Domini
2897 2219 3177 2292 sepeliret,
3225 2220 3319 2291 qui
3357 2218 3415 2277 et

1835 2326 1930 2379 per
1944 2312 2209 2380 justitiam
2238 2312 2553 2367 meritorum
2579 2314 2672 2368 tali
2703 2313 3005 2368 ministerio
3029 2313 3222 2385 dignus
3247 2319 3412 2380 esset,

1834 2416 1888 2459 et
1940 2418 2037 2473 per
2089 2404 2425 2460 nobilitatem
2484 2408 2736 2476 potentiae
2783 2405 3060 2462 saecularis
3104 2404 3413 2461 facultatem

1834 2504 2016 2564 posset
2072 2496 2317 2551 obtinere
2385 2496 2747 2552 ministrandi.
2810 2495 2925 2551 Non
2979 2497 3137 2551 enim
3187 2495 3416 2566 quilibet

1835 2584 2052 2654 ignotus
2069 2594 2163 2639 aut
2182 2581 2472 2641 mediocris
2498 2587 2564 2641 ad
2586 2587 2871 2656 praesidem
2900 2586 3179 2654 accedere,
3211 2594 3264 2642 et
3290 2586 3416 2643 cru-

1833 2676 1981 2732 cifixi
2007 2693 2205 2746 corpus
2224 2687 2436 2748 poterat
2456 2679 2766 2748 impetrare.
3368 2672 3369 2677 “

1906 2765 1975 2819 Et
1999 2777 2208 2835 accepto
2236 2782 2450 2836 corpore
2474 2767 2666 2838 Joseph
2695 2766 2904 2822 involvit
2941 2766 3076 2821 illud
3101 2767 3157 2820 in
3197 2766 3416 2822 sindone

1833 2856 2051 2911 munda.
2099 2854 2367 2927 (Hierom)
2398 2857 2464 2911 Et
2504 2873 2569 2912 ex
2620 2857 2850 2927 simplici
2889 2857 3177 2927 sepultura.
3200 2856 3415 2911 Domini

1833 2947 2057 3003 ambitio
2083 2948 2309 3003 divitum
2331 2950 2736 3014 condemnatur,
2768 2949 2861 3020 qui
2880 2964 2951 3004 ne
2978 2949 3033 3005 in
3055 2948 3275 3003 tumulis
3295 2947 3417 3019 qui-

1835 3039 1955 3094 dem
1982 3049 2205 3108 possunt
2236 3054 2426 3095 carere
2456 3040 2674 3096 divitiis.
2704 3039 2996 3096 Possumus
3039 3048 3215 3096 autem
3257 3038 3413 3110 juxta

1834 3129 2239 3199 intelligentiam
2275 3130 2574 3198 spiritalem
2616 3131 2721 3185 hoc
2753 3129 2977 3195 sentire,
3024 3130 3165 3200 quod
3214 3143 3416 3202 corpus

1834 3220 2047 3277 Domini
2084 3232 2195 3278 non
2218 3237 2371 3289 auro,
2398 3239 2505 3279 non
2528 3223 2773 3294 gemmis,
2799 3231 2857 3278 et
2883 3223 3079 3289 serico,
3109 3222 3201 3279 sed
3223 3222 3433 3280 lintea-'
3492 3260 3497 3265 ι

1835 3314 1982 3369 mine
2009 3329 2145 3384 puro
2183 3315 2575 3372 obvolvendum
2616 3316 2709 3371 sit.
2732 3316 3058 3386 Quanquam
3096 3324 3167 3371 et
3195 3315 3420 3372 hoc"g‘|’.'

1834 3404 2074 3475 gniﬁcet,
2100 3406 2241 3475 quod
2268 3407 2357 3463 ille
2382 3408 2436 3462 in
2465 3407 2693 3463 sindone
2717 3408 2915 3462 munda
2947 3406 3184 3463 involvat
3202 3405 3433 3475 Iesum,‘

1835 3496 1925 3565 qui
1946 3513 2079 3567 pura
2098 3513 2223 3553 eum
2242 3507 2425 3554 mente
2448 3500 2765 3569 susceperit.
2793 3498 2975 3571 (llam)
2998 3498 3134 3555 Hinc
3162 3496 3418 3555 Ecclesia!

1837 3600 1955 3641 :nos
1980 3588 2234 3653 obtinuit,
2266 3599 2326 3644 ut
2362 3589 2687 3645 sacriﬁcium
2734 3589 2923 3645 altaris
2963 3604 3071 3645 non
3116 3590 3173 3644 in
3218 3582 3421 3655 serico,

1835 3693 2008 3748 neque
2046 3678 2102 3734 in
2141 3695 2320 3750 panno
2348 3680 2534 3745 tincto,
2572 3680 2667 3736 sed
2701 3680 2755 3735 in
2794 3680 2908 3735 lino
2937 3689 3154 3737 terreno
3178 3678 3431 3749 celebre-‘

1834 3778 1943 3837 tur,
1969 3772 2112 3828 sicut
2148 3787 2346 3842 corpus
2388 3784 2473 3829 est
2504 3773 2715 3828 Domini
2743 3773 2799 3827 in
2839 3773 3067 3828 sindone
3102 3772 3421 3827 munda'se-

1831 3862 2062 3933 pultum,
2098 3864 2254 3934 juxta
2295 3864 2520 3933 quodin
2548 3863 2726 3918 Gestis
2758 3862 3160 3919 Pontificalibus
3197 3876 3237 3918 a'
3259 3863 3423 3919 beato

1830 3969 1970 4024 Papa
1998 3953 2274 4025 sylvestro
2300 3954 2525 4026 legimus
2550 3969 2671 4009 esse
2698 3960 2979 4008 statutum.
3296 3960 3301 3967 .
3364 3956 3369 3965 .
3400 3972 3403 3981 ι
3432 3944 3437 3961 ι

1901 4044 1972 4099 Et
2011 4046 2185 4116 posuit
2232 4044 2366 4100 illud
2412 4046 2470 4100 in
2495 4053 2830 4100 monumento
2861 4059 2959 4098 suo
2984 4058 3137 4110 novo,
3162 4058 3300 4115 quon
3326 4050 3421 4099 ea:-

1830 4135 2030 4189 ciderat
2056 4137 2112 4188 in
2134 4145 2306 4205 petra,
2325 4145 2377 4191 et
2402 4135 2627 4190 advoluit
2646 4151 2834 4189 suum
2858 4150 3107 4206 maguum
3132 4130 3204 4188 ad
3225 4134 3416 4190 ostium

1828 4226 2175 4291 monumenti,
2194 4235 2248 4279 et
2276 4226 2425 4280 abiit.
2449 4225 2509 4280 In
2538 4241 2681 4282 novo
2700 4226 2919 4298 ponitur
2946 4234 3315 4291 monumento,
3349 4238 3420 4283 ne

1827 4323 1951 4384 post
1970 4330 2090 4371 resu
2098 4316 2421 4371 rrectionem
2440 4317 2653 4371 caeteris
2671 4317 2988 4384 corporibus
3012 4316 3417 4371 remanentibus
3440 4340 3445 4345 ε

1827 4406 2132 4461 surrexisse
2177 4405 2312 4460 alius
2353 4405 2666 4475 fingeretur.
2706 4404 2893 4459 Potest
2931 4413 3110 4461 autem
3137 4411 3193 4458 et
3217 4418 3416 4465 novum

1829 4493 2133 4562 sepulcrum
2164 4492 2345 4550 Maria
2383 4494 2606 4564 virginis
2632 4502 2844 4549 uterum
2886 4493 3418 4559 demonstrantis»

141 4577 297 4684 βυηο
317 4598 447 4655 ergo
466 4583 735 4684 quomodo
762 4584 1076 4656 intelligitur
1103 4586 1288 4641 eadem
1324 4587 1491 4643 Maria
1509 4587 1724 4659 Magda-
1747 4624 1801 4684 Β
1827 4604 2067 4658 xumque
2099 4589 2243 4644 ostio
2284 4588 2613 4658 appositum,
2654 4595 2713 4642 et
2749 4600 2942 4643 saxum
2986 4600 3243 4657 mugitum
3285 4585 3441 4641 illud

142 4669 284 4751 lene,
328 4681 385 4730 et
413 4688 444 4729 a
484 4673 638 4744 longe
667 4674 881 4728 stetisse
926 4690 1047 4730 cum
1085 4675 1204 4731 aliis
1244 4677 1556 4732 mulieribus
1583 4678 1723 4733 sicut
1748 4669 1798 4684 ”
1820 4681 2135 4745 ‘ostendere,
2183 4680 2331 4751 quod
2345 4695 2450 4735 non
2483 4678 2686 4749 absque
2709 4678 2917 4733 auxilio
2933 4677 3415 4749 plin-imorumpo-

142 4747 426 4822 Matthaeus
466 4772 521 4820 et
555 4763 731 4821 Lucas
767 4766 970 4832 dicunt,
1013 4776 1067 4821 et
1106 4768 1260 4837 juxta
1304 4784 1518 4825 crucem
1556 4768 1724 4827 fuisse

141 4854 282 4910 sicut
324 4855 561 4912 Joannes
600 4857 752 4923 dicit,
810 4857 911 4913 nisi
958 4860 1084 4930 quia
1142 4860 1195 4914 in
1240 4870 1389 4916 tanto
1440 4864 1723 4919 intervallo

139 4956 312 5017 erant,
340 4958 401 5006 ut
419 4958 475 5004 et
488 4946 645 5018 juxta
672 4948 778 5005 dici
801 4959 1040 5020 possent,
1066 4952 1191 5022 quia
1218 4953 1272 5006 in
1295 4962 1582 5024 conspectu
1606 4953 1723 5023 ejus

138 5050 335 5106 praesto
362 5041 607 5108 aderant,
631 5048 689 5096 et
729 5056 761 5095 a
810 5040 966 5112 longe
994 5041 1047 5096 in
1087 5044 1485 5113 comparatione
1530 5043 1717 5109 turbat,

138 5133 494 5204 propinquius
534 5133 941 5190 circumstantis
985 5136 1286 5192 centurioni
1314 5146 1370 5193 et
1415 5136 1718 5192 militibus?

139 5217 433 5279 Possumus
471 5224 634 5279 etiam
683 5225 983 5297 intelligere
1035 5228 1178 5298 quod
1230 5226 1353 5294 ίιιω,
1398 5242 1518 5298 quae
1560 5226 1720 5283 simul

141 5313 365 5370 aderant
391 5332 514 5371 cum
542 5315 713 5372 Matre
736 5319 969 5386 Domini,
1000 5327 1286 5391 postquam
1312 5335 1429 5375 eam
1457 5318 1720 5392 discipulo

140 5405 556 5471 commendavit,
597 5407 746 5462 abire
780 5406 895 5477 jam
942 5418 1237 5480 coeperant,
1271 5417 1331 5463 ut
1378 5424 1409 5461 a
1454 5408 1722 5464 densitate

142 5495 313 5552 turbae
340 5505 691 5564 seexuerent,
722 5509 777 5553 et
813 5508 1005 5555 caetera
1034 5516 1153 5570 quae
1183 5501 1322 5557 facta
1357 5510 1482 5556 sunt
1508 5500 1721 5572 longius

143 5583 503 5657 intuerentur,
533 5599 592 5645 ut
619 5591 800 5647 caeteri
828 5593 1190 5660 evangelista),
1221 5591 1311 5663 qui
1344 5603 1463 5663 post
1491 5601 1719 5648 mortem

143 5673 353 5738 Domini
397 5700 492 5739 eas
537 5696 1115 5748 commemoraverunt,
1160 5687 1272 5756 jam
1318 5687 1469 5757 longe
1515 5695 1719 5742 stantes

144 5779 643 5829 commemorarent.
672 5773 928 5843 Sequitur
950 5774 1260 5830 Mattlnnus:

223 5857 401 5935 [VllL]
432 5860 562 5919 Cum
584 5882 697 5920 sero
737 5875 909 5921 autem
940 5865 1138 5935 factum
1169 5876 1319 5935 esset,
1342 5866 1474 5923 venit
1499 5864 1715 5937 quidam

1833 4772 2024 4828 tuisset
2065 4771 2373 4842 sepulcrum
2408 4770 2660 4827 reserari.
2698 4769 2775 4824 De
2811 4775 3167 4824 monumento
3199 4765 3413 4823 Domini

1829 4864 2011 4925 ferunt
2029 4864 2120 4932 qui
2144 4871 2329 4919 nostra
2352 4871 2510 4919 aetate
2534 4859 3123 4932 Hierosolymisfuere,
3148 4859 3433 4930 quodtdow

1832 4973 1954 5013 mus
2005 4956 2169 5012 fuerit
2220 4957 2489 5021 romuda,
2534 4957 2604 5011 de
2645 4955 2955 5025 subjamnte
2999 4967 3133 5023 ripe
3190 4952 3409 5017 excisas

1831 5057 1994 5103 tantae
2021 5048 2336 5113 altitudinis,
2360 5056 2421 5103 ut
2444 5047 2921 5103 inmacensisteus
2938 5045 3100 5099 homo
3125 5042 3217 5096 vix
3242 5056 3415 5096 matur

1826 5146 2045 5195 extenta
2073 5138 2283 5197 culmen
2331 5138 2501 5210 possit
2529 5138 2821 5207 attingam;
2866 5150 2988 5205 qute
3027 5133 3415 5190 babet'intru-
3447 5150 3453 5159 υ

1828 5229 1964 5287 itum
1985 5228 2056 5283 ab
2083 5229 2317 5294 oriente,
2346 5229 2433 5285 cui
2462 5228 2601 5298 lapis
2626 5227 2715 5282 ille
2742 5240 2968 5297 magnus
2993 5222 3415 5279 advolutus-at»

1826 5337 1933 5392 que
1960 5322 2245 5391 impositus
2277 5330 2392 5386 est;
2428 5321 2480 5375 in
2506 5318 2660 5388 cujus
2683 5316 3012 5375 monumenti
3026 5322 3188 5386 parte
3200 5313 3416 5384 aquilo-

1828 5410 1935 5472 nali
1960 5411 2266 5480 sepulcrum
2292 5411 2490 5480 ipsum,
2515 5409 2619 5464 hoc
2645 5418 2726 5463 est
2750 5408 2904 5465 locus
2930 5404 3196 5463 Dominici
3216 5418 3410 5473 como-

1827 5502 1903 5559 ris
1924 5502 1990 5556 de
2014 5504 2202 5558 eadem
2226 5509 2380 5572 petra
2408 5498 2584 5556 factus
2617 5507 2725 5559 est.
2750 5505 2957 5568 septem
2994 5496 3203 5552 habens
3243 5496 3408 5565 pedes

1821 5592 2191 5665 longitudinis,
2224 5591 2386 5647 trium
2422 5606 2553 5647 vero
2584 5591 2884 5660 palmarum
2921 5602 3177 5645 mensura
3205 5596 3406 5644 caetero

1822 5685 2130 5755 pavimento
2154 5683 2312 5736 altius
2333 5683 2597 5737 eminens.
2625 5681 2725 5747 Qui
2749 5681 2995 5738 videlicet
3016 5681 3295 5736 locusnon
3310 5678 3411 5733 do-

1823 5791 2003 5845 super,
2030 5774 2120 5830 sed
2138 5790 2168 5828 a
2192 5772 2359 5827 latere
2385 5772 2684 5826 meridiano
2698 5786 2794 5841 per
2815 5769 3241 5842 totumpatulus,
3261 5766 3404 5823 unde

1763 5928 1779 5946 ο
1824 5882 2021 5938 corpus
2045 5864 2399 5922 inferebatur.
2425 5862 2585 5921 Color
2604 5872 2784 5920 autem
2803 5862 3045 5936 ejusdem
3068 5855 3403 5921 ammenti
