3898 6450
220 336 352 396 ως)

1140 340 1487 401 COMMENT.
1520 345 1592 402 lN
1625 346 2058 419 Maritimum.
2098 382 2171 399 -—
2201 352 2329 411 LIB.
2369 354 2501 412 vm.

3314 362 3455 424 “50

219 454 581 524 manifestam,
605 454 723 528 ipso
745 458 833 515 die
868 460 1276 517 resurrectionis
1299 462 1416 532 ejus
1450 463 1626 518 visum
1655 479 1776 523 esse
1800 471 1853 534 Α
1872 469 2040 524 etiam
2070 472 2393 542 tangendum
2421 472 2762 543 postmodum
2802 475 3065 545 ostendit,
3122 480 3216 535 sed
3258 494 3452 539 secun-

218 545 500 603 Dominum
530 548 585 603 in
606 546 922 604 Jerusalem.
953 549 1192 606 Primum
1219 567 1250 606 a
1278 551 1443 608 Maria
1469 553 1781 625 Magdalene

215 637 282 691 ad
312 646 739 704 monumentum,
774 642 988 711 quando
1020 644 1069 697 ei
1095 642 1425 698 desideranti
1456 645 1623 714 pedes
1662 647 1780 717 ejus

214 726 461 796 amplecti
486 727 684 784 dictum
714 739 830 799 est,
861 731 989 787 Noli
1018 748 1097 787 me
1119 744 1346 804 tangere.
1375 735 1576 791 Deinde
1601 737 1775 792 eidem

211 825 267 873 et
301 817 603 879 Mariae
639 836 672 876 a
707 831 1054 880 monumento
1094 827 1437 883 currentibus
1471 829 1776 884 nuntiatum

209 909 484 979 discipulis
512 927 634 983 quae
675 916 744 970 ab
767 917 973 987 angelis
1007 916 1073 972 de
1103 926 1323 988 peracta
1360 920 1478 991 ejus
1530 935 1774 977 resurre-

206 999 385 1056 ctione
412 1001 747 1060 didicerant:
777 1006 854 1061 De
888 1008 1081 1077 quibus
1107 1010 1366 1081 scriptum
1387 1020 1488 1078 est,
1519 1011 1659 1078 Quia
1687 1030 1776 1067 ac-

204 1101 485 1160 cesserunt,
505 1102 554 1147 et
575 1102 849 1151 tenuerunt
867 1098 1019 1168 pedes
1037 1101 1175 1170 ejus,
1195 1111 1244 1155 et
1264 1103 1609 1158 adoraverunt
1631 1122 1767 1160 eum.

200 1178 466 1250 Apparuit
483 1192 664 1240 autem
690 1195 746 1241 et
772 1188 887 1257 ipso
919 1189 1005 1245 die
1029 1191 1526 1261 advesperascente,
1567 1195 1771 1252 duobus

199 1272 452 1329 euntibus
476 1274 530 1329 in
548 1277 827 1332 castellum
843 1279 1113 1347 Emmaus,
1135 1284 1227 1351 qui
1253 1299 1374 1339 eum
1396 1285 1463 1340 ad
1478 1286 1767 1356 hospitium

197 1371 458 1421 vocantes
498 1366 553 1421 in
591 1369 746 1437 panis
790 1369 1048 1428 fractione
1083 1384 1465 1446 cognoverunt.
1507 1376 1770 1449 Apparuit

195 1463 255 1509 et
289 1455 471 1514 Petro.
501 1460 653 1527 Quod
675 1463 720 1517 si
749 1466 1075 1535 evangelista
1102 1467 1315 1536 quando
1345 1468 1428 1524 vel
1451 1467 1541 1523 ubi
1566 1468 1767 1526 factum

193 1546 267 1601 sit
326 1550 547 1605 minime
594 1552 982 1624 designaverit,
1029 1565 1211 1615 tamen
1247 1561 1395 1629 'quia
1434 1559 1649 1629 iactum
1695 1562 1768 1618 sit

191 1649 302 1690 non
360 1645 501 1693 tacet
548 1642 810 1709 scribens,
856 1645 982 1714 quia
1035 1662 1158 1702 cum
1209 1650 1419 1719 praefati
1461 1651 1566 1705 duo
1603 1651 1765 1707 disci-

188 1729 329 1798 puli,
361 1734 576 1803 cognito
602 1735 828 1792 Domino
869 1737 924 1791 in
956 1740 1229 1807 Emmaus,
1258 1743 1441 1798 statim
1476 1743 1763 1800 rediissent

1879 558 2006 613 dum
2040 559 2185 615 illam
2214 560 2538 617 ineil‘abilem
2565 563 2768 631 lucem,
2796 579 2903 635 qua
2934 566 3201 624 illuminat
3232 586 3450 628 omnem

1879 648 2150 704 hominem
2201 651 2504 707 venientem
2542 652 2600 707 in
2639 654 2785 711 hunc
2829 656 3110 725 mundum,
3152 662 3450 721 secundum

1877 753 2041 807 quam
2075 738 2217 795 lucet
2253 741 2309 796 in
2354 742 2614 809 tenebris,
2650 751 2707 800 et
2740 745 2981 802 tenebrae
3005 761 3129 803 eum
3167 764 3275 806 non
3304 765 3449 809 com-

1872 830 2291 899 prehenderunt.
2330 832 2461 890 illuc
2486 849 2587 891 nos
2623 836 2903 906 praecessit
2938 839 3082 895 unde
3120 840 3188 896 ad
3225 856 3327 899 nos
3352 858 3447 900 ve-

1873 920 2030 978 niens
2053 938 2160 978 non
2190 926 2436 992 recessit,
2465 935 2519 982 et
2541 940 2646 996 quo
2671 943 2772 984 nos
2807 931 3120 999 praecedens
3157 947 3264 988 non
3291 934 3446 992 dese-

1871 1016 1998 1070 ruit.
2034 1015 2127 1071 Illa
2166 1018 2273 1072 erit
2300 1017 2556 1075 revelatio
2584 1028 2840 1093 tanquam
2870 1037 3000 1079 vera
3043 1023 3284 1093 Galilma,
3317 1042 3443 1083 cum

1870 1106 2075 1163 similes
2097 1107 2148 1162 ei
2171 1109 2395 1176 erimus,
2422 1110 2495 1165 ibi
2522 1124 2645 1167 eum
2672 1112 2973 1170 videbimus
2999 1115 3156 1171 sicuti
3187 1127 3288 1173 est.
3321 1117 3442 1189 ipsa

1869 1201 1973 1255 erit
1999 1200 2160 1255 etiam
2190 1202 2400 1257 beatior
2425 1204 2827 1275 transmigratio
2846 1219 2914 1262 ex
2936 1207 3042 1263 isto
3070 1209 3268 1265 saeculo
3286 1208 3342 1266 in
3371 1209 3442 1265 il-

1866 1290 1973 1345 lam
2000 1292 2378 1359 aeternitatem,
2403 1292 2449 1348 si
2474 1292 2589 1363 ejus
2616 1303 2886 1367 praecepta
2915 1297 2995 1353 sic
3024 1297 3439 1370 amplectamur,

1864 1390 1927 1437 ut
1948 1383 2014 1438 ad
2038 1384 2156 1454 ejus
2183 1384 2457 1440 dexteram
2486 1388 2758 1458 segregari
2774 1403 3099 1446 mereamur.
3124 1391 3277 1449 Tunc
3295 1392 3439 1449 enim

1864 1474 2020 1531 ibunt
2056 1474 2260 1530 sinistri
2292 1475 2347 1530 in
2377 1475 2801 1534 combustionem
2842 1490 3098 1537 aeternam
3119 1523 3134 1549 ,
3168 1480 3303 1552 justi
3346 1498 3443 1537 au-

1864 1574 1975 1621 tem
1996 1566 2051 1621 in
2079 1567 2247 1622 vitam
2270 1575 2547 1624 aeternam.
2576 1568 2712 1624 illnc
2730 1569 2856 1627 illuc
2878 1573 3359 1644 transmigrabunt,
3381 1582 3438 1629 et

1863 1657 1939 1712 ibi
1960 1672 2082 1714 eum
2111 1659 2388 1724 videbunt,
2417 1661 2686 1729 quomodo
2710 1676 2821 1717 non
2850 1662 3033 1719 vident
3056 1664 3229 1736 impii.
3256 1660 3437 1722 Tolle-

1864 1756 1954 1811 tur
1981 1750 2124 1804 enim
2158 1751 2375 1821 impius,
2413 1757 2474 1805 ut
2507 1765 2615 1806 non
2654 1751 2834 1808 videat
2859 1752 3163 1810 claritatem
3194 1754 3430 1821 Domini,

188 1818 549 1892 Hierusalem,
588 1836 643 1881 et
680 1829 982 1885 invenerint
1019 1842 1370 1905 congregatos
1402 1836 1669 1903 undecim,
1705 1845 1760 1893 et
1787 1812 1835 1873 B
1861 1849 1917 1897 et
1946 1842 2095 1912 impii
2116 1812 2297 1898 lumen
2323 1812 2432 1898 non
2462 1843 2738 1899 videbunt.
2768 1843 2898 1899 Hac
2917 1853 2994 1900 est
3013 1854 3211 1912 autem,
3238 1845 3433 1917 inquit,

184 1924 280 1967 eos
306 1915 398 1983 qui
427 1931 550 1971 cum
576 1916 708 1988 ipsis
736 1929 891 1976 erant
928 1922 1167 1979 dicentes
1191 1943 1204 1979 :
1232 1924 1371 1991 Quia
1394 1930 1621 1983 surrexit
1650 1928 1761 1985 Do-

182 2006 360 2061 minus
381 2024 516 2075 vere,
538 2020 585 2064 et
615 2015 856 2082 apparuit
877 2012 1097 2081 Simoni,
1126 2033 1190 2073 ac
1216 2018 1339 2074 inde
1361 2019 1632 2092 subjungit
1654 2042 1667 2077 :
1688 2022 1757 2077 Et

180 2095 283 2165 ipsi
313 2100 599 2154 narrabant
620 2120 737 2173 quas
757 2114 900 2174 gesta
921 2116 1071 2161 erant
1095 2109 1150 2162 in
1179 2110 1280 2176 via,
1311 2120 1361 2164 et
1379 2113 1639 2184 quomodo
1678 2131 1759 2169 co-

178 2198 469 2254 gnoverunt
497 2206 613 2245 eum
631 2192 687 2246 in
708 2193 959 2263 fractione
976 2199 1130 2268 panis
1152 2199 1301 2271 (Luc.
1333 2204 1520 2275 xxrv);
1551 2206 1758 2261 statim-

175 2291 283 2344 que
324 2289 586 2337 anuectat
621 2284 863 2353 quintam
904 2287 1020 2358 ejus
1048 2292 1457 2361 apparitionem,
1500 2296 1575 2351 ita
1621 2297 1755 2353 inci-

169 2367 329 2436 piens
345 2386 366 2424 :
390 2369 532 2426 Dum
553 2373 665 2429 lucc
685 2386 857 2432 autem
877 2378 1226 2451 loquerentur,
1249 2385 1356 2455 ipse
1373 2386 1526 2443 Iesus
1540 2390 1677 2444 stetit
1699 2391 1754 2445 in

170 2460 345 2515 medio
384 2478 565 2520 eorum
597 2476 644 2521 et
669 2469 795 2523 dicit
825 2472 899 2525 eis
926 2491 938 2526 :
976 2472 1096 2529 Pas:
1115 2477 1278 2544 vobis,
1309 2496 1401 2550 ego
1426 2498 1564 2548 sum,
1595 2483 1754 2538 nolite

165 2552 378 2609 timere.
406 2555 560 2613 Nunc
574 2558 689 2629 jam
725 2578 1031 2632 quaeramus
1072 2582 1241 2636 quare
1276 2573 1583 2640 specialiter
1611 2590 1671 2631 se
1694 2575 1751 2631 in

163 2642 449 2702 Galilaeam
477 2664 886 2720 praecessurum,
914 2667 970 2713 et
997 2659 1071 2713 ibi
1099 2674 1131 2713 a
1160 2661 1435 2732 discipulis
1462 2667 1751 2724 videndum

161 2739 447 2808 praedixit,
468 2757 589 2798 cum
615 2760 789 2817 neque
809 2748 880 2804 ibi
903 2750 1075 2806 solum
1094 2768 1268 2823 neque
1289 2758 1364 2813 ibi
1385 2761 1613 2828 primum
1642 2761 1754 2818 fue-

160 2829 236 2885 rit
279 2832 459 2925 visus.
498 2833 701 2910 (Aug.)
764 2840 1051 2900 Videamus
1109 2861 1237 2917 ergo
1295 2848 1449 2919 cujus
1506 2855 1749 2925 mysterii

158 2923 334 2990 gratia
389 2929 682 2983 secundum
722 2930 1030 2988 Matthzeum
1072 2945 1128 2991 et
1181 2936 1419 2995 Marcum
1454 2923 1744 3014 resurgens

158 3009 430 3071 Dominus
455 3015 530 3072 ita
554 3020 887 3078 mandaverit
907 3040 920 3077 :
944 3022 1249 3082 Prazcedam
1272 3047 1358 3085 vos
1371 3032 1431 3085 iii
1447 3009 1748 3104 Galilteam,

155 3100 229 3156 ibi
262 3120 350 3159 me
378 3105 633 3163 videbitis.
664 3110 815 3178 Quod
859 3119 913 3167 et
956 3115 1001 3169 si
1045 3117 1369 3187 completum
1412 3130 1514 3190 est,
1564 3100 1746 3181 tamen

156 3203 283 3263 post
322 3198 500 3253 multa
538 3201 862 3273 completum
888 3214 992 3273 est,
1021 3223 1144 3263 cum
1190 3212 1268 3266 sic
1303 3215 1614 3272 mandatum
1654 3218 1742 3286 sit,

160 3301 474 3359 quanquam
504 3292 937 3363 sineprmjudicio
959 3301 1314 3369 necessitatis,
1342 3314 1403 3360 ut
1431 3309 1634 3365 authoc
1659 3325 1747 3366 so-

161 3378 300 3448 lum,
343 3390 438 3438 aut
476 3384 580 3441 hoc
602 3387 836 3455 primum
865 3402 1268 3462 exspectaretur
1307 3398 1422 3453 fieri
1470 3400 1739 3460 debuisse.

159 3469 360 3528 Procul
389 3474 551 3532 dubio
575 3479 828 3546 quoniam
856 3496 959 3536 vox
987 3492 1071 3539 est
1108 3468 1212 3541 ista
1256 3503 1363 3543 non
1391 3489 1744 3562 Evangelistte

159 3567 438 3622 narrantis
466 3572 609 3638 quod
635 3571 709 3628 ita
735 3573 934 3629 factum
955 3578 1049 3643 sit,
1079 3581 1173 3634 sed
1197 3582 1367 3651 angeli
1397 3598 1464 3639 ex
1488 3588 1742 3644 mandato

157 3651 379 3709 Domini
418 3665 474 3723 et
515 3659 683 3730 ipsius
707 3672 892 3732 postea
924 3666 1170 3736 Domini,
1194 3674 1534 3743 evangelistae
1560 3689 1739 3735 autem

157 3746 460 3814 narrantis,
490 3751 583 3807 sed
608 3754 752 3821 quod
780 3756 856 3812 ita
890 3757 958 3812 ab
992 3761 1201 3828 angelo,
1233 3771 1287 3817 et
1320 3779 1349 3817 a
1381 3766 1609 3823 Domino
1656 3769 1739 3825 di-

155 3842 310 3892 ctum
329 3837 422 3903 sit,
434 3841 749 3913 prophetico
774 3846 973 3903 dictum
1002 3851 1370 3921 accipiendum
1394 3865 1495 3911 est.
1519 3856 1738 3916 Galilzea

153 3942 396 3998 namque
419 3930 805 4004 interpretatur
827 3938 913 3995 vel
934 3943 1324 4014 transmigratio
1354 3947 1441 4002 vel
1467 3948 1731 4005 revelatio.

151 4019 318 4077 Prius
349 4023 531 4096 itaque
554 4029 847 4086 secundum
872 4035 1360 4106 transmigrationis
1387 4038 1734 4110 signiﬁcatio-

147 4128 311 4180 nem,
346 4114 474 4184 quid
525 4116 669 4174 aliud
712 4123 954 4179 occurrit
996 4125 1419 4198 intelligendum,
1462 4127 1733 4189 Prwcedet

146 4219 238 4259 vos
263 4205 323 4260 in
364 4203 664 4274 Galilaeam,
705 4209 778 4267 ibi
802 4228 919 4268 eum
944 4213 1201 4283 videbitis,
1230 4218 1363 4272 sicut
1407 4219 1539 4273 dixit
1565 4222 1729 4289 vobis,

146 4294 261 4350 nisi
285 4294 415 4364 quia
442 4294 643 4353 Christi
671 4301 840 4368 gratia
864 4302 932 4359 de
959 4306 1154 4374 populo
1187 4306 1350 4363 Israel
1384 4312 1731 4382 transmigra-

146 4393 278 4442 tura
308 4394 430 4441 erat
474 4390 542 4444 ad
579 4396 765 4458 gentes
797 4391 821 4446 ἲ
863 4390 1069 4459 Quibus
1109 4398 1335 4466 apostoli
1373 4402 1728 4468 praedicantes

143 4476 507 4549 Evangelium
557 4479 703 4538 nullo
737 4482 897 4537 modo
942 4485 1312 4556 crederentur,
1352 4491 1454 4546 nisi
1489 4492 1569 4548 eis
1613 4494 1727 4564 ipse

140 4569 413 4625 Dominus
433 4569 579 4626 viam
606 4571 661 4625 in
687 4572 942 4632 cordibus
972 4577 1248 4634 hominum
1278 4593 1627 4651 praepararet.
1658 4584 1727 4641 Et

100 4672 105 4679 '
138 4661 251 4719 hoc
280 4660 673 4734 intelligimus:
715 4662 982 4723 Prwcedet
1018 4687 1105 4724 vos
1140 4671 1193 4724 in
1236 4670 1533 4731 Galilaeam.
1569 4679 1723 4747 Quod

138 4760 335 4809 autem
363 4754 659 4824 gaudentes
682 4756 1034 4828 mirarentur,
1056 4761 1313 4833 disruptis
1330 4773 1386 4822 et
1407 4768 1607 4841 evictis
1622 4771 1723 4826 dif-

135 4843 503 4912 ﬁcultatibus,
534 4848 735 4918 aperiri
763 4850 866 4908 sibi
896 4853 1095 4909 ostium
1127 4856 1183 4911 in
1212 4855 1439 4914 Domino
1467 4876 1564 4931 per
1595 4862 1717 4920 illu-

135 4935 501 4992 minationem
520 4937 783 5007 ﬁdelium,
808 4941 912 4998 hoc
931 4943 1262 5017 intelligitur,
1285 4948 1315 5005 Ι
1319 4948 1370 5006 bi
1390 4968 1508 5007 eum
1528 4954 1719 5010 videbi-

132 5028 229 5096 tis,
260 5027 322 5085 id
349 5037 457 5098 est,
484 5030 559 5087 ibi
577 5034 821 5090 membra
839 5033 956 5106 ejus
978 5037 1279 5107 invenietis,
1307 5043 1381 5098 ibi
1401 5046 1580 5103 vivum
1601 5064 1722 5105 cor-

131 5133 243 5191 pus
265 5118 388 5191 ejus
407 5120 463 5179 in
486 5122 566 5181 eis
586 5124 679 5194 qui
698 5140 795 5183 vos
814 5128 1154 5199 susceperint
1173 5136 1494 5203 agnoscetis.
1521 5136 1723 5197 Secun-

130 5206 271 5269 dum
302 5208 435 5266 illud
463 5222 645 5273 autem
680 5219 823 5290 quod
861 5218 1080 5279 Galilzea
1106 5221 1495 5296 interpretatur
1526 5231 1721 5288 revela-

130 5305 234 5370 tio,
263 5300 503 5372 nonjam
526 5305 580 5360 in
606 5307 778 5365 forma
810 5314 950 5369 servi
981 5313 1386 5387 intelligendum
1412 5329 1512 5387 est,
1543 5325 1636 5380 sed
1661 5325 1719 5382 in

130 5394 231 5486 illa
272 5393 331 5448 in
362 5408 469 5465 qua
493 5397 729 5486 aequalis
757 5409 840 5457 est
877 5402 1049 5463 Patri.
1078 5406 1248 5474 Quam
1284 5413 1535 5480 promisit
1576 5418 1717 5486 apud

129 5483 408 5577 Joannem
433 5485 781 5546 dilectoribus
819 5493 954 5561 suis,
985 5510 1108 5553 cum
1148 5498 1388 5557 diceret:
1419 5502 1490 5561 Et
1523 5483 1719 5577 ego—di-

128 5575 301 5647 ligam
328 5592 448 5633 eum
475 5587 525 5634 et
551 5581 820 5637 ostendam
843 5586 1095 5655 meipsum
1126 5589 1205 5644 illi
1225 5590 1403 5663 (Joan.
1433 5575 1566 5669 XIV).
1597 5597 1715 5655 Non

126 5670 332 5743 utique
346 5676 638 5732 secundum
662 5676 713 5733 id
732 5678 873 5748 quod
888 5679 1002 5750 jam
1022 5682 1291 5753 videbant,
1315 5696 1371 5743 et
1389 5691 1531 5759 quod
1551 5693 1713 5749 etiam

114 5778 432 5857 resurgens
455 5782 582 5839 cum
606 5768 949 5837 cicatricibus
971 5787 1082 5835 non
1100 5775 1276 5839 solum
1292 5778 1601 5854 videndum,
1618 5786 1713 5847 sed

1749 4535 1806 4599 D

1860 1935 1965 1991 vita
1989 1944 2185 1990 azterna
2204 1943 2263 1989 ut
2283 1944 2595 2006 cognoscant
2615 1944 2664 1991 te
2687 1952 2863 1992 verum
2885 1935 3071 2001 Deum,
3094 1944 3146 1991 et
3164 1952 3314 2008 quem
3333 1938 3434 1991 nti-

1857 2028 1972 2083 sisti
1996 2027 2177 2083 Iesum
2205 2024 2470 2081 Christum
2495 2026 2554 2097 (1
2558 2042 2679 2082 oan.
2707 2024 2863 2100 xvu).
2896 2025 3048 2082 Sicut
3072 2027 3129 2085 in
3154 2026 3246 2083 illa
3272 2034 3433 2083 teter-

1856 2118 2026 2173 nitate
2051 2116 2542 2188 cognoscitur,'quo
2569 2131 2756 2172 servos
2784 2118 3042 2186 perducet
3073 2131 3175 2187 per
3202 2115 3432 2176 formam

1856 2208 2019 2275 servi,
2045 2217 2105 2263 ut
2127 2207 2281 2264 liberi
2302 2207 2732 2279 contemplentur
2764 2206 2993 2264 formam
3023 2208 3253 2264 Domini.

1928 2298 2059 2365 Qua:
2079 2316 2199 2354 cum
2229 2299 2497 2367 abiissent,
2532 2315 2648 2355 ecce
2680 2300 2894 2372 quidam
2922 2300 2987 2359 de
3020 2300 3324 2359 custodibus
3346 2315 3432 2355 ve-

1853 2397 2040 2444 nerunt
2076 2391 2134 2444 in
2172 2390 2454 2456 civitatem,
2499 2397 2549 2445 et
2588 2390 2956 2445 nuntiaverunt
2992 2390 3310 2461 principibus
3345 2405 3434 2445 sa-

1853 2481 2121 2536 cerdotum
2145 2482 2322 2536 omnia
2355 2496 2476 2551 quis
2518 2481 2661 2550 facta
2686 2480 2914 2550 fuerant.
2941 2480 3166 2554 (Μιυι.)
3191 2480 3433 2552 Simplex

1853 2573 2020 2628 animi
2048 2573 2304 2643 qualitas,
2335 2580 2391 2627 et
2419 2573 2636 2628 indocta
2661 2574 2939 2629 hominum
2968 2573 3260 2641 rusticitas,
3290 2586 3433 2643 sape

1849 2665 2135 2720 veritatem
2159 2666 2259 2731 rei,
2288 2672 2350 2719 ut
2369 2672 2473 2731 est,
2502 2665 2621 2720 sine
2648 2665 2839 2722 fraude
2862 2665 3190 2722 manifestat.
3216 2667 3287 2721 At
3307 2682 3433 2722 con-

1851 2763 1934 2810 tra
1958 2764 2178 2812 versuta
2219 2757 2548 2827 malignitas,
2574 2764 2632 2813 et
2670 2758 2969 2814 exercitata
3005 2774 3186 2830 pravae
3228 2758 3429 2814 mentis

1848 2847 2108 2916 nequitia,
2141 2847 2293 2903 dolos
2312 2848 2578 2903 versando
2600 2846 2889 2904 falsitatem
2911 2848 3294 2906 verisimilibus
3311 2864 3432 2906 ver-

1849 2938 1953 3004 bis,
1982 2954 2081 3008 pro
2109 2938 2227 3009 ipso
2261 2954 2393 2995 vero
2419 2938 2802 2994 commendem
2833 2939 3097 3007 decertat,
3139 2938 3353 3009 sibique
3374 2939 3428 2993 in

1847 3045 2127 3086 assensum
2178 3030 2363 3101 plures
2397 3038 2714 3085 convertere
2748 3038 2802 3087 et
2831 3031 3142 3088 condonare
3185 3029 3425 3087 festinat.

1848 3124 2003 3191 Quod
2028 3139 2261 3194 sequens
2288 3125 2556 3182 sententia
2582 3127 2657 3181 ita
2677 3125 2933 3183 ostendit.

1920 3215 2051 3289 [HL]
2073 3216 2143 3271 Et
2163 3216 2462 3288 congregati
2483 3233 2603 3271 eum
2624 3216 2938 3283 senioribus,
2952 3215 3172 3272 consilio
3191 3225 3425 3287 accepto,

1845 3308 2122 3378 pecuniam
2148 3308 2412 3379 copiosam
2456 3308 2714 3363 dederunt
2748 3308 3003 3365 militibus
3028 3310 3255 3365 dicentes
3278 3325 3298 3364 :
3326 3308 3425 3364 Di-

1846 3400 1946 3455 cite
1971 3401 2099 3469 quia
2127 3399 2371 3471 discipuli
2395 3400 2510 3471 ejus
2540 3410 2688 3455 nocte
2723 3408 2970 3456 venerunt
2987 3441 3002 3468 ,
3026 3409 3076 3456 et
3111 3401 3275 3471 furati
3298 3411 3420 3457 sunt

1843 3506 1965 3547 eum
2002 3490 2144 3546 vobis
2187 3491 2583 3547 dormientibus.
2614 3492 2799 3564 (Aug.)
2832 3491 3089 3561 uincula
3120 3490 3266 3549 facta
3292 3500 3420 3549 sunt

1842 3583 1969 3639 talia
2015 3583 2159 3639 circa
2221 3582 2525 3653 sepulcrum
2578 3591 2637 3638 ut
2682 3598 2749 3641 ea
2790 3583 2893 3652 ipsi
2938 3581 3160 3651 milites,
3199 3583 3293 3654 qui
3327 3598 3422 3639 cu—

1841 3677 2021 3732 stodes
2041 3675 2389 3740 advenerant,
2420 3682 2587 3731 testes
2606 3664 2800 3733 fierent
2825 3674 2873 3730 si
2893 3674 3092 3731 vellent
3116 3688 3244 3730 vers
3277 3688 3421 3729 ιιωι-

1838 3769 1999 3835 tiare,
2038 3768 2133 3824 sed
2175 3769 2403 3824 avaritia
2444 3766 2553 3831 illa,
2598 3782 2719 3837 qua:
2759 3766 3051 3837 captivavit
3094 3764 3417 3837 discipulum

1836 3861 2091 3916 comitem
2127 3859 2351 3927 Christi,
2391 3859 2684 3930 captivavit
2709 3866 2765 3915 et
2802 3859 3003 3915 milites
3049 3859 3300 3915 custodes
3332 3872 3419 3916 se—

1834 3950 2027 4021 pulcri.
2070 3949 2275 4006 Damus
2308 3949 2471 4016 vobis,
2515 3949 2785 4020 inquiunt,
2822 3950 3119 4019 pecuniam,
3162 3957 3213 4007 et
3258 3948 3415 4007 dicite

1833 4042 1961 4112 quia
1979 4040 2119 4101 vobis
2139 4039 2513 4096 domnentibus
2525 4048 2770 4095 venerunt
2792 4039 3034 4110 discipuli
3052 4040 3189 4111 ejus,
3221 4048 3270 4095 et
3290 4038 3414 4095 abs-

1833 4131 2062 4188 tulerunt
2089 4149 2229 4189 eum.
2256 4131 2395 4200 Quid
2418 4140 2504 4188 est
2528 4133 2671 4203 quod
2693 4133 2902 4199 dixisti,
2924 4148 2959 4189 o
2980 4130 3165 4190 infelix
3185 4133 3406 4200 astutia,

1834 4230 2114 4280 tantumne
2173 4224 2378 4280 deseris
2409 4223 2584 4280 lucem
2606 4223 2817 4281 consilii
2836 4223 3075 4295 pietatis,
3109 4229 3164 4278 et
3191 4222 3245 4278 in
3280 4238 3412 4293 pro—

1830 4314 1995 4371 funda
2019 4316 2256 4372 versutia
2283 4316 2629 4386 demergeris,
2664 4326 2722 4371 ut
2749 4317 2855 4370 hoc
2875 4315 3026 4371 dicas
3050 4333 3063 4370 :
3092 4314 3262 4370 Dicite
3284 4316 3412 4387 quia

1828 4408 1968 4463 vobis
1994 4408 2370 4465 dormientibus
2395 4416 2646 4463 venerunt
2670 4406 2915 4478 discipuli
2942 4408 3076 4478 ejus,
3097 4415 3148 4462 et
3178 4407 3409 4462 abstule—

1829 4508 1952 4555 runt
1981 4500 2132 4555 eum!
2162 4500 2506 4559 Dormientes
2545 4506 2709 4555 testes
2746 4498 2990 4565 adhibes,
3019 4512 3149 4560 vere
3192 4506 3251 4553 tu
3292 4497 3410 4568 ipse

1830 4590 2146 4649 obdormisti
2166 4608 2277 4649 non
2296 4592 2567 4659 sacerdos,
2591 4592 2684 4648 sed
2706 4591 2978 4662 parricida
3000 4591 3093 4662 qui
3114 4592 3408 4648 scrutando

1828 4683 1959 4740 talia
1990 4683 2254 4741 deiecisti.
2292 4682 2351 4739 Si
2395 4683 2753 4749 dormiebant,
2781 4682 3053 4754 quomodo
3095 4682 3282 4739 videre
3311 4696 3407 4753 po-

1826 4777 2079 4832 tuerunt?
2125 4777 2171 4834 si
2214 4776 2349 4833 nihil
2385 4777 2669 4843 viderunt,
2708 4777 2977 4848 quomodo
3010 4783 3176 4834 testes
3211 4777 3408 4833 erunt?

1824 4866 2153 4927 Defecerunt
2165 4869 2219 4927 in
2234 4870 2352 4939 ipso
2363 4868 2558 4927 eil‘ectu
2572 4869 2919 4927 consiliorum
2932 4884 3175 4934 suorum,
3189 4867 3407 4939 quando

1823 4961 1967 5031 quod
1988 4960 2272 5017 voluerunt
2294 4960 2517 5031 implere
2543 4976 2653 5017 nou
2672 4967 2979 5031 potuerunt.
3007 4958 3298 5029 Sequitur:

1891 5052 1963 5108 Et
1981 5053 2027 5108 si
2053 5053 2153 5108 hoc
2172 5052 2411 5109 auditum
2435 5052 2591 5123 fuerit
2612 5068 2646 5107 a
2669 5050 2908 5122 preside,
2950 5066 3044 5105 nos
3065 5048 3403 5107 suadebimus

1818 5143 1889 5208 ei,
1916 5151 1966 5198 et
1988 5158 2198 5198 securos
2226 5159 2314 5201 vos
2340 5142 2613 5212 faciemus.
2637 5141 2903 5199 Custodes
2930 5140 3250 5199 miraculum
3272 5154 3402 5195 con-

1820 5234 2064 5303 ﬁtentur,
2096 5237 2163 5293 ad
2196 5235 2387 5293 urbem
2413 5234 2612 5293 conciti
2641 5235 2894 5301 redeunt,
2924 5240 3180 5293 nuntiant
3201 5231 3399 5305 princi-

1818 5329 1977 5399 pibus
2004 5331 2344 5389 sacerdotum
2373 5343 2494 5399 qua
2532 5328 2802 5393 viderant,
2832 5341 2960 5398 quin
2987 5328 3140 5385 facta
3168 5340 3399 5397 conme-

1818 5426 2029 5477 serant.
2053 5420 2133 5477 illi
2156 5421 2251 5491 qui
2270 5420 2568 5479 debuerant
2589 5418 2832 5477 converti
2857 5418 2932 5479 ad
2950 5418 3320 5494 [imitandam
3340 5424 3400 5474 et

1816 5509 1998 5569 Jesum
2021 5526 2264 5582 quaerere
2282 5520 2612 5584 surgentem,
2638 5521 2998 5583 perseverant
3013 5514 3071 5570 in
3094 5511 3321 5576 malitia,
3339 5514 3401 5565 et

1816 5603 2073 5672 pecunias
2096 5619 2215 5673 quae
2236 5602 2305 5659 ad
2330 5619 2460 5659 usus
2481 5602 2665 5674 templi
2681 5603 2818 5663 data:
2836 5603 3079 5673 inerant,
3103 5600 3398 5661 vertuntin

1816 5695 2240 5765 redemptionem
2280 5694 2566 5762 mendacii,
2604 5695 2744 5755 sicut
2786 5708 2921 5758 ante
2942 5696 3172 5769 triginta
3203 5706 3397 5764 arguu-

1815 5793 1932 5844 teos
1958 5784 1987 5842 J
1993 5785 2109 5844 udae
2138 5785 2398 5844 dederant
2416 5787 2706 5858 proditori,
2732 5794 2935 5853 υιιωω
2950 5791 3119 5864 igitur
3138 5785 3233 5862 qui
3252 5783 3397 5859 stipe
