3898 6450
625 322 758 378 1151

1282 320 1344 375 Β.
1389 320 1641 377 RABANI
1679 319 1896 377 MAURI
1929 314 2247 375 ARCHIEP.
2292 313 2598 397 gOGUNT.
2641 313 2923 371 OPERUM
2958 315 3132 375 PARS
3165 319 3203 373 Ι.
3605 340 3677 403 ηεξ

622 436 831 507 templi,
859 444 914 491 et
942 434 1029 490 his
1056 449 1175 504 qua:
1197 434 1553 490 conferuntur
1577 436 1644 490 ad
1668 451 1798 491 usus
1845 434 2087 491 ecclesia}
2129 433 2219 489 ab-
2245 436 2297 495 A
2394 427 2462 483 Ει
2482 430 2710 484 videntes
2739 445 2856 483 eum
2885 429 3239 485 adoraveruut.
3267 432 3457 500 Quidam
3472 454 3678 511 «tam

622 523 846 582 utuntur
875 526 928 580 in
950 525 1071 579 aliis
1091 525 1273 589 rebus,
1297 524 1492 594 quibus
1513 540 1665 580 suam
1692 526 1942 596 expleant
1960 525 2207 595 volupta-

624 626 754 684 tem,
778 617 980 673 similes
1003 623 1130 672 sunt
1157 617 1459 672 scribarum
1490 625 1545 671 et
1570 618 1913 673 sacerdotum
1940 617 2206 672 redimen-

623 707 760 763 tium
785 707 1121 762 mendacium
1148 717 1203 762 et
1227 708 1544 779 sanguinem
1565 707 1879 765 Salvatoris.

692 798 760 851 At
781 797 880 863 illi,
911 807 1121 869 accepta
1147 800 1393 869 pecunia,
1426 799 1663 869 fecerunt
1690 802 1825 855 sicut
1863 809 2010 855 erant
2040 800 2200 855 docti.

622 887 849 960 (Μλωι.)
879 890 923 944 0
968 890 1136 958 pestis
1172 889 1426 961 maligna,
1472 900 1527 945 et
1573 905 1787 961 semper
1813 892 1969 948 bonis
2009 893 2204 948 animis

621 978 933 1033 detestanda
977 980 1228 1046 avaritia,
1275 980 1404 1049 quid
1451 980 1693 1046 illaesum,
1743 982 1872 1051 quid
1920 982 2205 1038 inconcus-

621 1084 740 1124 sum
765 1070 1039 1127 dimittis?
1076 1071 1155 1125 Tu
1196 1072 1430 1142 primum
1469 1072 1746 1128 hominem
1791 1074 2102 1142 perdidisti;
2145 1082 2203 1128 tu

619 1174 789 1230 genus
823 1162 1117 1216 humanum
1146 1161 1469 1229 confudisti;
1513 1176 1569 1217 tu
1600 1162 1797 1218 fratres
1826 1165 2111 1220 unanimes
2148 1164 2204 1219 in

618 1252 803 1324 praelia
828 1255 1083 1321 armasti;
1117 1266 1169 1309 tu
1194 1246 1449 1325 paciﬁcos
1476 1256 1755 1311 discordes
1780 1257 1988 1321 fecisti;
2033 1265 2090 1311 tu
2125 1257 2196 1311 di-

618 1346 889 1416 seipulum
908 1347 1161 1404 comitem
1185 1348 1385 1404 Christi
1412 1348 1480 1404 de
1491 1349 1796 1419 apostolatu
1815 1350 2166 1420 praecipitasti
2186 1366 2200 1415 ;

620 1443 677 1491 tu
698 1437 924 1494 militem
950 1441 1227 1495 custodem
1258 1440 1488 1510 sepulcri
1527 1441 1833 1510 captivasti,
1871 1450 1928 1497 et
1962 1457 2202 1497 errorem

621 1530 1012 1600 nequissimum
1048 1532 1417 1598 introduxisti,
1458 1542 1513 1589 et
1549 1541 1765 1605 gentem
1806 1534 2106 1605 antiquam,
2148 1542 2204 1591 et

621 1623 890 1691 quondam
915 1624 1303 1679 nobilissimam
1334 1626 1617 1681 seduxisti.
1653 1626 1806 1682 Unde
1833 1635 1887 1681 et
1913 1627 2156 1696 sequitur
2186 1645 2198 1681 :

686 1713 756 1768 Et
779 1715 1104 1786 divulgatum
1131 1727 1205 1771 est
1229 1717 1440 1772 verbum
1460 1718 1602 1773 istud
1629 1720 1769 1789 apud
1794 1718 2013 1774 Iudaeos
2038 1736 2199 1791 usque

2308 530 2567 577 taverunt.
2597 522 2655 577 Si
2678 522 2970 593 quaerimus
2987 521 3126 607 unde
3143 524 3483 598 dubitaverunt,
3499 540 3564 607 qui
3581 544 3679 601 vide;

2308 623 2390 670 tes
2419 613 2707 670 Dominum
2743 604 3126 686 adoraverunt,
3178 620 3307 675 nulla
3348 626 3483 696 magis
3503 604 3611 687 causa
3633 652 3680 693 oc.

2305 706 2508 770 currit,
2546 720 2711 775 quam
2757 716 2822 761 ea
2851 705 3001 776 cujus
3046 708 3210 766 Lucas
3254 714 3475 780 meminit,
3508 733 3590 774 cum
3621 726 3681 795 ipso

2307 798 2716 855 resurrectionis
2735 815 2847 855 suae
2868 800 2953 856 die
2973 801 3236 873 discipulis
3259 818 3365 859 eum
3382 811 3603 876 apparuisse
3615 831 3681 869 ηπ.

2306 900 2420 945 rat:
2469 889 2783 944 Conturbati
2810 905 2951 956 vero,
2998 892 3190 962 inquit,
3218 902 3262 948 et
3286 900 3502 951 conterriti
3532 903 3682 957 crisin.

2306 980 2429 1034 bant
2469 998 2523 1035 se
2568 982 2809 1051 spiritum
2862 981 3053 1037 videre.
3116 982 3346 1039 Videntes
3379 1002 3481 1059 ergo
3518 990 3681 1049 Dominus

2305 1080 2653 1142 cognoscunt.
2699 1072 2766 1127 Et
2807 1073 2933 1144 quia
2974 1074 3116 1129 hunc
3164 1090 3273 1131 esse
3320 1076 3459 1133 Deum
3494 1082 3681 1147 (ﬁdicina,

2284 1159 2540 1215 .dimissis
2587 1161 2642 1214 in
2693 1171 2890 1217 terram
2952 1163 3185 1220 vultibus
3231 1149 3441 1221 adorant.
3483 1167 3558 1224 Sed
3595 1173 3681 1229 intra

2305 1250 2574 1306 mentibus
2612 1266 2801 1307 eorum
2847 1268 2957 1308 non
2999 1258 3366 1311 contemnenda
3405 1259 3595 1327 dubietas,
3622 1266 3681 1331 qn

2304 1356 2364 1396 se
2402 1357 2508 1397 non
2538 1357 2734 1412 corpus
2766 1344 2821 1398 in
2855 1360 2965 1415 quo
2992 1360 3183 1416 passus
3209 1358 3285 1403 est
3323 1351 3614 1417 resuscitatun,
3640 1355 3682 1409 uti

2303 1432 2550 1502 spiritum
2580 1448 2741 1503 quem
2768 1435 2917 1489 ﬁnita
2954 1437 3200 1505 passione
3239 1438 3429 1492 tradidit
3458 1439 3683 1497 solumv'due

2302 1525 2582 1595 putabant.
2633 1525 2786 1583 Unde
2808 1527 3096 1584 confestim
3127 1530 3363 1600 magister
3383 1530 3491 1600 pius,
3523 1537 3683 1603 deum

2295 1616 2408 1687 jam
2435 1618 2781 1675 crediderunt
2808 1621 2863 1676 in
2902 1622 3009 1677 [ide
3035 1621 3312 1688 confortat,
3344 1632 3390 1678 et
3410 1624 3500 1679 illos
3515 1628 3577 1695 qui
3596 1627 3683 1681 adhuc

2303 1708 2681 1765 dubitaverunt
2725 1712 2792 1767 ad
2847 1711 2971 1768 ﬁdei
3017 1714 3242 1784 gratiam
3291 1725 3517 1780 convocat,
3548 1719 3682 1770 omniin

612 1807 670 1861 δη
702 1807 1008 1862 Λοάίενηηηι
1028 1810 1186 1863 diem.
1238 1809 1507 1865 Hactenus
1535 1811 1752 1880 quidem
1778 1826 1932 1866 erm,-
1955 1812 2059 1866 ίειθ
2090 1829 2204 1867 ma-
2231 1796 2279 1854 Β
2306 1800 2509 1856 scilicet
2537 1803 2791 1858 intimans
2817 1804 2885 1859 ad
2912 1813 3172 1875 quantam
3210 1806 3376 1878 gloria:
3404 1808 3683 1879 tuagnilioeetim

612 1911 708 1957 net
731 1905 872 1974 apud
896 1902 1129 1961 Iudaeos.
1159 1907 1226 1961 Et
1250 1909 1390 1964 sicut
1417 1909 1644 1979 sanguis
1673 1918 1877 1975 reatus,
1910 1925 2070 1980 quem
2098 1909 2199 1965 sibi

613 1995 950 2065 posterisque
996 1997 1112 2053 suis
1157 1998 1257 2068 ipsi
1290 2000 1749 2070 imprecabantur,
1798 2004 1950 2073 gravi
1989 2003 2199 2058 sarcina

610 2093 956 2155 peccatorum
1003 2090 1123 2146 illos
1151 2093 1369 2161 premit,
1402 2094 1475 2147 ita
1514 2096 1716 2165 emptio
1768 2096 2058 2163 mendacii,
2103 2113 2202 2168 per

610 2176 754 2246 quod
776 2180 1192 2236 resurrectionis
1228 2180 1496 2253 denegant
1542 2186 1845 2251 veritatem,
1903 2195 2054 2241 reatu
2107 2203 2200 2245 eos

608 2267 930 2339 constringit
967 2281 1245 2342 perpetuo,
1297 2284 1612 2345 respuentes
1659 2276 1948 2332 Christum
2000 2286 2054 2333 et
2103 2294 2198 2334 ex-

516 2366 523 2379 ‘
608 2368 917 2430 spectantes
956 2361 1372 2431 Antichristum,
1403 2374 1460 2420 ut
1488 2367 1582 2437 qui
1610 2368 1703 2423 vili
1728 2370 1902 2439 pretio
1943 2370 2200 2425 vendide-

608 2458 735 2505 runt
756 2453 1061 2523 veritatem,
1093 2457 1296 2513 erroris
1342 2458 1398 2514 in
1438 2459 1615 2530 capite
1636 2476 1735 2517 suo
1784 2463 2198 2533 apprehendant

610 2543 1040 2602 universitatem.

683 2633 937 2691 Undecim
964 2655 1084 2694 vero
1126 2641 1372 2712 discipuli
1394 2645 1448 2698 in
1478 2642 1755 2700 Galilaeam
1806 2648 2044 2701 abierunt
2072 2687 2086 2713 ,
2140 2648 2197 2701 in

607 2738 831 2783 montem
855 2730 943 2785 ubi
970 2734 1312 2789 constituerat
1334 2736 1438 2790 illis
1457 2737 1632 2791 Iesus.
1660 2738 1873 2810 (Beda.)
1902 2738 2019 2794 Non
2039 2749 2196 2795 vacat

607 2833 639 2874 a
654 2822 911 2891 mysterio
934 2825 1075 2893 quod
1105 2824 1364 2883 Dominus
1392 2829 1445 2882 in
1468 2828 1688 2884 Galileea
1702 2839 1823 2901 post
1839 2832 2193 2887 resurrectio-

604 2926 753 2977 nem,
775 2914 859 2967 vel
883 2915 1025 2985 quod
1047 2917 1100 2971 in
1124 2927 1304 2974 monte
1326 2920 1601 2991 discipulis
1650 2923 1918 2992 apparuit,
1945 2931 2006 2977 ut
2028 2923 2193 2995 signi-

605 3000 794 3058 ﬁcaret
811 3006 936 3074 quia
960 3022 1159 3078 corpus
1179 3011 1322 3081 quod
1346 3009 1415 3066 de
1440 3013 1714 3067 communi
1738 3014 1957 3069 humani
1974 3014 2193 3086 generis

606 3098 749 3147 terra
769 3098 1040 3153 nascendo
1064 3109 1395 3170 susceperat,
1424 3105 1751 3174 resurgendo
1763 3104 1877 3174 jam
1898 3121 2061 3176 super
2082 3114 2189 3161 ter-

2304 1901 2579 1963 assumpta
2609 1908 2707 1963 pro
2750 1894 3061 1951 hominibus
3089 1906 3144 1952 et
3188 1899 3338 1952 morti
3382 1898 3481 1952 data
3516 1898 3683 1954 humanis

2304 1984 2630 2053 resurgendo
2651 1988 2980 2053 pervenerit.

2371 2074 2437 2128 Et
2465 2077 2714 2131 accedens
2780 2079 2937 2134 Jesus
2995 2079 3200 2136 locutus
3248 2090 3317 2136 est
3347 2083 3410 2135 eis
3441 2080 3592 2135 dicetis:
3619 2081 3683 2134 Dat

2298 2175 2375 2220 est
2424 2168 2549 2221 milii
2594 2170 2763 2224 omnis
2817 2182 3048 2241 potestas
3099 2175 3155 2229 in
3201 2172 3318 2228 calo
3356 2182 3398 2228 et
3441 2174 3483 2226 in
3519 2172 3683 2228 tenuia

2299 2261 2442 2315 enim
2494 2262 2609 2318 haec
2651 2265 2716 2319 de
2768 2276 3039 2322 coaeterna
3092 2266 3236 2323 Patri
3278 2267 3541 2336 divinitate,
3573 2268 3626 2323 sed
3656 2268 3685 2321 ὼ

2298 2362 2573 2423 assumpta
2628 2354 2868 2425 loquitur
2918 2358 3274 2414 humanitate.
3339 2362 3480 2428 Quam
3527 2361 3683 2430 suscipis

2298 2447 2367 2503 do
2420 2449 2721 2506 minoratus
2768 2461 2852 2508 est
2898 2454 3061 2524 paulo
3105 2455 3278 2510 minus
3321 2457 3381 2510 ab
3415 2456 3589 2529 angelis,
3616 2458 3684 2509 ets

2294 2555 2402 2610 qua
2436 2545 2767 2615 resurgendo
2809 2560 2841 2599 a
2868 2547 3100 2601 mortuis
3124 2546 3286 2617 gloria
3315 2557 3364 2603 et
3399 2549 3552 2604 honore
3577 2562 3685 2602 corner

2297 2640 2384 2687 tus
2404 2642 2505 2699 cst,
2538 2644 2595 2689 et
2638 2637 2963 2693 constitutus
2994 2655 3158 2709 super
3182 2656 3338 2711 opera
3376 2656 3566 2696 manuum
3587 2639 3684 2699 Patris,

2295 2725 2585 2797 omniaque
2651 2728 2894 2798 subjecta
2943 2731 3047 2787 sub
3105 2734 3323 2803 pedibus
3361 2733 3475 2803 ejus.
3515 2732 3683 2796 lnterqu

2293 2818 2473 2871 omnia
2502 2819 2666 2874 etiam
2694 2836 2841 2876 mors
2863 2822 2996 2893 ipsa,
3024 2838 3146 2893 quae
3172 2826 3221 2879 ei
3249 2825 3312 2881 ad
3340 2834 3510 2895 tempus
3529 2822 3683 2895 ωηιξη

2293 2909 2407 2963 visa
2434 2920 2535 2975 est,
2568 2911 2685 2981 ejus
2705 2914 2933 2982 pedibus
2957 2916 3232 2972 substrata
3258 2927 3351 2973 est.
3375 2917 3497 2985 Quod
3516 2931 3599 2986 ergo
3615 2912 3685 2966 N-

2293 3001 2451 3056 mista
2492 3002 2558 3057 de
2613 3004 2841 3060 Domino
2890 3017 3207 3079 resurgente
3235 3023 3264 3063 a
3307 3008 3498 3063 mortuis
3530 3008 3579 3061 ait
3605 3006 3683 3061 Patri.

2294 3089 2486 3147 Omnia
2534 3093 2802 3164 subjecisti
2846 3096 2940 3151 sub
2983 3099 3203 3168 pedibus
3251 3099 3356 3169 ejus
3390 3094 3684 3171 (Paulmier:

603 3198 734 3239 rena
758 3188 940 3244 omnia
965 3189 1320 3258 sublevatum,
1362 3195 1574 3251 caelesti
1594 3196 1795 3252 virtute
1828 3199 2082 3255 induerit.
2131 3198 2142 3253 1

2219 3167 2262 3231 C
2294 3191 2375 3237 est
2403 3185 2610 3253 utique,
2644 3186 2788 3256 quod
2821 3167 3114 3258 resurgens
3146 3189 3256 3258 ipse
3272 3167 3500 3243 Dominus
3532 3186 3582 3239 ait
3609 3182 3683 3236 disci

602 3284 786 3332 monte
822 3282 1072 3351 apparuit
1102 3291 1161 3338 ut
1184 3284 1501 3343 admoneret
1520 3287 1724 3355 fideles,
1762 3292 1809 3345 si
1831 3291 1939 3347 illic
1967 3292 2188 3348 celsitu-

602 3365 783 3424 dinem
808 3374 1222 3431 resurrectionis
1252 3377 1367 3448 ejus
1387 3379 1610 3449 cupiunt
1641 3382 1844 3448 videre,
1886 3384 1976 3439 hic
2002 3382 2071 3439 ab
2102 3384 2187 3439 in-

601 3456 776 3515 ﬁrmis
808 3463 1191 3532 cupiditatibus
1239 3468 1305 3524 ad
1333 3485 1568 3541 superna
1614 3472 1880 3529 desideria
1926 3476 2180 3532 transire.

600 3546 809 3606 Nomen
827 3566 959 3609 vero
977 3553 1230 3624 Galilaeaa,
1272 3560 1401 3630 quid
1423 3563 1667 3634 mysterii
1712 3564 1968 3621 salutaris
2009 3564 2183 3622 conti-

599 3648 743 3704 neat,
766 3642 956 3699 crebra
976 3646 1196 3703 Patrum
1217 3652 1554 3721 expositione
1570 3655 1913 3713 notissimum
1946 3667 2050 3713 est.
2078 3657 2186 3714 Sed

598 3745 707 3786 non
732 3732 832 3788 abs
850 3749 911 3790 re
931 3744 1014 3792 est
1047 3739 1241 3809 saepius
1268 3743 1436 3799 verbo
1468 3753 1733 3816 repetere,
1773 3748 1917 3819 quod
1961 3765 2183 3821 semper

597 3837 821 3880 necesse
840 3835 925 3882 est
954 3830 1136 3887 animo
1168 3834 1421 3891 retinere.
1447 3835 1664 3893 Galilaea
1702 3841 1899 3911 quippe
1937 3844 2186 3897 transmi-

597 3918 769 3985 gratio
820 3920 987 3989 facta,
1038 3924 1124 3979 vel
1150 3926 1392 3982 revelatio
1438 3929 1654 3984 dicitur.
1714 3930 1958 4005 Utraque
2000 3943 2181 3991 autem

596 4006 974 4080 interpretatio
999 4016 1231 4073 nominis
1253 4018 1321 4073 ad
1347 4035 1512 4074 unum
1548 4019 1708 4077 linem
1740 4024 1981 4095 respicit,
2012 4027 2181 4096 siqui-

596 4096 716 4152 dem
746 4114 908 4171 θυμω
933 4103 1048 4172 jam
1078 4104 1302 4175 legimus
1328 4110 1529 4166 dixisse
1554 4113 1800 4182 angelum
1825 4115 2142 4174 mulieribus
2165 4138 2178 4174 :

599 4185 705 4253 Ite,
743 4190 899 4246 dicite
921 4194 1193 4266 discipulis
1237 4199 1350 4267 eius
1386 4203 1509 4269 quia
1535 4207 1763 4257 surrexit
1788 4222 1806 4269 ;
1837 4217 1885 4259 et
1912 4224 2179 4278 eccepraz-

596 4278 740 4333 cedet
762 4298 848 4337 vos
882 4283 938 4339 in
988 4284 1290 4357 Galilwam,
1346 4291 1419 4345 ibi
1453 4308 1572 4348 eum
1614 4294 1867 4353 videbitis.
1916 4298 1985 4354 Et
2037 4316 2180 4358 nunc

594 4377 921 4446 evangelista
981 4390 1240 4440 narrante
1301 4388 1652 4459 cognovimus
1717 4393 1860 4462 quod
1931 4393 2181 4452 abierunt

2289 3272 2456 3345 pulis:
2482 3274 2619 3332 Data
2641 3289 2717 3333 est
2746 3279 2873 3334 milii
2895 3281 3066 3336 omnis
3092 3289 3311 3352 potestas
3332 3281 3380 3335 in
3404 3280 3502 3335 calo
3516 3278 3683 3333 etiam.

2287 3367 2355 3422 Et
2402 3369 2621 3439 quidem
2667 3371 2830 3426 etiam
2873 3372 3192 3444 priusquam
3229 3389 3259 3429 a
3309 3382 3460 3429 morte
3501 3372 3685 3437 rem?!“

2288 3469 2552 3516 noverant
2579 3461 2837 3533 angelicae
2857 3462 2912 3518 in
2942 3465 3083 3521 ctelo
3118 3465 3339 3522 virtutes
3367 3463 3472 3536 jure
3492 3477 3535 3518 se

2290 3552 2513 3619 homini,
2561 3570 2723 3626 quem
2760 3573 2790 3612 a
2834 3572 2933 3613 suo
2977 3560 3265 3616 conditore
3304 3556 3551 3631 specialiter
3580 3562 3685 3605 assae

2287 3654 2437 3717 ptum
2460 3664 2579 3705 esse
2606 3649 2881 3706 videbant.
2920 3649 3031 3708 Sed
3064 3653 3196 3710 caeci
3239 3653 3292 3709 in
3319 3662 3445 3709 terra
3470 3640 3688 3706 homineslr

2289 3739 2651 3811 dignabantur
2703 3742 2755 3798 ei
2814 3741 3048 3813 subjici,
3102 3760 3263 3817 quem
3325 3739 3545 3801 communi
3596 3746 3687 3789 sem

2286 3831 2617 3888 mortalitate
2680 3843 3049 3903 cognoverant
3118 3836 3371 3893 indutum.
3416 3823 3686 3916 Contemnehﬂl

2285 3920 2401 3989 ejus
2434 3923 2689 3979 virtutem
2722 3927 2776 3979 in
2825 3926 3104 3983 miraculis
3133 3928 3413 3999 intelligam
3448 3922 3626 3979 divinam,
3650 3925 3685 3963 ω

2283 4012 2653 4072 infirmitatem
2681 4018 2736 4073 in
2767 4020 3115 4090 passionibus
3144 4022 3313 4077 inesse
3342 4016 3573 4076 cernebant
3591 4012 3685 4064 hlllm‘

2285 4123 2430 4161 nam.
2480 4107 2707 4181 Propter
2754 4111 2899 4181 quod
2923 4112 3157 4185 benigne
3202 4113 3443 4169 mediator
3476 4110 3559 4179 ipse
3583 4099 3681 4193 Dat“.

2282 4200 2595 4269 hominum,
2649 4204 2815 4259 etiam
2866 4206 3174 4263 hominibus
3215 4208 3269 4261 in
3317 4215 3443 4260 terra
3475 4208 3603 4254 notum

2281 4294 2489 4361 volens,
2516 4295 2643 4367 quia
2669 4296 2795 4352 data
2821 4298 2892 4353 sit
2918 4299 2968 4353 ei
2996 4296 3418 4372 omnis'potestas
3442 4297 3486 4350 in
3507 4288 3600 4381 culo
3662 4294 3684 4330 ιε

2281 4394 2449 4453 terra,
2498 4396 2764 4458 quatenus
2807 4398 2863 4445 et
2882 4390 2984 4459 ipsi
3029 4405 3154 4446 eum
3184 4389 3377 4463 angelis
3405 4387 3450 4440 in
3487 4379 3583 4438 οωιο
3604 4379 3685 4463 *Ἳωῗ

593 4467 839 4540 discipuli
884 4470 1181 4532 Salvatoris
1203 4481 1259 4532 in
1306 4456 1605 4548 GaliImam,
1653 4492 1710 4538 et
1734 4456 2004 4543 sidentes
2053 4503 2132 4543 euI

2145 4505 2174 4543 η
2206 4550 2229 4551 7
2278 4456 2746 4548 possent‘babere
2812 4456 3142 4551 perennem,
3192 4456 3335 4537 misit
3355 4488 3405 4536 et
3446 4477 3618 4532 doctons
3646 4474 3684 4528 ill

593 4558 976 4620 adoraverunt.
1034 4566 1175 4635 Quid
1225 4578 1311 4626 est
1354 4588 1483 4644 ergo
1505 4575 1648 4644 quod
1702 4575 1858 4634 Iesus
1916 4581 2176 4649 praecedit
2202 4550 2254 4610 D
2278 4572 2490 4627 cunctis
2511 4588 2609 4643 per
2627 4550 2829 4630 orbem
2842 4574 3153 4633 nationibus
3178 4590 3327 4632 suum
3346 4565 3685 4638 Evangeliuml’”

592 4652 886 4731 discipulos
920 4660 974 4715 in
1000 4659 1300 4732 Galilaaam,
1326 4674 1385 4721 ut
1411 4668 1656 4723 videatur
1683 4668 1752 4724 ab
1787 4671 1889 4735 eis,
1935 4686 2173 4740 sequun-

592 4757 681 4803 tur
703 4750 774 4805 illi
801 4762 855 4808 et
877 4754 1121 4811 videntes
1155 4773 1281 4813 eum
1324 4760 1592 4816 adorant?
1628 4761 1732 4817 nisi
1773 4762 1900 4833 quia
1936 4764 2174 4820 surrexit

589 4839 838 4899 Christus
865 4860 897 4899 a
924 4848 1177 4916 mortuis,
1199 4852 1451 4920 primitiae
1480 4853 1884 4910 dormientium.
1920 4854 2171 4927 Sequun-

591 4942 678 4987 tur
703 4942 881 4989 autem
926 4937 981 4992 hi
1011 4939 1104 5009 qui
1133 4949 1259 4996 sunt
1289 4942 1508 5010 Christi,
1550 4954 1606 5001 et
1635 4945 1734 5016 ipsi
1766 4947 1819 5001 in
1854 4963 1953 5003 suo
1981 4949 2170 5005 ordine

587 5025 655 5080 ad
675 5026 844 5082 vitatu
874 5029 940 5084 de
969 5040 1143 5086 morte
1173 5036 1580 5107 transmigrant,
1615 5038 1796 5111 ibique
1822 5054 1945 5097 eum
1982 5041 2166 5097 viden-

589 5126 670 5173 tes
705 5118 955 5187 adorant,
986 5126 1112 5192 quia
1158 5125 1212 5181 in
1250 5128 1429 5197 specie
1457 5143 1567 5184 sua:
1593 5130 1889 5188 divinitatis
1921 5140 2168 5189 contem-

2277 4664 2537 4720 dicarent.

2349 4757 2546 4813 Euntes
2582 4775 2702 4830 ergo
2730 4760 2906 4816 docete
2930 4778 3109 4817 omnes
3129 4771 3318 4834 gentes,
3343 4756 3587 4828 baptizatum
3604 4750 3686 4795 tot"

2274 4851 2480 4906 nomine
2507 4851 2709 4920 Patris,
2736 4863 2785 4907 et
2807 4852 2955 4921 Filii,
2983 4864 3029 4910 et
3053 4853 3276 4927 Spiritus
3295 4852 3457 4915 sancti,
3478 4843 3685 4933 dotale?

2272 4961 2478 4999 servare
2526 4946 2702 5001 omnia
2747 4963 3069 5018 qutecunque
3118 4947 3353 5004 mandavi
3373 4941 3503 4998 vobis.
3536 4936 3685 4990 ReclISSl'

2274 5053 2395 5094 mus
2437 5048 2620 5095 autem
2660 5040 2795 5095 ordo
2833 5040 3181 5111 praedicandi,
3225 5048 3279 5096 et
3313 5030 3538 5094 modernis
3566 5026 3686 5111 quot“

2268 5130 2714 5200 praedicatoribus
2773 5108 3028 5188 Ecclesia:
3075 5128 3452 5204 diligentissime

586 5209 811 5277 plantes,
859 5212 976 5269 sine
1003 5190 1117 5271 line
1161 5190 1488 5275 collaudant.
1537 5220 1636 5276 Cui
1683 5222 1874 5278 visioni
1920 5226 2170 5296 congruit
2270 5190 2333 5275 ut
2383 5223 2558 5293 primo
2603 5224 2823 5294 quidem
2872 5226 3133 5281 doceatur
3168 5190 3406 5286 "auditor,
3451 5208 3589 5272 ὀθίηάε

587 5300 716 5357 illud
736 5306 880 5374 quod
896 5305 1111 5364 Galilaea
1135 5310 1298 5366 etiam
1312 5312 1572 5367 revelatio
1586 5314 1988 5385 interpretatur.
2019 5316 2169 5374 Tunc

585 5394 729 5450 enim
752 5399 986 5454 revelata
1014 5400 1151 5457 facie
1176 5401 1316 5458 sicut
1354 5403 1643 5475 Apostolus
1671 5414 1917 5473 testatur,
1941 5408 2167 5479 gloriam

583 5487 799 5543 Domini
824 5492 1147 5561 speculantes
1176 5496 1232 5549 in
1255 5496 1489 5551 eamdem
1514 5498 1793 5570 imagmem
1818 5502 2166 5571 transforma-

586 5596 706 5634 mur
759 5579 843 5653 (11
869 5579 993 5638 Cor.
1018 5586 1137 5657 ιιι),
1189 5587 1497 5658 quicunque
1536 5591 1697 5645 modo
1744 5592 2049 5650 revelamus
2095 5596 2165 5652 ad

584 5684 707 5724 emn
737 5672 879 5727 viam
907 5683 1168 5742 nostram,
1215 5678 1440 5751 ejusque
1462 5681 1693 5754 vestigia
1738 5685 2017 5754 sequimur
2060 5686 2165 5744 ﬁde

578 5774 692 5823 nou
720 5760 867 5819 ﬁcta.
898 5762 1189 5835 Sequitur:

2271 5289 2629 5371 sacramentis
2686 5317 2997 5384 imbuatur,
3056 5315 3243 5375 deinde
3295 5316 3357 5371 ad
3401 5301 3596 5401 sert’tllld.a

2273 5405 2526 5460 mandata
2553 5420 2622 5461 ex
2657 5416 2900 5478 tempore
2928 5408 3149 5465 liberius
3182 5408 3476 5464 instituatur.
3510 5392 3603 5461 Qui:
3629 5392 3688 5436 "ﬂ

2270 5504 2447 5566 potest
2485 5496 2601 5553 ﬁeri
2644 5508 2703 5553 ut
2742 5514 2938 5569 corpus
2973 5500 3222 5571 baptismi
3264 5496 3460 5566 recipiat

2271 5562 2405 5651 tum,
2436 5588 2536 5642 nisi
2560 5598 2685 5644 ante
2708 5590 2887 5645 anima
2921 5590 3043 5647 ﬁdei
3072 5562 3688 5660 susceperitveritatem-

2269 5698 2445 5753 ηείιυθ
2472 5685 2718 5739 ίιιιιοειυε
2754 5686 2981 5755 quisque
3011 5695 3065 5741 et
3105 5685 3312 5755 ignarus
3342 5671 3593 5735 Christiana

2267 5787 2448 5851 pOtCSt
2492 5776 2730 5848 ejusdem
2773 5753 3145 5835 sacramentis“
3173 5775 3340 5841 ablui,
3380 5776 3521 5838 neque
3551 5753 3685 5813 hmo
