3898 6474
164 436 303 497 H55

1099 423 1448 483 COMMENT.
1487 422 1555 479 ΙΝ
1597 421 2030 478 ΜΑΤΤΙΙᾈΕΗΜ.
2071 452 2140 464 —-
2176 422 2300 478 LlB.
2343 423 2474 480 Vill.

3250 425 3388 480 1154

160 543 407 622 baptismi
443 557 474 598 a
510 539 747 614 peccatis
793 532 1072 594 emundari
1119 537 1330 601 sullicit,
1381 535 1556 590 sinon
1603 544 1721 604 post
1749 532 2198 602 Aadmonendo,
2253 535 2605 604 increpando,
2669 535 2900 607 Spiritus
2954 538 3127 595 sancti
3194 539 3388 596 donum

161 637 420 709 baptisma
465 633 674 688 studeat
711 632 937 701 quisque
967 630 1122 684 bonis
1169 629 1421 698 operibus
1448 628 1714 682 insistere.

161 729 316 786 Prius
349 741 475 796 ergo
513 725 707 778 docere
731 731 937 792 gentes,
967 722 1016 774 id
1053 730 1156 781 est,
1209 718 1435 774 scicntia
1480 717 1723 772 veritatis

160 822 440 878 instituere
463 855 479 880 ,
527 831 590 869 ac
621 815 698 868 sic
731 814 1005 882 baptizare
1045 812 1316 882 praecipit,
1359 810 1484 865 cuia
1530 819 1586 864 et
1611 810 1724 862 sine

158 915 262 984 ﬁde
287 908 604 980 impossibile
623 916 696 960 est
716 905 917 976 placere
940 906 1048 957 Deo
1075 902 1259 974 (Hebr.
1279 901 1386 974 x1);
1411 911 1466 958 et
1487 902 1586 954 nisi
1607 901 1722 970 quis

160 1014 366 1061 renatus
396 1001 553 1071 fuerit
578 1017 642 1054 ea:
665 1016 800 1063 aqua
830 1009 875 1052 et
920 996 1116 1066 Spiritu
1160 1008 1355 1058 sancto,
1405 1011 1508 1048 non
1559 999 1722 1064 potest

158 1096 368 1152 introire
391 1095 444 1148 in
470 1107 683 1164 regnum
713 1091 808 1145 Dei
845 1089 1024 1161 (Joan.
1045 1089 1140 1158 iv).
1166 1088 1248 1143 Ad
1271 1096 1568 1142 extremum
1595 1097 1724 1137 vero

158 1189 460 1261 subjungit,
496 1187 746 1240 Docentes
803 1201 889 1239 eos
931 1199 1133 1238 servare
1184 1180 1356 1237 omnia
1408 1192 1724 1250 qucrcunque

157 1283 401 1342 mandavi
425 1283 589 1338 vobis.
617 1281 697 1338 Ac
730 1296 796 1336 ne
825 1289 1072 1350 putemus
1095 1278 1232 1334 levia
1260 1291 1380 1332 esse
1423 1290 1541 1346 quae
1571 1273 1723 1343 jussa

158 1385 300 1442 sunt,
330 1383 385 1431 et
405 1389 576 1445 pauca
605 1373 843 1428 addidit:
897 1370 1087 1426 Omnia
1120 1384 1438 1442 quascunque
1482 1364 1724 1419 mandavi

155 1466 324 1531 vobis,‘
365 1473 424 1519 ut
479 1465 783 1534 quicunque
837 1462 1181 1524 crediderint,
1235 1459 1409 1528 quiin
1459 1457 1725 1511 Trinitate

156 1554 372 1609 fuerunt
401 1553 679 1622 baptizati,
707 1551 884 1605 omnia
914 1549 1115 1604 faciant
1132 1564 1251 1618 qua:
1280 1554 1547 1617 praecepta
1564 1554 1720 1600 sunt:

155 1644 280 1714 quia
315 1643 454 1698 sicut
487 1657 681 1710 corpus
712 1641 826 1696 sine
865 1640 1059 1710 spiritu
1107 1646 1376 1692 mortuum
1407 1644 1510 1701 est,
1565 1636 1637 1689 ita
1670 1643 1725 1688 et

155 1733 284 1801 ﬁdes
325 1732 436 1786 sine
462 1731 699 1800 operibus
748 1740 955 1783 mortua
980 1739 1056 1782 est
1089 1727 1231 1799 (Jac.
1263 1729 1344 1797 ιι).
1383 1725 1593 1793 Quanta
1623 1740 1723 1778 au-

157 1833 263 1880 tem
301 1836 511 1877 merces
562 1821 662 1892 pia:
707 1821 1158 1886 conversationis,
1201 1819 1360 1890 quale
1407 1819 1598 1889 pignus
1642 1815 1725 1871 ius

1822 624 2129 687 tribuendo,
2165 627 2454 680 roboravit.
2491 627 2532 681 E
2560 628 2753 698 quibus
2787 631 3003 699 quidem
3035 631 3392 700 apparitioni-

1818 715 1919 768 bus
1971 717 2155 770 decem
2203 717 2534 773 solunnnodo
2573 721 2624 773 in
2671 722 3122 791 evangelistarum
3176 727 3396 794 scriptis

1821 810 2142 873 invenimus,
2161 810 2253 864 sed
2284 811 2464 879 plures
2489 810 2652 866 fuisse
2674 813 2829 868 docet
2854 814 3139 885 Apostolus
3168 815 3390 872 dicens:

1821 898 1888 951 Et
1913 901 2193 952 resurrexit
2226 901 2378 954 tertia
2405 901 2488 954 die
2509 903 2792 956 secundum
2824 903 3146 974 Scripturas,
3179 916 3226 960 et
3257 905 3394 960 visus

1821 1001 1896 1044 est
1949 989 2154 1062 Ceplur,
2215 1004 2262 1047 et
2288 1003 2404 1062 post
2433 993 2544 1048 ha’c
2589 995 2848 1061 undecim,
2900 997 3088 1051 deinde
3139 999 3280 1052 visus
3318 1008 3394 1053 est

1819 1082 1936 1153 plus
1981 1101 2140 1154 quam
2175 1086 2464 1156 quingentis
2510 1085 2766 1154 fratribus
2801 1088 2976 1152 simul,
3016 1089 3201 1144 deinde
3260 1091 3397 1146 visus

1821 1185 1897 1228 est
1926 1175 2144 1242 Iacobo,
2178 1177 2364 1231 deinde
2411 1177 2656 1248 apostolis
2686 1181 2946 1245 omnibus,
2985 1183 3264 1236 novissime
3303 1200 3400 1236 au-

1822 1275 1923 1319 tem
1975 1267 2206 1320 omnium
2262 1278 2512 1338 tanquam
2563 1269 2794 1323 abortivo
2846 1271 2986 1325 visus
3036 1281 3110 1325 est
3153 1281 3200 1327 et
3249 1272 3397 1326 mihi.

1822 1356 2027 1423 Quibus
2055 1358 2197 1412 enim
2225 1358 2358 1414 locis
2405 1359 2486 1414 vel
2529 1361 2858 1431 temporibus
2892 1362 3048 1418 facta:
3080 1374 3207 1419 sunt
3245 1365 3401 1420 visio-

1823 1466 1941 1515 nes,
1993 1466 2128 1520 quas
2153 1463 2554 1519 commemorat,
2587 1454 2917 1524 ignoramus.
2954 1456 3155 1512 Tamen
3200 1456 3401 1513 scimus

1823 1540 1947 1610 quia
1973 1541 2114 1609 quod
2143 1542 2243 1596 sibi
2275 1543 2567 1598 novissime
2591 1545 2762 1598 visum
2791 1560 2912 1600 esse
2948 1545 3234 1601 Dominum
3269 1562 3400 1602 con-

1824 1629 2046 1695 ﬁrmat,
2103 1641 2224 1701 post
2269 1633 2642 1689 ascensionem
2697 1634 2812 1703 ejus
2871 1636 3070 1690 factum
3134 1646 3256 1692 est:
3316 1638 3402 1692 vel

1825 1722 2037 1790 quando
2089 1722 2236 1777 illum
2288 1724 2356 1779 de
2390 1724 2527 1780 caelo
2577 1725 2880 1795 alloquens,
2938 1729 3004 1782 de
3054 1737 3401 1798 persecutore

1825 1814 2077 1869 Ecclesia:
2105 1816 2380 1871 doctorem
2425 1817 2581 1884 fecit;
2621 1820 2703 1874 vel
2753 1821 2962 1890 quando
2988 1821 3042 1876 in
3091 1823 3401 1891 paradisum

154 1923 287 1970 tura!
314 1913 683 1979 beatitudinis,
727 1914 962 1969 etiamin
985 1913 1237 1983 prmsenti
1269 1911 1453 1966 ﬁdeles
1483 1923 1718 1975 maneat,
1750 1917 1879 1980 Bet
1932 1909 2148 1962 tertium
2203 1909 2399 1963 coelum
2458 1921 2668 1980 raptus,
2722 1914 2919 1966 audivit
2973 1931 3170 1968 arcana
3229 1915 3402 1978 verba,

153 2008 547 2076 subsequente:
591 2005 828 2062 insinuat
861 2005 1082 2060 dicens:

223 2095 359 2152 Ecce
408 2113 502 2168 ego
543 2097 804 2152 vobiscum
829 2114 942 2150 sum
971 2097 1209 2150 omnibus
1253 2097 1432 2150 diebus
1474 2111 1632 2166 usque
1655 2094 1723 2148 ad

154 2189 655 2242 consummationem
681 2187 881 2242 saeculi.
931 2187 1086 2243 Libet
1111 2196 1292 2242 autem
1336 2185 1579 2242 conferre
1603 2185 1725 2240 huic

154 2275 464 2330 testimonio
478 2277 619 2346 quod
644 2275 856 2330 Marcus
870 2283 972 2330 ait:
1005 2275 1071 2328 Et
1084 2274 1337 2328 Dominus
1363 2274 1571 2345 quidem
1587 2281 1726 2344 post-

152 2381 306 2436 quam
334 2364 540 2419 locutus
571 2375 645 2419 est
669 2374 963 2435 assumptus
1009 2375 1082 2420 est
1120 2367 1175 2419 in
1197 2365 1401 2429 coelum,
1428 2374 1475 2418 et
1501 2364 1630 2418 sedit
1658 2361 1725 2417 ad

152 2454 424 2508 dexteram
443 2453 539 2508 Dei
562 2453 755 2524 (Marc.
781 2455 913 2526 xvr).
939 2454 1073 2521 Quia
1093 2457 1236 2510 enim
1258 2455 1371 2524 ipse
1392 2456 1530 2510 Deus
1552 2463 1605 2509 et
1631 2456 1728 2510 ho-

154 2558 241 2598 mo
255 2550 356 2608 est,
385 2552 693 2614 assumptus
712 2552 796 2598 est
815 2544 868 2597 in
894 2545 1086 2598 cmlum
1106 2546 1461 2610 humanitate,
1481 2560 1641 2614 quam
1658 2545 1727 2598 de

154 2642 297 2689 terra
321 2643 661 2704 susceperat,
693 2644 874 2690 manet
893 2651 1014 2689 cum
1043 2637 1246 2690 sanctis
1273 2636 1326 2690 in
1357 2646 1503 2692 terra
1532 2637 1727 2691 divini-

153 2736 283 2790 tate,
309 2742 421 2796 qua
441 2735 637 2780 terram
667 2727 870 2796 pariter
889 2727 1074 2797 implet
1098 2738 1153 2783 et
1179 2729 1394 2783 cmlum.
1432 2728 1610 2784 Manet
1629 2745 1726 2782 au-

155 2829 259 2877 tem
273 2821 528 2876 omnibus
546 2822 733 2877 diebus
752 2837 922 2891 usque
944 2823 1011 2877 ad
1028 2820 1544 2880 consumma‘vionem
1565 2835 1731 2875 saecu-

154 2912 212 2968 li.
239 2914 316 2969 Ex
340 2929 450 2984 quo
471 2914 936 2986 intelligiturquod
956 2931 1126 2985 usque
1147 2917 1214 2970 ad
1236 2915 1294 2968 ﬁt
1313 2929 1395 2969 em
1423 2913 1603 2969 smeuli
1623 2927 1730 2968 non

154 3013 280 3062 sunt
328 3004 563 3059 defuturi
610 3005 662 3058 in
717 3005 946 3070 mundo,
995 3006 1086 3075 qui
1116 3006 1290 3059 divina
1349 3005 1627 3060 mansione
1677 3012 1731 3058 et

155 3095 545 3151 inbabitatione
580 3096 686 3150 sint
716 3096 880 3164 digni.
927 3095 1038 3150 Nec
1064 3095 1416 3150 dubitandum
1468 3110 1562 3150 eos
1607 3099 1732 3164 post

155 3186 314 3255 hujus
334 3186 514 3242 saeculi
532 3187 829 3242 certamina
849 3200 1068 3242 manere
1087 3202 1208 3242 cum
1229 3185 1445 3242 Christo
1463 3185 1518 3240 in
1543 3200 1729 3257 regno,

1823 2013 1941 2067 quae
1973 2014 2074 2051 non
2117 1996 2235 2052 licet
2275 1999 2474 2053 homini
2522 2000 2662 2072 loqui
2714 2001 2799 2073 (II
2851 2001 2973 2057 Cor.
3012 2006 3138 2076 xu),
3169 2013 3226 2059 et
3263 2006 3404 2060 sicut

1825 2086 1952 2142 alibi
2005 2088 2134 2142 dicit
2171 2091 2501 2160 mysterium
2541 2091 2839 2164 Evangelii,
2871 2095 3016 2162 quod
3063 2095 3131 2150 ab
3179 2096 3396 2151 homine

1827 2193 1929 2231 non
1971 2180 2196 2249 accepit,
2242 2197 2337 2251 per
2375 2183 2757 2238 revelationem
2807 2183 2931 2240 Jesu
2958 2185 3158 2241 Christi
3195 2185 3402 2242 didicit.

1826 2269 2014 2325 Decies
2043 2286 2168 2326 vero
2199 2273 2397 2336 visum,
2426 2282 2483 2327 ut
2507 2274 2759 2337 diximus,
2789 2284 2912 2346 post
2951 2277 3400 2333 resurrectionem

1827 2358 2134 2424 Dominum,
2172 2361 2584 2432 Evangeliorum
2627 2363 2782 2418 nobis
2823 2373 2878 2419 et
2903 2366 3129 2420 Actuum
3190 2375 3406 2437 apostoo

1827 2447 2000 2501 lorum
2035 2449 2214 2518 prodit
2255 2451 2500 2505 historia.
2547 2452 2647 2508 Ubi
2682 2453 2800 2522 ipso
2842 2456 3251 2512 resurrectionis
3292 2472 3405 2512 sua:

1828 2541 1914 2596 die
1941 2542 2226 2611 quinquies
2255 2545 2564 2612 apparuisse
2592 2545 2803 2615 legitur.
2842 2547 3023 2602 Primo
3048 2549 3263 2617 quidem
3293 2549 3404 2604 Ma~

1829 2631 1924 2684 rim
1946 2632 2268 2702 Magdalenae
2289 2633 2437 2688 ﬂenti
2462 2635 2530 2690 ad
2556 2647 2980 2693 monumentum.
3010 2640 3210 2695 Deinde
3233 2642 3406 2698 eidem

1830 2720 2028 2785 Marias,
2082 2733 2136 2777 et
2182 2724 2337 2778 alteri
2376 2726 2616 2794 ejusdem
2660 2729 2892 2783 nominis
2927 2729 3172 2796 feminae,
3222 2748 3406 2804 regre-

1829 2811 2098 2867 dientibus
2120 2829 2150 2867 a
2182 2824 2528 2870 monumento
2560 2819 2809 2873 nuntiare
2843 2820 3136 2890 discipulis,
3179 2837 3296 2890 quae
3336 2823 3411 2878 ibi

1832 2915 2208 2976 compererant
2235 2922 2526 2962 occurrens
2557 2909 2821 2979 apparuit.
2855 2911 3040 2966 Tertio
3066 2911 3271 2968 Simoni
3303 2912 3407 2969 Pe-

1831 3005 1935 3052 tro.
1968 2997 2174 3064 Quarto
2208 2999 2464 3070 Cleopha:
2491 3010 2546 3056 et
2583 3004 2730 3058 socio
2756 3004 2895 3073 ejus,
2939 3019 3060 3058 cum
3087 3005 3280 3074 quibus
3299 3007 3414 3077 ipse

1832 3089 2080 3159 gradiens
2116 3091 2168 3144 in
2199 3091 2454 3146 Emmaus
2484 3093 2681 3148 ibidem
2718 3093 2770 3148 in
2800 3095 2955 3164 panis
3003 3093 3266 3151 fractione
3314 3113 3408 3151 co-

1833 3179 2010 3252 gnitus
2037 3190 2157 3248 est;
2211 3183 2302 3253 qui
2331 3200 2453 3239 mox
2484 3185 2687 3240 reversi
2735 3185 3160 3259 Hierosolymam
3189 3188 3406 3244 invene-

155 3275 247 3347 qui
274 3276 328 3331 in
349 3277 545 3332 saeculo
583 3286 854 3331 cel-tantos
905 3276 1181 3332 Christum
1214 3277 1268 3332 in
1297 3277 1377 3332 sui
1406 3277 1587 3332 cordis
1617 3277 1716 3331 ho-
1746 3268 1790 3330 C
1822 3281 1948 3326 runt
1971 3272 2260 3344 discipulos
2276 3275 2584 3345 loquentes:
2606 3277 2740 3344 Quia
2754 3281 2980 3334 surrexit
2998 3279 3254 3335 Dominus
3276 3298 3410 3348 vere,

157 3368 317 3438 spitio
345 3376 659 3422 meruerunt
706 3369 904 3423 habere
947 3385 1272 3423 mansorem.
1304 3369 1605 3424 Notandum
1650 3369 1730 3424 in-

157 3467 326 3523 terea,
356 3461 496 3529 quod
535 3475 772 3529 prmsens
802 3461 999 3530 ubique
1040 3461 1219 3516 divina
1265 3462 1522 3533 majestas
1571 3462 1730 3517 aliter

156 3552 311 3606 adest
337 3550 524 3606 electis
548 3551 680 3614 suis,
714 3551 872 3606 aliter
905 3552 1054 3606 adest
1087 3553 1352 3622 reprobis.
1381 3552 1548 3608 Adest
1584 3554 1730 3607 enim

157 3643 402 3713 reprobis
444 3642 681 3712 potentia
738 3652 942 3696 natura:
993 3642 1562 3711 incomprehensibilis,
1625 3657 1729 3712 qua

155 3732 338 3787 omnia
394 3731 666 3800 cognoscit
720 3733 1008 3786 novissima
1061 3741 1115 3786 et
1168 3733 1385 3801 antiqua
1416 3773 1430 3797 ,
1486 3731 1732 3802 intelligit

156 3821 510 3893 cogitationes
538 3837 567 3874 a
591 3821 766 3892 longe,
808 3831 862 3876 et
886 3836 1073 3876 omnes
1100 3821 1217 3875 vias
1236 3821 1565 3892 singulorum
1593 3837 1726 3890 prae-

156 3915 324 3968 videt.
372 3913 534 3970 Adest
583 3913 770 3968 electis
823 3914 993 3984 gratia
1027 3913 1129 3984 pia:
1177 3913 1528 3982 protectionis
1558 3953 1572 3977 ,
1624 3927 1730 3982 qua

157 4005 277 4060 illos
300 4005 603 4075 specialiter
632 4021 727 4076 per
753 4007 1037 4076 praesentia
1067 4006 1229 4071 dona,
1256 4005 1341 4060 vel
1368 4004 1570 4077 ﬂagella
1600 4021 1733 4076 qua-

157 4095 201 4151 si
226 4094 364 4151 ﬁlios
398 4105 551 4165 pater
578 4097 773 4162 erudit,
807 4107 967 4168 atque
1010 4099 1076 4153 ad
1111 4098 1506 4168 possessionem
1533 4097 1729 4151 futurae

154 4185 487 4241 hereditatis
537 4185 828 4240 erudiendo
869 4189 1145 4256 provehit.
1199 4189 1368 4241 Adest
1421 4187 1612 4242 electis
1672 4195 1732 4240 ut

156 4277 417 4343 scriptum
448 4283 567 4328 est:
613 4275 776 4328 Juxta
823 4285 896 4328 est
941 4275 1194 4329 Dominus
1230 4277 1310 4329 his
1346 4277 1434 4347 qui
1480 4276 1728 4330 tribulato

154 4374 274 4418 sunt
303 4363 476 4428 corde,
501 4374 548 4416 et
575 4363 794 4417 humiles
818 4365 1004 4431 spiritu
1026 4366 1246 4418 salvabit
1283 4363 1455 4436 (Psal.
1510 4356 1727 4438 χχχιιι).

153 4455 322 4510 Adest
357 4455 600 4526 reprobis
625 4496 640 4521 ,
698 4464 756 4509 ut
797 4457 1118 4525 promissum
1166 4466 1290 4512 est:
1333 4455 1517 4512 Vultus
1557 4468 1728 4512 autem

155 4548 370 4602 Domini
390 4565 544 4618 super
568 4549 814 4618 facientes
839 4548 999 4612 mala,
1050 4560 1103 4600 ut
1139 4549 1320 4620 perdat
1359 4549 1422 4602 de
1450 4559 1588 4603 terra
1625 4565 1730 4602 me-

1830 3371 1878 3415 et
1905 3366 2147 3433 apparuit
2177 3364 2397 3420 Simoni.
2436 3366 2566 3422 Nam
2594 3368 2804 3438 plenius
2831 3369 2956 3424 alibi
2983 3371 3196 3439 quando
3224 3370 3402 3427 Simo~

1831 3455 1887 3508 ni
1919 3457 2228 3532 apparuerit
2270 3473 2377 3512 non
2425 3459 2638 3528 legitur.
2693 3460 2890 3527 Quinto
2939 3462 3182 3531 apparuit
3237 3463 3317 3517 eis
3355 3462 3408 3517 in

1831 3549 2020 3602 eodem
2044 3549 2161 3603 loco
2176 3548 2358 3618 januis
2381 3551 2599 3616 clausis,
2634 3553 2726 3606 ubi
2754 3553 2961 3608 abierat
2987 3553 3240 3610 Thomas.
3281 3555 3414 3610 Sex-

1834 3649 1888 3695 to
1920 3649 2040 3710 post
2072 3641 2187 3695 dies
2225 3650 2348 3696 octo
2394 3645 2609 3712 quando
2643 3653 2760 3698 erat
2790 3653 2991 3705 etcum
3023 3645 3101 3699 eis
3153 3645 3406 3701 Thomas.

1834 3728 2072 3800 Septimo
2101 3731 2434 3801 piscantibus
2465 3735 2532 3788 ad
2557 3749 2706 3789 mare
2742 3733 3064 3790 Tiberiadis.
3121 3735 3322 3791 Octavo
3349 3736 3402 3792 in

1832 3830 2014 3874 monte
2041 3820 2279 3886 Galileaz,
2317 3823 2460 3891 quod
2502 3825 2757 3879 hodierna
2809 3824 3040 3880 lectione
3086 3827 3407 3881 audivimus.

1831 3907 1984 3963 Nono
2016 3913 2446 3968 recumbentibus
2482 3913 2585 3968 illis
2614 3916 2864 3970 undecim
2895 3918 3161 3988 apparuit,
3185 3919 3272 3974 die
3307 3935 3412 3988 quo

1834 4001 2076 4056 ascendit
2099 4002 2152 4056 in
2185 4002 2400 4058 caelum.
2432 4002 2652 4060 Decimo
2692 4005 2944 4061 viderunt
2984 4021 3108 4062 eum
3149 4008 3264 4077 ipsa
3321 4009 3406 4063 die

1832 4108 1936 4146 non
1963 4093 2076 4163 jam
2112 4093 2166 4147 in
2225 4103 2367 4150 terra
2415 4096 2670 4166 positum,
2721 4098 2813 4152 sed
2861 4098 3128 4153 elevatum
3168 4099 3222 4152 in
3263 4113 3412 4160 aera,

1831 4183 2104 4252 ccelosque
2144 4193 2457 4254 petentem,
2513 4187 2814 4242 dicentibus
2865 4188 2967 4244 sibi
3033 4189 3278 4259 angelis:
3324 4191 3414 4245 Sic

1832 4274 1995 4326 veniet
2028 4275 2461 4344 quemadmodum
2495 4277 2696 4331 vidistis
2734 4294 2852 4332 eum
2885 4290 3089 4333 euntem
3121 4281 3175 4334 in
3227 4279 3410 4334 cretum

1835 4365 1970 4436 (Act.
2007 4364 2069 4435 ι).
2096 4365 2209 4421 Hac
2238 4383 2368 4436 ergo
2400 4367 2697 4437 frequentia
2742 4371 3038 4440 corporalis
3082 4387 3191 4425 sua:
3231 4375 3406 4426 mani-

1832 4455 2138 4510 festationis
2185 4458 2470 4512 ostendere
2510 4459 2675 4514 voluit
2711 4461 3003 4527 Dominus,
3058 4471 3117 4516 ut
3153 4464 3407 4529 diximus,

1835 4547 1888 4600 in
1920 4548 2065 4601 omni
2093 4547 2210 4603 loco
2237 4565 2294 4603 se
2331 4551 2594 4604 bonorum
2645 4552 2926 4608 desideriis
2969 4554 3228 4632 divinitus
3289 4570 3411 4611 esse

154 4642 381 4695 moriam
409 4615 586 4695 eorum
613 4639 820 4712 (Ibid).
870 4639 1020 4697 Unde
1053 4615 1273 4696 necesse
1303 4650 1386 4697 est
1417 4649 1476 4696 ut
1521 4655 1732 4708 semper
1758 4615 1808 4674 D
1833 4629 2173 4708 praesentem.
2214 4639 2477 4710 Apparuit
2519 4657 2748 4713 namque
2769 4645 2836 4699 ad
2881 4625 3286 4700 monumentum
3332 4645 3410 4700 lu-

154 4733 409 4803 operibus
435 4747 665 4802 nequam
695 4745 922 4804 paveant
947 4737 1094 4801 mali,
1122 4752 1353 4807 quorum
1383 4737 1546 4792 etiam
1581 4735 1725 4808 cogi-

157 4825 388 4880 tationes
414 4824 636 4896 singula!
660 4827 966 4897 conspectui
1005 4827 1232 4883 districti
1270 4827 1468 4898 judicis
1520 4834 1725 4897 patent.

157 4914 386 4988 Semper
407 4917 461 4971 in
488 4919 800 4987 operatione
829 4919 1070 4989 justitize,
1100 4928 1152 4974 et
1174 4920 1226 4973 in
1259 4920 1343 4974 his
1369 4935 1487 4988 quae
1510 4927 1728 4986 propter

150 5005 416 5074 justitiam
475 5008 749 5077 patiuntur
801 5008 1069 5078 gaudeant
1115 5009 1282 5072 boni,
1313 5008 1508 5078 quibus
1561 5007 1728 5060 Deum

156 5095 486 5166 diligentibus
525 5099 699 5152 omnia
729 5107 1070 5168 cooperantur
1094 5099 1145 5152 in
1170 5099 1357 5151 bonum
1395 5097 1570 5169 (Rom.
1591 5098 1730 5168 vm),

157 5193 213 5240 et
243 5186 299 5240 in
336 5201 652 5258 quacunque
703 5187 1045 5242 tribulatione
1093 5188 1282 5258 positis
1315 5203 1588 5258 nunquam
1617 5187 1733 5255 ejus

157 5274 334 5344 pietas
359 5275 549 5329 abest:
581 5276 665 5328 cui
687 5277 900 5331 canitur
927 5277 980 5331 in
1011 5277 1254 5347 psalmo:
1289 5275 1402 5330 Tibi
1447 5279 1583 5331 enim
1643 5278 1734 5332 de-

158 5364 369 5418 relictus
393 5375 466 5419 est
498 5383 710 5435 pauper,
740 5368 936 5437 pupillo
988 5379 1046 5422 tu
1095 5371 1198 5423 eris
1232 5370 1476 5438 adjutor:
1530 5380 1734 5425 contere

161 5454 430 5510 brachium
464 5460 744 5524 peccatoris
783 5470 830 5513 et
877 5461 1091 5530 maligni
1141 5461 1327 5534 (Psal.
1358 5478 1450 5517 nx
1477 5462 1516 5533 ).
1555 5462 1726 5530 Quam

159 5547 376 5615 pietatis
401 5564 510 5602 sum
555 5549 891 5618 praesentiam
926 5566 1034 5605 non
1086 5560 1289 5607 tantum
1346 5554 1502 5608 nobis
1564 5554 1729 5608 verbo

161 5637 429 5705 promisit,
455 5639 547 5693 sed
575 5647 629 5692 et
657 5639 993 5694 evidentibus
1017 5641 1317 5712 designavit
1344 5643 1578 5708 indiciis,
1604 5659 1726 5698 cum

164 5733 283 5794 post
320 5729 761 5783 resurrectionem
795 5744 947 5783 suam
993 5730 1285 5799 discipulis,
1339 5734 1534 5803 srepius
1559 5749 1729 5801 usque

165 5817 233 5870 ad
262 5816 404 5874 diem
430 5836 533 5890 qua
559 5820 723 5876 cmlos
750 5820 882 5890 petit
903 5822 1169 5891 apparuit,
1202 5838 1496 5893 eorumque
1521 5824 1727 5878 animos

1833 4728 2080 4796 gentibus
2104 4745 2116 4780 :
2143 4730 2323 4785 aderit
2349 4739 2403 4784 et
2424 4732 2578 4786 nobis
2606 4733 2860 4788 absentiae
2885 4735 3000 4805 ejus
3033 4735 3410 4792 recordatione

1828 4818 2119 4874 salubriter
2178 4823 2534 4878 eontristatis.
2604 4823 2853 4880 Occurrit
2931 4827 3323 4883 revertentibus
3380 4844 3412 4883 a

1834 4921 2204 4978 monumento,
2239 4922 2298 4968 ut
2319 4915 2498 4986 agnita
2533 4918 2946 4974 resurrectionis
2983 4919 3176 4990 gaudia
3216 4921 3411 4990 praedi-

1832 5009 2047 5054 carent:
2101 5003 2276 5058 aderit
2315 5011 2370 5058 et
2417 5005 2570 5059 nobis
2627 5006 2753 5060 dum
2795 5007 2933 5061 dona
2995 5023 3114 5076 quae
3162 5007 3411 5063 novimus

1830 5093 2093 5162 proximis
2135 5093 2364 5150 ﬁdeliter
2408 5098 2729 5153 annuntiare
2785 5101 3100 5170 gaudemus.
3149 5098 3412 5171 Apparuit

1831 5185 1886 5240 in
1931 5185 2191 5242 fractione
2242 5189 2396 5257 panis
2450 5190 2534 5244 his
2578 5191 2669 5260 qui
2717 5205 2838 5245 eum
2890 5192 3234 5263 peregrinum
3291 5206 3411 5247 esse

1828 5284 2099 5346 putantes,
2133 5275 2199 5330 ad
2227 5277 2518 5347 hospitium
2544 5289 2889 5335 vocaverunt.
2933 5281 3120 5336 Aderit
3157 5291 3211 5336 et
3256 5281 3411 5337 nobis

1831 5366 2028 5420 etcum
2068 5367 2366 5437 peregrinis
2394 5377 2449 5422 et
2475 5371 2800 5439 pauperibus
2849 5387 3178 5440 quaecunque
3220 5386 3410 5442 possu-

1833 5474 1954 5515 mus
1978 5457 2116 5513 bona
2146 5459 2376 5514 libenter
2402 5461 2788 5530 impendimus;
2829 5465 2883 5518 in
2921 5465 3186 5522 fractione
3231 5468 3405 5540 panis,

1831 5567 1955 5609 cum
1983 5561 2323 5608 sacramenta
2360 5554 2602 5624 corporis
2629 5555 2764 5625 ejus,
2782 5556 3031 5612 videlicet
3059 5560 3233 5628 panis,
3263 5559 3404 5614 vivi-

1831 5643 1989 5698 ﬁcata
2018 5659 2081 5698 ac
2111 5643 2339 5714 simplici
2361 5646 2686 5700 conscientia
2719 5649 2999 5702 sumimus.
3049 5649 3308 5720 Apparuit
3352 5650 3406 5704 in

1831 5735 2013 5790 abdito
2062 5737 2127 5790 de
2178 5750 2274 5790 sua
2321 5738 2716 5792 resurrectione
2760 5739 3131 5809 loquentibus:
3163 5738 3313 5795 adest
3353 5746 3412 5794 et

1830 5826 1987 5881 nobis
2016 5824 2175 5880 modo
2199 5825 2315 5897 ejus
2341 5827 2484 5884 dono
2515 5827 2654 5883 idem
2703 5831 3000 5899 agentibus,
3050 5829 3222 5890 aderit
3253 5828 3410 5905 nobis
