4224 6444
1129 651 2548 804 PROLEGOMENA
2579 761 2616 800 .

756 1337 1146 1472 VITA
1235 1337 1798 1468 LEONIS
1896 1337 2962 1466 IMPERATORIS

1376 1582 1512 1639 (IOG
1525 1583 1680 1640 ΝΟΜ
1695 1581 1892 1638 ΕΝΤΟ
1924 1581 2015 1638 ΡΗ
2034 1581 2046 1636 l
2064 1578 2380 1637 1.08011“

669 1736 769 1793 lia:
822 1733 1105 1809 probatis
1141 1729 1502 1790 auctoribus
1548 1728 1802 1789 collecta
1861 1748 2009 1786 cura
2048 1741 2100 1787 et
2124 1733 2332 1790 studio
2369 1728 2699 1806 Hippolyti
2725 1717 3002 1787 MAIlAtLCI
3034 1736 3086 1788 ⁸.

330 2047 440 2102 Leo
491 2053 786 2116 Imperator
843 2044 1480 2112 Constantinopolitanus
1521 2043 1620 2114 (l),
1659 2045 1825 2114 hujus
1854 2048 1904 2107 Λ
1929 2046 2040 2100 exit
2083 2046 2352 2112 Basilius;
2381 2046 2489 2100 Leo
2541 2054 2747 2115 patrem
2777 2045 3092 2106 comitatur,
3126 2043 3379 2096 inventus
3412 2050 3496 2096 est

264 2137 500 2191 nominis
533 2135 620 2199 Vl,
653 2136 773 2189 aliis
817 2135 879 2198 V,
914 2132 1096 2188 Basilii
1156 2134 1462 2189 Macedonis
1526 2135 1825 2203 imperato-
1932 2141 2094 2210 pugio
2127 2141 2181 2193 in
2226 2141 2413 2194 calceo
2455 2139 2656 2194 Leonis
2699 2138 3028 2200 occultatus,
3059 2136 3212 2189 visus
3252 2143 3334 2187 est
3369 2149 3493 2185 vcta

261 2229 337 2283 ris
371 2227 448 2298 (2)
485 2231 667 2296 (quem
700 2225 928 2280 Michael
952 2229 1252 2294 imperator
1297 2226 1399 2294 (3),
1434 2223 1581 2294 quod
1620 2226 1826 2295 prolem

1930 2233 2138 2287 dixisse
2163 2233 2413 2297 delator;
2455 2231 2528 2286 rei
2555 2229 2802 2285 defensio
2843 2244 2951 2282 non
2989 2225 3318 2290 admittitur,
3348 2224 3500 2278 ardet

262 2336 323 2372 ex
359 2335 417 2373 se
473 2319 795 2371 naturaliter
847 2327 1184 2386 procreatam
1234 2317 1435 2369 nullam
1486 2317 1731 2378 haberet.
1776 2319 1830 2372 in
1933 2322 2219 2377 iracundia
2266 2330 2421 2390 pater
2446 2329 2636 2374 contra
2685 2320 2877 2379 ﬁlium.
2909 2320 2963 2372 in
2998 2317 3233 2388 quodam
3266 2316 3500 2384 impera-

265 2407 429 2459 lilium
475 2404 849 2474 adoptaverat,
883 2413 937 2456 et
999 2413 1120 2472 post
1176 2403 1342 2458 etiam
1385 2403 1691 2459 diademate
1717 2405 1833 2458 cin-

1937 2414 2081 2468 torio
2103 2413 2358 2468 cubiculo
2407 2414 2583 2482 ipsum
2624 2412 2879 2476 includit,
2927 2419 2979 2465 et
3009 2412 3091 2478 (ut
3137 2409 3360 2478 quidam
3393 2415 3503 2459 tra-

266 2499 436 2566 xerat)
472 2497 617 2551 illius
661 2496 903 2551 secundo
945 2496 1178 2566 genitus,
1231 2510 1258 2549 a
1300 2511 1482 2550 rerum
1527 2495 1834 2550 divinarum

1935 2505 2094 2574 dunt)
2119 2508 2170 2561 ei
2198 2506 2392 2560 oculos
2417 2521 2613 2561 eruere
2651 2506 2703 2558 in
2736 2504 2919 2557 animo
2952 2502 3207 2566 habebat,
3234 2500 3503 2554 Santaba-

265 2588 738 2658 humanarumque
767 2587 998 2642 scientia
1052 2595 1416 2654 cognomento
1452 2585 1838 2656 Philosophus,

1835 2630 1838 2645 ι
1938 2615 2074 2654 reno
2101 2600 2168 2654 ad
2196 2600 2254 2654 id
2290 2616 2414 2654 eum
2447 2600 2765 2668 instigante,
2798 2597 2962 2664 idque
3001 2595 3225 2649 omnino
3257 2593 3503 2646 futurum

271 2697 363 2734 SC“
407 2679 638 2748 δεινῑθιιε
689 2679 872 2732 diu“
912 2686 996 2732 εει
1046 2678 1147 2746 (‘lo
1190 2676 1433 2730 Fratrem
1478 2677 1671 2731 halm“
1711 2685 1840 2729 nam
1943 2689 2138 2755 fuisse,
2164 2690 2270 2744 nisi
2291 2689 2626 2760 patriarcha,
2671 2698 2726 2742 et
2758 2688 3009 2756 princeps
3039 2693 3287 2747 senatus,
3324 2683 3510 2737 multis

270 2772 554 2840 majorem,
591 2771 810 2824 nomine
836 2769 1287 2831 Constantinum,
1321 2767 1482 2836 cujus
1524 2767 1674 2822 obitu
1714 2781 1838 2821 cum

1942 2781 2199 2852 precibus
2227 2781 2613 2850 imperatorem
2636 2795 2666 2832 a
2691 2778 2960 2834 sententia
2997 2775 3381 2830 deduxissent.
3415 2777 3510 2826 At-

267 2862 504 2916 Basmus
580 2869 734 2930 Pam"
806 2859 1186 2913 Ῐ¹¹ε⁰¹¹⁵ο¹³υίιί
1252 2857 1442 2912 (more
1515 2855 1842 2920 amarem":
1942 2890 2050 2944 que
2082 2875 2195 2927 haec
2223 2872 3055 2934 saneealatnitatmuloruax,et
3085 2870 3352 2922 malorum
3379 2884 3512 2920 cou-

268 2954 468 3007 factum
505 2963 610 3013 est.
639 2959 696 3005 ut
729 2949 1000 3005 Theodori
1025 2949 1414 3005 Euchaitarum
1444 2949 1715 3018 episc0pi,
1742 2963 1835 3004 co-

1947 2966 2242 3026 llatorium,
2279 2963 2512 3018 Leonem
2561 2963 2866 3032 probarunt
2913 2976 3050 3014 auro
3100 2961 3333 3014 similem
3369 2975 3510 3020 esse,

265 3044 522 3111 gnomine
565 3043 928 3106 Santabaren,
993 3039 1279 3110 praestigiis
1327 3047 1383 3092 et
1429 3038 1841 3101 necromantia,

1947 3056 2036 3108 cui
2067 3053 2205 3106 nihil
2232 3053 2358 3106 teris
2387 3053 2655 3106 subesset.
2705 3050 2840 3104 llinc
2882 3051 2984 3102 orti
3032 3049 3274 3117 ploratus
3317 3057 3368 3100 et
3398 3047 3514 3114 eju-

268 3136 517 3204 ejusdem
539 3135 632 3189 lilii
664 3135 765 3205 (uti
804 3132 1178 3205 pereupiebat)
1208 3132 1476 3201 potiretur
1500 3138 1720 3200 aspectu
1744 3129 1842 3198 (5).

1949 3142 2180 3196 lationes
2211 3141 2422 3206 matris,
2458 3148 2660 3196 sortem
2712 3138 2805 3191 ﬁlii
2851 3136 3220 3201 lamentantis,
3272 3144 3324 3188 et
3371 3133 3513 3203 apud

267 3229 418 3284 Fecit
435 3229 608 3292 enim,
631 3239 690 3282 ut
717 3229 898 3298 specie
915 3225 1239 3297 imaginaria
1256 3222 1651 3279 Constantinus
1677 3237 1845 3292 eques

1951 3244 2166 3302 patrem
2224 3247 2321 3300 pro
2381 3247 2446 3285 eo
2509 3230 2876 3300 deprecantis.
2945 3229 3192 3281 Sederat
3241 3225 3515 3289 durus,“

266 3324 406 3393 ιιτιιτὶ
454 3321 690 3391 quadam
730 3321 784 3374 in
850 3319 987 3375 Silva
1043 3319 1260 3372 ObViam
1311 3315 1482 3379 θεῖοί»
1541 3329 1703 3384 Quem
1754 3313 1846 3367 Ubi
1950 3325 2123 3377 instar
2150 3323 2267 3377 saxi
2295 3319 2528 3376 emolliri
2564 3324 2671 3374 non
2721 3327 2955 3388 poterat,
2989 3317 3097 3370 itno
3136 3332 3289 3385 anque
3327 3332 3516 3384 parum

267 3417 418 3470 visus
450 3414 558 3470 sibi
586 3401 780 3468 ΐυὶεέει
806 3413 1124 3481 ἱιηρετθιοτ.
1152 3419 1206 3464 οι
1235 3409 1578 3478 complexus.
1615 3414 1841 3460 οιοεειι·
1943 3428 2008 3466 ac
2042 3413 2270 3466 adam‘as
2309 3412 2378 3465 ab
2414 3401 2883 3464 ainore'naturali
2925 3424 3052 3478 erga
3103 3407 3274 3460 lilium
3339 3405 3522 3459 ﬂecte-

269 3505 414 3560 latus
450 3519 596 3565 esse,
646 3518 772 3557 mox
829 3510 1243 3557 evanescentem
1294 3513 1358 3552 ex
1401 3498 1580 3552 oculis
1635 3497 1840 3550 amisit.

1939 3505 2121 3560 batur.
2189 3503 2604 3557 Adhibebamur
2669 3501 3011 3555 muliercula:
3091 3497 3516 3562 lanientatrires,

268 3597 411 3662 QUO,
442 3605 493 3651 ει
517 3595 644 3649 aliis
676 3593 952 3650 similibus
975 3590 1135 3645 iactis
1173 3589 1586 3644 Sanlabareuus
1643 3585 1868 3641 Basilio~
1941 3613 2064 3664 qua:
2105 3597 2440 3666 pragﬁcarum
2479 3595 2533 3648 in
2565 3609 2772 3648 [norem
2816 3594 3025 3648 "anius
3065 3591 3328 3662 quasdam
3361 3593 3519 3661 lugu-

273 3689 606 3758 imperatore
635 3685 688 3739 in
718 3684 1140 3738 admirationem
1166 3679 1427 3742 adducto,
1459 3678 1659 3743 ell‘ecit,
1699 3679 1844 3763 IlI-i5

1942 3687 2115 3741 hriter
2143 3688 2478 3749 accinerent,
2517 3694 2574 3739 et
2630 3685 3000 3737 calamitatem
3055 3681 3258 3736 Leonis
3327 3681 3521 3734 acerbe

272 3790 424 3834 Iulus
447 3795 512 3834 ex
551 3779 670 3847 ipso
703 3776 986 3847 penderet,
1023 3781 1078 3829 el
1109 3772 1267 3826 ﬁdem
1300 3771 1347 3827 ei
1393 3772 1635 3834 Ιιθδοτεῑ.
1670 3785 1846 3840 nequc
1878 3795 1920 3849 Β
1948 3777 2315 3846 deplorarent.
2348 3767 2549 3831 Domus
2573 3774 2828 3830 universa
2861 3775 3132 3827 nihilerat
3154 3771 3304 3826 aliud
3355 3786 3520 3841 quam

272 3873 383 3925 ulla
418 3872 472 3924 in
507 3885 568 3924 fc
590 3868 876 3923 dimllerel-
914 3865 1022 3920 Sed
1069 3863 1178 3919 L60
1208 3864 1350 3918 (“ius
1371 3863 1513 3931 eius.
1545 3863 1656 3931 iam
1689 3862 1847 3916 adul-
1949 3871 2151 3923 luctus.
2188 3869 2405 3936 Septem
2437 3869 2548 3922 fere
2567 3882 2838 3922 annorum
2869 3865 3048 3934 spatio
3067 3863 3176 3918 Leo
3224 3864 3278 3917 in
3301 3878 3524 3917 careere

269 3972 381 4026 tus,
414 3961 723 4030 disciplinis
774 3959 1031 4013 omnibus
1064 3955 1316 4011 eruditus
1350 3993 1364 4018 ,
1399 3965 1565 4024 atque
1609 3969 1638 4007 a
1695 3962 1848 4022 patre

1949 3960 2203 4016 detentus
2232 3970 2352 4023 est;
2400 3975 2636 4029 cumque
2691 3970 2917 4013 senatus
2949 3972 3090 4025 δίερο
3143 3971 3238 4022 pro
3275 3955 3394 4024 ipso
3432 3970 3518 4006 γοα

272 4057 579 4124 imperator
612 4051 905 4114 salutatus,
955 4047 1332 4103 Santabarcno
1375 4060 1484 4100 non
1531 4045 1847 4100 delectaba-

1952 4053 2145 4106 luisset
2199 4051 2589 4120 deprecari,et
2639 4051 2809 4102 variis
2874 4049 2938 4102 de
2983 4047 3168 4101 causis
3217 4047 3535 4116 prohibitus

272 4155 401 4211 tur;
455 4158 645 4199 verum
680 4157 804 4197 eum
839 4141 1140 4196 veneﬁcum
1182 4137 1510 4208 appellabat,
1555 4147 1610 4192 et
1640 4139 1849 4208 praesti-
1952 4142 2407 4207 l'uisset,taudem
2451 4154 2756 4210 opportuna
2807 4142 2998 4194 oborta
3068 4147 3148 4193 est
3210 4140 3257 4192 ei
3310 4141 3528 4195 occasio

275 4240 565 4308 giatorem,
597 4243 652 4290 et
688 4233 1034 4304 imperatoris
1067 4233 1436 4302 deceptorem.
1480 4228 1576 4284 His
1614 4230 1702 4285 ille
1736 4231 1851 4286 vel-

1952 4256 2060 4309 qua
2094 4247 2300 4306 posset,
2333 4236 2478 4305 qttod
2511 4238 2563 4288 in
2592 4237 2774 4289 animo
2801 4235 3032 4288 habebat
3063 4242 3118 4288 et
3154 4234 3401 4289 studiose
3431 4223 3527 4287 eti-

277 4330 358 4384 uti
389 4329 619 4399 spiculis
645 4325 978 4398 quibusdam
1009 4326 1172 4390 ictus,
1218 4323 1282 4377 ad
1304 4323 1567 4377 ultionem
1597 4323 1848 4392 insurgit,
1953 4331 2110 4384 rale
2159 4330 2442 4399 perlicere.
2517 4327 2642 4381 Erat
2694 4326 2942 4395 quaedam
2985 4326 3101 4380 avis
3155 4326 3209 4379 in
3266 4325 3434 4394 regia,
3473 4325 3526 4378 in

281 4423 652 4490 simulataque
703 4434 830 4490 erga
861 4418 1098 4473 Leonem
1133 4416 1536 4479 benevolentia,
1585 4414 1716 4468 Cum
1753 4417 1852 4476 sis,
1957 4433 2122 4472 eavea
2167 4417 2399 4479 inclusa,
2447 4417 2512 4469 ad
2575 4416 2946 4483 spectaculum
2996 4425 3049 4468 et
3108 4416 3527 4469 oblectationem

279 4511 481 4581 inquit,
519 4509 851 4572 adolescens,
887 4509 1198 4578 imperator,
1235 4516 1285 4559 et
1315 4521 1431 4558 cum
1471 4515 1622 4573 patre
1657 4506 1854 4558 veneris
1957 4507 2298 4563 audientium
2332 4517 2384 4562 et
2433 4507 2728 4560 videntium
2757 4507 3041 4574 (psittacus
3071 4506 3156 4560 avi
3187 4515 3270 4560 est
3304 4521 3524 4567 nomen.

277 4615 324 4657 et
355 4605 580 4674 equites,
637 4604 796 4672 pugio
830 4603 990 4655 etiam
1035 4601 1132 4653 tibi
1187 4599 1502 4666 deferendas
1545 4607 1645 4659 est,
1680 4614 1781 4665 quo
1802 4607 1852 4650 et
1955 4614 2074 4669 qua:
2120 4598 2416 4650 humanam
2462 4612 2647 4650 vocem
2702 4597 2922 4649 imitans
2971 4596 3199 4649 multum
3241 4593 3525 4665 loquitur).

279 4709 466 4755 contra
517 4688 683 4766 {erant
713 4696 911 4759 utaris,
947 4704 996 4748 et
1029 4694 1172 4761 patri
1219 4694 1483 4762 porrigas,
1511 4708 1626 4744 cum
1658 4708 1738 4744 res
1771 4701 1854 4744 tu-
1957 4706 2079 4760 qua:
2134 4690 2350 4757 quidem
2403 4690 2518 4741 sive
2545 4688 2615 4740 ah
2671 4688 2854 4756 aliquo
2882 4686 3094 4751 educta,
3128 4687 3242 4741 sive
3282 4687 3528 4755 alioquin

283 4790 399 4843 (erit
432 4804 450 4842 :
487 4795 581 4841 aut
616 4789 775 4842 etiam
814 4787 1156 4840 insidiatores
1182 4785 1295 4854 ejus
1324 4785 1620 4865 ulciscaris.
1649 4783 1695 4838 ls
1731 4785 1858 4837 dolo
1959 4799 2114 4846 casn,
2147 4797 2291 4850 saepe
2323 4799 2336 4835 :
2389 4779 2527 4847 Heu,
2563 4782 2696 4832 heu!
2730 4781 2937 4832 domine
2961 4781 3084 4840 Leo,
3121 4779 3526 4847 pronuntiabat.

283 4897 391 4935 non
437 4880 848 4941 animadverso,
908 4879 1223 4948 pugionem,
1269 4885 1330 4930 ut
1357 4877 1448 4931 ille
1484 4882 1756 4936 suaserat,
1801 4875 1855 4928 in
1943 4873 2208 4941 Cumque
2239 4870 2535 4938 aliquando
2575 4869 2779 4921 lautum
2812 4868 3034 4922 iecisset
3063 4867 3362 4933 imperator
3399 4880 3530 4917 eon-

285 4975 470 5029 calceo
513 4973 639 5027 l'ert.
681 4972 756 5025 Eo
792 4972 1026 5042 pugione
1073 4970 1479 5025 Santaberenus
1529 4967 1594 5022 ad
1631 4968 1856 5022 delatio-
1962 4966 2185 5026 vivium,
2245 4972 2300 5017 ct
2354 4961 2605 5014 accersiti
2672 4960 2948 5029 principes
3004 4966 3230 5013 senatus
3296 4969 3419 5008 cum
3469 4971 3536 5007 eo

286 5082 407 5120 nem
458 5064 659 5118 Leonis
716 5079 873 5124 usus,
940 5061 1261 5130 Imperator,
1320 5060 1517 5130 inquit,
1564 5059 1706 5124 ﬁlius
1739 5068 1858 5111 tuus
1965 5055 2127 5110 simul
2185 5063 2394 5115 essent,
2449 5053 2674 5122 avisque
2712 5067 2856 5120 szepe
2894 5050 2969 5112 id,
3000 5047 3147 5117 quod
3200 5045 3360 5099 modo
3393 5043 3503 5097 dixi

288 5159 382 5210 tibi
443 5155 754 5210 insidiatur.
813 5154 1021 5209 Indicio
1079 5153 1213 5207 illud
1264 5161 1368 5219 est,»
1416 5151 1553 5222 quod
1585 5153 1638 5204 in
1672 5133 1928 5204 venatuc
1965 5163 2122 5209 mus,
2183 5145 2500 5215 loqueretur
2553 5162 2566 5196 :
2621 5143 2802 5196 Incesti
2852 5142 3094 5196 conviva:
3140 5157 3166 5192 a
3199 5138 3337 5192 cibis
3369 5136 3538 5190 alisti-

289 5256 567 5323 pugionem
621 5252 886 5307 occultum
942 5251 1096 5321 gerit.
1159 5247 1255 5302 His
1311 5247 1536 5310 auditis,
1603 5253 1856 5300 venatum
1970 5248 2185 5302 nentes,
2220 5237 2566 5306 cogitabundi
2604 5235 2886 5290 sedebant.
2915 5233 3069 5298 Quod
3101 5230 3538 5285 animadvertetis

1802 5350 2028 5407 NOTAE.

362 5486 440 5554 tl)
482 5480 889 5554 Constantinus
914 5475 1195 5554 Manasses
1227 5474 1280 5554 in
1310 5470 1662 5554 AnnalibusL
1699 5546 1708 5554 ι
2608 5457 3007 5554 ἰιῖκΑηᾶΜντιιιὲξ.
3041 5453 3092 5505 .i.

1227 5523 1547 5611 compendio
1591 5537 1856 5592 llisloriu-
2253 5523 2491 5624 Troiianis
2525 5531 2577 5610 in
2606 5531 2706 5624 An.
2759 5523 3023 5624 tomiilﬁll.‘
3103 5601 3115 5624 '
3179 5591 3213 5624 γ

292 5591 438 5683 miri.)
475 5591 741 5624 “ww”,
788 5591 1065 5604 “unum,
1231 5591 1539 5611 "mpm"
1594 5591 1603 5592 ί
2142 5604 2301 5657 Uard.
2333 5600 2529 5655 Baron.
2559 5599 2612 5652 in
2641 5597 2830 5651 Annal.
2874 5593 3069 5647 (fides.
3103 5601 3140 5646 t.
3177 5591 3243 5647 Χ.

359 5789 374 5806 ⁸
403 5789 456 5838 ln
483 5779 684 5834 Hortali
712 5775 901 5837 Leonis,
924 5775 1056 5839 quod
1078 5775 1237 5825 Romae
1262 5770 1413 5820 edtlit
1434 5783 1556 5818 anno
1586 5765 1715 5816 ωσι.
