4224 6444
668 454 722 493 st
2008 426 2581 488 PROLEGOMENA.

3854 433 3931 478 1']

672 554 993 621 imperator,
1041 562 1263 605 causam
1319 548 1389 602 ab
1444 547 1673 607 eis,cur
1722 561 1830 601 non
1866 544 2227 605 ςοιιιριιετειη,
2261 556 2307 612 Α
2338 550 2475 596 seta
2504 541 2702 595 Photio
2732 537 3021 601 diaconus,
3078 550 3218 606 opus
3251 540 3399 601 erat;
3451 543 3505 590 et
3539 534 3622 590 lex
3679 542 3794 590 erat
3837 552 3925 591 cc-

674 642 1113 712 percontabatur.
1147 640 1216 692 At
1257 638 1336 692 illi
1374 637 1580 708 perfusi
1616 636 1872 706 lacrymis
1908 651 1922 687 :
1957 634 2125 700 Quem
2155 633 2231 684 ci-

670 739 812 794 bum,
862 729 1129 797 inquiunt,
1162 743 1192 781 ο
1223 725 1453 790 domine,
1505 726 1848 788 comedemus,
1876 740 1992 776 cum
2028 722 2232 774 ratione

668 820 880 890 pra-diti
912 818 1100 882 simus,
1132 826 1179 869 et
1203 816 1404 869 domini
1436 816 1603 868 nostri
1649 816 1870 868 studiosi
1904 811 2232 867 habeamur?

672 913 814 965 Nam
845 911 940 963 ltoc
969 910 1173 963 animal
1208 910 1411 961 ratione
1440 923 1623 963 carens
1655 925 1808 960 suum
1850 906 2120 960 dominum
2155 920 2236 956 re-

668 1004 869 1072 quirit;
905 1018 997 1055 nos
1030 1010 1201 1053 autem
1234 1000 1380 1068 genio
1411 998 1764 1067 indulgentes,
1812 998 2103 1057 dominum,
2144 995 2236 1064 qui

669 1091 802 1143 nihil
836 1091 1087 1157 peccavit,
1133 1087 1282 1140 obliti
1328 1104 1531 1140 sumus.
1586 1087 1689 1150 Qui
1737 1087 1782 1139 si
1828 1101 2068 1153 peccasse
2110 1100 2237 1136 con-

666 1185 919 1246 riucitur,
951 1191 999 1234 et
1045 1182 1101 1233 in
1135 1190 1402 1248 parentem
1445 1180 1711 1232 dexteram
1766 1194 2020 1239 armasse,
2061 1193 2235 1230 omnes

668 1288 760 1325 nos
795 1287 955 1324 manu
994 1280 1178 1323 nostra
1229 1285 1344 1323 eum
1377 1268 1772 1334 iuterfrciemus,
1811 1282 1972 1335 neque
2005 1266 2116 1334 ejus
2142 1282 2239 1319 un-

666 1376 825 1429 quam
857 1360 1185 1427 explebimur
1212 1359 1468 1426 sanguine
1500 1372 1516 1410 :
1554 1358 1599 1410 si
1631 1372 1747 1409 vero
1776 1356 1839 1409 de
1867 1357 2054 1425 quibus
2080 1372 2239 1409 accu-

666 1464 818 1508 satus
851 1462 951 1519 est,
982 1453 1310 1505 calumniam
1332 1450 1595 1519 coarguit,
1628 1448 1801 1517 quoad
1826 1447 2007 1519 lingua
2034 1448 2239 1500 calum—

664 1546 821 1597 nians
862 1552 1070 1595 tantum
1102 1543 1153 1593 in
1180 1542 1352 1608 ipsum
1385 1539 1616 1606 poterit?
1642 1537 1879 1591 Mollitus
1918 1538 2082 1607 igitur
2155 1544 2238 1589 ta-

663 1635 810 1689 libus
834 1632 1018 1687 verbis
1058 1631 1381 1698 imperator,
1413 1636 1547 1682 tunc
1599 1627 1750 1695 ipsos
1801 1624 1993 1679 sedere
2048 1626 2237 1694 jussit,

663 1739 833 1794 seque
889 1737 1005 1777 rem
1065 1720 1389 1789 diligentius
1450 1716 1746 1788 spopondit
1793 1717 2235 1788 exploraturum.

662 1817 849 1885 Neque
889 1828 1021 1869 sane
1055 1814 1227 1867 multo
1280 1816 1404 1879 post
1447 1809 1515 1863 ad
1534 1823 1695 1864 suum
1732 1808 2005 1877 ingenium
2025 1807 2241 1863 rediens

2336 632 2666 695 clesiastica,
2701 637 2761 683 ut
2790 628 3029 683 ordinati
3070 642 3101 680 a
3124 625 3322 679 Photio
3344 632 3628 679 cessarent
3679 627 3924 685 omnino,

2337 739 2437 777 nec
2461 723 2652 792 majori
2689 721 2860 791 gradu
2903 720 3277 774 elevarentur.
3305 717 3462 773 Unde
3513 718 3566 771 in
3607 716 3792 771 codice
3820 717 3923 772 Co-

2336 812 2615 867 lumnensi
2648 824 2800 865 num.
2847 808 2918 863 45
2960 809 3202 877 signato,
3242 817 3366 876 post
3410 806 3668 861 recitatas
3708 806 3920 874 litteras

2340 904 2611 973 Stephani
2672 916 2823 972 papa:
2874 899 2941 954 ad
3003 900 3265 955 Basilium
3301 900 3705 968 imperatorem,
3742 892 3922 951 Photii

2342 998 2712 1059 defensorem,
2739 995 3034 1062 subjicitur
3065 1011 3078 1046 :
3110 1012 3127 1045 ι
3166 992 3289 1047 llaec
3319 992 3554 1062 epistola
3579 992 3643 1043 ad
3664 990 3923 1047 Basiliam

2351 1089 2736 1158 imperatorem
2770 1087 2937 1141 missa
2974 1084 3096 1149 fuit,
3133 1085 3226 1138 sed
3256 1083 3402 1137 illam
3434 1085 3642 1155 accepit
3668 1084 3776 1139 Leo
3803 1083 3923 1150 ejus

2342 1179 2506 1243 ﬁlius,
2541 1194 2666 1232 cum
2695 1178 2806 1246 jam
2844 1186 2993 1246 pater
3024 1177 3131 1229 vita
3164 1175 3382 1230 functus
3407 1185 3575 1230 esset.
3604 1194 3623 1227 ι
3661 1175 3764 1241 Qui
3796 1189 3921 1230 cum

2340 1270 2587 1339 cpistola:
2609 1270 2716 1322 vim
2748 1269 3132 1331 intellexisset,
3169 1278 3220 1322 et
3246 1269 3431 1322 omnia
3462 1266 3640 1322 Photii
3673 1266 3920 1321 facinora

2341 1359 2706 1430 cognovisset,
2741 1360 3144 1430 quamprimum
3190 1359 3465 1414 revocavit
3495 1373 3687 1413 omnes
3738 1372 3923 1413 saccr-

2347 1452 2502 1507 dotes
2532 1452 2800 1513 veritatis,
2820 1452 2912 1522 qui
2942 1466 2970 1503 a
3002 1449 3223 1514 Photio,
3255 1449 3605 1505 anathemate
3630 1450 3916 1511 damnato,

2348 1557 2540 1613 graves
2578 1542 2726 1612 passi
2778 1540 2997 1597 fuerant
3041 1540 3482 1609 persecutiones,
3523 1546 3578 1594 et
3620 1537 3794 1607 ejecto
3838 1544 3922 1607 ty-

2353 1649 2529 1689 ranno
2579 1640 2632 1689 et
2678 1632 2931 1687 invasere
2962 1630 3181 1696 Photio,
3224 1629 3448 1683 fratrem
3494 1644 3654 1685 suum
3710 1644 3922 1699 germa-

2349 1739 2478 1777 num
2500 1722 2817 1787 introduxit,
2841 1722 3104 1776 advocato
3133 1722 3294 1776 etiam
3325 1720 3601 1792 Styliano,
3630 1720 3917 1775 Neocaesa-

2352 1829 2456 1869 reaz
2484 1813 2851 1883 metropolita,
2878 1819 3242 1882 cognomento
3272 1811 3451 1881 Mapa,
3485 1818 3538 1865 et
3577 1810 3699 1864 aliis
3722 1811 3840 1878 ejus
3864 1810 3918 1864 in

665 1908 962 1977 (reveritus
987 1922 1055 1960 ne
1097 1904 1239 1959 forte
1275 1902 1469 1957 natura
1506 1902 1680 1970 magis
1706 1916 1903 1970 expers
1937 1916 2061 1955 esse
2091 1915 2241 1953 com-
2276 1890 2314 1943 Β
2345 1903 2728 1973 persecutione
2751 1904 3244 1970 commilitonibus,
3273 1905 3566 1975 episcopis,
3588 1906 3915 1977 pI'APPOSlllS,

665 2000 1058 2063 miserationis,
1104 2011 1269 2067 quam
1320 1995 1535 2049 avicula
1577 1992 1875 2061 videretur)
1923 2006 1954 2046 e
1992 1990 2241 2045 custodia

663 2092 922 2145 eductum
956 2087 1059 2143 sibi
1088 2092 1290 2156 praesto
1310 2099 1429 2139 esse
1445 2083 1599 2153 jubet
1645 2081 1842 2146 tilium,
1871 2080 2239 2150 ademptaque

664 2183 713 2237 ei
754 2180 965 2250 lugubri
996 2185 1166 2239 veste,
1206 2187 1261 2231 et
1313 2189 1674 2244 supervacua,
1709 2188 1830 2243 quae
1863 2173 1915 2227 in
1953 2173 2102 2226 luctu
2138 2188 2225 2226 ex-

662 2280 934 2334 crevcrat,
996 2283 1177 2330 corna,
1227 2266 1523 2337 pristinum
1578 2265 1628 2320 ei
1692 2264 1908 2335 imperii
1971 2267 2232 2320 honorem

661 2364 922 2418 restituit.
954 2360 1139 2429 Neque
1185 2373 1319 2413 sane
1363 2358 1535 2412 multo
1570 2366 1693 2427 post
1721 2356 2013 2413 diarrhoea:
2047 2358 2236 2411 morbo

660 2464 973 2524 correptus,
999 2452 1249 2506 instituto
1275 2448 1489 2504 Inerede
1542 2458 1597 2503 et
1627 2464 1955 2504 successore
1999 2447 2109 2501 ﬁlio
2136 2464 2236 2502 suo

661 2550 866 2614 Leone,
894 2546 1131 2601 ﬁliorum
1168 2544 1530 2615 superstitum
1562 2552 1692 2598 natu
1712 2545 1976 2607 maximo,
1998 2542 2234 2598 decessit

659 2656 689 2695 c
716 2639 857 2705 vita;
884 2647 1048 2707 atque
1093 2652 1203 2690 una
1243 2651 1369 2690 cum
1410 2636 1729 2690 hereditate
1758 2635 1932 2689 eidem
1986 2635 2096 2689 lilio
2132 2650 2232 2689 suo

661 2729 829 2784 Leoni
888 2726 1207 2798 imperatori
1238 2728 1454 2798 egregia
1488 2728 1693 2780 monita
1737 2726 1958 2796 scriptis
1989 2726 2229 2797 reliquit,

658 2823 943 2890 sexaginta
1002 2834 1094 2874 sex
1161 2818 1436 2888 capitibus
1503 2818 1928 2886 comprehensa,
1998 2833 2229 2886 quorum

656 2911 935 2981 principes
958 2909 1152 2962 littera:
1174 2908 1317 2962 hanc
1334 2907 1574 2962 efﬁciunt
1598 2908 1922 2961 sententiam
1951 2926 1962 2959 :
1988 2906 2229 2961 Basilius

656 3001 712 3051 in
743 2998 957 3051 Christo
983 2994 1344 3049 Romanorum
1364 2995 1676 3062 imperator,
1698 2992 1882 3058 Leoni,
1907 2995 2069 3047 charo
2092 2995 2227 3062 lilio,

654 3100 702 3144 et
732 3089 943 3158 imperii
966 3087 1195 3156 collegw.
1216 3086 1554 3156 Exstantque
1596 3101 1625 3140 e
1668 3084 1857 3139 (ἔταξυο
1892 3085 2042 3139 fonte
2065 3087 2120 3139 in
2148 3087 2227 3139 al-

653 3192 812 3232 veum
831 3177 1145 3230 Latinitatis
1159 3174 1405 3229 deductae
1422 3175 1561 3244 apud
1587 3174 2221 3245 Margarinmnllignentn

653 3278 802 3324 tomo
835 3267 873 3320 γ
908 3268 1247 3321 Bibliotheca:
1282 3278 1508 3320 ceterum
1538 3265 1653 3319 PP.
1684 3266 1737 3318 in
1776 3266 1901 3320 ﬁnc.
1932 3266 2006 3319 Ea
2043 3276 2222 3321 autem

655 3362 863 3416 monita
895 3360 1002 3415 Leo
1035 3360 1330 3428 accipiens,
1361 3368 1413 3410 et
1446 3356 1729 3412 custodire
1761 3355 2043 3419 laborans,
2078 3370 2224 3409 con-

654 3462 878 3510 secutus
934 3461 1015 3507 est
1046 3467 1154 3521 pra:
1179 3450 1418 3514 caeteris,
1449 3450 1629 3519 inquit
1655 3448 1924 3502 Baronius
1958 3448 2056 3517 (6),
2093 3449 2220 3502 illud

652 3548 867 3617 insigne
903 3560 1123 3608 nomen,
1159 3552 1217 3597 ut
1254 3543 1513 3595 meruerit
1561 3551 1924 3611 cognomento
1970 3539 2220 3594 Philoso-

651 3643 793 3711 phus
825 3637 1113 3709 appcllari,
1161 3635 1318 3705 quasi
1374 3649 1470 3704 per
1529 3648 1652 3688 eum
1705 3634 1852 3685 illam
1904 3631 2219 3687 felicitatem

650 3732 931 3787 Orientale
984 3730 1055 3784 sit
1106 3728 1397 3797 imperium
1451 3733 1845 3787 consecutum,
1921 3738 2084 3791 quam
2133 3724 2221 3776 ille

651 3825 929 3894 pollicitus
962 3831 1048 3876 est
1101 3821 1344 3886 sapiens,
1383 3816 1426 3870 si
1465 3815 1547 3869 vel
1605 3813 1916 3885 philosophi
1970 3823 2218 3883 regnent,

649 3915 733 3971 vel
768 3914 813 3968 si
853 3928 1007 3981 reges
1037 3909 1512 3980 philosOphcntnr.

717 4004 989 4060 Defuncto
1032 4002 1219 4070 itaque
1266 3999 1471 4052 Basilio
1514 3997 1864 4067 imperatore,
1901 3995 2090 4050 eodem
2131 3995 2219 4049 die

648 4098 758 4152 Leo
805 4097 927 4165 ejus
963 4096 1106 4148 filius
1166 4091 1455 4161 imperium
1507 4088 1901 4143 moderandum
1934 4089 2215 4157 suscepit;

648 4190 742 4259 qui
776 4201 899 4241 mox
929 4184 1219 4239 occasione
1256 4190 1493 4249 captata,
1531 4180 1677 4250 quod
1717 4179 1951 4234 Photius
1984 4181 2215 4248 patriar-

648 4280 750 4334 cha
774 4274 1418 4343 Constantinopolitauus
1444 4313 1458 4335 ,
1494 4288 1620 4326 cum
1652 4271 2034 4324 Santabareno
2080 4287 2213 4324 con-

650 4372 834 4427 silium
873 4369 1088 4423 iniisset
1115 4367 1180 4419 de
1209 4363 1459 4434 eligendo
1479 4365 1534 4418 in
1571 4365 1958 4434 imperatorem
1986 4372 2217 4431 cognato

649 4461 824 4533 ipsius
853 4459 1053 4521 Photii,
1074 4472 1213 4537 ‘cum
1249 4471 1277 4510 e
1309 4444 1510 4510 thrd‘no
1541 4455 1821 4524 deposuit,
1850 4454 2216 4523 relegavitqne

2344 1995 2698 2066 presbyteris,
2757 1996 3027 2057 diacouis,
3054 2005 3108 2051 et
3133 1997 3253 2053 aliis
3281 1997 3499 2065 pietatis
3530 1997 3917 2062 sectatoribus,

2341 2088 2418 2141 ait
2447 2088 2557 2142 illis
2589 2104 2604 2141 :
2640 2086 2902 2141 Nostrum
2930 2102 2995 2141 ex
3023 2087 3132 2141 Deo
3164 2088 3468 2156 imperium,
3493 2103 3748 2157 perpensa
3778 2090 3915 2142 veri-

2343 2188 2469 2244 tate,
2497 2181 2732 2249 iniquum
2787 2180 2942 2233 illum
2972 2179 3235 2234 hominem
3280 2180 3534 2234 Photium
3581 2198 3612 2234 tt
3650 2182 3770 2235 sede
3820 2196 3916 2249 pa-

2341 2270 2623 2324 triarchali
2659 2270 2834 2338 ejecit,
2864 2280 2913 2324 et
2960 2280 3191 2324 restrain
3234 2272 3644 2338 persecutionem
3674 2271 3914 2326 sedarit:

2338 2378 2431 2416 nec
2465 2364 2574 2416 ullo
2628 2372 2783 2429 pacto
2814 2379 2994 2432 cogam
3043 2380 3360 2435 quemquam
3407 2373 3632 2418 vestrum
3677 2373 3733 2417 ut
3763 2364 3915 2417 inriti

2337 2465 2454 2501 cum
2506 2448 2598 2502 illo
2647 2450 3079 2513 communicetis;
3123 2452 3249 2521 quin
3292 2452 3467 2518 potius
3521 2467 3617 2504 oro
3659 2452 3905 2515 pietatem

2338 2555 2561 2597 vestram
2611 2552 2667 2595 ut
2723 2544 3117 2597 comntunieetis
3162 2560 3284 2597 cum
3341 2545 3507 2613 fratre
3553 2561 3685 2608 meo,
3732 2552 3781 2598 et
3812 2545 3911 2612 ﬁat

2335 2653 2496 2689 unum
2532 2638 2685 2690 ovile.
2737 2636 2832 2690 Sin
2896 2646 3072 2689 autem
3126 2637 3440 2689 inconsultis
3493 2634 3765 2693 Romanis.
3814 2636 3905 2705 qui

2338 2726 2590 2781 Photium
2622 2728 3025 2794 damnaverunt,
3062 2727 3340 2782 nolueritis
3379 2729 3539 2796 fratri
3578 2744 3691 2782 meo
3720 2742 3908 2781 conve-

2335 2821 2468 2881 nire,
2502 2820 2751 2889 quoniam
2781 2818 3021 2874 videlicet
3050 2835 3083 2871 a
3108 2817 3299 2873 Photio
3341 2817 3599 2871 diaconus
3622 2817 3725 2885 fuit
3758 2817 3909 2871 ordi-

2333 2920 2529 2976 natus;
2560 2911 2754 2976 venite,
2790 2910 3091 2963 scribamus
3119 2916 3169 2961 et
3218 2909 3492 2963 mittamus
3533 2923 3640 2961 una
3684 2906 3907 2961 Romam

2332 3005 2401 3053 ad
2442 3001 2777 3069 pontiﬁcem,
2842 3010 2899 3053 ut
2950 3000 3210 3068 dispenset
3255 3001 3639 3055 absolutionem
3689 3001 3907 3055 anathe-

2330 3095 2489 3147 motis
2519 3094 2585 3147 iis
2615 3094 2705 3163 qui
2754 3110 2787 3146 a
2828 3093 3022 3147 Photio
3059 3093 3278 3161 fuerunt
3320 3091 3583 3146 ordinati.
3617 3111 3634 3143 ι
3671 3091 3906 3163 Scripsit

2332 3184 2497 3253 igitur
2528 3193 2813 3253 prOpterea
2845 3184 3141 3254 imperator
3172 3183 3239 3236 ad
3268 3181 3612 3248 Pontiﬁcem,
3648 3184 3904 3239 similiter

2328 3275 2492 3329 etiam
2520 3275 2671 3345 Mapa
2697 3275 3039 3345 metropolita
3067 3276 3353 3341 Caesareae,
3380 3284 3434 3331 et
3455 3276 3577 3344 ejus
3608 3278 3764 3331 socii.
3791 3275 3898 3331 Sed

2328 3382 2451 3421 cum
2493 3367 2687 3422 horum
2724 3368 2780 3423 in
2827 3369 3109 3438 praecitato
3164 3369 3357 3423 codice
3405 3379 3626 3423 exstent
3681 3370 3898 3434 litterae,

2328 3458 2525 3515 Leonis
2552 3468 2733 3515 tamen
2764 3460 3173 3516 desiderantur.
3201 3460 3471 3516 Cmterum
3503 3461 3651 3532 quod
3676 3462 3897 3530 peteba-

2328 3562 2433 3617 tur,
2472 3561 2532 3606 ut
2562 3552 2976 3622 dispensaretur
3007 3568 3131 3609 cum
3162 3554 3441 3624 Stephano
3464 3593 3478 3614 .
3508 3569 3768 3624 germano
3797 3554 3898 3607 im-

2323 3644 2617 3712 peratoris,
2649 3644 2743 3715 qui
2793 3644 3246 3701 subdiaconatum
3291 3647 3628 3716 suscepisset
3674 3661 3706 3700 a
3749 3644 3896 3699 Pho-

2323 3736 2420 3801 tio,
2471 3734 2848 3805 dispensatum
2880 3737 3055 3795 fuisse
3084 3748 3160 3804 et,
3197 3745 3256 3792 ut
3285 3736 3545 3807 oportuit,
3575 3736 3651 3792 rei
3675 3736 3897 3791 consul-

2322 3838 2438 3883 tum
2490 3829 2559 3883 ab
2625 3831 2744 3901 ipso
2809 3829 3057 3885 Romano
3100 3830 3392 3901 pontiﬁce,
3441 3829 3891 3886 existimandum.

2320 3918 2456 3972 Nam
2492 3920 2581 3975 ille
2610 3920 2839 3985 sedisse,
2878 3929 3045 3991 atque
3076 3936 3201 3977 cum
3252 3923 3373 3992 ipso
3406 3921 3549 3978 idem
3584 3919 3895 3991 Stephanus

2320 4025 2457 4081 papa
2488 4011 2925 4067 communicasse
2966 4013 3259 4068 invenitur.

2391 4100 2603 4157 Interea
2658 4101 2876 4156 Andrea
2929 4104 3274 4158 exercituum
3330 4101 3608 4172 praefecto,
3662 4100 3895 4170 aliisque

2320 4198 2617 4254 senatoriis
2648 4198 2782 4253 viris
2832 4196 3021 4251 multis
3060 4195 3441 4266 Chrysopolim
3491 4193 3557 4247 ad
3598 4192 3891 4265 Philippici

2320 4288 2717 4343 monasterium
2743 4289 2946 4353 missis,
2969 4302 3094 4341 cum
3124 4299 3269 4342 cmtu
3300 4280 3666 4350 sacerdotum,
3699 4287 3892 4341 caereis

2322 4374 2723 4445 iacibus,atqne
2744 4375 3108 4439 aromatibus,
3152 4373 3383 4428 cadaver
3411 4372 3692 4427 Michaelis
3722 4372 3897 4441 impe-

2319 4462 2935 4533 ratoris(quiBasilium
2966 4470 3355 4532 patremsuum
3417 4463 3472 4518 in
3529 4461 3701 4516 ﬁlium
3760 4461 3895 4517 ado-

647 4556 705 4607 in
756 4550 1148 4605 monasteriqu
1194 4547 1581 4609 Ατῐῐιθηονιιιη,
1615 4546 1672 4599 in
1716 4544 1949 4614 eiusque
2009 4544 2209 4609 locum.
2243 4580 2295 4639 Ι)
2322 4563 2588 4625 ptaverat,
2617 4566 2671 4611 et
2694 4554 2999 4610 diademate
3040 4554 3310 4623 cinxerat)
3334 4555 3591 4624 sepulcro
3615 4553 3798 4618 educi,
3832 4554 3887 4608 in

646 4659 966 4716 germanum
1004 4656 1187 4707 suum,
1234 4641 1455 4695 nomine
1496 4638 1856 4709 Stephanum,
1908 4639 2217 4708 subrogan-

645 4740 773 4793 dum
799 4736 1030 4792 curavit.
1060 4733 1414 4805 lmpostorem
1448 4747 1579 4786 vero
1602 4732 1753 4784 illum
1778 4728 2214 4785 Santabarenum

646 4828 829 4897 ﬂagris
860 4839 1085 4882 caesum.
1113 4823 1290 4879 oculis
1322 4822 1577 4893 privavit,
1624 4828 1679 4875 et
1736 4820 1981 4875 Athenas
2029 4821 2081 4873 in
2122 4835 2216 4874 ex-

646 4921 829 4975 silium
860 4920 1048 4983 misit;
1088 4916 1359 4971 hominem
1396 4922 1545 4970 secta
1586 4911 1943 4967 Manicha-um
1968 4912 2217 4982 ,prolcs-

645 5015 801 5070 sione
844 5027 1066 5083 magum
1094 5050 1109 5068 .
1162 5009 1512 5065 simulatione
1556 5022 1689 5063 vero
1719 5005 2118 5068 Christianam,
2160 5014 2214 5061 et

643 5102 986 5176 imposturis,
1034 5101 1234 5171 quibus
1279 5099 1544 5154 miracula
1596 5097 1905 5176 allectabat,
1942 5112 1972 5151 a
2012 5098 2213 5152 Basilio

550 5201 556 5208 ‘
643 5180 978 5265 imperatore
1036 5193 1304 5247 creditum
1362 5202 1639 5247 sanctum.
1697 5171 1898 5244 Verufm
1960 5189 2211 5259 pluribus

642 5290 806 5343 annis
836 5285 1038 5356 elapsis
1073 5284 1348 5340 hominem
1384 5284 1453 5339 ab
1509 5282 1710 5339 exsilio
1756 5291 2076 5338 revocatum
2120 5283 2210 5335 be-

642 5377 807 5445 nigne
851 5372 1197 5428 tractandum
1232 5372 1468 5426 curavit.
1508 5371 1680 5426 Porro
1720 5371 2047 5426 substitutio
2092 5367 2210 5424 Ste-

641 5466 809 5533 phani
864 5465 916 5516 in
954 5464 1136 5517 locum
1168 5460 1345 5515 Photii
1376 5460 1520 5514 haud
1552 5459 1627 5513 ita
1663 5458 2039 5529 perfunctorie
2066 5458 2207 5515 facta

639 5566 744 5619 est,
809 5556 1120 5611 inconsulto
1167 5552 1412 5607 Romano
1460 5551 1724 5624 pontiﬁce
1774 5551 2056 5621 Stephano
2118 5552 2203 5607 γι.

638 5640 770 5697 Nam
800 5644 868 5696 ah
891 5658 977 5707 eo,
1022 5652 1081 5697 ut
1114 5644 1548 5711 dispensaretnr,
1580 5640 1725 5711 quod
1758 5642 2043 5700 ordinatus
2068 5642 2204 5698 luis-

2324 4662 2451 4701 arca
2501 4646 2817 4717 cupressina
2872 4646 3023 4716 poni,
3079 4645 3542 4715 imperatoriaque
3603 4643 3893 4714 splendore

2322 4738 2580 4803 velatum,
2606 4737 3135 4808 Constantinopolim
3157 4734 3268 4792 Leo
3288 4736 3469 4791 afferri
3497 4736 3684 4807 jussit,
3705 4735 3890 4806 ibique

2321 4843 2443 4883 cum
2473 4839 2636 4884 cantu
2667 4840 2722 4886 et
2769 4829 2986 4902 hymnis
3012 4838 3324 4899 exceptum,
3360 4843 3536 4898 usque
3594 4826 3663 4882 ad
3715 4827 3887 4883 sedem

2317 4918 2698 4989 Apostolorum
2720 4919 2914 4977 deduci
2951 4921 3243 4986 ordinavit,
3278 4921 3331 4974 in
3355 4936 3460 4990 qua
3489 4919 3544 4975 in
3580 4934 3889 4974 marmorea

2318 5023 2444 5063 arca
2484 5010 2783 5080 repositum
2823 5018 2931 5075 est,
2983 5010 3379 5067 comitantibus
3433 5024 3683 5081 pompam
3723 5010 3888 5065 etiam

2316 5100 2579 5156 fratribus
2640 5101 3005 5172 imperatoris,
3072 5102 3407 5166 Alexandro,
3463 5111 3517 5157 et
3573 5101 3889 5172 patriarcha

2316 5188 2614 5259 Stephano.

2383 5279 2518 5334 Cum
2549 5278 2719 5349 Hegio
2748 5279 3143 5349 Longobardia:
3174 5283 3308 5350 dux,
3344 5282 3488 5352 regis
3516 5281 3765 5338 Francia;
3796 5298 3888 5353 ge-

2313 5374 2431 5436 ner,
2463 5372 2683 5441 cognita
2725 5372 2909 5429 Basilii
2938 5374 3287 5444 imperatoris
3322 5386 3519 5437 morte,
3558 5391 3587 5429 a
3623 5376 3887 5431 societate

2312 5463 2683 5520 Romanorum
2730 5465 3052 5522 descivisset
3114 5467 3327 5538 sibique
3379 5477 3548 5522 totam
3618 5468 3882 5522 ditionem

2313 5557 2664 5622 vindicasset,
2710 5568 2896 5614 contra
2948 5572 3071 5613 eum
3108 5556 3217 5613 Leo
3248 5559 3672 5614 Constantinum
3709 5558 3881 5629 patri-

2312 5650 2456 5705 cium
2492 5666 2694 5725 mensa!
2740 5650 3054 5722 prmfectutn
3080 5664 3203 5706 cum
3234 5649 3681 5707 Occidentalibus
3734 5646 3883 5704 misit

2140 5737 2365 5797 lVOTAZ.

708 5831 781 5895 (ti)
811 5830 1075 5887 Batonius
1103 5831 1166 5885 ad
1199 5848 1323 5889 ann.
1367 5831 1481 5887 Silii.
