4224 6444
267 433 370 473 till

1557 428 1720 484 ΠΤᾹ
1755 424 2023 483 LL'UNIS
2069 425 2215 486 UH".
3415 444 3503 479 λιν

281 534 478 601 copiis,
513 535 636 588 licet
668 536 958 589 commissa
1009 552 1184 606 pugna
1223 537 1616 591 Constantinus
1649 553 1842 591 suecu-
1873 545 1918 602 Α
1948 538 2243 607 ignoraret.
2287 541 2408 592 loco
2441 540 2811 606 patriarcham
2845 541 3128 596 Nicolaum
3163 554 3364 607 movet,
3403 549 3502 602 Ec-

260 619 468 683 lmerit,
501 621 699 688 vixque
743 621 946 674 rzedem
995 623 1108 691 ipse
1144 625 1403 686 evaserit,
1439 627 1678 678 exercitu
1725 640 1824 679 suo

262 706 550 759 occidione
605 707 802 758 deleto.
841 707 987 760 Duos
1017 717 1196 762 tamen
1229 709 1559 764 fortissimos
1581 711 1748 764 duces
1779 712 1830 764 in

263 797 545 849 Orientem
599 800 805 858 emisit.
870 799 1210 854 Eustathium
1243 803 1430 872 stirpis
1475 805 1827 870 Argyrorum,

262 899 317 940 et
373 888 749 941 Andronicum
797 905 992 957 genere
1046 891 1326 953 Ducicam,
1378 910 1470 955 qui
1524 893 1722 945 multas
1769 893 1833 945 de

273 979 542 1045 Agarenis
593 982 850 1034 victorias
895 990 1264 1050 reportaruut.
1325 983 1429 1036 Sed
1471 1000 1594 1036 cum
1633 985 1830 1038 bellum

267 1070 599 1122 acerrimum
635 1071 776 1124 inter
806 1070 1067 1140 Bulgaros
1092 1084 1141 1126 et
1179 1073 1412 1128 Leonem
1463 1083 1706 1127 nostrum
1738 1091 1832 1128 ex-

267 1161 502 1213 citatum
533 1174 700 1225 esset,
749 1164 999 1233 idemque
1053 1180 1150 1234 per
1197 1166 1381 1234 plures
1423 1181 1594 1221 annos
1635 1181 1830 1234 propa-

263 1257 454 1314 gatum
499 1265 514 1303 :
571 1250 778 1306 Turcas
829 1261 882 1307 ct
953 1253 1241 1324 lluugaros
1303 1257 1565 1310 adversus
1613 1257 1831 1310 eosdem

263 1342 483 1395 vocavit
519 1341 646 1404 Leo,
669 1344 922 1398 Simeone
953 1347 1314 1416 Bulgarorum
1344 1362 1470 1416 rege
1497 1348 1834 1401 validissime

264 1433 583 1486 resistente.
617 1431 692 1486 Ex
731 1450 840 1502 quo
880 1435 1083 1490 factum
1137 1448 1241 1499 est,
1280 1445 1336 1488 ut
1370 1437 1638 1492 dissoluto
1691 1439 1834 1490 inter

254 1522 533 1591 Bulgaros
597 1534 650 1578 et
723 1524 1387 1593 Constantinmiolitanum
1448 1530 1830 1599 imperatorem

264 1615 418 1681 pacis
456 1613 694 1681 vinculo,
733 1631 886 1683 atque
947 1617 1251 1686 spiritualis
1294 1617 1637 1686 praefectura,
1668 1633 1830 1686 quam

261 1703 442 1758 Graeci
475 1706 578 1760 sibi
601 1708 1035 1772 vindicaverant,
1060 1724 1089 1762 e
1110 1709 1288 1763 medio
1316 1711 1618 1773 tolleretur,
1641 1710 1830 1764 iidem-

262 1810 373 1862 que
395 1795 614 1862 Bulgari
639 1796 890 1850 Romana:
916 1796 1188 1859 Ecclesiae,
1216 1813 1373 1877 aqua
1400 1799 1558 1852 donis
1605 1807 1660 1852 et
1683 1799 1831 1852 blan-

1938 631 2228 697 clesizeque
2279 632 2479 685 ﬁnibus
2527 632 2752 701 expellit
2782 641 2840 686 ut
2899 634 3216 688 mendacem
3247 678 3260 696 ,
3302 645 3357 688 et
3405 644 3498 706 qui

1941 723 2221 776 multotics
2276 723 2496 791 quidem
2569 724 2933 792 jurejurando
3002 727 3377 783 conﬁrmasset
3443 746 3507 785 ac

1940 813 2282 880 promisisset
2311 829 2369 866 se
2400 813 2710 881 imperatori
2728 815 2960 885 gratiam
2993 829 3167 884 patrne.
3201 817 3501 882 facturum,

1940 917 2003 956 ac
2026 905 2251 958 totidem
2280 905 2494 957 vicibus
2526 905 2765 959 animum
2804 914 3092 967 mutasset,
3126 923 3348 976 remque
3374 911 3500 964 data

1939 1010 2106 1064 opera
2161 997 2494 1050 extraheret.
2541 996 2672 1064 Ejus
2725 998 2844 1050 loco
2888 1000 3257 1067 patriareham
3298 1003 3504 1055 consti~

1941 1089 2045 1140 tuit
2074 1097 2284 1155 patrem
2323 1105 2484 1143 suum
2523 1090 2859 1156 spiritualem
2903 1090 3282 1159 Euthymium,
3326 1093 3500 1145 virum

1941 1178 2129 1231 multis
2173 1181 2331 1232 annis
2381 1180 2784 1235 exercitatione
2832 1181 3074 1234 solitaria
3125 1183 3500 1246 nobilitatum,

1940 1270 2175 1338 denique
2205 1271 2507 1341 prophetici
2547 1271 2775 1340 spiritus
2809 1269 3155 1338 participem.
3181 1271 3227 1325 Is
3264 1274 3505 1339 impera-

1941 1369 2112 1413 torem
2162 1376 2189 1413 a
2221 1378 2381 1429 prena
2439 1363 2568 1414 facit
2626 1363 2952 1424 immunem,
3003 1374 3164 1430 atque
3203 1379 3230 1414 a
3279 1364 3505 1417 vinculo

1942 1451 2202 1501 diuturno
2253 1450 2472 1510 liberat,
2517 1459 2569 1501 et
2613 1449 2678 1500 ad
2713 1449 3158 1502 communionem
3189 1449 3444 1505 admittit.
3481 1471 3497 1502 ι

1942 1537 2065 1590 llaec
2095 1537 2189 1591 ibi.
2224 1535 2334 1590 Lco
2357 1543 2538 1588 autem
2572 1535 2909 1598 Allatius,de
2945 1534 3204 1588 Ecclesia:
3237 1534 3473 1589 Occiden
3493 1567 3506 1575 -

1939 1630 2064 1683 talis
2119 1636 2173 1682 et
2213 1627 2507 1682 Orientalis
2558 1634 2821 1696 perpetua
2872 1627 3254 1688 consensione,
3295 1628 3390 1680 lib.
3443 1643 3500 1688 n,

1938 1735 2063 1789 cap.
2110 1720 2162 1780 7,
2198 1734 2351 1774 num.
2382 1718 2435 1782 '5,
2476 1733 2588 1772 rem
2619 1719 2675 1771 in
2714 1717 2860 1771 hunc
2907 1717 3127 1770 modum
3159 1733 3224 1772 ex
3262 1718 3507 1787 antiquis

1943 1809 2317 1863 monumentis
2357 1815 2544 1862 narrat
2575 1826 2589 1859 ε
2627 1827 2646 1858 r
2696 1805 2807 1861 Leo
2857 1806 3041 1861 Basilii
3073 1807 3237 1869 ﬁlius,
3275 1807 3415 1877 quod
3440 1824 3503 1861 ex

263 1887 418 1941 ditiis
469 1886 781 1943 Graecorum
839 1889 1206 1953 desciverant,
1245 1905 1304 1944 se
1353 1900 1545 1959 sponte
1592 1891 1831 1960 subjice-
1860 1895 1908 1952 B

1860 1895 1908 1952 B
1940 1902 2114 1957 tribus
2156 1900 2336 1955 ductis
2379 1901 2648 1954 uxoribus
2685 1900 2865 1956 nullos
2911 1902 3228 1955 sustulisset
3283 1903 3503 1964 liberos,

263 1988 408 2033 rent.

337 2067 514 2124 Fuere
562 2068 732 2124 Leoni
769 2085 966 2125 uxores
1003 2071 1231 2126 omnino
1272 2082 1525 2142 quatuor,
1565 2087 1703 2142 quas
1740 2087 1835 2125 or-

263 2160 393 2214 dine
456 2169 508 2214 et
555 2162 869 2216 successive
920 2162 1100 2228 duxit,
1149 2179 1257 2216 non
1307 2178 1335 2215 a
1372 2163 1596 2217 libidine
1629 2165 1832 2226 victus,

262 2252 360 2308 sed
407 2253 612 2322 ingenti
663 2253 1014 2323 procreand.e
1051 2254 1260 2308 sobolis
1291 2254 1584 2318 desiderio,
1614 2270 1724 2321 quo
1769 2255 1833 2306 li-

266 2354 427 2405 heros
476 2367 542 2406 ex
587 2367 645 2405 se
668 2360 829 2405 natos
861 2351 1228 2419 conSpiceret.
1278 2350 1460 2404 Prima
1516 2350 1613 2403 fuit
1658 2349 1835 2403 Theo-

263 2443 511 2511 phanon,
548 2459 642 2496 seu
694 2441 1071 2511 Theophania,
1125 2442 1480 2497 Constantini
1526 2441 1636 2494 tilia
1683 2458 1695 2494 :
1749 2456 1834 2494 se-

261 2537 447 2588 cunda
479 2534 587 2588 Zoe
619 2535 841 2590 Zautzze
869 2536 976 2588 ﬁlia
1004 2555 1016 2589 :
1053 2537 1212 2590 tertia
1236 2533 1472 2588 Eudoeia
1501 2531 1792 2603 Opsiciana
1818 2549 1831 2596 ;

261 2638 485 2698 quarta,
531 2629 637 2683 Zoe
677 2631 1113 2699 Carbonopsina,
1175 2645 1239 2681 ex
1274 2643 1379 2695 qua
1419 2628 1586 2680 ﬁlium
1618 2628 1832 2696 Purpu-

265 2736 506 2790 rigenam
537 2735 630 2773 seu
660 2718 1233 2789 Porphyrogennetam
1259 2718 1468 2788 genuit,
1501 2718 1591 2770 cui
1633 2733 1832 2772 nomen

262 2813 616 2865 Constantini
659 2811 868 2865 datum.
908 2811 1126 2866 Ultima:
1154 2821 1336 2865 tamen
1390 2812 1582 2866 uxoris
1614 2812 1836 2880 nuptias

262 2903 524 2957 Nicotaus
575 2904 886 2971 patriarcha
933 2902 1258 2957 benedicere
1311 2904 1607 2965 recusavit,
1658 2903 1751 2956 sed
1783 2911 1835 2957 et

264 2995 535 3048 Thomam
589 2995 994 3064 presbyterum,
1041 2995 1136 3063 qui
1188 2993 1488 3058 benedixit,
1527 2993 1833 3064 presbyteri

266 3087 475 3141 honore
522 3087 781 3156 privavit,
832 3087 964 3156 quin
1008 3089 1233 3156 insuper
1290 3087 1360 3141 ab
1435 3088 1686 3156 ingressu
1744 3099 1836 3139 ec-

263 3179 446 3233 clesiae
481 3179 864 3248 imperatorem
902 3179 1202 3248 prohibuit.
1235 3179 1304 3232 At
1345 3179 1618 3249 quomodo
1645 3193 1705 3234 se
1731 3176 1834 3230 ha-

264 3269 444 3324 buerit
493 3269 872 3339 quadrigamia
921 3271 1025 3325 ista
1069 3269 1267 3324 Leoiiis
1300 3271 1352 3324 in
1376 3271 1671 3340 conjugum
1705 3284 1833 3324 suc-

262 3361 539 3424 cessione,
580 3362 662 3414 sic
709 3361 896 3430 accipe
927 3377 991 3415 ex
1020 3362 1368 3429 praeambulis
1398 3361 1748 3415 Constantini
1779 3361 1830 3414 in

262 3449 741 3520 Porphyrogenito
767 3451 833 3503 ad
858 3451 1098 3506 edictum
1130 3452 1350 3506 unionis
1368 3453 1466 3520 (7).
1494 3474 1511 3502 ι
1537 3451 1832 3519 Imperator

267 3542 360 3596 ille
385 3541 742 3596 doctissimus
766 3541 874 3595 Leo
907 3543 1136 3611 primam
1157 3542 1374 3611 quidem
1400 3557 1622 3596 uxorem
1647 3541 1834 3595 habuit

263 3641 512 3687 sanetam
564 3632 1046 3703 Theophanonem,
1093 3649 1157 3688 ex
1207 3649 1312 3703 qua
1355 3634 1520 3687 ﬁliam
1571 3647 1828 3700 procrea-

265 3727 365 3789 vit,
401 3724 497 3779 sed
529 3739 592 3778 ea
648 3725 756 3778 cito
805 3726 971 3778 rebus
1021 3724 1278 3779 humanis
1333 3724 1593 3778 excessit.
1647 3723 1833 3792 Itaque

265 3831 390 3869 cum
440 3816 555 3868 haec
598 3822 786 3868 sancta
827 3815 1024 3869 mulier
1065 3815 1364 3883 migrasset
1397 3811 1464 3866 ad
1504 3812 1829 3877 Dominum,

265 3906 395 3961 Zoa'.
427 3907 647 3976 styliani
681 3905 952 3970 Tzautz:e,
981 3907 1072 3975 qui
1107 3921 1174 3959 ex
1205 3905 1529 3975 proceribus
1555 3912 1609 3959 et
1639 3904 1833 3957 amicis

265 4001 622 4069 imperatoris
656 4007 794 4064 erat,
836 3999 962 4053 ﬁlia:
1001 3998 1272 4068 jungitur.
1305 3999 1400 4052 llla
1429 4012 1652 4068 quoque
1681 3997 1832 4050 brevi

265 4090 537 4158 temporis
581 4090 761 4157 spatio
824 4089 944 4143 sine
1003 4089 1189 4143 liberis
1260 4090 1557 4152 exstincta,
1617 4088 1833 4142 tertiam

263 4183 428 4236 duxit
487 4196 715 4237 uxorem
777 4181 1101 4243 Eudociam,
1173 4195 1238 4234 ex
1285 4177 1491 4251 Opsicii
1553 4179 1834 4250 provincia

265 4273 559 4328 oriundam
591 4273 718 4327 olim
749 4273 896 4326 dicta
932 4271 1177 4334 Mazonia,
1216 4271 1405 4324 forma:
1446 4271 1666 4326 nomine
1698 4270 1837 4325 sele-

265 4377 438 4430 ctam,
488 4380 610 4433 quae
651 4364 704 4418 in
763 4363 1039 4433 puerperii
1086 4363 1367 4416 doloribus
1415 4376 1522 4416 una
1563 4377 1687 4417 eum
1732 4362 1837 4416 in-

265 4459 418 4514 fante
465 4457 720 4511 moritur.
759 4456 1061 4524 Imperator
1107 4461 1290 4508 autem
1342 4452 1602 4508 ineffabili
1642 4452 1834 4508 dolore

1939 1992 2146 2046 sobolis
2176 1991 2437 2044 habentne
2485 1992 2786 2053 desiderio,
2811 2002 3059 2060 quartam
3108 2008 3325 2062 quoque
3353 1993 3506 2046 duxit

1939 2083 2084 2138 Zocn
2131 2082 2626 2153 Carbonopsinam,
2677 2097 2800 2150 quae.
2844 2083 2892 2136 ei
2945 2083 3153 2151 peperit
3185 2083 3507 2137 Constanti-

1937 2191 2085 2229 nmn.
2113 2173 2266 2227 lianc
2288 2175 2359 2227 ob
2390 2189 2612 2228 causam
2645 2189 2672 2226 a
2699 2174 3012 2242 patriarcha
3059 2181 3112 2226 et
3139 2175 3260 2229 aliis
3283 2189 3505 2229 excom-

1937 2266 2269 2319 ntunieatur.
2305 2265 2439 2317 Cum
2467 2281 2593 2317 vero
2655 2265 2722 2318 de
2770 2265 3117 2319 absolutione
3167 2282 3272 2319 non
3306 2282 3508 2321 conve-

1937 2359 2098 2418 niret,
2139 2357 2260 2410 aliis
2291 2371 2411 2410 eam
2458 2371 2567 2410 non
2616 2356 2825 2410 diutius
2875 2356 3298 2425 protrahendam
3355 2373 3496 2412 asse-

1936 2448 2207 2510 rentibus,
2251 2448 2371 2502 aliis
2407 2463 2514 2500 non
2555 2446 3006 2507 assentientibus,
3059 2462 3252 2512 magna
3279 2448 3504 2502 dissidia

1938 2539 2082 2593 inter
2108 2556 2204 2594 eos
2233 2547 2352 2592 orta
2387 2547 2511 2592 sunt
2540 2556 2552 2600 ;
2597 2537 2827 2605 ideoque
2855 2538 2919 2591 ad
2956 2538 3232 2606 pontiﬁcis
3271 2538 3504 2591 Romani

1937 2631 2200 2701 judicium
2255 2637 2596 2684 concurrunt
2631 2647 2642 2680 :
2692 2642 2721 2679 a
2766 2642 2876 2696 quo
2903 2642 3026 2681 cum
3064 2636 3279 2696 quarta:
3307 2618 3504 2680 Leonis

1939 2722 2140 2790 nuptiae
2178 2720 2632 2790 approbarentur,
2684 2717 2997 2787 patriarcha
3039 2733 3147 2772 non
3197 2717 3507 2772 assentieus

1938 2813 1992 2865 in
2028 2811 2280 2866 exsilium
2317 2810 2570 2871 mittitur,
2613 2818 2667 2863 et
2700 2809 3027 2879 Euthymins
3075 2811 3126 2862 iu
3170 2809 3291 2877 ejus
3328 2810 3506 2864 locum

1939 2903 2305 2972 subrogatur;
2346 2906 2440 2971 qui
2479 2903 2551 2956 ita
2587 2911 2862 2955 annuente
2885 2917 3102 2956 summo
3132 2899 3386 2972 pontiﬁce
3413 2902 3510 2954 im-

1937 3003 2245 3063 peratorem
2309 3009 2338 3048 a
2393 2993 2614 3046 vinculo
2650 2993 2861 3054 liberat,
2889 3000 2942 3047 et
2981 2992 3033 3045 in
3062 2993 3504 3047 communionem

1938 3085 2195 3139 admittit.
2229 3104 2246 3136 ι
2284 3083 2560 3139 Hactenus
2603 3084 2669 3138 de
2716 3083 2895 3138 Leone
2929 3084 3056 3138 Leo.
3107 3083 3314 3137 C:etera
3369 3085 3507 3137 tanti

1938 3176 2202 3245 principis
2233 3184 2353 3229 acta
2383 3188 2802 3244 prosequamur.

2007 3272 2142 3321 Cum
2196 3268 2490 3338 aiiqnando
2539 3269 2835 3336 imperator
2887 3265 2996 3320 Leo
3058 3281 3164 3320 una
3227 3281 3349 3320 cum
3397 3267 3508 3321 Zoc

1935 3377 2108 3416 uxore
2140 3377 2237 3416 Sua
2289 3362 2340 3413 in
2391 3359 2598 3429 prmdio
2632 3366 2843 3426 ageret,
2877 3357 3021 3426 quod
3066 3357 3309 3410 Damiaui
3343 3372 3504 3433 vnea-

1936 3462 2045 3516 tur,
2083 3461 2138 3506 et
2165 3451 2505 3506 domesticus
2537 3451 2866 3519 quibusdam
2901 3450 3025 3504 aliis
3055 3449 3510 3518 conspirantibus

1936 3544 1983 3597 ei
2035 3543 2264 3597 insidias
2304 3551 2584 3597 strueret:
2636 3541 2744 3595 Zoe
2779 3555 3056 3594 murmura
3093 3541 3503 3608 conjuratormn

1940 3635 2240 3697 inandivit;
2317 3634 2613 3702 statimque
2678 3630 2788 3686 Leo
2834 3633 3130 3697 excitatus,
3204 3647 3508 3689 conscenso

1938 3726 2153 3793 navigio
2187 3741 2214 3778 a
2247 3724 2511 3780 Fontibus
2563 3726 2613 3777 in
2666 3725 2924 3793 palatium
2955 3724 3165 3791 trajecit
3192 3765 3206 3785 .
3250 3740 3313 3777 ac
3338 3724 3509 3778 Joan-

1938 3835 2056 3870 nem
2095 3818 2314 3886 quidem
2363 3819 2524 3885 Biglze
2562 3818 2944 3886 Drungarium,
2977 3818 3122 3884 quod
3171 3817 3240 3872 ab
3269 3833 3332 3872 eo
3365 3819 3506 3872 indi-

1937 3911 2166 3978 ligenter
2197 3919 2343 3962 esset
2371 3909 2700 3970 custoditus,
2733 3909 2854 3961 loco
2891 3910 3079 3962 movit.

2008 3999 2177 4052 Porro
2209 3999 2444 4054 Basilius
2474 3999 2819 4068 imperatoris
2864 3999 3106 4068 Epeicta,
3150 4016 3272 4053 cum
3305 4000 3504 4056 ca'dem

1941 4090 2106 4144 Leoni
2158 4089 2600 4154 machinaretur,
2644 4105 2904 4144 arcanmn
2943 4107 3102 4145 suum
3137 4091 3387 4146 Samome
3415 4108 3508 4145 ex-

1940 4182 2121 4250 posuit
2145 4181 2504 4244 cubieulario,
2536 4182 2744 4250 origine
2777 4181 3046 4250 Agareno.
3090 4181 3358 4237 Samonas
3395 4193 3508 4237 sta-

1940 4276 2032 4328 tim
2069 4273 2384 4344 imperatori
2418 4283 2585 4327 totam
2626 4272 2946 4376 insidiarum
2981 4273 3247 4327 rationem
3280 4273 3503 4328 detexit.

1941 4366 2240 4436 Imperator
2272 4365 2416 4420 illico
2445 4362 2790 4419 Basilium‘in
2817 4363 3189 4418 Macedoniam
3227 4367 3506 4428 amandat,

1939 4457 2102 4510 veluti
2141 4455 2264 4509 Zoa:
2299 4455 2665 4524 imperatricis
2696 4453 2874 4507 amitte
2906 4467 3038 4516 sua),
3067 4469 3097 4507 e
3132 4454 3270 4508 vivis
3323 4469 3508 4524 egres-

263 4557 576 4618 correptus,
610 4547 754 4618 quod
795 4547 974 4599 nullos
1018 4546 1336 4600 sustulisset
1373 4545 1599 4607 liberos,
1638 4560 1829 4598 eorum
1868 4562 1910 4615 ι)
1944 4561 2036 4610 sar,
2089 4545 2161 4600 ibi
2212 4546 2360 4614 justa
2408 4553 2751 4598 curaturum.
2800 4545 2968 4598 Paulo
3013 4553 3135 4611 post
3193 4553 3506 4598 revocatum

261 4638 664 4712 gignendorum
731 4634 1005 4690 desiderio
1072 4642 1328 4705 quartam
1393 4649 1612 4704 quoque
1677 4635 1836 4688 duxit

265 4744 494 4786 uxorem
537 4728 704 4782 Zoam
748 4726 1178 4795 Carbonopsina:
1222 4725 1411 4787 ﬁliam,
1446 4740 1567 4793 qua:
1600 4725 1648 4779 ei
1687 4725 1832 4779 Con-

263 4823 569 4879 stantinum
611 4818 792 4889 ,parit.
841 4815 1040 4871 Verum
1092 4817 1404 4884 patriarcha
1456 4814 1732 4880 Nicotaus,
1782 4823 1834 4869 ct

266 4909 680 4978 metropolitani
720 4908 1110 4977 imperatorem
1143 4905 1212 4960 ab
1246 4903 1489 4959 Ecclesia
1524 4913 1834 4974 segregant,

266 5016 498 5072 eamque
540 5000 980 5070 segregationem
1029 4996 1278 5051 nonnulli
1317 4996 1634 5067 pontiﬁcum
1685 4996 1834 5049 brevi

268 5097 452 5166 spatio
483 5091 875 5155 deliniendam,
909 5105 1016 5145 non
1056 5090 1110 5143 in
1161 5090 1380 5158 longum
1412 5097 1626 5158 tempus
1651 5096 1837 5143 exten-

270 5187 506 5241 dendam
557 5182 799 5245 aiebant,
833 5181 941 5235 illis
990 5181 1045 5234 in
1094 5182 1198 5233 hoc
1236 5194 1342 5231 non
1388 5180 1837 5231 assentientibus.

273 5280 459 5350 Itaque
491 5273 722 5331 dissidia
755 5274 898 5328 inter
930 5286 1028 5327 eos
1061 5279 1219 5326 erant
1277 5284 1585 5340 magnaque
1618 5269 1838 5324 seditio:

272 5383 433 5444 atque
489 5371 876 5438 imperatorem
954 5377 1280 5434 magnopere
1337 5362 1717 5430 deprecantem
1788 5373 1842 5417 et

271 5472 518 5518 orantem
548 5460 641 5514 alii
673 5456 1031 5526 recipiebant,
1068 5455 1161 5508 alii
1192 5453 1596 5508 contumaciter
1628 5453 1839 5522 rejicie-

273 5557 419 5611 bant.
463 5554 600 5608 Cum
643 5558 825 5606 autem
863 5549 1121 5618 princeps
1157 5547 1272 5615 ipse
1299 5546 1539 5616 prudens
1563 5558 1730 5610 esset,
1759 5556 1838 5600 at-

272 5665 376 5718 que
429 5645 579 5701 unde
619 5642 897 5699 discordia
950 5640 1269 5710 pontiﬁcum
1324 5651 1443 5693 orta
1484 5648 1648 5703 esset,
1694 5639 1836 5693 hami

1943 4634 2285 4704 inquisitioni
2343 4634 2605 4696 subdidit,
2657 4634 3081 4700 convictumque
3121 4648 3217 4702 per
3264 4632 3504 4700 mediam

1944 4727 2132 4780 urbem
2178 4727 2232 4780 in
2280 4726 2559 4793 triumpho
2612 4728 2786 4788 duxit,
2836 4717 3503 4794 Athenasque‘relegavit.

1944 4816 2073 4870 Inde
2123 4818 2378 4869 universo
2424 4825 2614 4870 senatu
2647 4827 2972 4878 convocato,
3006 4831 3127 4884 qua:
3155 4823 3313 4868 erant
3340 4831 3366 4867 a
3398 4816 3498 4868 Sa-

1941 4924 2101 4963 tnona
2140 4909 2241 4978 ipsi
2275 4909 2452 4964 delata
2483 4908 2684 4962 indicia
2712 4910 2959 4975 exponit,
3003 4921 3240 4975 eumque
3286 4915 3504 4960 senato-

1941 5017 2028 5055 res
2090 5003 2338 5063 laudant,
2394 5010 2448 5054 ct
2487 5015 2704 5056 summo
2748 4999 2970 5069 dignum
3019 4998 3228 5051 honore
3265 5013 3506 5066 pronun-

1943 5095 2099 5148 tiant.
2136 5093 2200 5146 Et
2235 5093 2525 5148 Samonam
2560 5093 2668 5147 Leo
2699 5093 2884 5146 statim
2919 5089 3354 5158 Protospatharii
3391 5105 3508 5143 mu-

1944 5201 2074 5240 nere
2103 5189 2347 5250 decorat,
2382 5185 2595 5255 sibique
2628 5184 2950 5238 familiarem
2982 5183 3224 5236 asciseit.

2009 5275 2144 5330 Cum
2193 5275 2611 5330 Constantinum
2662 5273 2961 5328 Andronici
3001 5272 3166 5325 ﬁlium
3214 5271 3505 5340 quamdam

1947 5368 2014 5422 ad
2053 5367 2453 5437 expeditionem
2485 5382 2608 5420 cum
2652 5365 2825 5435 ecpiis
2871 5364 3170 5431 ablegaret,
3219 5376 3315 5429 per
3344 5361 3510 5414 tricli-

1947 5460 2096 5513 nium
2133 5459 2402 5513 hominem
2452 5458 2714 5520 educcns,
2752 5456 2927 5510 oculis
2965 5455 3014 5507 in
3043 5453 3242 5507 Christi
3298 5467 3362 5506 ac
3389 5451 3509 5506 Dei-

1947 5564 2091 5618 parze
2145 5548 2409 5618 imagines
2450 5547 2668 5612 deﬁxis,
2702 5562 2823 5617 quae
2877 5561 3040 5616 supra
3097 5555 3308 5612 portam
3355 5553 3509 5596 erant

1945 5641 2251 5708 collocata),
2306 5639 2391 5697 his
2430 5640 2606 5696 verbis
2643 5655 2773 5696 usus
2801 5647 2882 5696 est
2923 5657 2935 5693 :
2989 5637 3211 5700 Caveto,
3246 5634 3512 5690 Constan-

1787 5732 2013 5791 ΝΟΤίΕ.

344 5841 420 5900 t7)
450 5839 601 5909 Apud
635 5837 926 5894 Baronium
958 5837 1020 5892 ad
1055 5853 1143 5890 an.
1182 5833 1386 5890 Cilflell
1426 5834 1518 5886 9M
