4224 6444
692 429 762 468 xv
2018 407 2569 471 PROLEGOMENA
2581 454 2593 465 .
3850 430 3938 473 xvt

691 531 825 593 tine,
854 541 1051 582 nomen
1084 541 1149 580 ne
1180 524 1282 579 tibi
1307 531 1459 579 tuum
1492 525 1755 593 imponat,
1782 536 1919 578 neve
1950 522 2121 578 fretus
2150 525 2262 587 illo,
2292 525 2341 583 Α
2367 528 2459 571 aut
2534 519 2696 572 irasci
2722 557 2737 581 ,
2795 520 3081 587 imperator
3134 540 3151 575 :

694 620 994 687 potiturum
1024 627 1076 671 te
1110 617 1478 670 Romanorum
1512 615 1740 683 imperio
1768 624 1965 684 putes:
1998 629 2119 667 nam
2147 630 2267 667 meo

694 711 810 764 tilio
841 708 1208 764 Constantino
1260 705 1530 759 divinitus
1581 706 1870 775 imperium
1925 715 2264 759 reservatum

691 810 808 865 est;
841 800 983 869 quod
1012 800 1261 869 equidem
1298 807 1637 868 perspectum
1675 798 1867 861 habeo,
1900 795 2263 867 significatum

694 887 825 939 mihi
871 887 1075 941 divinis
1123 887 1190 939 ab
1220 885 1538 939 hominibus
1582 885 1769 939 futura
1815 885 2179 954 prospiciendi
2217 886 2264 937 vi

692 974 958 1043 praeditis.
1010 973 1357 1043 Quapropter
1416 975 1559 1027 scire
1607 973 1778 1027 debes
1822 980 2177 1035 eventurum,
2209 978 2265 1022 ιιι

691 1067 737 1120 si
772 1064 1118 1137 tyrannidem
1174 1064 1239 1117 ad
1273 1075 1325 1117 te
1374 1078 1566 1132 rapere
1595 1072 1827 1117 conatus
1874 1062 2066 1124 fueris,
2102 1069 2265 1130 caput

690 1165 845 1210 tuum
891 1156 1098 1223 absque
1151 1169 1385 1223 corpore
1419 1170 1512 1222 per
1549 1155 1689 1207 hanc
1727 1154 1903 1221 ipsam
1937 1161 2148 1221 portam
2175 1153 2264 1204 in-

689 1244 990 1313 grediatur.
1029 1241 1165 1297 lluic
1192 1244 1456 1297 vaticinio
1494 1244 1753 1310 deinceps
1780 1251 2014 1298 eventus
2040 1258 2266 1312 respon—

687 1338 787 1391 dit.
821 1336 955 1390 Nam
1009 1344 1133 1406 post
1182 1335 1377 1389 Leonis
1411 1336 1621 1387 obitum
1651 1334 2051 1390 Constantinus
2084 1345 2267 1406 tyran-

688 1424 869 1478 nidem
903 1423 1187 1483 adectans,
1234 1420 1454 1474 occisus
1486 1430 1591 1485 est,
1639 1435 1703 1473 ac
1731 1420 1993 1489 deinceps
2031 1433 2147 1475 erat
2182 1425 2263 1474 vi-

688 1517 821 1571 dere
873 1522 1163 1570 cruentum
1222 1521 1395 1580 caput
1448 1512 1570 1579 ejus
1617 1526 1710 1579 per
1751 1510 1897 1563 illam
1934 1520 2144 1579 portam
2177 1514 2260 1566 in-

689 1607 845 1662 ferri.

754 1698 972 1753 Accidit
1002 1696 1053 1750 id
1084 1694 1352 1765 temporis
1400 1697 1671 1747 maximus
1704 1693 1838 1748 solis
1868 1691 2132 1756 defectus,
2167 1707 2261 1747 cu-

682 1790 773 1858 jus
821 1802 992 1842 causa
1045 1786 1457 1841 Pantaleontem
1514 1782 1889 1853 Synadensem
1945 1782 2258 1853 pontiﬁcem

3210 541 3332 576 naut
3404 535 3544 581 rales
3616 529 3786 585 David
3844 535 3940 587 hoc

2370 614 2465 663 tibi
2493 612 2698 665 adversi
2720 613 3027 664 eventurum
3051 615 3300 679 pra’dirit
3330 618 3425 669 hoc
3447 635 3595 672 versu
3626 639 3638 673 :
3670 639 3689 672 ι
3722 625 3937 687 Quanta

2368 702 2690 771 malignatus
2741 712 2814 755 est
2853 705 3099 756 inimicus
3151 706 3203 757 iu
3235 718 3418 760 sancto
3464 718 3553 763 tuo
3581 728 3599 763 :
3638 724 3686 765 et
3718 716 3935 782 gloriati

2366 803 2487 845 sunt
2530 796 2617 862 qui
2649 793 2869 846 oderunt
2901 805 2970 859 te,
3006 796 3058 847 in
3094 797 3262 849 medio
3295 800 3644 854 solemnitatis
3686 813 3789 856 tua:
3816 804 3872 857 ‘?
3914 825 3933 858 ›

2369 883 2521 947 Noli,
2576 899 2774 952 quaeso,
2832 887 3115 953 oppetiisse
3160 889 3253 940 tibi
3302 891 3419 944 ritw
3452 894 3611 959 finem
3658 896 3935 962 arbitrari,

2368 990 2458 1027 nec
2486 976 2721 1027 animum
2773 986 2918 1027 tuum
2966 980 3218 1046 cogitatio
3252 980 3315 1033 de
3376 993 3541 1037 morte
3579 986 3782 1050 subeat,
3813 998 3936 1041 nam

2368 1066 2462 1118 tibi
2513 1078 2622 1119 tam
2670 1069 2789 1122 vita:
2819 1084 2975 1135 quam
3011 1071 3217 1139 imperii
3242 1072 3418 1126 decem
3460 1076 3630 1130 adhuc
3684 1080 3811 1133 anni
3836 1097 3937 1132 ca:-

2368 1158 2486 1211 lcsti
2520 1175 2553 1210 a
2581 1176 2741 1213 manu
2771 1162 3005 1214 concessi
3028 1172 3172 1219 sunt.

2435 1248 2560 1303 llaec
2593 1251 2686 1305 ille
2738 1251 2905 1316 fatus,
2958 1252 3214 1307 obticuit.
3269 1255 3454 1324 Neque
3482 1259 3654 1312 multo
3683 1269 3803 1329 post
3836 1262 3940 1315 im-

2367 1347 2605 1408 perator,
2639 1350 2692 1394 et
2740 1341 2908 1395 animi
2948 1341 3137 1397 dolore
3184 1344 3451 1401 liberatus
3490 1359 3595 1410 est,
3640 1361 3693 1405 et
3721 1366 3785 1403 ex
3817 1354 3937 1404 vul-

2368 1445 2496 1484 nere
2541 1432 2847 1485 convaluil.
2882 1433 3049 1487 Marci
3096 1436 3318 1503 quidem
3360 1439 3680 1493 vaticinium
3716 1443 3940 1497 minime

2368 1520 2539 1575 fuisse
2565 1535 2760 1574 vanum
2795 1533 3024 1577 eventus
3062 1527 3480 1594 comprobavit;
3517 1542 3640 1581 nam
3672 1540 3790 1598 post
3842 1530 3938 1584 de-

2364 1626 2481 1664 t-em
2544 1626 2719 1667 annos
2766 1628 2833 1668 eo
2891 1616 3011 1683 ipso
3054 1626 3303 1673 mortuus
3331 1626 3415 1673 est
3445 1620 3551 1683 die,
3580 1636 3691 1690 quo
3722 1623 3935 1693 plagam

2368 1702 2510 1756 hanc
2542 1705 2772 1773 accepit.

2430 1792 2907 1866 Constantinopoli
2959 1798 3013 1851 in
3056 1799 3317 1854 honorem
3356 1802 3543 1871 prima:
3592 1819 3705 1857 suae
3750 1806 3938 1859 uxoris

687 1880 753 1934 ad
800 1895 860 1934 se
910 1882 1209 1947 imperator
1240 1876 1548 1939 arcessivit,
1598 1875 1872 1929 hominem
1912 1873 2260 1929 astronomia:
2298 1876 2335 1929 Β

2298 1876 2335 1929 Β
2367 1884 2738 1957 'fhcophanite
2781 1892 3211 1959 pulcherrimum
3257 1895 3325 1949 de
3371 1896 3489 1963 ejus
3534 1900 3751 1953 nomine
3796 1909 3936 1953 tem-

688 1968 947 2038 peritum.
978 1968 1031 2021 ls
1064 1976 1304 2034 rogatus,
1345 1978 1507 2033 quem
1550 1964 1696 2017 illius
1746 1962 1970 2032 eclipsis
2005 1961 2255 2016 effectum

689 2058 807 2112 fore
854 2065 1142 2117 statueret,
1210 2054 1533 2122 respondit,
1590 2053 1742 2108 alteri
1795 2054 1863 2108 ab
1930 2053 2260 2122 imperatore

688 2164 936 2221 persona:
989 2163 1179 2203 casum
1234 2146 1527 2200 adversum
1567 2144 1843 2216 portendi.
1907 2144 2047 2211 Quin
2090 2145 2256 2199 etiam

689 2243 952 2297 Samonas
981 2241 1290 2311 Agarenus,
1327 2254 1355 2292 a
1386 2237 1566 2293 Leone
1598 2236 1774 2293 ofﬁcio
1806 2238 2132 2292 cubicularii
2168 2255 2259 2293 ore

686 2343 873 2399 natus,
906 2348 1066 2404 quem
1100 2330 1285 2386 Basilii
1319 2330 1558 2401 Epeictze
1606 2330 1835 2385 insidias
1881 2330 2057 2385 eidem
2092 2330 2255 2384 Leoni

686 2427 957 2479 detexisse
977 2422 1268 2476 docuimus
1289 2462 1304 2487 ,
1330 2423 1632 2491 sapientem
1659 2422 1803 2476 hunc
1830 2421 2001 2476 virum
2024 2422 2259 2493 peculia-

687 2512 822 2566 riter
860 2509 1176 2572 abductum,
1217 2507 1283 2561 de
1325 2524 1381 2563 re
1430 2516 1539 2563 tota
1584 2508 1879 2570 consuluit,
1922 2518 1977 2562 et
2016 2509 2255 2563 futurum

688 2604 930 2674 agnovit,
962 2601 1148 2669 utipsi
1189 2599 1470 2654 calamitas
1508 2599 1815 2665 accideret;
1856 2616 2043 2654 vermn
2078 2603 2256 2655 omnia

689 2707 760 2748 no
792 2691 939 2747 .lunii
989 2692 1151 2745 tertio
1199 2689 1287 2743 die
1336 2690 1546 2745 salvum
1578 2704 1892 2756 evasurum,
1938 2705 2040 2747 nec
2087 2692 2156 2747 ab
2194 2709 2259 2746 eo

690 2797 932 2856 tempore
994 2783 1293 2854 quidquam
1351 2784 1426 2836 illi
1476 2784 1550 2836 rei
1606 2784 1849 2839 molesta:
1904 2792 2255 2839 eventurum.

688 2877 939 2933 Nondum
996 2877 1298 2945 praestitum
1355 2876 1456 2928 hoc
1507 2883 1722 2943 tempus
1774 2872 2088 2938 advenerat,
2134 2892 2257 2930 cum

688 2968 957 3021 Samonas
1001 2980 1031 3020 e
1082 2964 1205 3019 loco
1252 2978 1354 3018 suo
1405 2962 1734 3017 deturbatur
1798 2972 1960 3031 atque
2013 2964 2256 3029 raditur;

693 3072 815 3111 nam
840 3065 894 3112 et
919 3054 1210 3110 calumniis
1251 3053 1635 3123 imperatorem
1686 3053 2087 3112 circumvenire
2121 3056 2259 3110 fere—

693 3151 874 3214 batur,
910 3158 965 3203 et
990 3145 1293 3201 insolenter
1321 3152 1493 3197 semet
1527 3158 1735 3213 gerere.

2372 1984 2539 2052 plum,
2587 1985 2828 2038 vicinum
2877 1984 3002 2039 Aidi
3044 1989 3420 2057 apostolorum
3469 1990 3760 2045 aedificavit
3806 1990 3935 2057 Leo,

2368 2076 2420 2127 in
2445 2090 2618 2144 eoque
2648 2090 2851 2144 corpus
2884 2077 3030 2130 illius
3063 2080 3309 2147 reposuit
3339 2097 3352 2144 ;
3392 2096 3601 2149 magna:
3631 2085 3775 2136 enim
3808 2100 3939 2137 san-

2366 2165 2575 2220 ctitatis
2628 2163 2826 2220 femina
2887 2168 3070 2220 habita
3124 2179 3209 2223 est
3259 2168 3635 2238 Theophania,
3686 2173 3822 2227 adeo
3880 2184 3938 2229 ut

2364 2254 2606 2310 edidisse
2670 2271 2888 2327 quoque
2927 2260 3193 2313 miracula
3242 2260 3467 2326 feratur,
3495 2278 3727 2331 quorum
3760 2267 3937 2334 gratia

2368 2345 2725 2399 ubidel‘uncta
2751 2356 2856 2411 est,
2886 2348 3027 2401 inter
3043 2356 3266 2403 sanctos
3291 2365 3321 2401 a
3344 2349 3552 2406 Graecis
3572 2352 3932 2407 adnumerato

2366 2445 2471 2499 est,
2499 2434 2585 2491 die
2616 2436 2681 2491 i6
2709 2436 2987 2504 Decemb.,
3040 2438 3143 2493 hoc
3175 2439 3355 2509 elogio
3382 2457 3396 2494 :

2439 2547 2622 2602 Beata:
2667 2550 3032 2611 Tltcopltanite.
3056 2551 3241 2605 Leonis
3273 2555 3653 2616 sapientissimi
3690 2556 3938 2623 principis

2847 2639 3070 2687 sponsw,
3105 2639 3375 2676 memoria.

2442 2733 2460 2766 ι
2491 2715 2652 2769 Beata
2708 2713 3066 2784 Theophania
3123 2718 3677 2789 Constantinopoleos
3709 2720 3852 2775 fetus
3884 2731 3938 2774 et

2370 2808 2575 2874 regina,
2606 2805 2954 2861 Constantini
2988 2806 3095 2860 filia
3132 2806 3235 2861 fuit
3277 2809 3530 2872 illustris,
3572 2810 3736 2863 trium
3768 2813 3940 2880 impe-

2372 2906 2614 2950 ratorum
2646 2898 3069 2963 consanguinea.
3096 2897 3266 2962 Cujus
3294 2909 3468 2952 mater
3492 2899 3647 2951 Anna
3680 2897 3939 2954 similiter

2366 2998 2483 3041 erat
2514 2986 2740 3051 sterilis,
2779 2995 2835 3039 ut
2866 2988 2955 3040 illa
2983 2988 3135 3055 prior
3163 2989 3316 3041 Anna
3345 2988 3619 3042 Samuelis
3663 2989 3946 3057 prophetae

2369 3080 2622 3148 genitrix.
2676 3078 2781 3132 Sed
2817 3095 2940 3133 cum
2991 3082 3109 3134 viro
3151 3081 3472 3150 frequenter
3502 3096 3669 3136 orans
3695 3090 3937 3136 sanctam

2370 3171 2643 3224 dominam
2676 3178 2923 3224 nostram
2961 3169 3053 3225 Dei
3098 3170 3451 3237 Genitrrcem,
3486 3189 3605 3241 quae
3635 3172 3944 3240 praesertim

763 3240 900 3295 Cum
954 3238 1040 3293 die
1088 3236 1430 3291 Pentecostae
1459 3249 1640 3299 sacro,
1679 3251 1745 3289 ex
1783 3237 2004 3307 antiqua
2030 3237 2255 3307 impera-
2290 3229 2329 3282 C
2364 3261 2428 3313 ad

2290 3229 2329 3282 C
2364 3261 2428 3313 ad
2473 3259 2626 3315 Bassi
2677 3261 2981 3322 colebatur,
3040 3270 3291 3314 sanctam
3360 3229 3938 3330 concepit'Theopha-

692 3344 871 3385 torum
896 3330 1320 3391 consuetudine,
1343 3326 1571 3382 solemni
1604 3343 1727 3381 cum
1765 3342 1961 3398 pompa
1990 3329 2054 3383 ad
2083 3332 2258 3383 eccle-

693 3427 831 3481 siam
882 3422 1068 3478 Sancti
1098 3420 1256 3475 Mocii
1292 3419 1554 3489 martyris
1583 3421 1902 3490 prorederet
1936 3420 2064 3485 Leo,
2100 3430 2261 3491 atque

695 3509 979 3585 templum,
1023 3513 1248 3582 jamjam
1302 3512 1478 3566 sacris
1524 3511 1711 3581 januis
1757 3512 1990 3577 vicinus,
2052 3512 2259 3582 ingredi

695 3608 856 3661 vellet
891 3624 904 3658 :
948 3607 1030 3659 vir
1075 3604 1296 3675 quidam
1346 3604 1624 3668 immanis,
1661 3603 1727 3658 iis
1756 3604 1951 3659 similis
1982 3604 2074 3672 qui
2106 3604 2261 3657 malls

694 3719 726 3755 a
774 3699 949 3770 geniis
985 3699 1260 3769 agitantur
1292 3737 1306 3761 ,
1353 3705 1460 3748 tam
1504 3695 1748 3766 gestibus
1795 3712 1956 3766 quam
2000 3698 2147 3749 vultu
2182 3698 2263 3750 in-

696 3798 977 3854 constans,
1019 3789 1073 3841 in
1128 3787 1511 3855 imperatorem
1544 3785 1856 3853 prosiliens,
1899 3786 2047 3855 gravi
2073 3800 2135 3839 ac
2175 3804 2263 3837 in-

699 3881 805 3936 lida
842 3881 993 3933 clava
1038 3888 1201 3947 caput
1251 3876 1371 3944 ejus
1410 3876 1736 3936 verberavit.
1763 3876 2008 3945 adeoque
2055 3877 2260 3937 subito,

700 3981 762 4025 ut
786 3971 963 4041 ipsum
986 3968 1368 4031 interfecisset,
1389 3967 1444 4019 ni
1465 3981 1587 4033 pars
1604 3975 1846 4020 extrema
1873 3967 2039 4020 clava:
2062 3966 2114 4020 in
2138 3983 2262 4020 sus-

698 4078 925 4131 pensum
972 4058 1358 4114 candelabrum
1401 4057 1657 4124 impacta,
1694 4057 1772 4109 vel
1825 4054 2104 4109 dimidiam
2150 4057 2263 4109 im-

701 4160 859 4220 petus
903 4149 1009 4202 vim
1056 4146 1350 4200 amisisset.
1383 4143 1521 4197 Tum
1558 4145 1625 4199 de
1679 4144 1873 4200 Leonis
1926 4146 2104 4214 capite
2134 4161 2261 4214 pros

700 4243 869 4295 liuere
905 4237 1126 4306 sanguis
1158 4236 1433 4303 copiosus,
1462 4242 1516 4287 et
1556 4231 1653 4286 viri
1682 4234 1958 4302 principes
1990 4234 2041 4285 in
2079 4232 2260 4301 fugam

702 4346 822 4387 sese
858 4322 1149 4394 conjicere.
1192 4325 1259 4379 Et
1301 4326 1429 4394 quia
1456 4324 1621 4377 frater
1656 4324 1778 4390 ejus
1819 4323 2125 4377 Alexander
2154 4340 2261 4377 non

702 4423 909 4486 aderat,
941 4419 1080 4489 apud
1109 4420 1400 4489 plerosque
1427 4414 1669 4484 suspicio
1700 4413 1951 4479 invaluit,
1978 4428 2100 4468 eum
2134 4414 2267 4468 insi-

701 4514 912 4568 diarum
948 4509 1118 4564 fuisse
1149 4507 1454 4562 conscium.
1495 4502 1597 4558 Sed
1632 4504 1723 4575 qui
1759 4503 1811 4557 id
1855 4503 2069 4558 facinus
2102 4520 2267 4559 ausus

707 4610 904 4674 fuerat,
973 4603 1399 4675 comprehensus
1460 4609 1794 4669 coactusque
1849 4600 2129 4655 tormentis
2199 4563 2344 4655 adD

704 4701 1093 4757 iudicationem
1139 4712 1329 4752 eorum
1361 4710 1503 4764 quos
1539 4693 1800 4749 facinoris
1826 4693 2079 4749 conscios
2108 4693 2268 4747 habe-

703 4805 808 4860 ret,
843 4792 980 4847 nihil
1007 4790 1190 4844 dicere
1221 4796 1451 4858 poterat.
1502 4787 1692 4840 morbo
1720 4787 1957 4857 graviter
1996 4785 2267 4839 hominem

703 4897 952 4942 vexante.
998 4882 1351 4951 Tandemque
1392 4880 1643 4934 manibus
1693 4893 1757 4933 ac
1805 4878 2034 4948 pedibus
2080 4893 2270 4948 ampu-

704 4978 854 5043 tatis,
907 4977 962 5031 in
1021 4975 1156 5029 circi
1207 4972 1379 5027 funda
1431 4980 1729 5033 crematur,
1770 4980 1823 5026 et
1875 4970 2137 5026 solemnis
2182 4970 2271 5023 illa

708 5069 986 5141 processio
1019 5082 1083 5123 eo
1114 5075 1354 5137 tempore
1403 5064 1585 5119 desiit.
1620 5062 1744 5117 llaec
1782 5078 1903 5115 cum
1934 5062 2019 5116 vir
2048 5061 2270 5131 quidam

708 5171 953 5226 sanctus,
985 5160 1187 5230 quique
1225 5159 1411 5213 diviiro
1444 5156 1639 5227 spiritu
1696 5155 1877 5209 futura
1914 5155 2274 5224 prospiceret,

710 5269 773 5308 ac
806 5252 976 5306 variis
1004 5250 1165 5306 donis
1193 5256 1421 5302 ornatus
1460 5256 1632 5312 esset,
1658 5247 1876 5300 nomine
1906 5245 2141 5310 Marcus,
2171 5247 2273 5299 im-

710 5353 1014 5414 peratorem
1058 5342 1207 5413 gravi
1254 5338 1443 5394 dolore
1490 5345 1801 5408 correptum
1857 5346 2124 5400 cerneret,
2163 5337 2276 5391 exi-

712 5437 1022 5490 stimantem
1082 5431 1283 5502 aliquid
1332 5429 1564 5499 amplius
1629 5427 1757 5482 mali
1830 5435 2275 5491 consecuturum,

713 5524 894 5579 verbis
942 5523 1267 5579 medicinam
1309 5521 1357 5575 ei
1414 5520 1641 5582 faciens,
1690 5527 1948 5588 tanquam
1994 5518 2276 5589 mitigante

712 5616 954 5672 dolorem
990 5616 1303 5685 pharmace,
1332 5612 1468 5667 dixit
1499 5631 1513 5669 :
1555 5610 1681 5667 Noli
1712 5612 1805 5666 hoc
1846 5612 2073 5678 iniquius
2115 5611 2270 5680 ferre,

787 5794 978 5851 'Psa..
1007 5808 1194 5855 Lxxui,
1223 5800 1313 5853 25.

2367 3353 2533 3414 niam,
2570 3362 2623 3405 et
2653 3360 2835 3406 natam
2873 3352 3170 3407 virtutibus
3228 3353 3512 3416 instruxit,
3550 3356 3761 3407 litteras
3797 3369 3938 3420 quo-

2365 3459 2470 3511 que
2497 3443 2724 3497 docens.
2761 3441 2898 3495 Cum
2932 3457 3061 3497 vero
3094 3441 3330 3497 Basilius
3360 3444 3591 3498 illustris
3646 3446 3942 3511 imperator

2368 3536 2477 3587 lilio
2529 3535 2694 3589 Leoni
2764 3534 3177 3604 sapientissimo
3222 3534 3382 3588 vellet
3432 3549 3656 3589 uxorem
3708 3536 3940 3602 conjun-

2366 3645 2511 3697 gere,
2546 3645 2643 3682 ncc
2699 3629 2801 3682 hac
2850 3630 3129 3683 meliorem
3181 3629 3473 3693 inveniret,
3523 3628 3695 3697 ipsam
3725 3630 3801 3682 illi
3844 3632 3940 3682 dc-

2367 3719 2673 3787 sponsavit.
2714 3720 3011 3781 Coronata,
3046 3727 3099 3771 et
3141 3719 3452 3787 impcratrix
3484 3720 3699 3781 ellecta,
3741 3735 3940 3787 panpe-

2368 3826 2487 3861 rum
2529 3817 2708 3861 tamen
2740 3825 2842 3862 non
2862 3809 3306 3872 obliviscebatur,
3337 3808 3430 3864 sed
3452 3811 3665 3862 solitam
3698 3809 3941 3862 retinens

2369 3901 2649 3964 virtutem,
2689 3909 2743 3953 et
2786 3902 3214 3969 eleemosynam,
3264 3900 3394 3966 Deo,
3427 3902 3519 3970 qui
3546 3901 3649 3955 sibi
3676 3901 3938 3955 t-(elorutu

2366 4007 2583 4060 quoque
2643 3990 2867 4046 donavit
2923 4008 3170 4061 regnum,
3198 3992 3282 4061 pie
3324 3992 3710 4047 famulabatur.
3748 4011 3766 4043 ι
3814 3992 3941 4047 llaec

2368 4084 2463 4137 ibi.

2436 4172 2581 4228 [dem
2632 4173 2740 4228 Leo
2790 4174 2935 4228 aliud
2964 4190 3183 4244 quoque
3239 4176 3493 4243 templum
3538 4173 3782 4228 condidit
3817 4172 3947 4227 divo

2367 4266 2574 4319 Lazaro
2603 4280 2841 4331 sacrum,
2878 4265 3043 4333 inque
3072 4282 3136 4321 eo
3190 4265 3380 4319 Lazari
3424 4276 3477 4319 et
3518 4265 3699 4319 Maria:
3727 4264 3944 4335 Magda-

2371 4354 2504 4407 lente
2560 4355 2818 4422 reliquias
2884 4355 3098 4425 Epheso
3147 4356 3341 4409 allatas
3386 4355 3649 4409 condidit.
3692 4354 3748 4407 ln
3787 4353 3944 4417 urbe,

2369 4460 2488 4513 qua:
2521 4444 2586 4497 ad
2627 4444 2993 4499 Charsianum
3042 4447 3295 4502 sublimis
3343 4455 3482 4507 erat,
3516 4446 3570 4499 in
3609 4457 3759 4514 parte
3783 4444 3947 4499 meri-

2371 4531 2595 4593 dionali,
2641 4531 2781 4593 loco,
2824 4533 2911 4585 cui
2946 4530 3127 4587 Fat-ra:
3172 4549 3392 4595 nomen,
3427 4547 3623 4601 magno
3673 4531 3946 4600 impendio

2372 4620 2694 4674 instauravit
2745 4621 2998 4689 templum
3038 4623 3224 4677 Sancti
3268 4621 3486 4677 Thema:
3510 4622 3762 4693 apostoli,
3800 4621 3943 4690 quod

2373 4708 2683 4763 incendium
2726 4709 2778 4763 in
2822 4710 3062 4765 cinerem
3118 4727 3181 4767 ac
3215 4712 3455 4766 favillam
3501 4714 3805 4781 redegerat.
3838 4712 3945 4766 Sed

2373 4808 2426 4852 et
2472 4799 2524 4852 in
2561 4797 2773 4852 Nossiis
2826 4802 3217 4856 monasterium
3277 4801 3566 4856 aedificavit
3612 4801 3681 4855 de
3726 4803 3946 4855 nomine

2373 4888 2702 4954 Servatoris,
2744 4890 2904 4959 idque
2943 4905 3069 4947 cum
3120 4892 3409 4964 Euthymio
3445 4894 3755 4963 patriarcha
3795 4894 3946 4949 dedi-

2376 4978 2539 5032 cavit.

2446 5070 2649 5125 Statuit
2684 5071 2827 5127 inter
2857 5072 2986 5139 alia,
3019 5082 3079 5128 ut
3113 5074 3291 5143 pridie
3333 5074 3452 5144 ejus
3491 5073 3599 5130 diei
3654 5090 3763 5145 quo
3810 5090 3949 5144 prae—

2374 5161 2508 5215 lium
2543 5169 2598 5216 et
2638 5175 2916 5218 certamen
2951 5176 3099 5220 esset
3147 5166 3468 5234 ineundum,
3503 5182 3698 5222 curare
3729 5166 3951 5221 deberet

2376 5254 2484 5306 dux
2523 5255 2801 5310 exercitus
2845 5272 2942 5326 per
2980 5258 3319 5313 sacerdotem
3380 5260 3693 5315 universum
3737 5260 3952 5314 exerci-

2374 5350 2490 5396 tum
2531 5343 2737 5413 expiari
2771 5360 2911 5415 aqua
2964 5348 3201 5412 lustrali,
3234 5350 3315 5402 vel
3354 5348 3679 5414 benedicta;
3719 5356 3772 5402 ct
3812 5363 3951 5417 prae-

2382 5444 2559 5498 tcrea,
2612 5443 2670 5487 ut
2714 5437 2984 5504 quotidie,
3037 5454 3197 5494 mane
3240 5450 3293 5494 et
3351 5456 3604 5509 vespere,
3660 5440 3952 5495 universus

2383 5527 2653 5582 exercitus
2684 5527 2867 5584 dicere
2893 5530 3113 5587 deberet
3144 5530 3449 5603 Trisagium
3484 5534 3766 5603 hymnum.

2454 5615 2665 5685 Mariae,
2719 5620 2958 5692 Virginis
3004 5623 3486 5694 incomparabilis,
3534 5638 3600 5680 ac
3641 5621 3733 5680 Dei
3778 5620 3950 5679 Geni-
