4224 6444
270 432 383 473 XVII

1543 421 1713 482 VITA
1753 417 2023 480 LEONIS
2072 421 2222 479 1MP.

3382 442 3511 481 X\1ll

269 527 431 582 tricis
456 536 844 591 sacrosanctae,
897 542 1060 597 quam
1091 542 1323 598 magnus
1349 528 1696 598 eximiusque
1727 529 1845 581 l'ue-
1875 526 1919 584 A
1951 541 2073 578 num
2092 527 2540 594 apostolumorbis
2559 526 2999 595 Paulum,oratio
3019 546 3210 586 una.—
3227 532 3291 587 In
3312 541 3513 605 glorio-

270 620 343 674 rit
386 629 594 682 orator,
634 635 701 675 ex
732 620 800 674 iis
829 634 951 688 qua:
988 620 1185 689 scripsi
1219 620 1272 673 in
1306 619 1615 674 Ctesaribus
1647 617 1841 671 Maria-

268 710 356 763 nis
390 723 513 777 cap.
546 708 602 772 8,
641 716 806 778 atque
843 724 906 763 ex
953 707 1398 763 luculentissimis
1430 707 1552 776 ejus
1576 706 1841 762 orationi-

270 798 395 864 bus,
431 800 487 853 in
522 798 767 852 Mariana
802 798 1138 855 Bibliotheca
1177 798 1533 863 enumeratis,
1574 806 1737 867 atque
1788 798 1842 850 in

270 889 375 943 hoc
423 889 634 944 Mariali
677 890 949 953 adductis,
979 905 1119 960 quas
1164 890 1281 960 ipse
1327 890 1395 944 de
1428 890 1548 960 ejus
1594 889 1751 944 festis
1791 896 1844 942 ct

271 982 530 1037 laudibus
576 997 685 1037 non
730 984 908 1038 solum
944 981 1192 1051 piissime
1245 983 1673 1051 doctissimeque
1704 981 1845 1035 scri-

268 1074 400 1143 psit,
439 1072 535 1128 sed
578 1088 644 1133 ex
682 1073 967 1145 superiore
997 1073 1137 1135 loco,
1168 1081 1222 1127 et
1258 1073 1311 1125 in
1340 1071 1671 1127 circumfusa
1707 1071 1847 1125 mul-

268 1165 529 1220 titudinis
569 1180 776 1221 corona
814 1180 1009 1234 magno
1039 1179 1164 1218 cum
1210 1164 1402 1234 plausu
1444 1163 1601 1231 dixit,
1635 1163 1845 1233 perspi-

269 1272 437 1312 cuum
492 1266 595 1311 est.
647 1256 853 1327 Dignus
903 1264 1191 1327 propterea
1234 1256 1328 1325 qui
1369 1256 1511 1309 inter
1544 1256 1848 1324 praecipuos

270 1343 517 1416 Deipane
551 1345 795 1415 Virginis
831 1346 1198 1401 encomiastas
1216 1347 1341 1415 jure
1364 1346 1559 1401 merito
1595 1360 1846 1399 numere-

270 1448 378 1504 tur,
399 1450 605 1508 atqnea
625 1438 1194 1510 Crmcia,eloqueutia¢
1225 1440 1501 1508 quondam
1533 1440 1773 1501 alumna,
1798 1448 1849 1493 et

266 1532 469 1582 artium
489 1538 710 1598 parente
731 1531 1082 1599 optimarum,
1105 1530 1274 1585 multo
1291 1531 1526 1600 jactetur
1544 1529 1847 1593 honestius,

264 1634 430 1688 quam
454 1621 487 1675 ii
510 1622 602 1692 qui
623 1622 692 1677 ab
714 1621 901 1676 eadem
919 1622 1045 1677 olim
1065 1637 1190 1677 cum
1215 1621 1359 1677 fastu
1381 1622 1846 1677 memorabantur.

266 1709 401 1766 Vico
452 1728 740 1768 munerum
766 1722 819 1767 et
849 1712 1206 1777 oblationum,
1247 1728 1383 1783 quas
1423 1713 1603 1767 Marize
1631 1730 1696 1768 ex
1730 1713 1850 1769 ani-

266 1817 359 1857 mo
396 1802 677 1869 ollerebat,
716 1804 787 1859 ab
823 1805 939 1875 ipsa
976 1806 1305 1875 postulabat,
1330 1821 1438 1860 non
1467 1806 1587 1860 vitae
1619 1807 1852 1877 longitu-

1942 635 2056 672 sum
2074 620 2377 686 prOphetam
2402 620 2600 686 Eliam,
2621 624 2798 676 oratio
2817 626 3087 679 una.-In
3104 627 3389 696 gloriosam
3411 630 3514 684 Do—

1944 716 2072 767 mini
2110 712 2663 782 Transﬁgnrationem,
2696 716 2973 769 orationes
2995 727 3122 771 tres.
3161 719 3297 773 —Iu
3332 718 3518 773 Decol-

1945 808 2193 862 lationem
2214 811 2580 875 pra'cursoris,
2613 810 2790 864 oratio
2813 809 3087 864 una.-—~In
3113 814 3517 868 Exaltationem

1945 895 2002 949 S.
2030 895 2235 962 Crucis,
2260 899 2436 952 oratio
2456 898 2724 953 una.—In
2745 899 3116 955 admirabilem
3160 912 3206 955 et
3229 904 3520 971 gloriosum

1949 985 2156 1040 Domini
2168 988 2483 1058 discipulum
2499 990 2772 1055 Thomam,
2790 993 3523 1060 orationesduan—ando

1947 1078 2135 1131 domus
2176 1080 2512 1148 imperatoris
2554 1081 2658 1149 fuit
2702 1094 3030 1149 consecrata,
3066 1085 3245 1139 oratio
3294 1101 3423 1139 una.
3455 1117 3521 1125 -ο

1954 1167 2018 1221 In
2051 1181 2291 1225 sanciunt
2314 1172 2576 1227 Joannem
2609 1174 3070 1243 Chrysostomunt,
3098 1177 3276 1231 oratio
3308 1190 3526 1231 una.—

1959 1258 2020 1312 In
2054 1262 2495 1333 fulgentissimum
2535 1265 2789 1320 Ecclesia»:
2831 1267 3003 1321 lumen
3055 1267 3362 1332 Nicolaum,
3395 1283 3524 1324 ora—

1952 1354 2026 1405 tio
2060 1369 2185 1407 una.
2219 1385 2286 1395 ——
2325 1355 2390 1409 In
2430 1356 2491 1411 S.
2537 1356 2890 1426 Stephanum,
2943 1360 3118 1414 oratio
3163 1376 3288 1413 una.
3341 1390 3414 1400 —
3459 1357 3524 1413 In

1950 1442 2049 1497 SS.
2081 1442 2530 1508 Lumina,oratio
2570 1464 2696 1502 una.
2720 1480 2786 1489 —
2809 1448 2876 1503 In
2905 1448 2964 1504 S.
2999 1449 3315 1503 Clementem
3347 1450 3524 1520 Ancy-

1951 1550 2162 1599 ranum,
2192 1538 2367 1592 oratio
2393 1555 2521 1592 una.
2547 1569 2617 1579 —
2651 1539 2715 1593 In
2750 1542 3039 1610 gloriosum
3068 1550 3355 1612 martyrem
3388 1542 3524 1611 Try-

1949 1627 2190 1694 phonem,
2225 1630 2401 1684 oratio
2436 1646 2561 1686 una.
2590 1661 2659 1671 —
2692 1631 2761 1685 In
2802 1634 2973 1701 capite
3024 1635 3381 1689 sacratissimi
3426 1632 3524 1687 Je-

1943 1718 2110 1785 junii,
2138 1723 2414 1779 arationes
2449 1732 2580 1780 tres.
2608 1754 2681 1765 —
2713 1722 3000 1793 Infestum
3033 1726 3370 1792 Palmarum,
3401 1742 3498 1781 ora

1957 1812 2032 1865 tio
2063 1827 2191 1866 una.
2218 1844 2289 1854 —
2322 1814 2388 1867 In
2423 1814 2713 1869 Sabbalum
2757 1826 3021 1882 sanctum,
3064 1819 3242 1873 oratio
3296 1834 3422 1872 una.
3458 1848 3530 1860 ~—

263 1894 451 1951 dinem
488 1896 619 1966 (non
650 1898 793 1952 enim
825 1899 961 1952 adeo
992 1913 1109 1953 eam
1149 1899 1387 1965 amabat,
1416 1916 1589 1969 neque
1621 1901 1845 1955 insatia-
1882 1884 1923 1938 Β
1954 1900 2159 1968 Oratio,
2207 1904 2284 1957 vel
2316 1903 2555 1971 Epistola
2584 1908 2901 1975 parcenetica
2934 1907 3216 1971 catholica,
3259 1910 3324 1961 ad
3362 1921 3531 1977 quos-

264 1988 363 2042 bili
409 1987 687 2044 desiderio
719 1990 883 2061 hujus
912 2006 1112 2045 amarae
1151 1992 1536 2063 navigationis,
1584 2004 1639 2049 et
1677 2009 1841 2065 quam

264 2080 620 2149 conjunctam
667 2082 852 2150 habet,
896 2084 1213 2153 agitationis
1268 2085 1624 2156 tenebatur),
1653 2086 1746 2142 sed
1802 2088 1846 2142 si

267 2173 344 2227 ita
377 2174 684 2239 decretum,
720 2186 780 2231 ut
822 2192 888 2231 ex
939 2178 1040 2233 hac
1075 2178 1185 2232 vita
1230 2177 1650 2244 subduceretur,
1690 2180 1851 2250 largi-

264 2274 445 2329 retur,
478 2266 556 2319 uti
597 2276 950 2336 peccatorum
994 2272 1235 2337 pondere
1280 2270 1582 2336 levaretur;
1623 2271 1768 2340 quod
1802 2273 1849 2327 si

265 2356 479 2413 diutius
521 2361 576 2412 in
624 2373 791 2413 carne
838 2360 1172 2415 manendum
1206 2369 1373 2427 esset,
1410 2363 1758 2428 concederet,
1794 2375 1853 2419 ut

268 2444 552 2502 fructuose
600 2463 819 2518 gregem
873 2460 1141 2520 pasceret,
1178 2451 1455 2523 simulque
1503 2470 1687 2510 secum
1735 2457 1852 2525 ipsa

267 2549 539 2607 pasceret,
571 2539 800 2602 duceret
834 2550 886 2595 et
902 2542 1180 2610 educeret,
1212 2560 1279 2600 ne
1296 2545 1464 2601 inillo
1487 2561 1709 2616 operum
1746 2562 1856 2601 om-

270 2629 425 2684 nium
456 2641 720 2686 accurato
737 2633 1007 2700 examine,
1027 2645 1246 2704 propter
1262 2636 1535 2705 subditos,
1557 2637 1858 2693 damnatio-

272 2718 361 2774 nis
395 2721 667 2775 sententia
716 2724 981 2779 adversus
1003 2739 1061 2779 se
1084 2723 1345 2781 ferretur.
1367 2725 1514 2781 Nihil
1542 2744 1723 2793 suum,
1757 2728 1852 2784 sed

274 2809 540 2880 linguam,
574 2813 904 2879 orationem,
935 2822 990 2871 et
1041 2829 1290 2887 regnum,
1324 2824 1378 2872 et
1411 2817 1456 2873 si
1499 2820 1644 2888 quod
1684 2819 1854 2887 aliud,

273 2899 328 2954 id
385 2915 550 2957 ornne
605 2903 779 2961 beata!
829 2904 1071 2976 Virginis
1138 2921 1286 2962 cura:
1356 2916 1412 2963 et
1463 2910 1853 2967 benevolentia:

274 3006 477 3047 munus
506 2992 763 3048 ducebat.
797 2994 859 3049 Et
886 3004 947 3051 ut
977 3005 1295 3053 servaretur
1324 2998 1538 3055 insidiis
1572 3003 1852 3071 rapacium

274 3082 517 3139 ferarum
547 3086 819 3155 superior,
850 3088 1268 3160 nutrireturque
1295 3092 1350 3144 in
1374 3090 1608 3147 viviﬁcis
1633 3094 1854 3163 pascuis

1952 2009 2166 2064 cunque
2210 1995 2463 2052 videlicet
2512 1997 2718 2055 Christi
2764 2000 2948 2055 ﬁdeles
2993 2001 3223 2068 scripta,
3280 2000 3533 2054 hortato-

1952 2088 2032 2142 ria
2067 2088 2155 2155 fad
2200 2090 2339 2145 bene
2388 2098 2686 2161 sancteque
2729 2094 3040 2156 vivendum,
3081 2109 3241 2162 quam
3283 2107 3314 2145 a
3355 2091 3528 2147 Fode-

1953 2178 2069 2233 rico
2131 2179 2295 2235 Metio
2358 2178 2653 2235 Latinitate
2717 2180 2973 2234 donatam
3037 2180 3196 2235 allert
3260 2181 3528 2235 Itaronius

1956 2266 2074 2319 loco
2124 2280 2289 2333 supra
2335 2265 2590 2336 allegato.
2633 2266 2765 2332 Quae
2808 2268 2971 2322 etiam
3014 2268 3294 2322 orationes
3339 2282 3530 2323 omnes

1954 2354 2307 2423 reperiuntur
2355 2354 2544 2410 Graece
2599 2370 2732 2412 mss.
2774 2357 2829 2410 in
2882 2354 3070 2411 Sicilia
3106 2355 3162 2410 in
3197 2355 3530 2411 bibliotheca

1954 2446 2485 2504 Archimandritatus
2521 2447 2578 2503 S.
2622 2448 2943 2513 Salvatoris,
2983 2456 3043 2501 ut
3097 2454 3243 2516 patet
3274 2463 3339 2502 ex
3376 2456 3533 2501 cata-

1957 2537 2078 2607 logo
2100 2539 2259 2595 dictae
2285 2540 2629 2594 bibliotheca:
2648 2539 2910 2594 Messana:
2928 2538 3180 2593 conlecto
3198 2552 3345 2592 anno
3366 2536 3524 2591 1565.

2027 2629 2133 2686 Sed
2166 2639 2222 2686 et
2249 2631 2302 2684 in
2329 2630 2663 2685 bibliotheca
2714 2630 2972 2685 Bavarica
2999 2640 3215 2685 exstant
3253 2632 3357 2686 sub
3380 2630 3530 2698 ejus-

1958 2719 2080 2775 dem
2112 2719 2312 2776 Leonis
2348 2724 2593 2784 nomine,
2625 2720 2996 2785 Gramemss.,
3029 2732 3088 2776 ut
3119 2721 3173 2775 iu
3214 2737 3316 2777 suo
3350 2721 3531 2790 Appa-

1959 2820 2079 2865 ratu
2112 2828 2284 2879 sacro,
2315 2820 2464 2866 tomo
2498 2811 2563 2872 ll.
2592 2818 2826 2867 testatur
2874 2812 3210 2869 Possevinus
3241 2833 3253 2868 :
3310 2813 3531 2884 Hyntni,

1956 2911 2013 2956 et
2048 2903 2180 2956 Acta
2210 2903 2458 2973 quadam
2492 2902 2721 2969 Christi,
2753 2910 2806 2958 et
2852 2904 2993 2959 liber
3032 2903 3106 2958 De
3146 2904 3332 2958 bellico
3368 2919 3531 2973 appa-

1958 3003 2102 3047 ratu.

2030 3086 2096 3140 Et
2128 3086 2346 3157 quidem
2383 3086 2517 3140 Acta
2556 3085 2761 3142 Christi
2809 3086 3063 3159 prodiere
3101 3086 3157 3140 in
3196 3084 3395 3153 lucem,
3427 3084 3531 3141 La-

272 3174 513 3243 pietatis,
547 3186 602 3231 et
638 3192 765 3231 cum
810 3194 951 3249 opus
1003 3187 1153 3236 esset
1190 3181 1317 3236 hinc
1345 3182 1635 3252 emigrare.
1666 3184 1720 3238 in
1761 3199 1851 3239 sa-
1879 3216 1924 3278 ρ
1959 3174 2072 3230 line
2101 3176 2240 3277 facta
2271 3192 2301 3230 a
2328 3174 2815 3278 JacobonGretsero
2853 3172 3217 3278 Societgnlﬁestl
3249 3175 3530 3278 ῑηςοιοεξξς.

274 3266 550 3324 lutaribus
589 3269 748 3325 atriis
782 3270 1022 3339 quietem
1068 3274 1502 3340 nancisceretur,
1546 3276 1639 3329 ubi
1690 3276 1853 3329 timor

273 3359 480 3424 nullus,
517 3362 681 3415 nulla:
730 3362 922 3427 turbae,
971 3371 1067 3418 aut
1119 3366 1433 3421 sollicitudo
1487 3367 1848 3431 insidiarum,

273 3449 369 3506 sed
417 3452 579 3521 plena
630 3454 874 3523 requies,
906 3462 962 3510 et
1011 3458 1405 3527 tranquillitas,
1435 3465 1491 3514 et
1536 3462 1848 3526 exsultatio,

271 3543 524 3599 eamdem
577 3545 791 3600 beatam
846 3547 1121 3618 Virginem
1177 3550 1541 3608 intentissime
1592 3553 1849 3623 depreca-

273 3632 457 3687 batur.
506 3636 686 3705 Ipsam
739 3636 905 3692 etiam
956 3638 1171 3693 beatam
1216 3638 1494 3712 Virginem
1531 3642 1849 3711 adjutricem

274 3740 431 3779 suam
480 3729 791 3796 appellans,
829 3745 887 3785 se
930 3745 1147 3801 semper
1179 3747 1208 3786 a
1242 3749 1411 3802 puero
1452 3735 1518 3789 ab
1562 3751 1625 3790 ea
1673 3746 1852 3805 prote-

273 3825 425 3871 ctum
461 3818 832 3887 gloriabatur;
871 3837 1035 3892 quam
1080 3824 1306 3895 insuper
1350 3827 1509 3881 enixe
1546 3828 1759 3893 orabat,
1794 3838 1852 3883 ut

270 3923 336 3963 se
384 3924 601 3979 semper
647 3920 975 3982 protegeret,
1013 3930 1112 3970 nec
1163 3931 1264 3970 sua
1317 3915 1636 3972 defensione
1682 3918 1851 3974 desti-

274 4008 457 4056 tueret
489 4018 503 4055 :
539 4000 633 4056 sed
669 4002 771 4057 alis
820 4004 1104 4074 obtegens,
1146 4006 1345 4075 quibus
1385 4008 1451 4061 ab
1496 4008 1650 4063 initio
1694 4009 1851 4075 fovit,

273 4089 404 4145 vitae
453 4104 678 4145 cursum
727 4092 793 4146 ad
845 4094 1111 4162 optimum
1165 4096 1424 4166 dirigeret
1451 4096 1634 4162 linem,
1691 4098 1852 4153 simul

275 4181 677 4240 administrans
748 4184 1074 4255 imperium,
1141 4188 1289 4257 quod
1354 4187 1850 4244 administrandum

276 4273 395 4343 ipsa
444 4284 728 4345 sequestra
784 4275 1030 4343 dederat,
1071 4292 1298 4333 servans
1346 4279 1394 4334 ei
1452 4280 1704 4334 eximiam
1759 4281 1851 4336 lilii

278 4365 365 4421 sui
402 4365 801 4431 haereditatem,
834 4377 888 4423 et
924 4369 1215 4438 perﬁciens
1250 4371 1418 4439 (quod
1460 4372 1716 4428 omnibus
1764 4374 1854 4428 ille

282 4454 627 4528 praeferebat)
678 4457 866 4528 p0puli
912 4460 997 4513 sui
1043 4460 1225 4527 electi,
1264 4462 1444 4531 gentis
1474 4472 1679 4519 sanctae
1705 4465 1851 4519 salu-

280 4556 412 4602 tem.
446 4545 556 4602 Sed
607 4554 802 4617 praeter
857 4548 1149 4606 Orationes
1202 4551 1256 4605 in
1308 4566 1673 4609 sacrosancta:
1729 4555 1849 4609 Dei-
1882 4562 1925 4618 1)

276 4651 423 4707 parre
487 4636 703 4691 laudem
766 4637 1405 4709 commendationemque
1463 4640 1847 4705 elucubratas,

279 4725 435 4794 plura
461 4722 627 4778 etiam
657 4723 763 4778 alia
794 4724 1235 4794 praestantissimi
1265 4724 1466 4796 ingenii
1497 4736 1850 4781 monumenta

279 4830 404 4870 cum
437 4815 612 4884 gloria
646 4816 954 4871 transmisit
997 4815 1065 4870 ad
1120 4823 1371 4886 posteros
1413 4818 1851 4887 sapientissimus

281 4908 600 4978 imperator.
640 4906 875 4963 Exstant
913 4908 1058 4963 enim
1100 4908 1205 4964 sub
1251 4908 1371 4977 ejus
1416 4911 1637 4964 nomine
1687 4910 1741 4965 in
1774 4912 1854 4965 bi-

279 4998 568 5054 bliotheca:
607 4998 884 5055 Vaticana
937 4999 1224 5055 codicibus
1275 4997 1461 5054 Graece
1502 5016 1632 5055 mss.
1669 5012 1727 5055 ut
1770 5018 1853 5056 re-

280 5092 381 5146 lert
411 5092 702 5157 Baronius,
737 5102 883 5147 tomo
909 5091 957 5147 X
988 5093 1053 5147 ad
1090 5107 1294 5147 annum
1325 5092 1528 5149 Christi
1561 5092 1658 5147 9H
1694 5111 1709 5148 :

348 5182 583 5238 Centum
613 5192 668 5239 et
694 5184 954 5239 tredecim
984 5184 1220 5239 Novellus
1246 5184 1660 5240 Constitutiones
1687 5187 1854 5240 direr-

278 5292 460 5329 sorum
514 5286 971 5346 argumentorum.
1006 5306 1073 5317 —
1132 5275 1405 5344 Pra'cepta
1463 5279 1713 5339 ntoralia,
1749 5296 1853 5332 una

281 5385 400 5421 cum
466 5367 921 5432 interpretatione.
986 5397 1055 5406 —
1118 5366 1196 5422 De
1257 5369 1582 5423 instruendis
1644 5370 1852 5423 aciebus

280 5462 729 5517 Commentarius.
775 5488 844 5502 -
883 5458 1217 5531 lEnigmata.
1260 5490 1329 5500 —
1370 5457 1435 5513 In
1484 5457 1853 5514 admirabilem

278 5561 324 5603 et
359 5550 652 5620 gloriosam
692 5550 1064 5605 Ascensionem
1120 5550 1333 5603 Domini
1385 5551 1563 5604 oratio
1620 5566 1745 5603 una.
1788 5583 1856 5591 --

283 5637 350 5692 In
400 5638 661 5708 Spiritum
711 5649 995 5704 sanctum,
1059 5642 1195 5710 quod
1258 5642 1473 5709 propria
1540 5643 1856 5695 auctoritate

282 5732 617 5798 adoptionem
674 5731 910 5797 ﬁliorum
965 5732 1059 5785 Dei
1114 5732 1409 5785 hominibus
1466 5732 1688 5800 largitus
1742 5744 1852 5795 cst,

284 5821 747 5879 oratiouna.—lu
767 5840 944 5877 omnes
960 5834 1167 5879 sanctos
1189 5826 1366 5880 oratio
1388 5842 1512 5879 una.
1541 5855 1598 5864 μ-
1631 5823 1693 5878 In
1712 5843 1855 5895 mug-

1955 3281 2021 3320 ex
2058 3266 2272 3321 ollicina
2302 3265 2495 3320 Adami
2528 3265 2785 3330 Sartorii,
2816 3281 2962 3320 anno
2999 3265 3154 3323 1600.
3192 3265 3527 3334 lngolstadii.

1957 3356 2119 3410 Liber
2142 3365 2322 3410 autem
2350 3356 2425 3411 De
2454 3366 2717 3425 apparatu
2743 3357 2949 3421 bellico,
2978 3355 3240 3426 quoniam
3268 3372 3297 3409 a
3322 3356 3534 3413 Joanne

1954 3449 2135 3503 Checo
2188 3464 2383 3504 versus
2437 3450 2511 3503 ita
2568 3449 2769 3517 fuerat,
2811 3460 2867 3503 ut
2918 3465 3041 3519 quae
3092 3451 3157 3505 ad
3214 3453 3532 3522 religionem

1957 3542 2301 3608 spectabant,
2355 3543 2438 3596 vel
2486 3544 2702 3612 dempta
2736 3583 2749 3606 ,
2802 3544 2887 3597 vel
2939 3548 3236 3613 depravata
3289 3553 3531 3598 essent:

1957 3630 2228 3686 Antonius
2278 3629 2607 3686 Possevinus
2654 3632 2892 3701 primum
2951 3632 3171 3702 quidem
3220 3634 3271 3687 in
3323 3650 3337 3687 ι
3392 3634 3534 3689 libro

1958 3722 2170 3776 selectae
2234 3736 2347 3775 suae
2409 3720 2751 3776 Bibliotheca:
2815 3737 2877 3776 ex
2944 3723 3133 3776 Graeco
3195 3726 3531 3793 exemplari,

1957 3821 2138 3867 aetum
2198 3819 2252 3867 et
2296 3811 2451 3868 dolos
2495 3812 2811 3882 interpretis
2860 3813 3100 3867 haeretici
3152 3816 3389 3869 ostendit
3450 3826 3534 3869 at-

1957 3917 2063 3970 que
2104 3902 2411 3956 emendavit
2446 3921 2457 3955 :
2501 3899 2698 3957 deinde
2752 3904 2879 3956 item
2924 3904 2976 3956 in
3023 3905 3295 3973 Apparatn
3328 3921 3429 3960 suo
3463 3907 3531 3960 aa’

1959 3994 2263 4046 Humanam
2317 3993 2636 4060 Historiam,
2684 4009 2918 4050 excusso
2972 3994 3214 4051 Venetiis
3263 3999 3529 4063 auctiurc,

1959 4100 2026 4139 ne
2069 4085 2192 4152 quis
2254 4086 2388 4137 tanti
2429 4086 2774 4153 imperatoris
2829 4092 3049 4142 nomine
3090 4104 3211 4141 cum
3269 4089 3533 4144 militibus

1966 4186 2186 4241 quoque
2235 4171 2510 4231 abutatur.
2544 4171 2700 4240 quasi
2738 4186 2839 4225 nec
2884 4187 3101 4227 sacrum
3145 4157 3323 4230 missm
3363 4179 3532 4231 sacri-

1958 4264 2162 4327 ﬁcium,
2205 4278 2304 4317 nec
2358 4264 2605 4333 reliquus
2657 4263 2997 4319 ortbodoxus
3049 4266 3231 4322 cultus
3279 4284 3346 4321 eo
3396 4277 3533 4323 tem-

1958 4369 2088 4423 pore
2140 4353 2483 4410 exstitissent
2514 4372 2527 4407 :
2564 4369 2799 4424 quorum
2854 4355 2943 4409 ille
3000 4370 3107 4409 non
3152 4365 3261 4409 tam
3306 4359 3533 4411 mentio-

1958 4460 2080 4500 nem
2136 4443 2294 4509 lacit,
2345 4460 2507 4515 quam
2563 4445 2815 4499 hortatur
2866 4454 2925 4499 ut
2982 4446 3034 4500 in
3093 4447 3533 4516 expeditionibus

1960 4537 2227 4592 rationem
2260 4537 2605 4607 potissimum
2638 4537 2891 4591 habeant.

2028 4630 2203 4701 Hujus
2235 4631 2397 4685 etiam
2429 4646 2492 4685 ex
2532 4629 2886 4685 meditatione
2914 4631 3140 4685 extremi
3168 4632 3356 4702 judicii
3384 4631 3526 4686 (Σαπ-

1956 4717 2116 4770 ticum
2150 4718 2588 4785 compunetionis,
2624 4718 2769 4785 quod
2801 4734 2866 4772 ex
2908 4718 3236 4775 bibliotheca
3270 4721 3525 4775 Bavarica

1957 4807 2151 4863 Latine
2195 4824 2225 4863 e
2255 4807 2444 4863 Grzeco
2484 4809 2720 4863 reddidit
2767 4808 3007 4866 Jacobus
3060 4811 3360 4879 Pontanus,
3398 4828 3526 4882 pro-

1955 4901 2056 4955 diit
2106 4900 2422 4971 lngolstadii
2479 4900 2622 4971 apud
2686 4899 2953 4955 Adamum
3016 4901 3321 4956 Sartoriqu
3382 4920 3529 4958 anno

1956 4992 2112 5046 1605.
2150 4992 2204 5045 1η
2242 4992 2568 5047 Bibliotheca
2593 5003 2772 5048 autem
2808 5003 3033 5047 veterum
3078 4992 3218 5059 PP.,
3249 5006 3394 5049 tonio
3434 4995 3524 5060 Ill,

1955 5090 2132 5137 exstat
2172 5084 2413 5152 Epistula
2465 5085 2532 5138 ad
2584 5100 2762 5155 regem
2813 5084 3210 5139 Saracenorum
3263 5088 3329 5141 de
3367 5087 3527 5143 Chri-

1956 5173 2148 5226 stiaua‘.
2198 5172 2317 5226 ﬁdei
2372 5174 2597 5226 veritate
2644 5182 2697 5225 et
2746 5170 3147 5225 Saracenorum
3209 5172 3524 5242 impietate,

1959 5266 2061 5320 hac
2109 5266 2462 5334 inscriptione
2496 5282 2507 5317 :
2543 5262 2731 5316 Leonis
2757 5304 2769 5324 ,
2825 5264 3166 5332 cognomento
3206 5265 3527 5332 philosophi,

1959 5358 2290 5424 imperatoris
2334 5353 2932 5421 Constantinopolitani,
2954 5353 3021 5403 ad
3066 5351 3322 5406 Omarum
3360 5353 3528 5406 Sara-

1959 5466 2205 5504 cenorum
2241 5463 2429 5516 regem.
2464 5448 2526 5499 de
2549 5446 2671 5515 ﬁdei
2699 5445 3020 5499 Christiana:
3051 5448 3267 5499 veritate
3302 5463 3363 5497 ac
3413 5464 3528 5516 my-

1957 5544 2151 5607 steriis,
2179 5551 2226 5594 et
2259 5541 2321 5593 de
2351 5540 2512 5593 variis
2542 5540 2931 5593 Saracenorum
2976 5539 3257 5592 hwresilrus
3293 5549 3344 5591 et
3385 5538 3527 5592 blas-

1959 5637 2208 5704 phemiis,
2256 5634 2646 5703 Symphoriauo
2717 5633 2994 5700 (Iamperio
3050 5631 3410 5700 Lugdunensl.
3465 5646 3528 5684 ca:

1960 5729 2249 5782 Chaldutca
2283 5728 2334 5778 in
2377 5727 2611 5794 linguam
2669 5724 2911 5776 Latinam
2946 5726 3241 5791 interprete.
3280 5723 3383 5787 Sed
3420 5738 3525 5775 non

1961 5824 2171 5883 dubito,
2204 5822 2335 5890 quin
2375 5821 2476 5874 alia
2510 5822 2662 5889 plura
2698 5819 2747 5872 in
2794 5820 2915 5874 aliis
2951 5819 3294 5874 bibliothecis
3323 5818 3526 5871 lateant
