4224 6444
680 438 704 474 x
717 436 765 475 tx
1990 416 2257 477 PROLEl

2324 417 2573 479 lMENA.
3859 438 3930 480 xx

677 533 1068 604 sapientissimi
1108 532 1453 601 imperatoris
1495 532 1823 600 scriptomttt
1873 540 2244 595 monumenta,
2278 539 2321 593 Α
2351 530 2794 596 memoravimus,
2830 546 2955 586 cum
3002 533 3161 589 laude
3202 534 3524 600 meminere,
3564 536 3931 596 Bellarminus

675 641 798 694 qua:
850 625 1145 694 aliquando
1186 624 1293 677 Deo
1324 625 1540 678 volente
1570 622 1920 691 proferentur
1957 622 2010 675 in
2046 621 2246 675 lucem.

746 719 879 772 Cum
908 729 1085 771 autem
1118 717 1468 771 doetissimus
1501 716 1587 769 hic
1622 716 2035 783 imperatorum,
2064 713 2254 767 morbo

675 819 960 878 correptus
1007 810 1311 877 periculum
1361 809 1670 873 minitante,
1710 806 2098 861 administrate
2136 806 2250 877 jam

678 918 773 971 per
817 902 1004 972 viginti
1060 919 1153 957 sex
1191 917 1364 955 annos
1407 901 1774 954 Romanorum
1819 900 2069 971 imperio,
2105 915 2250 953 mor-

675 1001 781 1044 tem
818 995 1102 1046 innnincre
1136 992 1238 1046 sibi
1276 1002 1525 1045 cerneret
1567 1009 1578 1043 :
1620 992 1883 1045 advocato
1924 998 2140 1051 senatu,
2172 991 2253 1045 sic

674 1087 793 1137 inlit
822 1104 832 1136 :
861 1084 1000 1137 Caro
1053 1085 1204 1154 ntca,|
1239 1086 1418 1143 amici.
1454 1087 1634 1138 morbo
1671 1092 1978 1150 consumpta
2004 1084 2250 1154 difﬂuxit,

672 1180 905 1245 viresque
936 1178 1258 1245 defecerunt,
1297 1195 1358 1231 ac
1395 1179 1645 1246 fortassis
1701 1177 1964 1231 tobiscutn
2022 1178 2251 1245 amplius

671 1287 773 1322 non
816 1273 1001 1331 t-iram,
1037 1288 1196 1340 neque
1229 1272 1298 1324 ad
1333 1272 1526 1339 festum
1577 1256 2023 1324 llesnrrertionis.
2050 1268 2253 1324 Christi

670 1362 807 1415 diem
842 1367 982 1427 (erat
1031 1370 1162 1417 tunc
1200 1362 1395 1432 jejunii
1428 1361 1872 1432 Quadragcsima:
1904 1363 2141 1429 tempus)
2179 1361 2251 1413 vi-

672 1462 778 1504 tam
813 1454 1119 1518 perducam.
1152 1453 1300 1506 "anc
1334 1453 1511 1519 itaque
1553 1468 1737 1515 unam,
1768 1461 1815 1504 el
1853 1461 2175 1514 postremam
2219 1466 2251 1502 a

668 1549 811 1600 robis
838 1549 1067 1616 gratiam
1095 1547 1307 1615 postulo
1337 1546 1463 1599 mihi
1492 1544 1635 1598 dari.
1670 1544 2061 1603 Ilrrordamini,
2092 1558 2248 1610 quant

668 1656 749 1694 mc
784 1641 925 1693 vobis
958 1641 1236 1709 benignum
1265 1639 1580 1705 prwbuerim
1613 1654 1629 1691 :
1661 1648 1817 1705 atque
1865 1636 1981 1690 ideo
2027 1652 2247 1689 uxorem

667 1732 940 1798 liliumque
998 1731 1142 1784 vobis
1203 1729 1627 1785 commendatum
1689 1728 1947 1780 habetote.
2011 1725 2247 1781 Senatus

665 1840 789 1876 eum
832 1822 957 1878 ﬂetu
1003 1832 1166 1893 atque
1195 1823 1400 1891 ejulatu
1438 1820 1701 1883 ostendit,
1735 1837 1791 1873 se
1819 1820 2034 1888 jactura
2079 1819 2243 1887 hujus

2360 622 2414 674 in
2448 620 2542 673 lib.
2579 620 2653 675 De
2701 624 2886 691 script.
2920 626 3104 680 eccles.
3152 626 3353 681 sarculo
3387 641 3477 693 Ix;
3532 628 3721 684 Petrus
3766 631 3933 683 Cani-

2358 716 2497 775 sius.
2541 714 2634 768 lib.
2671 730 2701 762 v
2738 712 2815 768 De
2851 714 3102 785 Deipara,
3148 732 3272 786 cap.
3307 732 3379 782 v;
3430 715 3668 773 Joannes
3706 717 3933 772 Bonita-

2356 805 2498 868 cius,
2538 808 2588 860 in
2621 807 2865 861 Historia
2910 809 3181 879 virginali,
3217 810 3311 865 lib.
3347 826 3409 875 tt,
3445 825 3565 878 cap.
3609 810 3707 874 l2;
3749 810 3936 866 Ferdi-

2355 900 2569 953 nandus
2604 900 2867 966 Quirinus
2915 900 2983 957 de
3026 903 3278 967 'Salazar,
3336 903 3391 975 in
3445 904 3629 958 Trart.
3673 904 3737 958 de
3793 905 3934 959 Con-

2320 992 2611 1064 .ceptione,
2656 1008 2780 1063 cap.
2829 992 2920 1053 42.
2968 996 3172 1048 szeculo
3224 1011 3293 1060 x;
3349 993 3659 1050 Ludovicus
3700 996 3869 1049 Jacob
3904 1016 3931 1049 a

2358 1081 2813 1150 Sancto-Carolo,
2846 1087 2897 1140 in
2930 1085 3251 1141 Bibliotheca
3279 1088 3552 1156 ponti/icio
3576 1088 3668 1141 lib.
3694 1105 3754 1150 ll,
3788 1097 3841 1142 et
3878 1090 3932 1142 in

2356 1174 2697 1230 Bibliotheca
2719 1176 3167 1246 Caesareo-Regia
3197 1178 3435 1231 nondum
3468 1178 3649 1241 edita;
3681 1178 3740 1233 L.
3773 1177 3935 1232 Clau-

2354 1267 2476 1323 ditts
2513 1270 2786 1335 Clemens,
2828 1270 2881 1324 in
2934 1268 3296 1325 htstruetione
3342 1270 3536 1324 Musei
3587 1272 3679 1325 lib.
3726 1288 3765 1333 ι,
3806 1286 3930 1341 cap.

2331 1359 2454 1426 '25;
2494 1358 2734 1417 Joannes
2797 1364 3067 1419 Serranus
3124 1364 3415 1435 episcOpus
3465 1365 3816 1426 Acernensis.
3860 1365 3934 1419 De

2353 1451 2705 1521 Conceptione
2731 1455 2896 1509 beata:
2931 1456 3184 1525 Virginis,
3210 1457 3307 1511 lib.
3334 1471 3397 1519 tt,
3422 1471 3545 1527 cap.
3571 1456 3665 1517 25.
3688 1471 3837 1510 num.
3863 1456 3929 1521 9;

2352 1544 2648 1615 Gregorius
2683 1547 2982 1617 Gyraldus,
3020 1549 3094 1601 De
3124 1550 3288 1617 poetis
3316 1550 3605 1611 historicis,
3639 1548 3839 1617 dialog.
3866 1564 3927 1612 νς

2350 1633 2682 1692 Laurentius
2726 1636 3072 1709 Beyerlingh,
3113 1639 3168 1694 in
3221 1640 3452 1695 Theatra
3500 1642 3619 1695 vita
3663 1640 3929 1702 humanm,

2353 1728 2520 1783 variis
2571 1731 2623 1782 in
2678 1730 2835 1794 locis,
2875 1732 3078 1801 aliique
3126 1734 3402 1805 permulti.
3445 1732 3703 1787 Nonnulli
3748 1742 3927 1787 tamen

2351 1839 2473 1876 cum
2506 1821 2683 1877 Leone
2708 1825 2798 1878 illo
2829 1826 3107 1894 Byzantio,
3131 1830 3304 1897 stirpe
3327 1826 3926 1882 Morocharzaniorum.

665 1916 873 1969 domini
933 1922 1095 1984 atque
1125 1912 1495 1982 imperatoris
1546 1910 1924 1964 incredibilem
1968 1911 2244 1978 percipere
2278 1900 2317 1955 Β
2347 1924 2712 1984 cognomento
2751 1917 2951 1985 pariter
2968 1916 3325 1989 PliiloSOpho,
3350 1916 3713 1980 confundunt,
3739 1915 3931 1986 qui,ut

665 2007 945 2069 dolorem;
991 2007 1251 2073 Augusta:
1302 2012 1483 2057 autem
1542 2012 1594 2056 et
1648 2001 1755 2055 lilio
1807 2002 2121 2067 imperatori
2171 2001 2245 2055 ita

666 2112 723 2150 se
765 2094 949 2149 tideles
981 2095 1118 2158 lore,
1146 2102 1203 2146 ut
1233 2094 1313 2146 vel
1347 2092 1545 2145 millies
1585 2107 1683 2160 pro
1718 2106 1785 2145 eo
1819 2092 1950 2151 sint.
1981 2091 2050 2143 ita
2082 2091 2247 2146 rebus

668 2187 1041 2255 poscentibus.
1086 2193 1313 2237 mortem
1367 2183 1685 2252 appetituri.
1725 2182 2094 2236 Alexandrum
2140 2182 2249 2235 fra-

666 2289 827 2344 trem,
857 2287 909 2331 ct
940 2278 1359 2332 Constantinum
1407 2278 1579 2330 lilium
1625 2278 1987 2347 imperatores
2017 2279 2247 2344 eteavit,

665 2372 765 2425 hoc
798 2371 916 2425 solo
948 2370 1002 2423 in
1033 2371 1298 2424 extremis
1341 2370 1802 2435 resilirationihus
1844 2371 2198 2439 pronuntiato
2229 2387 2242 2423 :

665 2464 1029 2516 Alexandrum
1087 2464 1247 2514 etiam
1306 2463 1482 2530 (proli
1551 2479 1769 2530 parcum
1860 2464 2249 2532 malignumque

667 2568 859 2616 (animi
891 2556 930 2613 fi
965 2563 1079 2616 post
1114 2554 1357 2606 tredecim
1393 2570 1591 2607 menses
1625 2553 1793 2608 rideo.
1846 2553 2069 2609 Volebat
2099 2555 2245 2609 enim

665 2643 977 2719 significare
1031 2658 1256 2717 regnum
1305 2642 1594 2698 Alexandri
1645 2643 1921 2711 tantillum
1974 2644 2236 2712 temporis

663 2732 1026 2797 duraturum;
1080 2749 1201 2799 qua:
1252 2747 1382 2787 sane
1434 2731 1633 2787 Leonis
1678 2750 1779 2787 vox
1818 2733 2069 2788 .mininte
2107 2722 2279 2788 vana

666 2826 799 2885 luit;
845 2839 969 2876 naut
1010 2823 1317 2878 Alexander
1357 2824 1727 2893 voluptatibus
1784 2834 1837 2877 et
1879 2826 2245 2896 compotatioo

665 2915 824 2968 nibus
857 2916 1165 2985 indulgens,
1203 2932 1302 2969 nec
1345 2916 1453 2969 ulla
1498 2931 1555 2970 re
1604 2924 1758 2970 tanto
1793 2915 2023 2985 imperio
2055 2917 2242 2987 digna,

664 3010 747 3063 vel
791 3025 975 3078 opere,
1011 3009 1094 3063 vel
1131 3009 1311 3064 verbis
1348 3008 1610 3077 perlecta,
1651 3010 1733 3062 vel
1777 3009 1961 3063 animo
2008 3008 2246 3080 denique

663 3110 959 3168 concepta.
1022 3115 1120 3155 ceu
1180 3101 1279 3155 llos
1334 3100 1469 3154 solis
1521 3099 1840 3154 cllicacitatc
1874 3114 2244 3168 mareescens,

661 3191 971 3247 exstinctus
1018 3199 1124 3255 est,
1156 3202 1209 3245 et
1256 3207 1285 3244 a
1340 3190 1548 3245 morbis
1592 3191 1845 3246 celeriter
1896 3191 2243 3261 absuntptus.

664 3284 849 3354 Itaque
877 3285 1029 3338 solus
1061 3286 1348 3354 imperium
1380 3282 1778 3339 Constantinus
1818 3282 2074 3348 obtinuit,
2112 3294 2241 3341 aeta-

664 3379 732 3432 tis
761 3378 937 3432 adhuc
969 3386 1170 3431 tenera.-
1210 3392 1364 3445 puer.

732 3465 915 3522 llebus
941 3467 1181 3522 excessit
1210 3467 1466 3521 humanis
1492 3481 1640 3521 anno
1672 3466 1970 3523 salutiferae
2008 3468 2243 3523 Redem-

662 3561 863 3628 ptionis
894 3559 1019 3623 9H,
1058 3557 1392 3628 impcrli26,
1438 3557 1546 3613 diei
1593 3559 1651 3613 11
1696 3558 1868 3620 Junii.
1939 3577 2035 3616 seu
2066 3569 2122 3615 ut
2148 3562 2240 3615 alii

662 3575 863 3628 pttonts
894 3575 1019 3623 υιι,
1058 3575 1248 3628 impert
1299 3575 1392 3622 zu,
1438 3575 1546 3613 utet
1593 3575 1651 3613 ιι
1696 3575 1868 3620 δυηιι.
1939 3577 2035 3616 seu
2066 3575 2122 3615 ut
2148 3575 2239 3615 atn

660 3652 841 3705 volunt
916 3651 1067 3715 Maii,
1122 3666 1151 3703 a
1202 3575 1568 3705 Cimstantino
1625 3652 1737 3706 lilio
1794 3656 2120 3720 imperatore
2188 3654 2239 3708 in

661 3735 900 3797 Historia
932 3739 1000 3795 de
1040 3741 1147 3794 vita
1177 3750 1229 3793 et
1266 3741 1431 3795 rebus
1465 3741 1635 3812 gestis
1671 3742 1757 3796 avi
1791 3744 1875 3797 sui
1912 3743 2098 3799 Basilii
2132 3744 2244 3798 Ma-

660 3832 886 3888 cedonis
943 3848 1037 3902 per
1087 3831 1326 3887 Leonem
1372 3833 1634 3889 Allatium
1677 3832 1975 3889 Latinitate
2016 3836 2240 3901 donata,

660 3930 843 3983 dictus
900 3926 1009 3981 Leo
1042 3928 1372 3981 mitissimus
1415 3936 1469 3981 et
1520 3928 1966 3995 sapientissimus
1986 3945 2065 4021 ;]a
2099 3931 2245 3985 Con-

661 4021 904 4073 Stantino
949 4016 1200 4071 blanasse
1242 4018 1294 4070 in
1349 4017 1645 4071 Annalibus
1698 4016 2016 4088 appellatus
2053 4035 2241 4075 revera

662 4111 926 4164 doctrinae
960 4110 1442 4175 Sllldlttb‘lrsinllls,
1503 4111 1651 4164 omni
1724 4112 1952 4166 scientia
2019 4113 2243 4181 cepiose

665 4206 995 4263 instructus,
1021 4209 1075 4253 ct
1099 4201 1356 4253 omnibus
1381 4198 1689 4269 disciplinis
1709 4216 1737 4253 a
1764 4217 1934 4271 puero
1957 4203 2240 4269 excultus;

663 4304 830 4363 atque
860 4309 887 4345 ει
924 4292 1132 4347 Joanne
1168 4294 1379 4346 Zonara
1421 4302 1568 4349 tomo
1608 4292 1672 4347 llI
1712 4294 2001 4349 Annalium
2050 4298 2243 4365 prtedi-

663 4396 822 4441 eatus
883 4386 1260 4439 doctrinarum
1316 4385 1497 4440 omnis
1545 4387 1762 4454 generis
1811 4395 2043 4452 amator,
2080 4396 2132 4442 et
2189 4389 2240 4442 in

664 4477 911 4533 doctrina
962 4478 1029 4532 de
1070 4477 1307 4532 motibus
1379 4477 1623 4532 siderum
1663 4493 1970 4549 eorumque
2031 4478 2238 4535 cll'ecti-

2348 2006 2593 2061 referunt
2619 2008 2902 2065 Cedrenus
2929 2020 2982 2065 et
3018 2012 3238 2082 Glycas,
3289 2013 3394 2069 sub
3427 2011 3732 2083 TlteOphilo
3756 2012 3930 2081 impc-

2350 2106 2533 2152 ratore
2560 2098 2773 2161 ﬂoruit,
2810 2110 2863 2155 et
2902 2101 3257 2169 rhetoricam,
3295 2104 3721 2174 philosophiam,
3758 2102 3931 2158 arith-

2350 2190 2640 2252 meticam,
2701 2192 3051 2263 reliquasque
3100 2194 3364 2249 scientias
3414 2195 3467 2249 in
3526 2195 3698 2249 Antro
3751 2193 3929 2248 insula

2349 2281 2562 2345 didicit,
2591 2282 2665 2336 ibi
2697 2293 2950 2338 versatus
2980 2301 3103 2339 cum
3137 2285 3397 2341 Michaele
3426 2286 3607 2341 Psello
3636 2293 3931 2356 prteslantc

2351 2373 2469 2427 viro
2503 2392 2517 2438 ;
2551 2375 2620 2427 ob
2653 2390 2826 2445 eoque
2877 2378 3165 2448 principiis
3214 2388 3428 2434 tantum
3452 2419 3467 2445 ,
3517 2390 3571 2434 et
3604 2378 3929 2450 quibusdam

2349 2470 2643 2538 praeceptis
2677 2470 2893 2526 dicendi
2925 2473 3227 2529 instructus
3260 2494 3274 2529 :
3308 2490 3484 2543 neque
3517 2484 3725 2529 tantum
3758 2490 3932 2545 quan-

2280 2630 2281 2633 η
2348 2567 2462 2642 tum
2510 2560 2853 2643 desiderabat
2908 2566 3162 2634 adeptus.
3215 2566 3675 2633 monasteriorum
3721 2582 3818 2636 per
3849 2577 3932 2620 to.

2348 2658 2459 2718 tam
2495 2644 2615 2711 fere
2641 2654 2905 2733 Greciam
2933 2658 3303 2715 bibliothecas
3345 2669 3691 2728 pervagatus,
3732 2658 3930 2714 libros-

2348 2758 2455 2813 que
2506 2745 2557 2798 in
2610 2747 2690 2801 cis
2739 2756 3008 2816 reposntos
3046 2748 3391 2818 perquirens.
3434 2757 3598 2818 atque
3650 2756 3927 2811 scrutans,

2347 2836 2703 2902 studioseque
2752 2839 3040 2904 tneditans,
3100 2840 3167 2893 ad
3218 2855 3492 2895 summum
3536 2839 3799 2894 doctrina:
3846 2847 3928 2893 at-

2346 2943 2451 2996 quc
2512 2930 2843 2985 eruditionis
2905 2932 3181 3001 fastigium
3247 2932 3535 3003 pervenit,
3592 2946 3718 2986 cum
3776 2939 3931 2988 certo

2346 3022 2552 3075 certius
2604 3022 2694 3082 sit,
2732 3021 2970 3077 Leoni-tn
3020 3025 3171 3078 illum
3221 3041 3616 3097 usquequaque
3662 3041 3692 3080 a
3733 3036 3929 3082 nostro

2346 3125 2470 3164 esse
2505 3112 2805 3167 diversum.
2853 3112 2987 3167 Nam
3021 3125 3079 3169 ιιι
3123 3116 3230 3169 alia
3286 3116 3431 3170 inter
3459 3132 3554 3173 eos
3586 3117 3926 3185 discrimina,

2347 3214 2664 3257 enumerata
2706 3222 2735 3259 a
2771 3203 2953 3259 Leone
2997 3206 3197 3261 Allatio
3243 3208 3297 3262 in
3334 3223 3434 3262 sua
3473 3208 3541 3263 de
3581 3207 3777 3265 Psellis
3832 3224 3927 3265 co-

2348 3311 2581 3365 rumque
2640 3298 2863 3367 scriptis
2910 3296 3184 3363 Diatriha,
3238 3300 3458 3356 silentio
3512 3316 3776 3370 premam,
3836 3301 3929 3356 ille

2348 3389 2472 3443 licet
2515 3403 2545 3441 a
2595 3389 2872 3444 tradenda:
2923 3390 3282 3460 philosophia:
3331 3407 3583 3457 munere,
3625 3392 3739 3448 sive
3792 3408 3930 3463 pra:-

2347 3481 2573 3545 stantia,
2608 3496 2716 3551 qua
2745 3482 2861 3549 ipse
2901 3483 2956 3535 in
2999 3482 3398 3552 philosophicis
3438 3485 3575 3540 alios
3609 3484 3927 3554 superabat,

2346 3580 2710 3640 cognomento
2777 3572 3168 3642 philosophus,
3232 3589 3513 3644 nunquam
3576 3582 3759 3630 tamen
3825 3574 3931 3629 fuit

2349 3663 2651 3732 imperator
2692 3664 3359 3736 ConstantinOpolitanus,
3404 3666 3498 3721 sed
3554 3666 3928 3736 archiepisco-

2348 3771 2450 3825 pus
2479 3754 2994 3811 Thessalonicensis
3028 3774 3041 3809 :
3085 3757 3338 3825 quamvis
3373 3765 3581 3826 postea,
3610 3756 3929 3811 Simulacri-

2348 3848 2644 3917 perdorum
2700 3847 2895 3903 ltatresi
2940 3847 3244 3919 proﬂigata,
3286 3857 3341 3903 et
3389 3847 3509 3917 ejus
3561 3848 3928 3903 sectatoribus

2347 3936 2599 4005 deiectis,
2644 3936 2713 3990 alt
2751 3937 3073 4008 episcopatu
3128 3937 3292 3991 fuerit
3338 3937 3684 3993 deturbatus.
3732 3935 3929 3990 NOalCl'

2346 4044 2478 4083 vero
2516 4028 2647 4095 Leo,
2684 4045 2997 4100 quanquam
3034 4029 3105 4084 ob
3138 4029 3318 4086 omnis
3359 4029 3715 4085 scientiarum
3756 4044 3925 4099 gene-

2346 4121 2424 4175 ris
2482 4121 2941 4191 perfectissimam
2994 4122 3386 4191 cognitionem,
3441 4132 3496 4177 et
3547 4121 3618 4177 ob
3669 4123 3922 4192 plurima,

2345 4228 2468 4281 qua:
2498 4214 2665 4267 etiam
2703 4221 2922 4269 exstant
2959 4214 3013 4268 in
3048 4214 3357 4285 disciplinis
3390 4214 3647 4270 omnibus
3678 4214 3926 4269 laudabi-

2348 4305 2471 4361 liter
2528 4306 2888 4376 conscripta,
2944 4307 3136 4362 eodem
3185 4306 3503 4377 Philosophi
3560 4314 3928 4375 cognomento

2347 4396 2664 4464 decoratus,
2696 4412 2977 4468 nunquam
3016 4396 3116 4453 fuit
3158 4396 3608 4470 archiepiscopus
3632 4394 3928 4452 Thessalo-

2348 4486 2624 4552 nicensis,
2682 4487 2776 4545 sed
2834 4489 3013 4546 solum
3067 4496 3364 4561 Imperator
3418 4486 3927 4559 Constantinopoli.

665 4571 770 4629 bus
796 4577 1070 4626 versatus.
1107 4569 1180 4625 Dc
1208 4585 1315 4641 quo
1355 4578 1553 4642 praeter
1594 4578 1873 4638 auctores,
1906 4587 2043 4642 quos
2076 4589 2241 4644 supra
2274 4591 2323 4651 ο
2351 4588 2533 4634 tanus.
