4224 6444
282 405 376 445 ut
1007 387 1286 448 BASILII
1327 387 1481 448 IMP.
1520 386 1965 446 PARIENESIS
1997 386 2093 445 AD
2128 386 2436 445 LEONEM
2475 386 2768 447 FILIUM.

303 519 348 530 —
355 517 1168 531 Μ
1177 510 3508 532 wm~~w-

307 527 537 531 _.___i.
722 527 726 528 ν
780 527 793 528 κ
997 527 1005 528 κ
1134 527 1137 528 ,
3452 527 3505 532 ν-

1170 893 1755 985 ΒΑΣΙΛΕΙΟΥ
1827 899 2053 984 ΤΟΥ
2124 895 2619 988 ΡΩΜΑΙΩΝ

1613 1064 2140 1155 ΒΑΣΙΛΕΩΣ

781 1226 1128 1279 ΚΕΦΑΛΑΙΑ
1160 1227 1780 1300 ΠΑΡΑΙΝΕΤΙΚΑῙΞΕΤ
1807 1234 1984 1286 ΠΡΟΣ
2011 1233 2145 1286 ΤΟΝ
2191 1234 2463 1287 ΕΛΥΤΟΥ
2504 1231 2668 1286 ΥΙΟΝ
2704 1232 3001 1297 ΛΕΟΝΤᾹ,

1177 514 1580 527 ——-——_

1583 513 1896 524 —-——-—_—

1583 1368 1771 1440 ἔχοντα
1824 1372 2170 1442 ἀκροστιχίδα
2190 1387 2204 1401 ο

501 1497 816 1566 Βασίλειος
852 1499 922 1554 ἐν
957 1500 1188 1570 Χριστῷ
1209 1502 1514 1570 ,βασιλεὺς
1550 1502 1869 1572 Ῥωμαίων,
1889 1505 2099 1560 Λέοντι
2132 1501 2210 1568 τῷ
2240 1502 2633 1572 πεποθημένῳ
2673 1505 2780 1570 υἱῷ
2803 1505 2900 1560 καὶ
2950 1499 3337 1574 συμϐασιλεῒ.

1213 1831 1654 1922 BASILII
1769 1829 2589 1926 IMPERATORIS

634 2224 1298 2287 EXHORTATIONUM
1359 2226 1628 2287 CAPITA
1662 2224 2093 2285 SEXAGINTA
2143 2224 2287 2285 SEX
2351 2224 2450 2288 AD
2500 2223 2804 2284 LEONEM
2840 2224 3166 2287 FILIUM;

1355 2357 1598 2423 Quorum
1624 2357 1948 2413 acrostichis
1989 2355 2070 2413 sic
2106 2372 2166 2411 se
2197 2355 2360 2409 habet
2405 2375 2418 2410 :

357 2496 634 2561 Basilius
688 2504 757 2564 in
803 2503 1052 2567 Christo
1115 2503 1536 2563 Romanorum
1622 2505 1964 2575 imperator
2035 2495 2224 2556 Leoni
2284 2493 2470 2553 chara
2526 2491 2681 2570 ﬁlio,
2749 2501 2803 2552 ct
2866 2492 3114 2571 imperii
3176 2488 3439 2568 college.

1198 2625 1548 2695 (BANDURIUS,
1585 2623 1724 2690 Imp.
1763 2620 1972 2675 Orient.
2022 2628 2154 2673 tom.
2186 2617 2226 2683 l,
2261 2632 2384 2687 pag.
2412 2614 2558 2683 l7l.)

782 2925 920 2992 Περὶ
960 2924 1344 2988 παιδεύσεως.

347 3038 621 3108 Βιωφελὲς
651 3055 703 3091 τι
745 3038 935 3108 χρῆμα.
983 3037 1077 3090 καὶ¹
1127 3037 1564 3097 σπουδαιότατον,
1596 3037 1656 3089 ού
1690 3036 1849 3104 μόνον

277 3131 607 3201 βασιλεῦσιν,
639 3129 774 3182 ἀλλὰ
800 3128 892 3182 καὶ
926 3128 1238 3197 ίδιώταις,ἡ
1273 3128 1572 3190 παίδευσις.
1606 3129 1713 3180 Καὶ
1742 3129 1850 3198 γὰρ

274 3226 388 3286 τοῖς
420 3223 779 3292 κεκτημένοις
826 3221 993 3292 αὐτὴν
1051 3220 1316 3273 καὶκατὰ
1364 3220 1541 3290 σῶμα,
1576 3222 1666 3272 καὶ
1712 3222 1849 3272 κατὰ

271 3315 453 3384 ψυχὴν
486 3315 556 3382 τᾴ
580 3315 810 3384 μέγιστα
833 3313 1059 3382 ὠφελεϊ’
1109 3313 1208 3383 τὴν
1241 3312 1340 3382 μὲν
1371 3313 1457 3364 διὰ
1490 3312 1589 3378 τῆς
1619 3312 1848 3381 μελέτης

271 3408 382 3460 τῶν
415 3407 575 3460 θείων
604 3407 777 3473 λόγων
802 3423 814 3436 ·
854 3405 914 3458 τὸ
965 3405 1021 3456 δὲ
1051 3404 1137 3457 διὰ
1165 3403 1265 3468 τῆς
1295 3404 1598 3472 γυμνασίας
1626 3404 1730 3456 τῶν
1760 3421 1846 3456 κο-

273 3499 450 3568 σμίων
479 3497 676 3567 ἔργων.
704 3496 922 3564 Ταύτην
957 3491 1048 3549 οὖν
1083 3513 1164 3561 σε,
1200 3496 1392 3547 τέκνον
1421 3495 1796 3564 ἠγαπημένον,
1822 3498 1849 3549 ὁ

272 3588 458 3658 πατὴρ
491 3586 609 3654 ὲγὰῖ
638 3587 732 3641 καὶ
757 3605 818 3640 συ
829 3586 1142 3656 μὸασιλεὺς,
1167 3586 1602 3655 ήγεμονεύουσάν
1636 3603 1727 3639 σου
1753 3587 1849 3657 τὴν

271 3679 553 3748 βασιλείαν
600 3677 744 3746 ἔχειν
795 3677 1054 3730 νουθετῶ.
1087 3675 1234 3746 Αὕτη
1270 3675 1377 3746 γὰρ
1429 3677 1523 3729 καὶ
1577 3676 1848 3746 βασιλείαν

269 3771 488 3838 κοσμεῖ,
514 3770 608 3821 καὶ
638 3771 764 3830 τοὺς
791 3767 1170 3837 βασιλεύοντας
1192 3768 1550 3836 ἀειμνήστους
1575 3768 1845 3821 ἀποτε)εἴ.

273 3860 489 3930 ’Ὠσπερ
511 3861 619 3929 γὰρ
654 3859 805 3929 ἡλίου
840 3859 930 3911 ἐπὶ
955 3858 1059 3928 γῆς
1090 3859 1164 3929 μὴ
1199 3859 1485 3928 παρόντος,
1515 3859 1762 3911 σκοτεινᾶ
1783 3860 1849 3912 τὰ

270 3952 453 4004 πάντα
483 3954 577 4004 καὶ
612 3953 924 4021 ἀδιάκριτα,
955 3951 1097 4004 οὓτω
1129 3953 1222 4003 καὶ
1254 3949 1584 4012 παιδεύσεως
1615 3953 1672 4003 ὲν
1703 3952 1846 4022 ψυχῇ

273 4043 352 4113 μὴ
380 4044 663 4115 παρούσης
688 4085 704 4109 ,
739 4044 1064 4114 πεφυρμένα
1096 4043 1162 4094 τὰ
1198 4043 1375 4095 πάντα
1407 4046 1500 4094 καὶ
1526 4043 1846 4112 ἀδιόρθωτα.

268 4133 476 4199 Δράξαι
507 4130 599 4188 οὖν
632 4134 900 4196 παιδείας,
933 4134 1032 4202 τῆς
1060 4133 1313 4200 ἐναρέτου
1338 4149 1351 4162 ⁵
1385 4132 1521 4202 μόνη
1546 4132 1652 4202 γὰρ
1683 4134 1849 4203 ἀρετὴ

273 4223 387 4275 τῶν
419 4223 714 4293 κτημάτων
747 4224 1004 4276 ἀπάντων
1037 4222 1323 4283 ἀθάνατος.

1873 2924 1926 2983 Α

2583 2920 2660 2975 De
2692 2922 2901 2975 litteris.

2021 3033 2170 3088 Bona
2217 3047 2340 3088 cum
2388 3033 2581 3103 primis
2613 3041 2776 3104 atque
2815 3035 2882 3088 ad
2939 3035 3104 3087 vitam
3173 3043 3318 3090 recte
3366 3035 3526 3090 insti-

1954 3126 2211 3181 tuendam
2286 3128 2540 3196 perutilis
2613 3141 2701 3180 res
2734 3134 2820 3179 est
2883 3127 3194 3179 litterarum
3251 3128 3519 3198 cognitio,

1951 3236 2060 3274 non
2086 3221 2260 3274 solum
2291 3220 2534 3288 regibus,
2568 3218 2661 3274 sed
2682 3218 2846 3274 etiam
2887 3219 3124 3287 privatis
3163 3220 3479 3275 hominibus
3508 3262 3519 3274 .

1951 3314 2061 3368 illis
2083 3314 2253 3375 enim,
2287 3312 2379 3381 qui
2410 3312 2516 3366 sibi
2561 3326 2657 3366 eas
2705 3310 3141 3380 acquisiverunt,
3180 3328 3408 3380 magnas
3443 3314 3524 3365 al-

1951 3404 2051 3459 fert
2075 3405 2496 3460 commoditates
2536 3411 2590 3458 et
2635 3405 2700 3458 ad
2726 3419 2929 3473 corpus
2960 3413 3014 3459 et
3044 3405 3109 3459 ad
3147 3405 3390 3459 animum
3424 3423 3522 3460 ex-

1950 3498 2238 3552 colendum
2279 3515 2292 3550 :
2331 3498 2477 3551 hunc
2510 3496 2728 3565 quidem
2753 3497 2940 3550 studio
2971 3512 3251 3550 sacrarum
3287 3496 3522 3552 Littera-

1951 3603 2095 3651 rum,
2155 3588 2289 3642 illud
2347 3604 2478 3642 vero
2528 3589 2920 3642 exercitatione
2951 3589 3220 3641 bonorqu
3270 3605 3519 3658 operum.

1951 3679 2320 3747 Quapropter,
2382 3692 2421 3732 ο
2459 3677 2588 3730 mihi
2648 3676 2851 3731 dilecte
2904 3675 3015 3730 Leo
3079 3677 3174 3740 ﬁli,
3208 3693 3307 3744 ego
3346 3681 3436 3748 qni
3470 3691 3522 3731 et

1950 3775 2104 3834 pater
2132 3775 2184 3819 et
2212 3767 2364 3835 regni
2394 3782 2514 3819 sum
2571 3765 2779 3830 socius,
2824 3767 3115 3831 admoneo,
3159 3777 3218 3821 ut
3247 3784 3366 3822 eam
3424 3769 3522 3823 tibi

1951 3857 2165 3926 imperii
2210 3857 2407 3911 ducem
2439 3857 2741 3923 adsciscas,
2774 3872 2895 3926 qua:
2927 3867 2981 3912 et
3019 3859 3202 3928 regnis
3228 3874 3524 3913 ornamen-

1953 3958 2004 4000 to
2035 3957 2137 4012 est,
2170 3954 2225 4001 et
2257 3964 2412 4018 reges
2470 3949 2882 4002 immortalitate
2922 3950 3110 4004 donat.
3152 3951 3522 4016 Quemadum.

1949 4037 2078 4091 dum
2125 4037 2271 4091 enim
2325 4053 2447 4091 cum
2477 4041 2558 4092 sol
2595 4040 2772 4106 abest,
2801 4039 3038 4094 obscura
3063 4049 3191 4094 sunt
3220 4042 3404 4095 omnia
3436 4051 3522 4095 at-

1950 4142 2056 4196 que
2084 4129 2405 4194 indiscreta,
2439 4131 2511 4183 ita
2553 4131 2605 4183 in
2640 4133 2824 4184 animo
2854 4131 3000 4185 nulla
3029 4133 3357 4197 eruditione,
3399 4135 3524 4187 nul-

1953 4221 2133 4291 lisque
2189 4221 2388 4276 litteris
2443 4221 2656 4275 imbuto
2716 4221 2948 4276 confusa
3008 4231 3170 4291 atque
3215 4222 3524 4275 inordinata

271 4313 459 4382 jacent
511 4315 786 4368 universa.
841 4312 972 4366 Eam
1007 4313 1174 4383 igitur
1232 4326 1460 4381 capesse
1496 4311 1843 4382 disciplinam
1885 4326 2009 4380 qua:
2039 4312 2262 4368 sitcum
2308 4312 2509 4366 virtute
2541 4312 2875 4381 conjuncta:
2913 4313 3089 4368 virtus
3174 4312 3323 4369 enim
3405 4317 3524 4370 sola,

268 4422 336 4462 ex
395 4407 467 4462 iis
519 4420 643 4472 qua:
701 4405 973 4476 possideri
1017 4411 1246 4475 queunt,
1298 4405 1552 4474 deperire
1601 4419 1706 4458 non
1746 4409 1948 4472 potest.

825 4523 969 4592 Περὶ
1007 4523 1286 4587 πίστεως.

335 4637 538 4709 ’Δρχὴν
563 4637 658 4690 τοῦ
683 4636 797 4708 βίου
827 4635 1027 4699 παντὸς
1065 4637 1161 4690 καὶ
1200 4635 1446 4706 θεμέλιον
1485 4634 1678 4706 ὀχυρὸν
1709 4635 1842 4704 κτῆ-

270 4750 360 4786 σαι
392 4731 494 4801 τὴν
514 4731 593 4792 εἰς
623 4728 858 4799 Χριστὸν
892 4729 1075 4781 πίστιν
1103 4727 1387 4798 εἰλικρινῆ.
1414 4726 1712 4796 Προσκύνει
1737 4728 1845 4779 Πα-

267 4825 400 4894 τέρα
434 4821 529 4876 καὶ
557 4819 690 4873 Υἱδν
713 4820 807 4874 καὶ
836 4818 992 4886 ᾶγιον
1026 4817 1268 4888 Πνεῦμα,
1304 4816 1506 4887 Τριάδα
1537 4815 1839 4883 ὁμοούσιον,

265 4914 570 4984 ἀδιαίρετον
619 4912 713 4964 καὶ
756 4911 1082 4980 ἀσύγχυτον,
1120 4910 1212 4962 τὸν
1242 4908 1338 4962 ἕνα
1368 4910 1462 4961 καὶ
1495 4909 1654 4978 μόνον
1677 4909 1838 4961 Θεόν·

266 5011 360 5061 καὶ
386 5006 488 5076 τὴν
513 5004 777 5074 ἔνσαρκον
798 5002 1110 5073 οἰκονομίαν
1131 5002 1223 5054 τοῦ
1246 5001 1380 5053 Θεοῦ
1403 5002 1576 5068 Λόγου
1598 5001 1840 5062 πίστευε,

264 5101 331 5154 δι’
356 5095 424 5171 ἦς
451 5099 482 5151 ὁ
513 5098 713 5166 κόσμος
755 5098 818 5149 ὲκ
847 5097 946 5166 τῆς
975 5095 1216 5158 δουλείας
1245 5093 1342 5163 τῆς
1371 5093 1575 5162 φθορᾶς
1620 5092 1840 5162 ἠλευθέ-

270 5207 458 5262 ρωται,
489 5187 670 5251 καθὼς
699 5189 728 5239 ό
758 5191 857 5256 τῆς
890 5186 1097 5257 μητρός
1127 5201 1218 5238 σου
1245 5185 1342 5255 τῆς
1367 5183 1693 5253 Ἐκκλησίας
1720 5184 1840 5254 ὄρος

265 5280 634 5333 ἀναδιδάσκει.
661 5277 808 5347 Αὕτη
856 5278 966 5331 τῶν
1010 5275 1222 5348 ἀρετῶν
1266 5276 1454 5329 πασῶν
1483 5277 1516 5346 ή
1542 5274 1838 5337 τελείωσις.

265 5366 415 5435 Δῦτη
449 5369 482 5435 ἠ
529 5365 714 5429 πίστις
761 5365 980 5419 πάντων
1027 5365 1135 5418 τῶν
1166 5364 1386 5431 ἀγαθῶν
1427 5363 1488 5416 τὸ
1529 5365 1838 5433 κεφάλαιον.

267 5458 484 5526 Ταύτην
511 5453 606 5510 οὖν
635 5456 725 5527 ἔχε
754 5458 1224 5528 παρακαταθήκην
1253 5457 1468 5524 ἄσυλον,
1486 5458 1520 5527 ἦ
1547 5475 1628 5511 σοι
1650 5458 1839 5526 γέγονε

267 5550 466 5621 τροφὸς
514 5548 624 5602 ἀπὸ
651 5550 982 5620 σπαργάνων
1013 5549 1212 5606 αὐτῶν.
1232 5550 1372 5618 Ἐγώ
1408 5567 1489 5602 σοι
1516 5549 1716 5620 ταύτης
1748 5551 1838 5603 ὑπ-

265 5642 408 5713 ῆρξα
438 5641 778 5706 διδάσκαλος,
812 5642 886 5712 μή
919 5659 985 5711 με
1019 5641 1382 5714 καταισχύνῃς
1426 5640 1638 5711 πατέρα
1689 5639 1839 5710 φιλό-

270 5750 497 5804 στοργον
516 5750 530 5765 ⁸
564 5734 837 5802 ὀφείλουσι
870 5734 978 5803 γὰρ
1005 5733 1054 5785 οἱ
1083 5735 1179 5803 μὲν
1210 5732 1491 5804 ζωγράφοι
1521 5734 1645 5796 τοὺς
1671 5750 1840 5802 χαραο

268 5825 476 5898 κτῆρας
504 5825 861 5897 ἀναστηλοῦν.
891 5828 936 5881 οἱ
963 5827 1019 5881 δὲ
1061 5826 1166 5881 τῶν
1210 5825 1475 5894 βασιλέων
1510 5827 1715 5892 παῖδες,
1751 5826 1839 5895 Ξμς

2620 4522 2695 4576 De
2721 4523 2844 4590 ﬁde.

2018 4634 2360 4703 Amplectere
2415 4638 2685 4692 sinceram
2722 4640 2773 4692 in
2829 4639 3108 4695 Christum
3157 4643 3343 4705 (idem,
3399 4659 3527 4710 qua--

1946 4728 2066 4781 vita:
2107 4728 2277 4782 totius
2334 4728 2551 4783 initium
2593 4741 2646 4784 et
2681 4732 3092 4787 fundamentum
3128 4733 3526 4789 inconcussum.

1943 4827 2047 4874 est.
2099 4818 2276 4873 Adora
2332 4820 2546 4875 Patrem
2599 4829 2653 4876 et
2711 4821 2932 4886 Filium,
2995 4834 3048 4878 et
3091 4823 3358 4893 Spiritum
3393 4841 3519 4878 san-

1944 4918 2089 4963 ctum
2161 4925 2175 4961 :
2258 4908 2583 4965 Trinitatem
2681 4914 3237 4978 consubstantialem,
3319 4910 3520 4968 indivi-

1945 5015 2082 5065 sam,
2121 5011 2280 5070 atque
2317 5002 2688 5066 inconfusam,
2730 5021 2896 5058 unum
2931 5003 3188 5058 videlicet
3217 5020 3280 5058 ac
3331 5007 3510 5060 solum

1945 5089 2160 5146 Deum:
2203 5108 2268 5147 ac
2321 5091 2483 5148 Verbi
2516 5095 2607 5148 Dei
2652 5097 2888 5148 humana
2945 5096 2998 5149 iu
3068 5111 3237 5151 carne
3282 5112 3520 5152 meone-

1945 5184 2131 5246 miam,
2186 5183 2237 5237 id
2286 5193 2391 5248 est,
2445 5187 2882 5240 incarnationem
2933 5185 3148 5249 credas,
3199 5203 3294 5256 per
3343 5203 3512 5256 quam

1943 5272 2190 5327 homines
2229 5288 2256 5326 a
2285 5277 2488 5342 peccati
2511 5277 2771 5330 servitute
2811 5277 3073 5331 vindicati
3128 5286 3283 5339 sunt,
3317 5293 3508 5347 quem-

1944 5365 2232 5417 admodum
2289 5363 2546 5420 Ecclesiae
2600 5367 2790 5420 matris
2847 5368 3006 5422 docet
3040 5370 3335 5422 institutio.
3391 5369 3512 5423 llaec

1947 5465 2030 5512 est
2064 5455 2196 5511 ﬁdes
2229 5457 2495 5512 bonorum
2527 5460 2768 5512 omnium
2818 5475 3054 5525 summa,
3087 5461 3200 5514 lucc
3253 5462 3514 5515 virtutum

1947 5550 2189 5604 omnium
2228 5551 2510 5619 perfectio.
2542 5552 2690 5607 llane
2725 5569 2888 5622 penes
2952 5561 3003 5608 te
3057 5563 3312 5623 tauquam
3347 5555 3512 5625 depo-

1949 5641 2110 5694 situm
2148 5642 2456 5698 inviolabile
2483 5645 2745 5709 retineas,
2784 5662 2890 5714 qua
2920 5657 2972 5700 et
3004 5646 3072 5700 ab
3117 5646 3250 5715 ipsis
3285 5648 3515 5701 incuua-

1942 5730 2082 5784 bulis
2137 5732 2398 5788 educatus
2452 5750 2533 5797 es,
2589 5736 2746 5804 cujus
2796 5751 2895 5805 ego
2937 5736 3052 5805 ipse
3101 5738 3195 5791 tibi
3247 5740 3505 5808 magister

1941 5823 2120 5879 exstiti
2161 5842 2170 5874 :
2212 5839 2274 5880 nc
2313 5841 2414 5891 me,
2452 5842 2659 5896 quaeso,
2708 5830 3144 5886 amantissimum
3179 5829 3253 5885 tui
3305 5840 3510 5900 patrem
