4224 6444
684 442 811 485 XXIII

680 544 949 598 dedecore
990 539 1192 595 aﬂieias
1246 554 1258 590 :

686 636 1045 696 lineamenta,
1087 632 1158 684 ita
1214 645 1400 701 regum
1444 631 1534 685 lilii
1586 633 1743 702 quasi
1808 635 1938 688 τίνω
1987 637 2252 706 itttogiltt‘s

685 740 897 800 patrum
935 728 1160 780 virtutes
1187 723 1392 780 referre
1422 726 1640 779 debent.

980 816 1057 871 De
1085 820 1286 871 honore
1311 816 1673 871 sacerdotibus
1704 818 1968 873 habendo.

759 911 956 965 Sanam
1003 912 1141 965 hahe
1164 921 1397 965 mentem
1443 910 1495 964 in
1544 912 1633 977 iis,
1668 929 1790 984 qua:
1823 915 1889 969 ad
1942 927 2099 971 recta:
2130 918 2252 974 ﬁdei

688 1002 1004 1056 doctrinam
1045 1002 1338 1071 pertinent,
1372 1012 1423 1055 et
1461 1018 1679 1058 summo
1721 1007 1925 1061 honore
1961 1023 2256 1078 proseque-

692 1112 751 1149 re
804 1104 1033 1148 matrem
1097 1102 1245 1147 tuam
1296 1093 1622 1160 Ecclesiam,
1676 1113 1796 1167 quae
1837 1107 1889 1152 te
1948 1100 2002 1152 in
2051 1100 2254 1170 Spiritu

691 1200 880 1246 saneto
906 1188 1149 1252 lactavil,
1183 1196 1237 1244 et
1266 1198 1357 1244 tuo
1412 1191 1574 1260 capiti
1623 1192 1689 1245 ad
1724 1191 1817 1248 Dei
1852 1208 1947 1262 per
1971 1192 2253 1251 Christum

688 1280 900 1334 Iaudem
952 1280 1164 1349 imperii
1194 1296 1452 1335 coronam
1480 1298 1688 1336 mecum
1723 1285 2004 1352 imposuit.
2039 1286 2095 1340 Si
2113 1290 2256 1341 enim

689 1382 829 1433 quos
872 1378 1067 1422 natura
1103 1370 1197 1423 tibi
1258 1372 1406 1424 dedit
1466 1381 1718 1439 parentes
1763 1374 1932 1430 debes
1992 1378 2255 1443 revereri,

691 1458 864 1511 multo
893 1461 1066 1529 magis
1094 1476 1188 1515 eos
1252 1461 1344 1529 qui
1378 1468 1429 1515 te
1461 1464 1513 1514 in
1572 1462 1764 1532 spiritu
1813 1463 1901 1518 Dei
1930 1480 2255 1536 genuerunt,

691 1549 840 1603 onmi
869 1552 1089 1619 pietatis
1122 1552 1295 1607 ollicio
1322 1553 1502 1609 colere
1533 1554 1699 1611 debes
1733 1546 1753 1610 :'
1792 1557 1867 1611 illi
1919 1559 2063 1613 enim
2095 1559 2259 1613 dura-

691 1647 873 1694 turam
910 1642 977 1696 ad
1034 1652 1253 1711 tempus
1276 1644 1442 1698 vitam
1505 1646 1689 1703 liberis
1724 1663 1819 1717 per
1848 1651 2256 1717 generationem

692 1729 1118 1799 impertiuntur;
1156 1736 1243 1791 isti
1295 1753 1427 1791 vero
1464 1752 1720 1792 mternam
1767 1754 1861 1807 per
1887 1742 2261 1809 regeneratio»

690 1836 815 1875 nem
850 1821 1174 1894 largiuntur.
1217 1826 1434 1882 Ilonora
1470 1844 1601 1898 ergo
1635 1828 1958 1896 Ecclesiam,
1992 1840 2053 1886 ut
2083 1843 2136 1887 tu
2179 1834 2259 1887 ri-

1997 436 2255 495 I'IIUI.El
2269 441 2394 497 ,ιυλι
2408 439 2501 500 EN
2514 443 2572 500 .\.

1246 554 1258 590 :
1299 541 1461 594 sicuti
1506 543 1651 597 cnim
1696 543 1929 612 pictores
1950 562 2241 613 corporum
2274 550 2318 608 Λ
2351 568 2498 604 meo:
2532 555 2735 617 είκόνες
2763 556 2857 624 τῆς
2891 574 2914 607 τ

2274 550 2318 608 Λ
2351 568 2498 604 πνοοι
2532 555 2735 617 είκόνες
2763 556 2857 624 τῆς
2891 557 2997 609 τῶν
3026 559 3277 629 πατέρων
3334 560 3748 617 ἀναδείιινυοοαι
3796 568 3928 635 ἀτοξ-

3796 468 3924 505 μιν

2359 645 2473 711 τῆς.

2841 826 2980 894 Περὶ
3023 825 3195 895 τιμῆς
3235 828 3453 896 ἱερέων.

2366 980 2371 985 _
2432 910 2575 963 Σῶον
2605 910 2693 981 ἔχε
2724 912 2784 996 τί)
2820 915 3072 985 φρόνημα
3104 915 3239 984 πρὸς
3274 917 3340 969 τά
3366 917 3621 987 όρθτίδοξα
3665 919 3929 989 δόγματα,

2359 1002 2454 1055 καὶ
2474 1003 2619 1073 ⁸τίμα
2648 1004 2923 1073 περισσῶς
2951 1005 3048 1075 τὴν
3089 1006 3301 1076 μητέρα
3328 1024 3422 1060 σου
3452 1008 3549 1078 τὴν
3585 1009 3931 1075 Ἐκκλησίαν,

2360 1095 2483 1162 ἥτις
2514 1096 2571 1146 ὲν
2606 1095 2745 1165 ἁγίῳ
2779 1095 3054 1165 Πνεύματί
3086 1114 3143 1150 σε
3168 1098 3545 1169 ἐτιθηνήσατο,
3570 1102 3665 1154 καὶ
3696 1103 3791 1155 σὺν
3813 1105 3935 1173 ἐμοὶ

2358 1184 2445 1238 διὰ
2483 1186 2720 1256 Χριστοῦ
2753 1190 2811 1242 ὲν
2845 1187 2965 1257 Θεῷ
3009 1192 3075 1259 τῇ
3124 1190 3331 1261 κεφαλῇ
3368 1209 3462 1245 σου
3510 1192 3573 1245 τὸ
3615 1196 3809 1262 στέφος
3836 1196 3931 1248 ἐπ·-

2362 1277 2577 1346 ἐθηκεν.
2609 1278 2671 1329 Εἰ
2715 1277 2823 1349 γὰρ
2868 1280 2994 1342 τοὺς
3048 1281 3342 1349 σαρκικοῦς
3371 1285 3549 1348 γονεῖς
3589 1282 3822 1351 ὀφείλεις
3852 1285 3937 1337 αἱ·

2359 1367 2564 1451 δεῖσθαι
2616 1370 2707 1421 καὶ
2741 1370 2936 1440 δτιμᾷν,
2967 1370 3146 1439 πολλῷ
3193 1371 3354 1425 πλέον
3393 1373 3518 1435 τοὺς
3564 1376 3621 1427 ὲν
3667 1376 3937 1444 πνεύματι

2358 1458 2495 1512 Θεοῦ
2546 1476 2604 1513 σε
2651 1461 3048 1529 γεγεννηκότας
3095 1463 3422 1534 ὑπερτιμᾷν.
3443 1465 3670 1518 Ἐκεῖνοι
3703 1465 3801 1534 μὲν
3834 1465 3940 1533 γὰρ

2363 1551 2697 1619 πρόσκαιρον
2732 1549 2830 1621 τὴν
2854 1551 3000 1621 ζωὴν
3036 1555 3151 1615 τοῖς
3180 1554 3389 1616 τέκνοις
3420 1553 3733 1624 χαρίζονται
3753 1572 3765 1584 °
3795 1550 3939 1610 οὗτοι

2359 1640 2545 1710 δὲτὴν
2574 1641 2790 1694 αἰώνιον
2843 1642 2987 1712 ζωὴν
3010 1641 3100 1695 διά
3143 1644 3241 1713 τῆς
3285 1645 3696 1714 ἀναγεννὴσεως
3743 1645 3939 1714 προξεε-

2363 1732 2531 1786 νοῦσι.
2552 1733 2792 1803 Τίμησον
2815 1730 2906 1787 οὖν
2936 1735 3034 1803 τὴν
3050 1735 3397 1806 Ἐκκλησίαν,
3424 1735 3509 1789 ἵνα
3532 1737 3769 1805 τιμηθῇς
3792 1737 3946 1807 παρά

2362 1824 2454 1877 τοῦ
2484 1826 2641 1887 Θεοῦ,
2675 1826 2769 1879 καλ⁵
2797 1827 2922 1888 τοὺς
2953 1828 3117 1898 ἱερεῖς
3160 1827 3310 1881 αἰδοῦ
3336 1869 3350 1891 ,
3388 1826 3476 1881 οἷα
3507 1829 3747 1899 πατέρας
3779 1845 3945 1881 πνευ-

698 1915 893 1971 eissim
950 1932 980 1971 a
1018 1918 1126 1973 Deo
1172 1920 1224 1974 in
1279 1922 1484 1975 honore
1516 1921 1789 1985 habeare;
1829 1929 1882 1976 et
1943 1918 2262 1977 sacerdotes
2297 1899 2339 1958 Β

2297 1899 2339 1958 Β
2371 1916 2633 1985 ματικοὺς
2654 1955 2668 1979 ,
2696 1917 2789 1969 καὶ
2825 1916 3049 1986 μεσίτας
3080 1918 3237 1987 ἡμῶν
3270 1920 3407 1989 πρὸς
3446 1920 3537 1973 τὸν
3571 1919 3720 1971 Θεὸν.
3741 1919 3804 1970 'H
3834 1918 3945 1986 γάρ

691 2009 814 2077 ejus
841 2025 1090 2067 reverere
1113 2022 1368 2083 tanquam
1397 2014 1712 2083 spirituales
1748 2025 1950 2082 patres,
1980 2024 2035 2069 et
2061 2014 2257 2083 depre-

692 2108 911 2155 calores
967 2117 1066 2171 pro
1125 2103 1286 2157 nobis
1342 2104 1483 2172 apud
1542 2101 1731 2156 Deum.
1784 2105 1968 2157 llonor
1998 2106 2143 2157 enim
2167 2104 2259 2171 qui

692 2191 1073 2249 sacerdotibus
1111 2195 1343 2248 habt-tur
1393 2195 1458 2248 ad
1507 2195 1673 2249 Deum
1738 2195 1972 2249 refertur
2003 2213 2017 2249 :
2048 2202 2104 2250 et
2144 2194 2257 2249 sic-

694 2292 749 2333 ut
798 2293 1021 2353 propter
1068 2276 1123 2339 te
1178 2286 1459 2341 ministros
1512 2295 1635 2340 tuos
1688 2286 1741 2340 in
1796 2285 2007 2340 honore
2057 2286 2260 2341 habere

688 2374 899 2445 justum
956 2384 1063 2443 est,
1114 2377 1185 2430 it'a
1235 2385 1286 2429 et
1320 2384 1539 2446 propter
1585 2375 1755 2429 Deum
1798 2376 2109 2431 sacerdotes
2136 2375 2257 2445 ejus

2366 2008 2474 2060 τῶν
2503 2009 2692 2077 ἱερέων
2717 2008 2851 2078 τιμὴ
2879 2010 2958 2072 εἰς
2980 2009 3111 2062 Θεὸν
3138 2010 3717 2081 ἀναφέρεται.⁶ῗΩσπερ
3736 2010 3841 2078 γὰρ
3861 2010 3949 2061 διὰ

2366 2096 2424 2148 σὲ
2443 2096 2567 2155 τοὺς
2590 2096 2716 2159 σοὺς
2748 2096 3024 2166 ὑπηρέτας
3039 2098 3300 2166 τιμᾶσθαι
3330 2099 3555 2160 δίκαιον,
3583 2099 3723 2151 οὕτω
3743 2098 3837 2151 καὶ
3861 2097 3949 2149 διᾶι

2362 2188 2495 2240 Θεὸν
2523 2187 2647 2254 τοὺς
2680 2186 2846 2241 αὐτοῦ
2884 2189 3052 2255 ἱερεῖς
3081 2191 3266 2258 τιμᾷν,
3301 2189 3448 2243 ὅσιόν
3472 2192 3523 2242 τί
3558 2192 3694 2244 ἐστι.
3718 2190 3823 2241 Καὶ
3849 2188 3951 2241 ὥσο

2361 2300 2427 2335 πε
2436 2299 2465 2351 ρ
2481 2282 2514 2351 ἡ
2536 2282 2615 2346 εἰς
2631 2281 2825 2342 αὐτοὺς
2839 2281 2971 2351 τιμὴ
2988 2282 3077 2333 ἐπὶ
3108 2280 3201 2333 τὸν
3229 2280 3361 2334 Θεὸν
3376 2280 3672 2344 ἀναϐαίνει,
3694 2279 3835 2331 οὕτω
3856 2290 3951 2340 καὶ

2357 2376 2390 2443 ἡ
2422 2375 2501 2436 εἰς
2524 2373 2720 2435 αὐτοὺς
2751 2373 2943 2442 ἀτιμία
2959 2372 3136 2440 πολλῷ
3156 2372 3318 2425 πλέον
3342 2371 3431 2425 τὸν
3456 2372 3588 2427 Θεὸν
3606 2367 3949 2440 παροργίζει.

693 2467 873 2523 colere
902 2475 1068 2537 atque
1128 2470 1421 2523 observare
1474 2468 1568 2537 jus
1631 2467 1823 2537 fasque
1867 2474 1971 2522 est.
2029 2465 2502 2532 Quemadmodum
2564 2474 2747 2518 autem
2816 2465 2995 2518 honor
3060 2464 3153 2534 qui
3208 2464 3292 2518 eis
3340 2465 3578 2517 habetur
3631 2464 3699 2517 ad
3762 2464 3931 2516 Deum

692 2558 947 2630 pertinet,
1009 2560 1082 2612 ita
1136 2574 1322 2613 eorum
1389 2560 1721 2614 contumelia
1787 2566 1841 2613 ct
1900 2568 2247 2625 contemptus
2298 2560 2457 2630 longe
2510 2559 2676 2613 etiam
2734 2558 2953 2628 gravius
2992 2543 3116 2628 ejus
3145 2558 3278 2612 iram
3316 2566 3596 2627 provocat.

954 2653 1031 2706 De
1062 2668 1309 2721 supremo
1333 2653 1543 2722 judicio
1583 2663 1631 2706 et
1666 2653 2027 2707 retributione.

768 2743 1096 2798 Persuasum
1175 2743 1314 2797 habe
1374 2741 1717 2812 eorruptioni
1776 2743 2075 2799 obnoxium
2136 2759 2263 2799 esse

696 2836 983 2898 mundum,
1020 2835 1221 2904 quippe
1258 2833 1350 2903 qui
1379 2843 1561 2887 ortum
1603 2833 1793 2886 habuit
1820 2850 1833 2897 ;
1861 2832 1954 2887 sed
1990 2843 2112 2902 post
2142 2848 2266 2888 cor-

697 2930 1007 2997 ruptionem
1068 2942 1261 2981 rursus
1325 2925 1393 2978 ad
1465 2926 1842 2993 incorruptam
1893 2924 2262 2994 integritatem

696 3033 817 3072 esse
847 3032 1233 3082 reversurum;
1289 3016 1424 3070 nihil
1498 3021 1642 3071 enim
1711 3032 1900 3072 eorum
1931 3032 2052 3087 qua:
2092 3032 2122 3070 a
2154 3016 2265 3073 Deo

696 3119 878 3165 creata
928 3119 1055 3163 sunt
1101 3110 1155 3162 in
1206 3109 1438 3163 nihilum
1492 3125 1730 3177 unquam
1807 3109 1997 3174 abibit,
2054 3108 2272 3164 etiamsi

699 3202 909 3272 peccati
943 3205 1129 3272 lapsus
1152 3210 1205 3256 et
1236 3218 1334 3256 nos
1365 3210 1418 3256 et
1441 3217 1656 3256 onmem
1696 3202 1859 3257 simul
1886 3209 2127 3256 creatam
2161 3217 2259 3256 na-

701 3303 881 3346 turam
926 3293 1145 3345 mortali
1185 3291 1537 3346 dissolutioni
1593 3291 1948 3360 adjudicavit.
1982 3290 2056 3343 Ea
2089 3299 2273 3344 autem

2607 2652 2747 2721 Περὶ
2786 2654 3038 2721 κρίσεως
3075 2652 3171 2705 καί
3212 2650 3696 2717 ἁνταποδὸσεως.

2442 2742 2578 2794 Ἰσθι
2608 2740 2886 2794 πιστεύειν
2919 2742 3009 2794 τὸν
3036 2743 3239 2810 κόσμον
3284 2736 3422 2792 εἶναι
3467 2739 3726 2811 φθαρτὸν,
3758 2737 3950 2805 ἐπειδὴ

2369 2836 2463 2889 καὶ
2494 2836 2682 2903 γέγονε
2704 2851 2718 2865 θ
2760 2835 2897 2904 μετά
2926 2835 2983 2889 δὲ
3007 2834 3104 2903 τὴν
3135 2832 3364 2903 φθορὰν,
3394 2835 3472 2895 είς
3503 2834 3814 2902 ἀφθαρσίαν
3849 2831 3952 2884 πά·

2369 2928 2450 2981 λιν
2483 2928 2964 2996 μεταποιούμενον.
2999 2925 3165 2978 Οὐδὲν
3193 2925 3301 2997 γὰρ
3348 2924 3455 2976 τῶν
3505 2924 3657 2994 παρά
3686 2922 3822 2975 Θεοῦ
3853 2940 3951 2989 γε-

2377 3021 2615 3088 γονότων
2647 3022 2727 3082 εἰς
2760 3019 2820 3070 τὺ
2855 3018 2929 3089 μὴ
2960 3018 3019 3069 ὃν
3048 3018 3309 3088 χαιρήσει,
3342 3016 3445 3069 κᾶν
3470 3017 3530 3068 τδ
3560 3016 3659 3085 τῆς
3683 3015 3956 3085 ἁμαρτίας

2379 3117 2731 3186 παράπτωμα
2785 3114 2901 3183 ἅμα
2929 3115 3059 3184 ἡμῖν
3091 3113 3185 3165 καὶ
3215 3113 3396 3165 πᾶσαν
3424 3108 3523 3181 τὴν
3549 3110 3726 3163 κτίσιν
3755 3111 3818 3177 τῇ
3845 3107 3959 3160 δια-

2380 3208 2531 3260 λύσει
2563 3201 3366 3275 συγκατεδίκασεν.”Αφθαρτον
3400 3201 3454 3255 δὲ
3487 3201 3588 3272 τὴν
3631 3199 3809 3253 κτίσιν
3855 3198 3963 3250 πά·

2382 3298 2483 3359 λιν,
2516 3297 2683 3367 ἤγουν
2733 3295 2825 3346 τὸν
2876 3294 3100 3363 κόσμον,
3130 3291 3585 3362 ἀπεκδεχόμενος,
3612 3291 3706 3343 καὶ
3751 3287 3962 3356 νεκρῶν

702 3386 915 3439 ratione
974 3386 1448 3454 incorruptiLilem
1493 3400 1618 3439 esse
1672 3385 1934 3439 mundum
1982 3384 2278 3438 admittens
2308 3378 2351 3440 C

2308 3378 2351 3440 C
2382 3390 2678 3443 ἀνάστασιν
2705 3386 2978 3456 ὁμολόγει,
3006 3384 3099 3437 καὶ
3140 3382 3323 3453 κρίσιν
3367 3381 3583 3435 δικαίαν
3610 3380 3719 3433 τῶν
3746 3380 3963 3447 ἑκάστῳ

702 3477 965 3533 conﬁtere
986 3478 1153 3532 etiam
1184 3486 1433 3531 mortuos
1458 3476 1528 3530 ab
1554 3474 1747 3531 inferis
1776 3475 2101 3530 excitandos
2129 3490 2275 3539 esse,

701 3581 756 3624 et
788 3571 989 3640 justam
1018 3570 1686 3639 exspectajudicationem
1722 3568 1964 3622 omnium
1983 3584 2105 3637 qua:
2131 3570 2277 3635 quis-

704 3680 809 3733 que
873 3666 925 3716 itt
977 3664 1089 3716 vita
1130 3678 1229 3716 sua
1282 3661 1513 3731 gesserit
1548 3679 1560 3714 :
1592 3660 1729 3715 nihil
1765 3661 1908 3715 enim
1938 3660 2063 3721 mali
2103 3660 2279 3728 impu-

707 3756 884 3810 nitum
919 3754 1164 3807 divinam
1207 3753 1479 3823 justitiam
1524 3752 1769 3821 eﬂ'ugiet,
1807 3751 1944 3805 nihil
1995 3751 2123 3806 boni
2172 3766 2278 3805 non

709 3863 812 3903 suo
837 3845 1062 3914 praelatio
1091 3854 1419 3898 coronatum
1469 3843 1677 3897 latebit.
1716 3842 1807 3896 Sic
1859 3841 2007 3896 enim
2042 3849 2282 3896 statuero

709 3938 849 4009 :tptttl
880 3947 932 3990 te
960 3936 1150 3997 debes,
1173 3951 1347 4004 neque
1371 3934 1660 3988 interitura
1691 3948 1813 3986 esse
1840 3946 2080 4001 unquam
2110 3932 2285 3986 bono-

711 4046 831 4081 rum
865 4028 1079 4091 merita,
1108 4025 1571 4095 nequemaiorum
1624 4024 1889 4093 supplicia
1934 4024 2091 4085 linem
2129 4022 2285 4077 habi-

713 4130 857 4181 tura,
884 4118 1140 4186 quoniam
1186 4125 1418 4185 utraque
1440 4123 1701 4185 perpetuo
1748 4114 2012 4168 duratura
2043 4121 2193 4182 sunt,
2233 4120 2287 4167 et

713 4212 964 4269 neutrius
1001 4210 1124 4265 linis
1157 4210 1301 4262 ullus
1338 4207 1557 4261 futurus
1581 4216 1683 4259 cst.

1270 4300 1344 4355 De
1366 4302 1716 4368 eleemosyna.

787 4396 1039 4450 Limitem
1086 4394 1249 4448 etiam
1293 4392 1483 4445 mortis
1510 4406 1654 4460 smpe
1692 4398 1873 4444 movet
1913 4389 2286 4459 eleemosyna,

717 4489 879 4545 sicuti
901 4487 1062 4559 vulgo
1088 4488 1299 4548 fertur;
1342 4484 1450 4536 vita
1482 4484 1627 4536 enim
1662 4489 1844 4551 potest
1885 4482 1991 4536 emi
2032 4481 2288 4550 pecunia,

716 4598 842 4637 cum
898 4587 1120 4651 propter
1159 4580 1323 4631 vitam
1370 4575 1712 4643 salutemque
1767 4582 2012 4629 nostram
2060 4573 2204 4627 Deus
2235 4588 2293 4627 se

720 4672 1043 4728 muneribus
1080 4670 1219 4723 llecti
1250 4668 1508 4739 patiatur.
1540 4666 1768 4720 Divitias
1798 4681 1926 4736 ergo
1960 4666 2196 4720 caducas
2237 4666 2288 4718 in

722 4774 866 4818 terra
927 4761 1287 4834 proluudens,
1344 4760 1681 4814 immortales
1738 4759 1836 4813 tibi
1893 4774 2187 4814 coacervas
2235 4758 2291 4810 in

721 4856 865 4910 caelo
891 4895 905 4918 ,
947 4861 1006 4908 ut
1043 4853 1207 4907 etiam
1265 4863 1386 4922 qua:
1426 4850 1589 4905 isthic
1619 4858 1752 4906 sunt
1782 4850 1927 4904 bona
1955 4849 2291 4918 assequaris.

726 4947 1019 5002 Enimvero
1088 4958 1279 5013 reapse
1355 4944 1719 4998 inexhaustus
1779 4953 1864 4999 cst
1922 4942 2295 4998 beneﬁcentia:

724 5040 1055 5101 thesaurus;
1081 5036 1210 5089 dum
1235 5035 1382 5089 enim
1402 5035 1738 5107 dispergitur
1763 5035 2061 5106 colligitur,
2090 5035 2294 5089 etdum

726 5131 962 5184 donatur
991 5128 1255 5197 recipitur
1282 5143 1299 5182 :
1334 5142 1510 5195 neque
1539 5129 1715 5181 solum
1739 5142 1834 5181 eos
1869 5127 1960 5197 qui
1994 5128 2145 5180 illum
2171 5140 2297 5197 pos-

728 5222 908 5280 sident
929 5220 1126 5274 divites
1157 5219 1243 5273 hic
1274 5218 1460 5284 ellicit,
1498 5220 1591 5273 sed
1622 5219 1732 5273 iliic
1753 5220 1916 5274 etiam
1958 5219 2167 5275 beatos.

1124 5396 1198 5452 De
1226 5397 1502 5467 diligentia
1531 5406 1580 5451 et
1615 5397 1909 5468 vigilantia.

804 5494 860 5548 In
886 5499 1066 5546 mente
1091 5503 1307 5560 semper
1328 5490 1520 5543 habeto
1545 5498 1830 5559 parentum
1855 5499 2070 5543 tuorum
2101 5502 2296 5553 mores,

736 5596 791 5644 et
823 5585 892 5641 ad
941 5597 1129 5638 eorum
1156 5581 1463 5651 exemplum
1502 5581 1667 5635 vitam
1700 5588 1846 5635 tuam
1882 5581 2125 5636 studiose
2152 5595 2303 5633 eom-

740 5680 967 5751 ponitn;
995 5688 1171 5743 neque
1203 5672 1348 5726 enim
1377 5674 1676 5728 oscitanter
1705 5691 1803 5728 nos
1832 5683 1925 5726 aut
1964 5672 2227 5742 ignaviter
2248 5672 2299 5726 in

740 5770 906 5825 rebus
945 5763 1200 5836 gerendis
1238 5780 1556 5829 versamur;
1605 5765 1698 5819 sed
1733 5777 1790 5818 ut
1819 5766 1924 5817 vita
1952 5774 2135 5817 nostra
2159 5764 2305 5817 velut

738 5863 958 5920 virtutis
980 5861 1161 5927 imago
1186 5855 1281 5909 tibi
1316 5866 1648 5928 proponatur
1674 5859 1865 5914 scdulo
1891 5858 2122 5929 agimus,
2171 5857 2309 5912 incr-

2383 3476 2731 3551 βεδιωμένων
2760 3475 3018 3545 ἀνάμενε.
3048 3474 3215 3529 Οὐδὲν
3259 3472 3368 3544 γὰρ
3420 3471 3590 3526 κακὸν
3616 3470 3963 3540 ἀτιμώρητον

2381 3574 2479 3643 τὴν
2509 3572 2658 3626 θείαν
2690 3570 3041 3638 διαφεύξεται
3070 3567 3226 3638 δίκην
3247 3607 3261 3630 ,
3286 3566 3405 3619 οὐδέ
3438 3582 3502 3635 γε
3536 3564 3696 3618 καλὸν
3725 3564 3964 3630 ἀστεφά-

2383 3682 2550 3718 νωτον
2578 3662 2826 3735 διαλάθῃ.
2876 3662 3034 3731 Μήτε
3064 3661 3171 3730 γὰρ
3201 3658 3269 3712 τὰ
3300 3659 3409 3710 τῶν
3448 3656 3671 3726 ἀγαθῶν
3703 3656 3842 3726 γέρα
3873 3654 3966 3707 λο-

2382 3756 2535 3825 γίζου
2584 3754 2772 3825 θνητὰ,
2811 3753 2948 3823 μήτε
2996 3751 3102 3822 μὴν
3152 3750 3251 3811 τὰς
3299 3748 3405 3802 τῶν
3454 3748 3672 3818 φαύλων
3716 3745 3964 3809 κολάσεις

2383 3849 2534 3910 τέλος
2582 3844 2827 3910 δέξεσθαί
2874 3860 3025 3897 ποτε.
3074 3840 3383 3911 Ἀμφότερα
3431 3838 3537 3907 γὰρ
3581 3837 3804 3891 αἰωνίαν
3854 3836 3966 3904 ἔχει

2384 3940 2483 4009 τὴν
2517 3937 2799 4010 διαμονὴν,
2828 3936 2924 3990 καὶ
2961 3937 3019 3988 ἐν
3055 3933 3383 4004 ἀμφοτέροις
3410 3931 3562 3987 ἔσται
3591 3930 3650 3985 τὸ
3671 3927 3965 3998 ἀτελεύτη-

2387 4048 2500 4084 τον.

2870 4294 3008 4361 Περὶ
3047 4291 3484 4361 ἑλεημοσύνης.

2464 4388 2592 4442 Λύει
2620 4388 2726 4441 καὶ
2772 4385 2898 4456 ὅρον
2948 4385 3178 4439 θανάτου
3225 4385 3258 4453 ἡ
3309 4379 3645 4451 ἐλεημοσύνη
3693 4379 3971 4441 πολλάκις,

2394 4482 2534 4533 κατά
2563 4480 2621 4531 τὸ
2651 4479 2858 4547 φάσκον
2904 4479 3086 4549 ῥητόν.
3137 4476 3246 4529 Καὶ
3276 4474 3570 4545 χρημάτων
3599 4471 3728 4542 γὰρ,
3758 4470 3833 4533 ὡς
3863 4472 3969 4524 ἔοι-

2396 4590 2512 4637 κεν,
2549 4571 2696 4625 ἐστὶν
2720 4570 2903 4640 ὠνητὴ
2932 4572 2964 4639 η
2996 4566 3128 4638 ζωὴ,
3161 4565 3363 4621 ὁπόταν
3387 4567 3415 4617 ό
3437 4564 3570 4626 Θεὸς
3598 4562 3686 4616 διά
3714 4560 3811 4630 τὴν
3836 4561 3975 4629 ἡμε-

2396 4664 2558 4734 τέραν
2608 4662 2751 4731 ζωὴν
2786 4662 2881 4714 καὶ
2919 4660 3191 4731 σωτηρίαν
3236 4656 3587 4728 δωρολήπτης
3737 4651 3976 4706 Πλοῦτον

2398 4757 2492 4810 οὖν
2544 4754 2853 4824 σκορπίξων
2901 4752 3094 4822 θνητὸν
3143 4750 3235 4804 ἐπὶ
3286 4751 3409 4818 γῆς,
3443 4748 3671 4801 πλοῦτον
3721 4745 3974 4812 συνάγεις

2401 4848 2664 4904 ἀθάνατον
2706 4847 2761 4898 ὲν
2795 4844 3029 4916 οὐρανῷ,
3058 4844 3155 4898 καὶ
3182 4838 3604 4911 προσπορίζεταί
3654 4854 3735 4890 σοι
3770 4836 3865 4890 καὶ
3908 4835 3976 4887 τὰ

2401 4938 2633 4995 ἐνταῦθα
2661 4936 2859 5006 ἀγαθά.
2895 4936 3006 4990 Καὶ
3053 4935 3163 5004 γάρ
3208 4932 3422 5004 ἀληθῶς
3465 4929 3811 4999 άδαπάνητός
3857 4930 3975 4981 ἑστι

2400 5032 2496 5100 τῆς
2523 5029 2768 5093 εὐποιίας
2797 5030 2826 5081 ὁ
2856 5026 3087 5089 πλοῦτος
3106 5043 3118 5055 ·
3158 5024 3584 5095 σκορπιζόμενος
3606 5021 3715 5091 γάρ
3745 5020 3978 5089 συνάγε-

2402 5142 2513 5188 ται,
2544 5123 2637 5177 καὶ
2668 5122 2942 5191 διδόμενος
2970 5119 3132 5174 πάλιν
3161 5118 3498 5189 λαμϐάνεται
3518 5132 3531 5146 ·
3572 5115 3666 5170 καὶ
3709 5114 3771 5167 οὐ
3819 5113 3979 5184 μόνον

2405 5214 2651 5268 ἐντεῦθεν
2700 5213 2826 5276 τοὺς
2869 5212 3234 5283 κεκτημένους
3277 5210 3439 5264 αὑτὸν
3482 5207 3769 5270 πλουσίους
3814 5206 3977 5269 ποιεῖ,

2404 5306 2538 5360 ἀλλά
2568 5305 2821 5358 κάκεῖθεν
2850 5304 3223 5374 μακαριστοὺς
3251 5301 3619 5356 ἀποδείκνυσι.

2635 5398 2776 5464 Περὶ
2813 5397 3156 5465 ἐπιμελείας
3192 5394 3289 5449 καὶ
3326 5394 3750 5464 ἐγρηγόρσεως.

2482 5489 2611 5557 Ἔχε
2641 5486 2784 5539 κατά
2811 5487 2935 5538 νοῦν
2972 5487 3098 5547 τοὺς
3129 5483 3379 5551 γονικούς
3409 5499 3503 5535 σου
3537 5482 3771 5553 τρόπους
3798 5480 3978 5549 διηνε-

2409 5580 2540 5643 κῶς,
2570 5578 2663 5632 καὶ
2692 5578 2905 5640 τούτοις
2934 5577 3026 5629 τὸν
3076 5576 3166 5629 σὺν
3198 5576 3311 5644 βίον
3356 5573 3631 5641 ἐπιμελῶς
3662 5571 3979 5640 κατάρτιξε.

2412 5673 2545 5726 Οὐδὲ
2589 5671 2698 5741 γὰρ
2730 5668 3009 5738 ὀλιγώρως
3038 5670 3195 5737 ἡμεῖς
3214 5711 3227 5732 ,
3260 5668 3377 5721 οὐδὲ
3410 5665 3666 5737 ῥᾳθύμως
3696 5664 3825 5733 περὶ
3857 5663 3984 5724 τοὺς

2415 5763 2629 5831 ἀγῶνας
2680 5761 3053 5829 διατελοῦμεν,
3081 5759 3212 5813 ἀλλὰ
3255 5759 3354 5823 τῆς
3407 5758 3605 5829 ἀρετῆς
3649 5757 3854 5818 εἰκόνες
3899 5770 3986 5807 σοι

2420 5854 2737 5927 προκεῖσθαι
2789 5851 3225 5923 φιλονεικοῦμενυ
3256 5850 3512 5919 ἐπίψογον
3558 5848 3655 5916 μὲν
3697 5846 3786 5899 τὸν
3830 5845 3987 5899 ὄκνον
