4224 6444
290 410 391 444 τῖς

1011 392 1291 454 BASIHI
1328 395 1480 454 IMP.
1514 396 1949 455 ΡΛίὶῈΝΕςῐὶξ
1987 400 2081 456 AD
2115 399 2414 459 LEONE“
2470 402 2755 459 li‘ll.tll‘tl_

3413 414 3532 455 X\Vt

289 500 425 575 ὴγού
436 528 609 578 μενοι,
642 509 701 563 ὲν
732 510 936 578 ἐπαίνῳ
976 510 1034 561 δὲ
1066 514 1157 561 τὸν
1200 512 1358 562 πόνον
1390 512 1719 578 ποιούμενοι.
1751 512 1869 577 Μη-
1900 532 1945 570 Α

1865 532 1945 570 Ἀ
1975 514 2103 565 tiam
2149 516 2202 565 in
2244 514 2376 567 vitio
2408 524 2694 583 ponentes.
2733 522 2787 565 et
2854 514 3089 565 laborem
3144 512 3196 565 in
3255 514 3409 565 laude
3435 522 3533 567 dn-

288 600 341 651 δὲ
380 603 533 667 παρὰ
575 602 766 668 καιρὸν
796 602 913 669 χρῶ
948 604 1055 661 τοῖς
1091 601 1440 669 πράγμασιν,
1466 601 1604 655 ἀλλὰ
1626 600 1866 668 γύμναζε

291 694 512 750 σαυτὸν,
544 693 842 745 ἀπολαύειν
877 696 974 762 μὲν
1010 694 1120 744 τῶν
1152 693 1452 744 δοκούντων
1495 696 1552 745 ὲν
1600 692 1698 760 βίῳ
1736 695 1870 758 ἀγα-

290 786 420 843 Olim,
450 786 525 847 ὡς
567 788 780 855 θνητὸς,
816 786 1195 855 ἐπιμελεῖσθαι
1221 786 1277 837 δὲ
1307 788 1492 855 τυχεῖν
1516 786 1622 838 τῶν
1655 786 1871 854 μελλόν-

289 895 422 936 των,
457 879 532 939 ῶς
560 878 852 941 ἀθάνατος.

414 968 551 1035 Περὶ
592 970 1105 1037 συναναστροφῆς
1148 969 1457 1037 χρησίμων
1492 965 1746 1034 ἀνδρῶν.

364 1060 587 1128 ’ἰατροῖς
616 1059 805 1129 ψυχῶν
833 1061 1010 1129 ὁμίλει
1045 1060 1285 1130 συνεχῶς
1307 1099 1321 1122 ,
1354 1060 1441 1112 ἵνα
1467 1059 1707 1113 εὐεκτεῖν
1739 1059 1869 1128 ἔχῃς

290 1154 435 1205 κατὰ
480 1154 679 1221 ψυχήν.
716 1152 923 1215 Μὰθοις
956 1153 1064 1222 γὰρ
1094 1152 1162 1205 ἂν
1195 1154 1324 1221 παρ’
1351 1152 1550 1215 αὐτῶν,
1578 1150 1741 1204 τίνων
1764 1150 1869 1219 χρὴ

289 1243 637 1310 πραγμάτων
664 1242 952 1311 ὀρέγεσθαι
984 1244 1078 1295 καὶ
1111 1243 1270 1295 τίνων
1304 1243 1623 1311 ἀπέχεσθαι,
1646 1242 1740 1293 καὶ
1758 1241 1869 1291 τίσι

289 1332 401 1382 τῶν
433 1330 737 1400 ἀνθρώπων
770 1332 1326 1400 συναναστρέφεσθαι,
1348 1334 1500 1393 τίνας
1518 1332 1575 1384 δὲ
1598 1329 1870 1399 ἀποστρέ-

291 1422 514 1487 φεσθαι,
545 1423 642 1475 καὶ
693 1422 811 1485 πῶς
857 1424 947 1475 τὸν
979 1424 1070 1476 σὸν
1105 1424 1218 1492 βίον
1250 1425 1649 1493 οἰκονομήσεις,
1675 1424 1761 1475 ἵνα
1794 1422 1870 1491 μὴ

292 1514 511 1577 συχνοῖς
564 1513 674 1574 τοῖς
722 1513 993 1581 νοσήμασι
1046 1514 1367 1581 περιπέσῃς.
1401 1513 1464 1564 El
1510 1512 1618 1579 γὰρ
1663 1509 1869 1578 ταύτην

289 1603 505 1669 τρίψεις
536 1604 637 1671 τὴν
668 1603 806 1666 ὁδὸν,
838 1603 932 1656 τοῦ
954 1604 1049 1673 τῆς
1074 1604 1276 1672 ἀρετῆς
1301 1601 1564 1672 ἀκριϐοῦς
1586 1603 1713 1670 ὃρσυ
1733 1618 1867 1669 γνη-

292 1693 430 1754 σίως
462 1693 744 1759 ἐφικέσθαι
774 1694 1070 1763 δυνηθήσῃ.

877 1786 1015 1853 Περὶ
1054 1785 1192 1853 ἀρετ
1204 1785 1294 1855 ἧς..

366 1876 479 1944 υύχ
509 1876 652 1929 οὕτω
674 1876 742 1929 τὰ
773 1876 863 1929 τοῦ
899 1879 1105 1945 κόσμου
1133 1878 1308 1931 πάντα
1337 1876 1543 1945 τερπνὰ
1565 1915 1581 1940 ,
1606 1874 1681 1935 ὡς
1712 1876 1742 1925 ὀ
1768 1873 1868 1939 τῆς

290 1964 497 2031 ἀρετῆς
548 1965 774 2027 πλοῦτος
829 1966 920 2017 τὸν
971 1966 1193 2035 βασιλέα
1243 1968 1458 2034 κοσμεῖ.
1490 1966 1563 2017 Τὸ
1613 1963 1714 2033 μὲν
1758 1962 1866 2032 γὰρ

290 2056 490 2117 κάλλος
517 2056 612 2107 καὶ
634 2058 665 2123 ὴ
698 2057 999 2127 εὐπρέπεια
1023 2057 1055 2126 ἢ
1082 2057 1221 2125 νόσῳ
1245 2056 1278 2123 ἢ
1309 2056 1486 2125 χρόνῳ
1509 2054 1827 2124 μαραίνεται
1847 2069 1862 2084 ⁸

293 2145 526 2207 πλοῦτος
570 2147 627 2197 δὲ
679 2148 953 2216 ῥᾳθυμίας
992 2148 1085 2198 καὶ
1128 2146 1335 2214 ἡδονῶν
1383 2146 1616 2215 ὑπάρχει
1657 2144 1863 2212 πατήρ.

304 2237 493 2306 Ῥώμη
532 2240 629 2307 μὲν
656 2239 765 2306 γὰρ
798 2239 865 2290 τὰ
901 2237 999 2307 μὲν
1032 2238 1259 2306 σώματα
1288 2239 1405 2299 ταῖς
1448 2236 1625 2298 νίκαις
1653 2237 1863 2304 κοσμεῖ,

291 2330 412 2389 ταῖς
442 2327 499 2378 δὲ
530 2329 629 2395 τῆς
654 2328 833 2395 ψυχῆς
865 2328 1205 2397 ἐπιμελείαις
1233 2329 1529 2380 ἐπισκοτεῖ.
1548 2330 1610 2381 'H
1646 2328 1705 2379 δὲ
1735 2329 1867 2396 κτῆ-

294 2435 376 2475 σις
419 2418 521 2486 τῆς
566 2421 788 2488 ἀρετῆς,
819 2414 900 2482 οἷς
954 2420 1021 2472 ἂν
1069 2418 1458 2488 προσγένηται,
1493 2418 1588 2471 καὶ
1636 2417 1865 2470 πλούτου

292 2511 389 2562 καὶ
424 2512 705 2577 εὐγενείας
736 2512 1128 2581 χρησιμωτέρα
1166 2512 1280 2563 ἐστί
1301 2528 1315 2541 ·
1363 2511 1458 2563 καὶ
1499 2510 1644 2579 ἅπερ
1686 2509 1865 2572 ἄλλοις

289 2600 531 2655 ἀδύνατα
579 2603 743 2666 δοκεῖ,
769 2602 909 2672 αὔτη
953 2601 1126 2655 ταῦτα
1178 2603 1274 2655 σὺν
1321 2601 1442 2671 Θεῷ
1483 2600 1683 2654 δυνατὰ
1727 2618 1867 2670 παρα

294 2694 439 2761 ιστᾷ.

821 2786 960 2852 Περὶ
999 2785 1338 2853 ἐπιθυμίας.

358 2878 620 2947 Σώματος
650 2879 912 2948 ἐπιθυμία
945 2878 1223 2948 εὐμόρφου
1272 2881 1346 2948 μή
1385 2892 1483 2933 στω
1516 2894 1686 2933 κατα)
1735 2879 1864 2946 ani.-

290 2986 395 3033 σει,
424 2971 503 3022 ὅτι
533 2968 784 3039 χώματος
813 2970 995 3037 ὀλίγου
1020 2970 1171 3033 ἄξιον
1197 2970 1256 3023 τὸ
1276 2968 1539 3024 τοιοῦτον.
1565 2968 1731 3038 Σῶμα
1752 2990 1781 3035 κ,
1799 2965 1870 3038 ἀρ

289 3062 413 3131 μετ’
441 3061 622 3129 ὀλίγον
666 3063 825 3131 χῶμα
867 3062 1031 3115 πάλιν
1056 3062 1257 3129 ὀλίγον.
1294 3062 1449 3132 Mirr:
1479 3056 1572 3115 οὖν
1594 3060 1683 3115 ἐπ’
1710 3061 1868 3128 εὐγε-

1971 612 2177 656 centes.
2212 602 2288 657 Ne
2315 606 2479 670 igitur
2508 604 2884 673 intempestive
2908 605 3071 656 rebus
3101 604 3293 663 utaris,
3329 610 3420 656 sed
3464 608 3533 657 ita

1972 707 2024 749 te
2050 712 2327 766 compara,
2353 708 2411 750 ut
2438 708 2484 751 et
2512 701 2576 751 iis
2603 714 2723 767 quae
2753 698 2854 751 bac
2880 699 2933 750 in
2964 698 3070 749 vita
3099 713 3223 751 esse
3261 697 3532 756 videntur.

1970 790 2274 843 commodis
2302 788 2497 849 fruare,
2540 789 2863 843 ntmortalis
2888 827 2903 850 ,
2941 799 2993 842 et
3018 788 3200 841 futura
3232 789 3373 843 bona
3404 803 3533 840 cono

1969 894 2219 949 sequare,
2259 888 2319 931 ut
2354 881 2697 933 immortalis.

2282 972 2360 1026 De
2381 972 2753 1025 consuetudine
2776 973 2987 1025 utilium
3020 972 3269 1024 rimruttt.

2039 1062 2175 1117 Cum
2205 1062 2429 1116 medicis
2460 1063 2764 1115 animorum
2806 1064 3029 1115 assidue
3084 1075 3302 1114 versare
3333 1068 3388 1111 ut

1972 1148 2155 1207 animo
2216 1155 2398 1209 valeas
2445 1169 2460 1207 :
2523 1153 2589 1206 ab
2622 1154 2689 1207 iis
2732 1154 2876 1207 enim
2908 1154 3122 1207 discere
3156 1152 3362 1221 poteris
3397 1166 3446 1218 qi
3489 1170 3531 1201 ις

1974 1261 2061 1300 res
2088 1255 2361 1315 appetere,
2394 1256 2448 1301 et
2477 1261 2505 1299 a
2530 1247 2732 1314 quibus
2763 1245 3041 1300 abstinere
3065 1247 3266 1299 debeas
3293 1261 3305 1307 ;
3335 1244 3536 1313 quibus

1972 1352 2097 1391 eum
2126 1338 2435 1391 hominibus
2466 1353 2850 1400 consuescere,
2880 1345 2935 1389 et
2966 1352 2995 1389 a
3040 1352 3273 1405 quorum
3306 1351 3540 1390 consue-

1974 1428 2159 1481 tudine
2190 1428 2512 1490 abhorrere.
2562 1439 2615 1482 et
2672 1428 2949 1497 quomodo
2983 1428 3149 1479 vitam
3179 1442 3390 1481 omnem
3425 1443 3538 1478 mo-

1971 1518 2147 1572 derari
2181 1525 2453 1586 oporteat,
2484 1527 2543 1571 ut
2569 1534 2635 1571 ne
2684 1519 2736 1572 in
2771 1518 3090 1586 frequentes
3150 1516 3371 1569 morbos
3404 1515 3538 1569 inei-

1970 1609 2092 1664 das.
2130 1611 2186 1663 Si
2228 1611 2368 1663 bane
2426 1610 2572 1663 enim
2606 1610 2874 1664 institeris
2932 1626 3100 1671 viam,
3135 1607 3201 1662 ad
3237 1621 3379 1661 verae
3410 1605 3543 1660 soli-

1971 1698 2160 1763 dzeque
2186 1700 2406 1754 virtutis
2437 1701 2637 1754 limites
2674 1714 2858 1753 revera
2882 1700 3166 1768 pervenire
3188 1697 3414 1768 poteris.

2595 1788 2669 1840 De
2700 1788 2922 1841 virtute.

2042 1875 2197 1930 llattd
2245 1885 2453 1931 tantum
2486 1880 2611 1931 vitae
2638 1876 2894 1946 jucunda:
2936 1892 3049 1938 res,
3092 1883 3355 1944 quantum
3411 1876 3539 1927 sola‘

1972 1963 2187 2017 virtutis
2233 1978 2367 2032 opes
2423 1964 2644 2033 regibus
2700 1962 2933 2017 aﬂ'erunt
2984 1962 3313 2016 ornamenti.
3342 1960 3535 2013 Forma

1969 2056 2115 2108 enim
2151 2070 2217 2109 ac
2252 2056 2420 2109 decor
2451 2064 2545 2108 aut
2593 2056 2784 2109 morbo
2831 2065 2924 2109 aut
2957 2064 3117 2109 aetate
3167 2061 3529 2108 marcescunt.

1971 2146 2182 2201 Divitim
2232 2148 2566 2216 voluptatum
2612 2155 2773 2215 atque
2808 2147 3035 2216 ignavia:
3061 2147 3382 2213 pla-rumque
3411 2150 3538 2196 sunt

1971 2236 2190 2291 fomites
2240 2256 2251 2292 :
2293 2246 2348 2290 at
2399 2252 2527 2290 vero
2583 2238 2753 2289 robur
2804 2251 3003 2305 corpus
3039 2236 3258 2305 quidem
3291 2231 3538 2286 victoriis

1971 2326 2246 2389 honestat,
2279 2326 2371 2381 sed
2403 2327 2567 2380 animi
2602 2327 2902 2380 luminibus
2940 2326 3127 2379 ollieil.
3172 2324 3409 2377 Virtutis
3440 2337 3538 2373 au-

1968 2425 2076 2472 tem
2134 2418 2410 2487 possessio
2438 2418 2638 2488 quibus
2668 2419 2990 2488 contigerit,
3028 2425 3082 2471 et
3114 2414 3320 2469 divitiis
3350 2420 3404 2467 et
3439 2427 3536 2465 no—

1968 2507 2182 2563 bilitate
2204 2508 2556 2577 pnestantior
2585 2517 2669 2563 est
2694 2526 2708 2573 ;
2738 2517 2793 2563 et
2816 2523 2939 2577 quae
2963 2507 3085 2560 aliis
3113 2505 3225 2559 ﬁeri
3252 2517 3357 2556 non
3379 2515 3539 2571 posse

1970 2600 2242 2661 videntur,
2272 2599 2385 2654 lucc
2413 2600 2503 2653 illa
2526 2600 2633 2655 Deo
2670 2600 2888 2653 favente
2920 2598 2985 2651 ad
3018 2596 3331 2653 faciendum
3358 2589 3536 2646 reddit

1965 2692 2235 2761 expedita.

2533 2786 2607 2840 De
2629 2787 2940 2854 cupiditate.

2038 2878 2323 2948 lmpotenti
2377 2877 2602 2931 formosi
2659 2876 2911 2946 corporis
2965 2875 3268 2949 cupiditate
3312 2874 3432 2929 vide
3472 2889 3539 2928 ne

1968 2984 2211 3038 unquam
2240 2968 2478 3037 capiaris
2506 2984 2521 3020 :
2556 2982 2682 3021 nam
2706 2965 2839 3021 illttd
2872 2966 3056 3036 exigui
3092 2967 3333 3036 pulveris
3364 2967 3538 3035 pretio

1967 3061 2127 3115 debet
2154 3060 2453 3124 mstimari;
2490 3073 2693 3129 corpus
2723 3059 2870 3113 enim
2918 3072 3045 3112 mox
3094 3054 3376 3126 paululum
3434 3058 3538 3109 erit

283 3155 407 3224 νεία
434 3155 683 3223 σώματος
714 3153 980 3223 ἐπαρθῇς,
1016 3155 1151 3222 μήτε
1183 3153 1287 3222 μὴν
1316 3152 1631 3218 δυσγένειαν
1651 3150 1864 3218 ἑξουθε-
1888 3181 1933 3243 C

1888 3181 1933 3243 Ο
1970 3153 2235 3222 pulveris.
2268 3150 2410 3219 Ergo
2445 3166 2621 3221 neque
2673 3150 2962 3205 nobilitate
2998 3148 3252 3217 corporis
3282 3145 3536 3201 cili-raris

285 3247 487 3316 ιιιὶισῃς,
507 3246 646 3314 μήτε
676 3244 861 3298 κάλλει
887 3244 1181 3314 ἁγρευθῇς,
1217 3248 1352 3313 μήτε
1374 3243 1711 3316 δυσμορφίαν
1730 3244 1866 3294 ἀπο-

285 3337 561 3404 στραφῇς,
592 3332 710 3385 ἀλλ’
736 3334 837 3403 ὅρα
868 3332 927 3384 τὸ
956 3332 1151 3395 κάλλος
1184 3332 1247 3386 τδ
1271 3332 1371 3402 τῆς
1396 3332 1575 3402 drop-ﬁ;
1594 3374 1609 3396 ,
1643 3334 1738 3385 καὶ
1767 3332 1868 3401 ἐρα

282 3424 361 3493 τῷ
408 3425 682 3495 πνεύματι
719 3423 819 3493 τὴν
857 3426 1054 3494 ψυχήν.
1080 3426 1259 3493 Ἔρως
1303 3424 1411 3494 γὰρ
1458 3425 1664 3485 ἐκεῖνος
1708 3422 1867 3493 μόνος

282 3516 491 3585 ἀληθὴς
540 3516 636 3569 καὶ
686 3515 977 3579 ἀθάνατος,
1010 3516 1107 3585 οὐχ
1134 3516 1191 3577 ὃς
1237 3514 1354 3584 ἅμα
1380 3514 1459 3582 τῷ
1484 3517 1666 3583 τυχεῖν
1706 3513 1865 3577 εὐθὺς

280 3607 620 3672 ἀπογίνεται,
648 3603 761 3658 ἀλλ’
788 3606 846 3668 ὃς
893 3606 1030 3674 μετὰ
1074 3605 1134 3658 τὸ
1172 3606 1355 3674 τυχεῖν
1393 3603 1589 3675 μᾶλλον
1630 3602 1867 3673 ἐπιγίνε-

280 3714 393 3750 ται.

578 3784 713 3851 Περὶ
754 3783 863 3851 τῆς
902 3784 1018 3837 τῶν
1054 3786 1290 3853 τρόπων
1323 3785 1561 3854 ἀρετῆς.

358 3872 591 3937 Ἔλαϐες
625 3877 688 3927 ὲκ
714 3875 849 3928 Θεοῦ
881 3875 1176 3944 βασιλείαν,
1210 3875 1445 3944 φύλαξον
1466 3876 1636 3946 αὐτὴν
1661 3874 1738 3939 ῶς
1761 3892 1864 3929 πα-

283 3966 679 4034 ρακαταθήκην
710 3966 903 4019 ἄσυλον
923 3984 936 3997 ·
969 3967 1043 4036 μὴ
1090 3965 1292 4035 φαῦλος
1321 3966 1493 4037 ὀφθῇς
1528 3965 1622 4019 τοῦ
1651 3966 1868 4036 δεδομέ-

279 4075 376 4108 νου
412 4073 493 4109 σοι
524 4057 729 4125 φύλαξ·
780 4057 915 4127 μηδὲ
974 4058 1199 4125 ἀγενὲς,
1256 4056 1391 4127 μηδὲ
1433 4056 1652 4122 ἀνάξιον
1697 4055 1864 4125 αὐτῆς

280 4146 576 4217 διαπράξῃ.
611 4147 748 4200 Ἀλλ’
777 4148 967 4218 ὥσπερ
1013 4147 1319 4226 βασιλεύειν
1364 4146 1474 4200 τῶν
1517 4146 1719 4199 λοιπῶν
1771 4147 1864 4198 ἀν-

284 4234 524 4306 θρώπων
569 4237 903 4305 προεκρίθης
950 4237 1092 4289 κατὰ
1136 4236 1235 4306 τὴν
1284 4235 1625 4301 ἀξίαν,οὖτω
1676 4253 1864 4307 προτε-

284 4327 467 4396 (οεύειν
492 4327 600 4379 τῶν
637 4327 741 4380 ὑπὸ
790 4330 945 4397 χεῖρα
972 4328 1189 4382 πάντων
1227 4327 1424 4381 σπεῦδε
1459 4328 1553 4381 καὶ
1583 4328 1704 4380 κατ’
1732 4328 1860 4397 ἀρε-

280 4419 489 4488 τήν.⁹η
524 4419 631 4487 γὰρ
661 4419 829 4489 ἀρετὴ
869 4420 1132 4487 κρείττων
1159 4421 1277 4473 ἐστὶ
1306 4421 1505 4482 παντὸς
1531 4418 1860 4488 ἀξιώματος.

1971 3258 2147 3311 neque
2169 3241 2566 3311 ignobilitatem
2588 3239 2881 3309 despicias,
2916 3254 3094 3309 neque
3142 3239 3313 3292 forma
3345 3246 3539 3306 captus

1970 3334 2236 3397 tenearis,
2297 3348 2474 3395 neque
2505 3330 2908 3387 deformitatem
2944 3330 3216 3385 averseris
3250 3347 3262 3382 :
3300 3328 3394 3383 sed
3420 3327 3541 3381 ani-

1972 3426 2043 3480 mi
2076 3426 2537 3496 pulchritudinem
2571 3426 2806 3485 intuere.
2836 3433 2885 3479 et
2906 3433 3086 3479 mente
3107 3423 3348 3475 animum
3380 3434 3537 3483 auia;

1967 3517 2058 3570 ille
2093 3516 2313 3570 demum
2357 3530 2523 3570 verus
2563 3524 2647 3571 est
2677 3529 2831 3569 amor
2866 3522 3030 3583 atque
3056 3511 3404 3571 immortalis.
3444 3509 3538 3578 qui

1970 3624 2078 3661 non
2101 3608 2261 3661 simul
2295 3616 2459 3675 atque
2501 3607 2708 3677 potitus
2740 3605 2913 3661 fueris
2945 3605 3248 3669 evanescit,
3299 3601 3392 3656 sed
3434 3614 3541 3671 quo

1968 3700 2088 3767 plus
2125 3699 2351 3768 potiaris
2384 3714 2447 3753 eo
2479 3699 2743 3754 adolescit
2775 3699 2969 3767 magis.

2481 3790 2554 3844 De
2593 3791 2785 3844 virtute
2810 3808 3037 3845 uterum.

2041 3879 2293 3934 Numinis
2319 3879 2584 3936 beneﬂcio
2616 3895 2843 3950 regnum
2897 3880 3201 3949 accepisti;
3254 3879 3540 3935 custodias

1966 3971 2099 4026 illttd
2157 3980 2421 4041 tanquam
2482 3971 2793 4040 depositum
2846 3974 2992 4041 quod
3030 3974 3305 4027 incolume
3330 3970 3539 4025 servari

1965 4063 2128 4118 debet
2159 4078 2172 4114 :
2206 4078 2338 4119 cave
2368 4072 2547 4118 autem
2580 4078 2648 4117 ne
2684 4063 2860 4118 malus
2885 4064 3031 4119 illius
3067 4074 3255 4119 custos
3278 4063 3537 4126 videaris,

1966 4172 2070 4209 neu
2102 4154 2389 4224 degeneris
2438 4154 2644 4224 aliquid
2688 4164 2781 4209 aut
2825 4154 3036 4226 indigni
3063 4157 3375 4209 committas
3400 4171 3416 4220 °,
3445 4153 3538 4208 sed

1964 4245 2130 4301 sicuti
2166 4246 2385 4301 caeteris
2417 4247 2675 4315 praelatus
2706 4262 2787 4313 es,
2825 4255 2884 4301 ut
2928 4248 3250 4317 imperares,
3284 4248 3357 4299 ita
3408 4260 3537 4298 con-

1963 4336 2126 4392 tende
2158 4345 2216 4389 ut
2246 4336 2446 4390 virtute
2474 4352 2694 4405 quoque
2751 4337 2966 4392 caeteris
2994 4337 3323 4399 antecellas;
3360 4336 3539 4387 virtus

1964 4427 2112 4481 enim
2160 4426 2309 4479 omni
2339 4425 2606 4495 dignitate
2660 4427 3011 4496 praestantior
3041 4436 3145 4480 est.
3200 4425 3256 4478 Si
3289 4439 3421 4491 ergo
3454 4424 3538 4476 di-

285 4507 346 4560 Εί
367 4506 461 4560 οὖν
493 4510 631 4562 κατᾶ
656 4508 754 4578 μὲν
781 4508 844 4562 τὸ
870 4509 1092 4580 ἀξίωμα
1119 4510 1392 4581 κυριεύεις
1413 4511 1690 4575 ἁπάντων,
1712 4510 1855 4565 κατά
1887 4518 1933 4577 D

1887 4518 1933 4577 D
1960 4519 2166 4586 gnitate
2192 4516 2413 4587 quidem
2458 4517 2686 4587 reliquis
2739 4526 2972 4587 prastas
3025 4517 3304 4579 omnibus,
3340 4517 3539 4568 vittute

281 4606 337 4658 δὲ
372 4605 471 4675 τὴν
501 4606 698 4677 ἀρετὴν
729 4606 834 4658 ὑπό
869 4622 1027 4658 τινων
1051 4607 1302 4676 κυριεύῃ,
1337 4606 1478 4659 κατὰ
1503 4607 1601 4676 μὲν
1623 4607 1684 4659 τὸ
1708 4606 1861 4659 ἐλατ-

280 4712 371 4748 τον
406 4691 455 4747 εἴ
493 4694 763 4764 βασιλεὺς,
793 4697 934 4749 κατὰ
972 4696 1028 4749 δὲ
1072 4697 1133 4749 τὸ
1165 4699 1408 4765 κρεῖττον
1432 4696 1649 4767 ἀληθῶς
1686 4697 1786 4749 οὐκ
1813 4691 1863 4749 εἷ

283 4788 556 4855 βασιλεὺς,
606 4787 719 4839 ἀλλ’
770 4786 859 4854 ὑφ’
890 4786 1096 4854 ἐτέρων
1142 4786 1577 4856 βασιλευόμενος.
1626 4787 1717 4857 Μὴ
1767 4782 1860 4840 οὖν

280 4875 434 4935 νόθος
468 4874 617 4940 γίνου
647 4875 913 4947 δεσπότης
953 4877 1011 4929 ὲν
1041 4874 1119 4944 τῷ
1166 4876 1254 4943 ὑφ’
1281 4876 1482 4946 ἑτέρων
1519 4876 1858 4947 κρατεῖσθαι,

278 4965 418 5019 ἀλλὰ
440 4965 693 5034 βασίλευε
721 4967 936 5036 ἀληθῶς
966 4970 1025 5021 ἐν
1057 4967 1135 5037 τῷ
1159 4969 1372 5023 πάντων
1398 4972 1619 5039 κρατεῖν
1638 4968 1777 5023 κατὰ
1799 4969 1861 5022 τὸ

283 5057 450 5127 μέρσς
471 5056 569 5126 τῆς
594 5058 815 5126 ἀρετῆς.

774 5242 913 5305 Περὶ
947 5243 1371 5310 σωφροσύνης.

356 5328 530 5389 Νίκας
577 5347 658 5382 σοι
695 5332 788 5384 καὶ
816 5332 1052 5401 τρόπαια
1095 5333 1219 5387 κατ’
1245 5333 1455 5405 ἐχθρῶν
1486 5337 1607 5389 τότε
1636 5338 1861 5406 παρέξει

279 5420 438 5480 Θεὸς,
467 5421 671 5473 ὁπόταν
703 5422 864 5485 αὐτὸς
895 5424 1131 5491 τρόπαια
1159 5424 1254 5478 καὶ
1280 5425 1437 5488 νίκας
1469 5426 1688 5497 στήσεις
1722 5430 1861 5481 κατά

279 5511 391 5562 τῶν
424 5513 632 5568 παθῶν.
656 5515 894 5568 Νικῶνιι
917 5517 1025 5586 γάρ
1052 5534 1133 5570 σοι
1161 5518 1288 5581 τοὺς
1316 5520 1579 5590 ὰοράτους
1610 5521 1857 5591 ἐχθροὺς,

281 5604 593 5672 ἐπάναγκές
642 5608 757 5659 ἐστι
803 5608 959 5677 νικᾷν
989 5609 1083 5661 καὶ
1113 5610 1239 5673 τοὺς
1266 5611 1623 5681 ὁρατούς.⁶“ον
1650 5613 1759 5682 γὰρ
1785 5612 1860 5675 ὡς

280 5693 618 5763 ἀνδράποδον
652 5699 706 5750 αἱ
746 5698 927 5767 ἡδοναὶ
953 5701 1107 5770 νικᾷν
1142 5702 1235 5754 καὶ
1268 5705 1610 5775 παρασύρειν
1641 5705 1857 5775 ἰσχύου-

282 5799 389 5841 σιν.
426 5785 526 5839 οὐκ
556 5786 834 5851 εὖδοκήσει
866 5790 994 5855 Θεὸς
1027 5792 1336 5863 ἐλευθερίας
1365 5798 1520 5866 νίκης
1564 5800 1857 5873 τιμηθῆναί

1969 4620 2149 4664 autem
2184 4611 2251 4663 ab
2283 4610 2391 4663 alio
2420 4610 2721 4676 superaris,
2755 4610 3053 4678 imperator
3083 4624 3139 4663 es
3169 4610 3221 4661 in
3256 4624 3343 4673 eo,
3392 4606 3536 4677 quod

1967 4699 2198 4753 minoris
2237 4699 2573 4753 excellentiae
2600 4711 2685 4753 est
2720 4718 2731 4753 :
2769 4700 2821 4753 in
2849 4716 2913 4753 eo
2964 4714 3091 4753 vero
3115 4698 3261 4768 quod
3310 4698 3537 4767 praecla-

1967 4792 2082 4846 rius
2106 4800 2210 4856 est,
2258 4792 2557 4861 imperator
2618 4808 2839 4855 nones,
2873 4793 2983 4845 into
3035 4791 3263 4845 alterius
3310 4791 3536 4859 imperio

1968 4885 2152 4939 subes.
2202 4882 2278 4938 Ne
2319 4884 2395 4938 sis
2414 4899 2544 4954 ergo
2576 4885 2739 4938 veluti
2782 4885 3165 4955 supposititius
3196 4892 3360 4952 atque
3382 4884 3538 4935 adul-

1966 4974 2179 5029 terinus
2224 4975 2517 5037 dominus,
2563 4990 2685 5028 cum
2730 4976 2870 5030 alius
2922 4986 2972 5028 te
3001 4976 3346 5044 prrestantior
3384 4970 3535 5043 repe-

1967 5068 2180 5129 riatur;
2215 5066 2308 5119 sed
2342 5081 2506 5121 verus
2539 5067 2859 5135 imperator,
2885 5081 3009 5119 cunt
3041 5066 3255 5121 caeteris
3281 5081 3373 5119 om
3418 5067 3535 5119 ibus

1963 5162 2165 5215 virtute
2190 5159 2486 5228 pl'fBCt'UztS.

2516 5252 2589 5305 De
2612 5256 2981 5321 temperantia.

2032 5343 2305 5398 Concedet
2341 5343 2438 5398 tibi
2491 5344 2633 5398 Dctts
2678 5346 2936 5402 victorias
2973 5362 3035 5401 ac
3097 5346 3405 5417 triumphos
3439 5346 3533 5398 ad-

1964 5450 2159 5491 versus
2184 5437 2395 5499 hostes,
2423 5451 2545 5489 cum
2582 5437 2650 5491 de
2677 5436 2903 5493 domitis
2936 5440 3104 5491 animi
3140 5439 3533 5507 cupiditatibus

1964 5526 2227 5581 victorias
2262 5540 2325 5579 ac
2366 5528 2608 5597 tropbaza
2637 5529 2890 5584 retuleris
2925 5546 2937 5581 :
2978 5530 3022 5584 si
3051 5532 3198 5583 enim
3232 5530 3534 5585 invisibiles

1965 5618 2153 5673 hostes
2179 5618 2471 5685 deviceris,
2524 5620 2767 5675 visibiles
2805 5621 2969 5675 etiam
3019 5622 3331 5677 necessario
3370 5635 3533 5691 supe-

1964 5711 2128 5762 I‘altis.
2165 5710 2269 5763 δι-ιί
2345 5726 2509 5780 quem
2566 5713 2869 5783 voluptates
2916 5722 2974 5768 ut
3034 5716 3136 5769 vile
3192 5716 3524 5782 ιιιιιιινίρίιιιιι

1964 5802 2319 5869 ρσςςιιιι-ιίλω
2381 5818 2442 5858 ac
2496 5813 2869 5862 transversum
2931 5822 3092 5875 agere
3140 5807 3358 5876 valent,
3391 5823 3528 5862 nun-
