4224 6444
216 446 346 484 ῃιτι

962 422 1235 481 ΠΧΞΠᾸῙ
1284 420 1437 479 IMP.
1475 416 1912 476 PARENESIS
1953 418 2050 476 AD
2091 417 2395 478 LEONEM
2437 413 2726 475 FILIUM.

3351 420 3456 460 X\!

213 544 335 609 θεῷ
369 535 736 606 κατορθώσεις
792 535 859 585 Ἤ
889 533 996 602 γὰρ
1042 532 1303 599 φρόνιμον
1334 528 1471 582 εἷναί
1518 545 1575 580 σε
1617 529 1718 590 δεῖ,
1760 528 1791 595 ἢ
1826 539 1866 590 Α

1790 582 1791 589 η
1826 539 1866 590 Α
1898 529 2124 592 buntur,
2156 542 2218 581 ea
2255 543 2347 595 per
2385 527 2556 590 illum,
2596 525 2703 580 Deo
2739 524 2986 591 juvante,
3013 524 3262 591 expedite
3296 527 3458 592 perti-

216 632 503 701 φρονίμοις
532 625 883 688 συνέπεσθαι,
919 624 976 675 ὲν
1011 617 1094 682 οἷς
1126 620 1363 693 ἀληθῶς,
1389 620 1463 682 ὼς
1497 619 1587 672 ἐπὶ
1604 616 1793 687 θρόνου

215 725 351 785 Θεὸς
385 718 745 775 ἀναπαύεται.

454 904 591 972 Περὶ
627 902 858 971 τρόπων
895 897 1001 951 τοῦ
1022 896 1169 960 βίου
1196 893 1296 947 καὶ
1332 892 1543 961 λόγου.

294 1000 509 1069 ἰ’ρόπος
547 996 687 1048 ἔστω
734 1009 814 1044 σοι
870 989 964 1043 τοῦ
1013 987 1173 1054 λόγου
1223 984 1559 1052 πιστότερος,
1610 981 1695 1033 ἵνα
1722 979 1795 1048 μὴ

222 1095 385 1160 μόνον
414 1090 611 1155 λέγων,
647 1082 781 1138 ἀλλά
813 1083 908 1135 καὶ
942 1078 1195 1141 σιωπῶν,
1230 1077 1290 1129 τὸ
1317 1075 1591 1143 αἰδέσιμον
1644 1073 1791 1143 ἔχῃς.

230 1183 395 1235 Ἀλλὰ
454 1179 586 1250 μηδὲ
617 1179 742 1238 τοὺς
786 1173 931 1242 λόγῳ
959 1171 1055 1242 μὲν
1088 1168 1372 1233 πιθανοὺς,
1410 1166 1556 1237 ἔργῳ
1585 1165 1641 1218 δὲ
1672 1164 1797 1225 τοὺς

218 1274 411 1340 λόγους
447 1271 521 1340 μὴ
553 1267 899 1338 βεϐαιοῦντας
923 1264 1205 1332 ἀποδέχου.
1252 1260 1369 1313 Εἰσὶ
1401 1258 1505 1328 γὰρ
1556 1257 1603 1309 οἳ
1658 1256 1798 1325 λόγῳ

224 1366 326 1432 μέν
349 1365 488 1416 εἰσιν
534 1360 750 1428 ἀγαθοὶ,
778 1358 922 1427 ἔργῳ
956 1357 1011 1409 δὲ
1063 1356 1154 1407 καὶ
1188 1353 1307 1404 λίαν
1362 1349 1595 1419 αἰσχροί.
1648 1348 1799 1416 Μήτε

220 1454 313 1508 εὖ)
362 1454 526 1515 αὐτὸς
565 1448 703 1505 εἷναι
762 1447 1002 1509 τοιοῦτος
1055 1444 1197 1506 θέλε,
1253 1442 1392 1512 μήτε
1447 1441 1553 1509 μὴν
1583 1438 1799 1507 ἐτέρους

222 1545 355 1615 περὶ
387 1546 447 1596 σὲ
502 1540 774 1601 τοιούτους
837 1534 974 1591 εἶναι
1024 1533 1354 1604 καταδέχου·
1406 1529 1519 1582 ἀλλ’
1560 1528 1801 1590 ἐκείνους

222 1638 424 1706 στέργε
446 1633 540 1687 καὶ
577 1629 801 1691 οἱκειοῦ,
843 1628 1039 1689 οἵτινες
1088 1625 1150 1677 οὐ
1193 1620 1458 1691 κοσμοῦσι
1508 1619 1634 1681 τοὺς
1673 1617 1800 1687 τρά-

223 1744 359 1788 πους
416 1724 575 1792 λόγῳ,
610 1720 743 1773 ἀλλά
779 1720 905 1779 τοὺς
940 1716 1133 1783 λόγους
1163 1712 1372 1782 τρόπῳ.
1421 1709 1530 1763 Καὶ
1564 1707 1599 1761 ἃ.
1640 1707 1801 1759 πάλιν

222 1820 487 1887 πράττειν
539 1813 805 1882 αἰσχύνῃ,
846 1808 1020 1862 ταῦτα
1059 1804 1238 1872 λέγειν
1294 1802 1369 1872 μὴ
1427 1798 1797 1868 ἀναισχύντει·

1898 622 2011 674 cies
2044 637 2055 673 :
2089 627 2180 671 aut
2206 620 2353 671 enim
2381 629 2433 672 te
2456 616 2777 688 prudentem
2807 631 2925 669 esse
2963 622 3202 683 oportet,
3238 623 3330 667 aut
3384 616 3460 667 uti

1898 709 2133 764 consilio
2188 709 2544 778 prudentum,
2581 710 2634 761 in
2664 706 2866 777 quibus
2887 706 3120 772 quasiin
3169 705 3309 759 solio
3364 718 3464 757 suo

1901 801 2042 856 Deus
2064 799 2432 870 conquiescit.

2402 888 2474 943 De
2506 889 2607 942 vita
2634 896 2682 941 et
2718 886 2981 941 aratione.

1969 984 2071 1037 Tui
2103 998 2283 1038 mores
2311 981 2581 1051 ejusmodi
2612 982 2742 1044 sint,
2804 988 2863 1031 ut
2921 977 3025 1031 ﬁde
3062 977 3337 1044 digninrrs
3367 975 3465 1029 ha-

1908 1078 2139 1132 beantur
2180 1090 2343 1144 quam
2396 1086 2701 1133 sermones,
2742 1086 2849 1140 quo
2907 1080 2959 1123 te
2997 1084 3103 1121 non
3159 1069 3336 1121 sohm

1901 1173 2180 1236 quentem,
2202 1165 2296 1219 sed
2328 1172 2598 1217 tacentem
2621 1162 2782 1215 etiam
2801 1167 3156 1213 ret-creantur
3182 1156 3389 1210 homini
3449 1171 3462 1207 :

1902 1273 2078 1327 neque
2136 1272 2230 1311 eos
2266 1257 2364 1309 tibi
2412 1253 2657 1309 adscisco
2687 1253 2777 1321 qui
2813 1252 2990 1304 verbis
3024 1250 3177 1319 probi
3213 1248 3373 1302 facts
3405 1263 3465 1301 ea

1904 1365 2011 1403 non
2033 1350 2385 1401 conlirmant.
2423 1345 2561 1399 Sunt
2589 1346 2734 1399 enim
2786 1343 3035 1396 nonnulli
3071 1343 3163 1410 qui
3204 1356 3326 1394 cum
3369 1341 3467 1389 ho-

1904 1440 2550 1508 nestissimeioquantur,
2572 1436 2894 1506 turpissime
2928 1434 3137 1486 vivunt.
3171 1432 3312 1483 Cave
3342 1442 3469 1495 ergo

1905 1549 1973 1588 ne
2005 1543 2098 1587 aut
2136 1541 2190 1585 tu
2241 1531 2440 1586 similis
2485 1543 2677 1583 eorum
2728 1529 2827 1591 sis,
2872 1536 2965 1580 aut
3001 1526 3083 1581 eis
3117 1523 3326 1578 similes
3375 1514 3469 1573 tibi

1904 1626 2199 1694 adjungas;
2234 1621 2329 1677 sed
2375 1637 2470 1676 eos
2523 1620 2685 1688 dilige
2715 1626 2767 1671 et
2813 1618 2907 1670 tibi
2936 1618 2989 1669 in
3041 1613 3470 1668 contubernium

1903 1713 2206 1782 adhibequi
2242 1727 2349 1765 non
2398 1725 2577 1764 mores
2622 1708 2830 1764 verbis.
2881 1706 2975 1761 sed
3008 1706 3173 1758 verba
3228 1702 3475 1755 moribus

1904 1808 2281 1861 cohonestant.
2309 1804 2372 1856 Et
2404 1817 2521 1872 quae
2561 1809 2613 1855 te
2654 1800 2832 1853 taeere
2884 1797 3067 1868 pudet,
3106 1812 3165 1850 ca
3190 1796 3373 1848 dicere
3419 1801 3471 1843 te

227 1903 366 1973 μηδὲ
412 1902 447 1955 ἃ
514 1900 695 1967 λέγειν
745 1896 978 1969 αἰσχύνῃ
1008 1935 1023 1961 ,
1074 1892 1248 1946 ταῦτα
1307 1889 1571 1962 πράττειν
1613 1886 1791 1940 διαλο-
1821 1888 1868 1947 Β

1821 1888 1868 1947 Β
1898 1915 2115 1968 quoque
2153 1897 2373 1967 pudeat,
2402 1903 2454 1947 et
2491 1908 2613 1962 qua:
2668 1892 2851 1946 dicere
2880 1890 3055 1959 pudor
3080 1896 3247 1950 vetat,
3278 1900 3347 1941 ne
3375 1898 3472 1937 co-

221 1990 405 2062 γξζου.

510 2079 649 2148 Περὶ
671 2078 930 2147 μελέτης
953 2074 1071 2129 τῶν
1097 2074 1270 2130 θείων
1296 2074 1522 2142 Λόγων.

298 2174 513 2241 Ὠσπερ
563 2170 631 2223 τά
683 2168 911 2238 νεοθαλῆ
944 2167 1052 2220 τῶν
1100 2164 1281 2234 φυτῶν
1316 2164 1656 2235 άρδευόμενα
1693 2163 1803 2225 τοῖς

223 2265 382 2318 ὕδασι
401 2262 580 2317 θάλλει
628 2261 719 2313 καὶ
745 2258 1109 2328 καρποφορεῖ,
1129 2256 1272 2308 οὕτω
1292 2255 1387 2308 καὶ
1416 2256 1450 2324 ἡ
1477 2254 1544 2325 σὴ
1571 2253 1804 2317 διάνοια,

222 2357 415 2408 τέκνον
449 2353 601 2421 ἐμὸν,
635 2349 972 2421 ἀρδευομένη
1007 2350 1126 2408 ταῖς
1154 2346 1264 2398 τῶν
1308 2344 1468 2398 θείων
1492 2344 1667 2413 λόγων
1712 2357 1807 2412 με·

222 2446 430 2509 λέταις,
471 2443 552 2496 ἔτι
598 2442 800 2511 μᾶλλον
845 2438 1213 2509 αὐξηθήσεται
1244 2436 1338 2488 καὶ
1390 2434 1805 2505 καρποφορήσει

223 2538 324 2596 τὰς
360 2532 579 2604 ἀρετάς.
616 2530 783 2598 Σῶμα
824 2530 921 2597 μὲν
965 2529 1074 2596 γάρ
1119 2526 1176 2580 αἱ
1248 2521 1575 2591 κατάλληλοι
1610 2518 1808 2592 τροφαὶ

225 2627 564 2683 ἱππαίνουσν
600 2623 777 2693 φυγὴν
835 2619 891 2671 δὲ
924 2619 972 2670 οἱ
1022 2616 1385 2686 πνευματικοὶ
1415 2614 1563 2682 λόγοι
1591 2611 1808 2678 διατρέ-

226 2741 441 2793 φουσιν.
486 2719 625 2772 Ἀλλ’
658 2717 843 2784 ἐκείνη
883 2711 981 2783 μέν
1033 2711 1139 2782 γὰρ
1190 2710 1223 2781 ἡ
1261 2708 1458 2780 τροφὴ,
1512 2706 1672 2778 μέχρι
1706 2706 1807 2773 φά-

231 2830 437 2889 ρυγγος
471 2809 644 2881 ἡδεῖα,
665 2809 756 2860 καὶ
783 2805 989 2876 φθορὰν
1021 2803 1194 2867 αῦξει,
1223 2801 1319 2855 καὶ
1353 2800 1457 2854 ὑπὸ
1482 2797 1687 2869 φθορᾶς
1713 2797 1809 2848 azi-

228 2884 448 2970 ξάνεται
519 2901 614 2953 καὶ
669 2897 995 2950 δαπανᾶται.
1035 2894 1102 2947 Ἦ
1154 2892 1211 2945 δὲ
1249 2892 1348 2960 τῆς
1395 2890 1573 2959 ψυχῆς
1635 2884 1808 2955 τροφὴ

228 2998 403 3052 ἀΐδιον
431 2994 547 3064 ἔχει
599 2991 699 3061 τὴν
731 2987 1092 3057 εὐφροσύνην,
1136 2984 1230 3037 καὶ
1259 2981 1570 3051 ἀφθαρσίαν
1608 2978 1806 3049 προξε-

228 3092 330 3153 νεῖ,
386 3086 482 3140 καὶ
519 3084 600 3146 είς
656 3080 967 3151 ἀφθαρσίαν
1023 3074 1351 3146 μεταχωρεῖ.
1414 3071 1662 3138 Μελέτην
1716 3066 1808 3121 οὖν

229 3180 390 3234 ποιοῦ
424 3177 531 3229 τῶν
581 3174 835 3227 τοιούτων
890 3170 1182 3241 ὠφελίμων
1228 3168 1423 3233 λόγων,
1454 3166 1541 3217 ἵνα
1570 3164 1694 3225 τοὺς
1752 3161 1812 3224 ἐξ

233 3274 417 3326 αὐτῶν
452 3270 695 3339 καρποὺς
719 3266 1004 3337 τρυγήσῃς
1040 3264 1139 3316 καὶ
1180 3261 1360 3323 καλῶς
1390 3258 1487 3328 τὴν
1531 3255 1807 3326 βασιλείαν

228 3366 539 3433 διοικήσῃς.

797 3448 935 3515 Περὶ
968 3443 1230 3510 βουλῆς.

302 3544 518 3613 Bauli};
570 3542 800 3611 ἀρίστης
840 3537 994 3589 ούδὲν
1047 3531 1474 3601 ἀσφαλέστερον,
1522 3529 1615 3581 καὶ
1660 3525 1800 3596 πρά-

231 3639 370 3706 ξεως
399 3632 830 3705 ἀπροϐουλεύτου
873 3629 1024 3681 οὐδὲν
1076 3621 1507 3692 σφαλερώτερον.
1550 3620 1668 3671 Ἵνα
1713 3613 1806 3669 οῦν

236 3727 378 3797 μετᾶ
409 3722 709 3793 ἀσφαλείας
767 3719 1012 3789 πράττῃς
1053 3714 1087 3767 ἂ
1145 3712 1345 3782 βούλει,
1392 3707 1545 3779 αἱροῦ
1574 3706 1810 3775 προϐου-

230 3816 486 3871 λεύεσθαι
517 3813 553 3867 ἀ
577 3813 856 3882 πράττεις.
888 3806 1042 3860 Μετά
1105 3803 1203 3873 μὲν
1229 3802 1337 3870 γάρ
1378 3800 1439 3853 τὸ
1476 3799 1679 3868 πρᾶξαι
1706 3798 1805 3849 οὐκ

234 3909 317 3962 ἔνι
338 3900 866 3975 προϐουλεύσασθαι,
897 3896 1034 3967 μετά
1059 3895 1115 3947 δὲ
1144 3893 1207 3947 τὸ
1239 3889 1626 3963 βουλεύσασθαι
1651 3890 1810 3943 δυνα-

232 4003 329 4055 τόν
354 4017 433 4052 σοι
472 3991 1026 4069 μεταϐουλεύσασθαι.
1058 3989 1200 4057 Ὅρα
1248 3985 1341 4038 οῦν
1368 3983 1599 4037 ἑκάστου
1634 3980 1814 4051 πράγ-

240 4109 413 4164 ματος
439 4088 501 4142 τὸ
538 4086 713 4147 τέλος,
780 4084 875 4135 καὶ
920 4080 1064 4134 οὕτω
1106 4081 1205 4146 τῆς
1254 4076 1505 4146 πράξεως
1537 4072 1811 4143 ἀπάρχου.

236 4181 575 4253 Συμϐούλοις
598 4177 651 4230 δὲ
684 4173 799 4245 χρῶ
832 4176 945 4236 τοῖς
967 4171 1146 4233 καλῶς
1180 4170 1307 4239 περὶ
1328 4168 1436 4221 τῶν
1461 4166 1676 4220 οἰκείων
1700 4165 1819 4235 βουο

235 4276 403 4327 λεύσα
416 4271 594 4341 μένοις
633 4268 728 4319 καὶ
750 4265 1107 4332 διοικήσασιν,
1133 4259 1269 4314 ἀλλά
1302 4256 1376 4328 μὴ
1414 4258 1525 4321 τοῖς
1553 4256 1736 4319 κακῶς
1760 4254 1818 4321 ἐξ

236 4364 496 4425 ἀϐουλίας
549 4359 620 4413 τὰ
650 4357 859 4410 έαυτῶν
906 4354 1345 4421 οἰκονομήσασιν.
1392 4350 1451 4402 Ὀ
1502 4350 1610 4418 γὰρ
1633 4348 1818 4409 κακῶς

238 4455 371 4523 περὶ
392 4454 459 4505 τὰ
483 4453 656 4504 οἰκεῖα
688 4445 977 4507 διατεθεὶς,
1006 4442 1257 4496 οὐδέποτε
1296 4439 1475 4503 καλῶς
1534 4438 1820 4508 βουλεύσε·

1904 1993 2078 2064 gitare
2102 1988 2319 2062 quidem
2351 1987 2553 2039 lubeat.

2202 2079 2279 2132 De
2312 2078 2488 2132 studio
2524 2091 2802 2128 sacrarum
2844 2072 3193 2125 Litterarum.

1975 2178 2017 2227 Ο
2050 2173 2144 2235 (ili,
2185 2169 2643 2241 quemadmodum
2678 2176 2879 2220 tenera:
2930 2165 3127 2232 plantae
3188 2162 3346 2230 aquis
3396 2162 3473 2214 ir-

1907 2271 2093 2335 rigatze
2146 2265 2427 2317 virescunt
2474 2274 2538 2314 ac
2592 2258 2806 2310 fructus
2851 2255 3055 2316 ferunt,
3105 2255 3176 2306 ita
3209 2263 3477 2308 menslua

1906 2370 2187 2412 sacrarum
2222 2352 2553 2406 Litterarum
2596 2349 2795 2402 studiis
2852 2347 3053 2416 irrigua
3089 2347 3264 2415 magis
3315 2360 3480 2415 augeo

1908 2456 2043 2510 seet,
2080 2461 2142 2499 ac
2168 2446 2435 2498 virtutum
2474 2440 2686 2494 fructus
2720 2438 3062 2508 procreabit;
3101 2452 3223 2490 nam
3275 2452 3480 2505 corpus

1907 2536 2127 2606 quidem
2180 2533 2464 2603 saginatur
2517 2530 2657 2584 cibis
2686 2529 2778 2597 qui
2837 2527 2983 2582 alius
3004 2542 3168 2595 super
3198 2527 3363 2579 alium
3398 2526 3481 2579 in-

1909 2628 2254 2691 farciuntur;
2292 2624 2509 2678 animus
2550 2637 2681 2676 vero
2733 2620 2944 2673 sanctis
2974 2619 3321 2673 sermonibus
3379 2617 3481 2670 ali-

1909 2731 1998 2775 tur
2023 2734 2087 2773 ae
2119 2726 2437 2786 vegetatur;
2471 2714 2563 2769 sed
2594 2715 2697 2767 hoc
2734 2712 2965 2766 interest
2994 2709 3145 2779 quod
3204 2709 3365 2764 cibus
3396 2708 3484 2761 ille

1908 2807 2157 2879 corporis
2186 2805 2253 2860 ad
2300 2804 2484 2859 fauces
2517 2816 2690 2872 usque
2747 2802 2954 2865 suavis,
2985 2807 3039 2854 et
3078 2800 3483 2868 corruptionem

1910 2906 2091 2969 auget,
2120 2906 2174 2953 et
2206 2911 2234 2950 a
2272 2895 2630 2962 corruptione
2681 2901 2932 2962 augetur,
2968 2904 3032 2943 ac
3064 2890 3283 2944 tandem
3317 2889 3485 2941 absu-

1911 2992 2117 3056 mitur;
2154 2988 2322 3043 auimi
2357 3000 2487 3039 vero
2544 2986 2865 3039 alimentum
2896 2984 3283 3050 sempiternam
3318 2978 3484 3033 menti

1911 3081 2066 3137 aﬂert
2088 3080 2350 3143 lzrtitiam,
2382 3088 2435 3132 et
2469 3074 2935 3144 incorruptionem
2991 3073 3155 3142 parit,
3188 3080 3241 3124 et
3271 3069 3335 3123 ad
3390 3070 3489 3122 iui-

1914 3173 2304 3228 mortalitatem
2334 3170 2581 3225 deducit.
2614 3167 2877 3220 Meditare
2907 3180 3038 3233 ergo
3093 3165 3165 3217 ita
3192 3161 3488 3231 frugiferos

1914 3279 2217 3325 sermones,
2266 3275 2322 3317 ut
2375 3270 2430 3316 et
2499 3275 2689 3315 eorum
2732 3258 3005 3312 fructibus
3057 3254 3377 3325 perfruaris,
3436 3262 3490 3307 et

1912 3372 2140 3429 regnum
2175 3366 2327 3409 tuum
2363 3356 2640 3424 sapienter
2666 3350 3043 3404 administres.

2512 3441 2588 3494 De
2635 3440 2881 3493 consilio.

1982 3534 2089 3589 Res
2126 3534 2271 3587 nulla
2305 3534 2553 3586 securior
2584 3539 2668 3583 est
2705 3544 2867 3595 quam
2906 3526 3128 3595 sapiens
3163 3524 3484 3583 consilium,

1912 3628 2158 3695 nilnique
2191 3623 2572 3694 periculosius,
2601 3635 2762 3689 quam
2794 3617 3108 3672 inconsulto
3163 3632 3277 3669 rem
3322 3616 3488 3668 ullam

1915 3717 2139 3789 aggredi
2172 3735 2184 3771 :
2217 3724 2277 3769 ut
2307 3728 2437 3783 ergo
2473 3721 2590 3767 tuto
2624 3711 2790 3764 facias
2845 3724 2965 3779 quae
3004 3710 3106 3771 vis,
3152 3706 3288 3760 velis
3334 3716 3492 3759 antea

1915 3810 2234 3865 consultare
2264 3822 2386 3877 qua:
2444 3806 2613 3858 facis:
2645 3813 2766 3872 post
2816 3802 3019 3855 factum
3056 3798 3200 3852 enim
3267 3798 3491 3851 consul-

1916 3903 2065 3954 tandi
2098 3901 2254 3954 locus
2279 3898 2519 3968 amplius
2579 3912 2688 3949 non
2720 3902 2825 3949 ρει.
2888 3892 2993 3946 Sed
3028 3899 3150 3961 post
3179 3890 3368 3943 initam
3402 3888 3495 3942 dc-

1916 3990 2290 4045 liberationem
2353 3993 2565 4039 mutare
2614 3985 2775 4037 etiam
2812 3982 2935 4035 licet
2988 3982 3304 4035 consilium.
3359 3976 3489 4055 Per-

1917 4082 2092 4153 pende
2120 4080 2285 4149 igitur
2316 4091 2579 4147 quorsum
2633 4091 2721 4129 res
2749 4088 2981 4144 qumque
3029 4070 3258 4125 evadere
3307 4078 3493 4137 queat,

1920 4183 2083 4242 atque
2112 4172 2185 4224 ita
2225 4170 2442 4224 demum
2475 4167 2539 4220 ad
2575 4167 2720 4219 illam
2754 4165 3059 4233 accingere.
3101 4163 3158 4216 In
3205 4162 3492 4217 consilium

1931 4271 2112 4315 autem
2150 4274 2244 4313 eos
2275 4258 2498 4318 adhibe,
2536 4257 2626 4325 qui
2666 4255 2830 4309 rebus
2879 4255 2994 4308 suis
3039 4254 3174 4307 bene
3208 4252 3493 4306 consulun-

1920 4359 2051 4405 runt
2074 4388 2089 4410 ,
2126 4357 2289 4418 atque
2318 4362 2411 4401 eas
2437 4355 2582 4399 rei-te.
2608 4344 3085 4407 administrat-unt,
3128 4356 3232 4394 non
3279 4357 3373 4395 vos
3402 4342 3493 4407 qui

1922 4458 2019 4513 per
2078 4440 2313 4509 inopiam
2383 4419 2597 4491 consilii
2684 4449 2772 4487 res
2832 4447 2964 4487 suas
3027 4431 3167 4485 male
3227 4431 3497 4500 guberna-

238 4521 328 4601 ται
368 4545 498 4616 περὶ
524 4542 632 4595 τῶν
676 4537 995 4609 ἀλλοτρίων.
1030 4533 1193 4589 Ἀλλά
1250 4532 1383 4602 μηδὲ
1410 4533 1525 4591 ’τοῖς
1570 4530 1820 4599 ἀπείροις
1853 4574 1897 4631 D

1892 4541 2085 4621 ιιύιιῑ;
2150 4531 2242 4601 qui
2306 4529 2451 4583 enim
2523 4527 2685 4580 rebus
2740 4525 2856 4579 suis
2912 4523 3051 4576 male
3119 4521 3493 4591 prospexerit,
3556 4584 3560 4593 ‘

240 4641 371 4709 περὶ
398 4631 473 4689 ὧν
506 4636 570 4688 ἂν
601 4632 780 4702 βούλει
810 4626 1149 4697 πραγμάτιον
1167 4620 1453 4676 ἀνακοινοῦ
1482 4659 1496 4682 ,
1545 4621 1677 4690 μήτε
1713 4619 1819 4688 μὴν

238 4708 359 4789 ταῖς
390 4724 701 4783 κολακείαις
732 4718 861 4789 περὶ
892 4719 951 4771 σὲ
977 4716 1306 4787 χρωμένοις.
1339 4714 1401 4764 υἱ
1440 4710 1540 4779 μὲν
1571 4711 1699 4779 γὰρ,
1745 4708 1820 4772 ὼς

238 4820 457 4888 τυφλοὶ,
487 4811 932 4880 ἀνεπιστημόνως
962 4805 1362 4879 βουλεύσονται,
1388 4803 1436 4855 οἱ
1460 4802 1516 4854 δὲ
1545 4800 1688 4854 κατά
1726 4799 1824 4869 χά-

254 4926 338 4979 ριν
374 4924 457 4959 σοι
496 4901 935 4974 προελεύσονται.
984 4896 1123 4950 Ἀλλ’
1155 4893 1385 4955 ἐκείνοις
1420 4892 1654 4961 μάλιστα
1686 4906 1826 4957 συμ-

246 5000 505 5055 ϐουλεύου
531 4996 579 5050 οἳ
610 4996 707 5049 καὶ
726 5010 791 5045 πε
802 4993 853 5063 ρὶ
882 4991 941 5044 τὸ
968 4988 1293 5043 ἐπίστασθαι
1334 4988 1461 5057 περὶ
1504 4985 1610 5037 τῶν
1645 4998 1826 5053 πραγ-

256 5094 441 5163 μάτων
463 5088 637 5160 ὀρθῶς
665 5086 868 5155 ἔχουσι,
894 5082 990 5135 καὶ⁵
1016 5080 1063 5133 οἳ
1098 5081 1331 5150 μάλιστα
1373 5078 1464 5130 ἐπὶ
1494 5078 1601 5139 τοῖς
1625 5074 1827 5143 ἐσφαλ-

253 5187 437 5254 μένοις
523 5197 605 5233 σοι
663 5177 921 5238 πολλάκις
998 5172 1291 5241 διελέγχειν
1355 5167 1611 5222 είώθασι’
1678 5168 1828 5237 μόνοι

248 5278 358 5346 γάρ
374 5272 519 5328 οῦτοι
531 5271 625 5325 καὶ
638 5268 805 5342 φίλων
821 5268 916 5321 καὶ
938 5264 1252 5336 συμϐούλων
1269 5260 1391 5335 [εἰς]
1411 5261 1559 5325 τάξιν
1578 5260 1820 5311 πιστεύε-

251 5372 376 5425 σθαι
405 5367 568 5433 ἄξιοι.

535 5458 672 5529 Περι
712 5457 952 5528 ἁγνείας
989 5454 1085 5509 καὶ
1126 5453 1546 5523 σωφροσύνης.

313 5555 505 5625 ’Δγνὺν
536 5550 761 5606 σεαυτοῦ
786 5550 944 5621 τήρει
995 5546 1069 5619 μὴ
1100 5546 1257 5616 μόνον
1283 5543 1344 5596 τὸ
1373 5543 1551 5611 σῶμα,
1577 5539 1713 5593 ἀλλά
1737 5538 1831 5592 καὶ

250 5651 421 5718 αὐτὴν
449 5648 550 5717 τὴν
580 5642 1063 5711 διάνοιαν.”Ωσπερ
1094 5641 1202 5709 γὰρ
1228 5640 1256 5691 ὁ
1286 5634 1678 5707 διεφθαρμένος
1720 5631 1831 5702 βίος

249 5742 474 5812 χωρῐζει
503 5736 659 5801 Θεοῦ,
690 5736 833 5791 οὕτω
856 5736 948 5788 καὶ
969 5737 1000 5804 ἡ
1024 5736 1079 5786 ὲν
1107 5732 1298 5802 ἁγνεία
1327 5730 1444 5799 ζωὴ
1475 5730 1665 5781 οἰκειοί
1696 5726 1830 5796 πρὸς

252 5832 600 5889 ΘεόνῙΕτττο
648 5825 739 5881 οἷν
774 5828 832 5880 τὺ
865 5827 979 5893 cpit;
1014 5843 1106 5878 σου
1150 5823 1401 5894 λαμπρδν
1448 5822 1675 5877 ἐνώπιον
1725 5818 1831 5871 τῶν

1925 4639 2203 4693 nunquam
2236 4622 2372 4676 bene
2400 4617 2708 4690 providebit
2753 4618 2967 4670 alienis.
2997 4614 3184 4683 Neque
3209 4627 3338 4667 vero
3353 4627 3499 4667 com-

1928 4718 2148 4770 munica
2201 4727 2324 4766 cum
2372 4708 2645 4779 imperitis
2700 4721 2892 4760 carum
2944 4720 3154 4767 rerum,
3199 4704 3266 4757 de
3297 4703 3499 4772 quibus

1924 4806 2214 4861 consilium
2248 4804 2423 4871 capis,
2481 4817 2656 4869 neque
2702 4814 2826 4851 cum
2864 4798 2931 4851 iis
2960 4811 3099 4866 quos
3146 4796 3359 4850 adulari
3399 4794 3496 4847 tibi

1926 4898 2131 4954 senties
2168 4914 2179 4950 :
2216 4894 2293 4948 illi
2323 4894 2466 4948 enim
2492 4900 2550 4945 ut
2583 4892 2710 4945 caici
2739 4897 3053 4958 ignoranter
3081 4887 3173 4940 tibi
3208 4885 3497 4950 consilium

1927 4991 2167 5050 dabunt;
2203 4988 2252 5041 hi
2279 4997 2457 5040 autem
2482 4985 2643 5038 etiam
2675 4991 2854 5036 errata
2895 4990 2983 5033 tua
3016 4979 3314 5032 laudabunt
3346 4994 3359 5029 :
3403 4978 3498 5031 sed

1928 5099 2021 5137 eos
2040 5080 2380 5151 potissimum
2403 5078 2457 5130 in
2478 5076 2769 5129 consilium
2798 5088 3039 5133 assume,
3073 5072 3163 5140 qui
3189 5080 3241 5125 et
3265 5073 3500 5126 scienter

1934 5176 2000 5230 de
2039 5175 2104 5229 iis
2130 5172 2292 5226 rebus
2337 5169 2484 5238 loqui
2521 5168 2755 5239 possint,
2783 5176 2832 5218 et
2888 5164 2955 5217 de
2986 5165 3096 5218 tuis
3138 5166 3334 5217 erratis
3365 5180 3500 5216 cun-

1934 5268 2163 5321 ﬁilcntcr
2200 5272 2250 5317 te
2276 5260 2678 5332 reprehendere
2704 5258 2947 5320 soleant;
2983 5258 3059 5310 illi
3084 5257 3228 5310 enim
3286 5257 3389 5310 soli
3417 5255 3499 5307 di-

1927 5361 2017 5433 gni
2047 5365 2194 5423 sunt,
2225 5356 2318 5426 qui
2349 5353 2623 5411 iuamicis,
2646 5360 2699 5406 et
2730 5350 3062 5404 consiliariis
3097 5350 3423 5401 habeantur.

2286 5444 2357 5498 De
2391 5445 2635 5497 castitate
2678 5452 2723 5494 et
2778 5441 3143 5508 temperantia.
3546 5504 3547 5509 η

2001 5539 2160 5595 Omni
2197 5538 2315 5591 labe
2347 5534 2700 5604 impudicitiae
2742 5548 2933 5591 nurum
2979 5545 3240 5583 conserva
3269 5544 3375 5582 non
3410 5543 3500 5580 so-

1934 5634 2043 5688 lum
2079 5647 2301 5701 corpus,
2360 5627 2455 5684 sed
2496 5628 2659 5681 etiam
2702 5627 2943 5679 animum
3008 5634 3183 5676 tuum.
3221 5622 3498 5689 Quemad-

1935 5727 2155 5780 modum
2187 5724 2330 5779 eniin
2370 5721 2644 5790 impudica
2702 5719 2808 5771 vita
2841 5734 2869 5771 a
2932 5716 3038 5770 Deo
3101 5732 3197 5769 nos
3253 5724 3494 5783 separat,

1937 5820 2008 5873 ita
2058 5819 2110 5871 in
2152 5818 2405 5871 castitate
2473 5821 2748 5869 transacta
2813 5827 2910 5865 nos
2962 5809 3009 5863 ei
3075 5808 3351 5865 conciliat.
3418 5805 3498 5858 Sit
