  <div class='ocr_page' id='page_1' title='image "/cluster/home/n/w/nwhite01/storage/ocr_20150623/107/nnc1.0046980040/028.png"; bbox 0 0 4224 6444; ppageno 0'>
   <div class='ocr_carea' id='block_1_1' title="bbox 289 431 1957 532">
    <p class='ocr_par' dir='ltr' id='par_1_1' title="bbox 289 431 1953 496">
     <span class='ocr_line' id='line_1_1' title="bbox 289 431 1953 496; baseline 0.001 -4"><span class='ocrx_word' id='word_1_1' title='bbox 289 453 458 496; x_wconf 68' lang='grc' dir='ltr'><strong>χχχιιι</strong></span> <span class='ocrx_word' id='word_1_2' title='bbox 1057 439 1333 496; x_wconf 71' lang='lat' dir='ltr'><strong>BASILII</strong></span> <span class='ocrx_word' id='word_1_3' title='bbox 1367 431 1517 496; x_wconf 48' lang='lat' dir='ltr'><strong>l&#39;Ml‘.</strong></span> <span class='ocrx_word' id='word_1_4' title='bbox 1565 435 1953 494; x_wconf 74' lang='lat' dir='ltr'><strong>PAR/ENESI</strong></span> 
     </span>
    </p>
   </div>
   <div class='ocr_carea' id='block_1_2' title="bbox 1861 431 3529 532">
    <p class='ocr_par' dir='ltr' id='par_1_2' title="bbox 1861 436 3529 532">
     <span class='ocr_line' id='line_1_2' title="bbox 1861 436 3529 532; baseline -0.004 -39"><span class='ocrx_word' id='word_1_5' title='bbox 1861 436 2000 493; x_wconf 62' lang='lat' dir='ltr'><strong>ESIS</strong></span> <span class='ocrx_word' id='word_1_6' title='bbox 2033 439 2128 494; x_wconf 79' lang='grc' dir='ltr'><strong>ΛῘ)</strong></span> <span class='ocrx_word' id='word_1_7' title='bbox 2165 438 2464 495; x_wconf 78' lang='lat' dir='ltr'><strong>LEONEM</strong></span> <span class='ocrx_word' id='word_1_8' title='bbox 2513 437 2797 532; x_wconf 65' lang='grc' dir='ltr'><strong>ιηιιιῐιι.</strong></span> <span class='ocrx_word' id='word_1_9' title='bbox 3368 448 3529 491; x_wconf 70' lang='grc' dir='ltr'><strong>ιιιιιι</strong></span> 
     </span>
    </p>
   </div>
   <div class='ocr_carea' id='block_1_3' title="bbox 264 547 1932 619">
    <p class='ocr_par' dir='ltr' id='par_1_3' title="bbox 264 548 1932 618">
     <span class='ocr_line' id='line_1_3' title="bbox 264 548 1932 618; baseline -0.005 -12"><span class='ocrx_word' id='word_1_10' title='bbox 264 557 324 606; x_wconf 82' lang='grc' dir='ltr'>οἱ</span> <span class='ocrx_word' id='word_1_11' title='bbox 357 554 518 605; x_wconf 78' lang='grc' dir='ltr'>κακοὶ</span> <span class='ocrx_word' id='word_1_12' title='bbox 546 551 669 611; x_wconf 81' lang='grc' dir='ltr'>τοὺς</span> <span class='ocrx_word' id='word_1_13' title='bbox 695 548 1060 616; x_wconf 78' lang='grc' dir='ltr'>ὠφελοῦντας,</span> <span class='ocrx_word' id='word_1_14' title='bbox 1111 550 1299 618; x_wconf 75' lang='grc' dir='ltr'>ὥσπερ</span> <span class='ocrx_word' id='word_1_15' title='bbox 1338 552 1462 609; x_wconf 84' lang='grc' dir='ltr'>τοὺς</span> <span class='ocrx_word' id='word_1_16' title='bbox 1500 549 1856 616; x_wconf 80' lang='grc' dir='ltr'>βλάπτοντας,</span> <span class='ocrx_word' id='word_1_17' title='bbox 1889 555 1932 609; x_wconf 81' lang='grc' dir='ltr'><strong>Α</strong></span> 
     </span>
    </p>
   </div>
   <div class='ocr_carea' id='block_1_4' title="bbox 1861 547 3529 619">
    <p class='ocr_par' dir='ltr' id='par_1_4' title="bbox 1889 547 3529 619">
     <span class='ocr_line' id='line_1_4' title="bbox 1889 547 3529 619; baseline 0.002 -19"><span class='ocrx_word' id='word_1_18' title='bbox 1889 555 1935 609; x_wconf 81' lang='grc' dir='ltr'><strong>Α</strong></span> <span class='ocrx_word' id='word_1_19' title='bbox 1964 551 2187 600; x_wconf 83' lang='lat' dir='ltr'><strong>casione</strong></span> <span class='ocrx_word' id='word_1_20' title='bbox 2217 558 2482 619; x_wconf 71' lang='lat' dir='ltr'><strong>venenato</strong></span> <span class='ocrx_word' id='word_1_21' title='bbox 2531 564 2716 600; x_wconf 91' lang='lat' dir='ltr'><strong>morsu</strong></span> <span class='ocrx_word' id='word_1_22' title='bbox 2774 547 3174 600; x_wconf 78' lang='lat' dir='ltr'><strong>bcnet&#39;actorem</strong></span> <span class='ocrx_word' id='word_1_23' title='bbox 3232 564 3393 604; x_wconf 81' lang='lat' dir='ltr'><strong>situm</strong></span> <span class='ocrx_word' id='word_1_24' title='bbox 3445 568 3529 605; x_wconf 87' lang='lat' dir='ltr'><strong>re-</strong></span> 
     </span>
    </p>
   </div>
   <div class='ocr_carea' id='block_1_5' title="bbox 277 637 1945 710">
    <p class='ocr_par' dir='ltr' id='par_1_5' title="bbox 277 639 1860 710">
     <span class='ocr_line' id='line_1_5' title="bbox 277 639 1860 710; baseline -0.004 -15"><span class='ocrx_word' id='word_1_25' title='bbox 277 645 570 696; x_wconf 73' lang='grc' dir='ltr'>αόικοῦσιν.</span> <span class='ocrx_word' id='word_1_26' title='bbox 606 645 868 708; x_wconf 63' lang='grc' dir='ltr'>’Λγαοοϋς</span> <span class='ocrx_word' id='word_1_27' title='bbox 924 643 1032 709; x_wconf 69' lang='grc' dir='ltr'>γὰρ</span> <span class='ocrx_word' id='word_1_28' title='bbox 1063 641 1389 710; x_wconf 76' lang='grc' dir='ltr'>εὐεργετῶν,</span> <span class='ocrx_word' id='word_1_29' title='bbox 1433 642 1572 702; x_wconf 72' lang='grc' dir='ltr'>ἕξεις</span> <span class='ocrx_word' id='word_1_30' title='bbox 1634 639 1860 690; x_wconf 66' lang='grc' dir='ltr'>σεαυτὸν</span> 
     </span>
    </p>
   </div>
   <div class='ocr_carea' id='block_1_6' title="bbox 1865 637 3533 710">
    <p class='ocr_par' dir='ltr' id='par_1_6' title="bbox 1970 637 3533 694">
     <span class='ocr_line' id='line_1_6' title="bbox 1970 637 3533 694; baseline 0.004 -8"><span class='ocrx_word' id='word_1_31' title='bbox 1970 647 2247 687; x_wconf 83' lang='lat' dir='ltr'><strong>numerat.</strong></span> <span class='ocrx_word' id='word_1_32' title='bbox 2275 637 2428 688; x_wconf 74' lang='lat' dir='ltr'><strong>Sient</strong></span> <span class='ocrx_word' id='word_1_33' title='bbox 2451 638 2593 688; x_wconf 87' lang='lat' dir='ltr'><strong>enim</strong></span> <span class='ocrx_word' id='word_1_34' title='bbox 2625 653 2790 688; x_wconf 78' lang='lat' dir='ltr'><strong>canes</strong></span> <span class='ocrx_word' id='word_1_35' title='bbox 2811 637 3002 690; x_wconf 83' lang='lat' dir='ltr'><strong>alienis</strong></span> <span class='ocrx_word' id='word_1_36' title='bbox 3043 639 3209 693; x_wconf 89' lang='lat' dir='ltr'><strong>etiam</strong></span> <span class='ocrx_word' id='word_1_37' title='bbox 3238 640 3426 694; x_wconf 81' lang='lat' dir='ltr'><strong>cibum</strong></span> <span class='ocrx_word' id='word_1_38' title='bbox 3447 641 3533 692; x_wconf 86' lang='lat' dir='ltr'><strong>ol-</strong></span> 
     </span>
    </p>
   </div>
   <div class='ocr_carea' id='block_1_7' title="bbox 285 728 1953 804">
    <p class='ocr_par' dir='ltr' id='par_1_7' title="bbox 285 730 1862 804">
     <span class='ocr_line' id='line_1_7' title="bbox 285 730 1862 804; baseline -0.005 -18"><span class='ocrx_word' id='word_1_39' title='bbox 285 734 637 794; x_wconf 67' lang='grc' dir='ltr'>ν-αΑλαπλοῦν,</span> <span class='ocrx_word' id='word_1_40' title='bbox 659 738 753 786; x_wconf 71' lang='grc' dir='ltr'>καὶ</span> <span class='ocrx_word' id='word_1_41' title='bbox 775 735 952 804; x_wconf 80' lang='grc' dir='ltr'><strong>κτήσῃ</strong></span> <span class='ocrx_word' id='word_1_42' title='bbox 977 734 1108 800; x_wconf 87' lang='grc' dir='ltr'>μίαν</span> <span class='ocrx_word' id='word_1_43' title='bbox 1135 732 1312 802; x_wconf 78' lang='grc' dir='ltr'>ψυχὴν</span> <span class='ocrx_word' id='word_1_44' title='bbox 1343 733 1551 783; x_wconf 78' lang='grc' dir='ltr'>πολλῶν</span> <span class='ocrx_word' id='word_1_45' title='bbox 1580 733 1746 797; x_wconf 80' lang='grc' dir='ltr'>φίλων</span> <span class='ocrx_word' id='word_1_46' title='bbox 1770 730 1862 781; x_wconf 76' lang='grc' dir='ltr'>καὶ</span> 
     </span>
    </p>
   </div>
   <div class='ocr_carea' id='block_1_8' title="bbox 1867 728 3535 804">
    <p class='ocr_par' dir='ltr' id='par_1_8' title="bbox 1968 728 3535 798">
     <span class='ocr_line' id='line_1_8' title="bbox 1968 728 3535 798; baseline 0.007 -23"><span class='ocrx_word' id='word_1_47' title='bbox 1968 728 2271 782; x_wconf 79' lang='lat' dir='ltr'><strong>ferentibus</strong></span> <span class='ocrx_word' id='word_1_48' title='bbox 2303 730 2602 789; x_wconf 80' lang='lat' dir='ltr'><strong>oblati-ant,</strong></span> <span class='ocrx_word' id='word_1_49' title='bbox 2634 731 2705 780; x_wconf 88' lang='lat' dir='ltr'><strong>ita</strong></span> <span class='ocrx_word' id='word_1_50' title='bbox 2742 728 2994 782; x_wconf 78' lang='lat' dir='ltr'><strong>homines</strong></span> <span class='ocrx_word' id='word_1_51' title='bbox 3030 732 3272 796; x_wconf 84' lang='lat' dir='ltr'><strong>perversi</strong></span> <span class='ocrx_word' id='word_1_52' title='bbox 3305 731 3535 798; x_wconf 90' lang='lat' dir='ltr'><strong>perinde</strong></span> 
     </span>
    </p>
   </div>
   <div class='ocr_carea' id='block_1_9' title="bbox 269 820 1937 896">
    <p class='ocr_par' dir='ltr' id='par_1_9' title="bbox 269 825 1342 896">
     <span class='ocr_line' id='line_1_9' title="bbox 269 825 1342 896; baseline -0.001 -20"><span class='ocrx_word' id='word_1_53' title='bbox 269 829 566 896; x_wconf 64' lang='grc' dir='ltr'>οφθαλμιῖω</span> <span class='ocrx_word' id='word_1_54' title='bbox 599 827 782 891; x_wconf 80' lang='grc' dir='ltr'>κύκλῳ</span> <span class='ocrx_word' id='word_1_55' title='bbox 812 825 1342 892; x_wconf 79' lang='grc' dir='ltr'>διαφυλαττομένην.</span> 
     </span>
    </p>
   </div>
   <div class='ocr_carea' id='block_1_10' title="bbox 1868 820 3536 896">
    <p class='ocr_par' dir='ltr' id='par_1_10' title="bbox 1966 820 3536 890">
     <span class='ocr_line' id='line_1_10' title="bbox 1966 820 3536 890; baseline 0.005 -20"><span class='ocrx_word' id='word_1_56' title='bbox 1966 835 2062 870; x_wconf 82' lang='lat' dir='ltr'><strong>eos</strong></span> <span class='ocrx_word' id='word_1_57' title='bbox 2081 820 2171 886; x_wconf 86' lang='lat' dir='ltr'><strong>qui</strong></span> <span class='ocrx_word' id='word_1_58' title='bbox 2208 824 2342 871; x_wconf 82' lang='lat' dir='ltr'><strong>bene</strong></span> <span class='ocrx_word' id='word_1_59' title='bbox 2366 820 2428 869; x_wconf 79' lang='lat' dir='ltr'><strong>de</strong></span> <span class='ocrx_word' id='word_1_60' title='bbox 2456 821 2590 885; x_wconf 90' lang='lat' dir='ltr'><strong>ipsis</strong></span> <span class='ocrx_word' id='word_1_61' title='bbox 2616 830 2897 873; x_wconf 82' lang='lat' dir='ltr'><strong>merentur</strong></span> <span class='ocrx_word' id='word_1_62' title='bbox 2931 820 3230 886; x_wconf 77' lang='lat' dir='ltr'><strong>oﬂendunt,</strong></span> <span class='ocrx_word' id='word_1_63' title='bbox 3256 833 3417 890; x_wconf 84' lang='lat' dir='ltr'><strong>atque</strong></span> <span class='ocrx_word' id='word_1_64' title='bbox 3437 839 3536 878; x_wconf 85' lang='lat' dir='ltr'><strong>eos</strong></span> 
     </span>
    </p>
   </div>
   <div class='ocr_carea' id='block_1_11' title="bbox 272 910 3535 985">
    <p class='ocr_par' dir='ltr' id='par_1_11' title="bbox 272 910 3535 985">
     <span class='ocr_line' id='line_1_11' title="bbox 272 910 3535 985; baseline 0.001 -19"><span class='ocrx_word' id='word_1_65' title='bbox 272 920 365 985; x_wconf 78' lang='lat' dir='ltr'><strong>qui</strong></span> <span class='ocrx_word' id='word_1_66' title='bbox 401 920 560 970; x_wconf 89' lang='lat' dir='ltr'><strong>male.</strong></span> <span class='ocrx_word' id='word_1_67' title='bbox 594 916 774 968; x_wconf 69' lang='lat' dir='ltr'><strong>liolios</strong></span> <span class='ocrx_word' id='word_1_68' title='bbox 804 930 935 980; x_wconf 71' lang='lat' dir='ltr'><strong>ergo</strong></span> <span class='ocrx_word' id='word_1_69' title='bbox 965 915 1242 967; x_wconf 77' lang='lat' dir='ltr'><strong>beneﬂciis</strong></span> <span class='ocrx_word' id='word_1_70' title='bbox 1280 916 1378 966; x_wconf 88' lang='lat' dir='ltr'><strong>tibi</strong></span> <span class='ocrx_word' id='word_1_71' title='bbox 1439 914 1762 964; x_wconf 71' lang='lat' dir='ltr'><strong>ili-vinciens</strong></span> <span class='ocrx_word' id='word_1_72' title='bbox 1797 923 1848 961; x_wconf 79' lang='lat' dir='ltr'><strong>te.</strong></span> <span class='ocrx_word' id='word_1_73' title='bbox 1891 910 2069 976; x_wconf 84' lang='lat' dir='ltr'><strong>ipsum</strong></span> <span class='ocrx_word' id='word_1_74' title='bbox 2099 911 2510 975; x_wconf 86' lang='lat' dir='ltr'><strong>quodauuuodo</strong></span> <span class='ocrx_word' id='word_1_75' title='bbox 2598 914 2958 980; x_wconf 87' lang='lat' dir='ltr'><strong>multiplicem</strong></span> <span class='ocrx_word' id='word_1_76' title='bbox 3047 913 3294 977; x_wconf 79' lang='lat' dir='ltr'><strong>habebis,</strong></span> <span class='ocrx_word' id='word_1_77' title='bbox 3340 931 3535 984; x_wconf 84' lang='lat' dir='ltr'><strong>nempe</strong></span> 
     </span>
    </p>
   </div>
   <div class='ocr_carea' id='block_1_12' title="bbox 275 1003 2672 1072">
    <p class='ocr_par' dir='ltr' id='par_1_12' title="bbox 275 1003 2672 1072">
     <span class='ocr_line' id='line_1_12' title="bbox 275 1003 2672 1072; baseline -0.002 -14"><span class='ocrx_word' id='word_1_78' title='bbox 275 1010 442 1060; x_wconf 84' lang='lat' dir='ltr'><strong>vitam</strong></span> <span class='ocrx_word' id='word_1_79' title='bbox 476 1024 639 1060; x_wconf 87' lang='lat' dir='ltr'><strong>unam</strong></span> <span class='ocrx_word' id='word_1_80' title='bbox 683 1008 868 1060; x_wconf 83' lang='lat' dir='ltr'><strong>multis</strong></span> <span class='ocrx_word' id='word_1_81' title='bbox 898 1009 1108 1058; x_wconf 83' lang='lat' dir='ltr'><strong>circum</strong></span> <span class='ocrx_word' id='word_1_82' title='bbox 1156 1008 1330 1058; x_wconf 83' lang='lat' dir='ltr'><strong>oculis</strong></span> <span class='ocrx_word' id='word_1_83' title='bbox 1362 1007 1656 1072; x_wconf 80' lang='lat' dir='ltr'><strong>multisque</strong></span> <span class='ocrx_word' id='word_1_84' title='bbox 1712 1003 2281 1069; x_wconf 68' lang='lat' dir='ltr'><strong>vigilantibusamicis</strong></span> <span class='ocrx_word' id='word_1_85' title='bbox 2317 1004 2672 1054; x_wconf 73' lang='lat' dir='ltr'><strong>ciistoditam.</strong></span> 
     </span>
    </p>
   </div>
   <div class='ocr_carea' id='block_1_13' title="bbox 877 1096 2545 1166">
    <p class='ocr_par' dir='ltr' id='par_1_13' title="bbox 877 1100 1255 1166">
     <span class='ocr_line' id='line_1_13' title="bbox 877 1100 1255 1166; baseline -0.003 -14"><span class='ocrx_word' id='word_1_86' title='bbox 877 1100 1011 1166; x_wconf 69' lang='grc' dir='ltr'>Περὶ</span> <span class='ocrx_word' id='word_1_87' title='bbox 1038 1102 1255 1166; x_wconf 68' lang='grc' dir='ltr'>φίλων.</span> 
     </span>
    </p>
   </div>
   <div class='ocr_carea' id='block_1_14' title="bbox 1241 1096 2909 1166">
    <p class='ocr_par' dir='ltr' id='par_1_14' title="bbox 1243 1096 2909 1152">
     <span class='ocr_line' id='line_1_14' title="bbox 1243 1096 2909 1152; baseline -0.004 0"><span class='ocrx_word' id='word_1_88' title='bbox 1243 1141 1255 1152; x_wconf 92' lang='grc'><strong>.</strong></span> <span class='ocrx_word' id='word_1_89' title='bbox 2605 1096 2675 1145; x_wconf 72' lang='lat' dir='ltr'><strong>lle</strong></span> <span class='ocrx_word' id='word_1_90' title='bbox 2706 1097 2909 1146; x_wconf 73' lang='lat' dir='ltr'><strong>auiiria.</strong></span> 
     </span>
    </p>
   </div>
   <div class='ocr_carea' id='block_1_15' title="bbox 355 1184 2023 1258">
    <p class='ocr_par' dir='ltr' id='par_1_15' title="bbox 355 1189 1856 1258">
     <span class='ocr_line' id='line_1_15' title="bbox 355 1189 1856 1258; baseline -0.001 -18"><span class='ocrx_word' id='word_1_91' title='bbox 355 1191 628 1252; x_wconf 77' lang='grc' dir='ltr'>Ἰσῖκείνους</span> <span class='ocrx_word' id='word_1_92' title='bbox 661 1191 859 1258; x_wconf 83' lang='grc' dir='ltr'>κτῆσαι</span> <span class='ocrx_word' id='word_1_93' title='bbox 890 1189 1078 1256; x_wconf 82' lang='grc' dir='ltr'>φίλους</span> <span class='ocrx_word' id='word_1_94' title='bbox 1106 1190 1200 1241; x_wconf 79' lang='grc' dir='ltr'>καὶ</span> <span class='ocrx_word' id='word_1_95' title='bbox 1230 1189 1567 1258; x_wconf 78' lang='grc' dir='ltr'>θεράποντας</span> <span class='ocrx_word' id='word_1_96' title='bbox 1591 1189 1856 1239; x_wconf 76' lang='grc' dir='ltr'>οἰκτιοτὰ-</span> 
     </span>
    </p>
   </div>
   <div class='ocr_carea' id='block_1_16' title="bbox 1863 1184 3531 1258">
    <p class='ocr_par' dir='ltr' id='par_1_16' title="bbox 2031 1184 3531 1255">
     <span class='ocr_line' id='line_1_16' title="bbox 2031 1184 3531 1255; baseline 0.001 -18"><span class='ocrx_word' id='word_1_97' title='bbox 2031 1184 2169 1251; x_wconf 81' lang='lat' dir='ltr'><strong>Opta</strong></span> <span class='ocrx_word' id='word_1_98' title='bbox 2201 1186 2298 1236; x_wconf 90' lang='lat' dir='ltr'><strong>tibi</strong></span> <span class='ocrx_word' id='word_1_99' title='bbox 2331 1201 2425 1237; x_wconf 86' lang='lat' dir='ltr'><strong>eos</strong></span> <span class='ocrx_word' id='word_1_100' title='bbox 2456 1187 2685 1247; x_wconf 84' lang='lat' dir='ltr'><strong>amicos,</strong></span> <span class='ocrx_word' id='word_1_101' title='bbox 2729 1195 2782 1236; x_wconf 89' lang='lat' dir='ltr'><strong>et</strong></span> <span class='ocrx_word' id='word_1_102' title='bbox 2818 1186 3040 1238; x_wconf 89' lang='lat' dir='ltr'><strong>intimos</strong></span> <span class='ocrx_word' id='word_1_103' title='bbox 3074 1187 3391 1248; x_wconf 76' lang='lat' dir='ltr'><strong>familiares.</strong></span> <span class='ocrx_word' id='word_1_104' title='bbox 3437 1189 3531 1255; x_wconf 88' lang='lat' dir='ltr'><strong>qui</strong></span> 
     </span>
    </p>
   </div>
   <div class='ocr_carea' id='block_1_17' title="bbox 269 1278 1937 1348">
    <p class='ocr_par' dir='ltr' id='par_1_17' title="bbox 269 1280 1858 1348">
     <span class='ocr_line' id='line_1_17' title="bbox 269 1280 1858 1348; baseline -0.003 -16"><span class='ocrx_word' id='word_1_105' title='bbox 269 1300 419 1341; x_wconf 86' lang='grc' dir='ltr'>τους,</span> <span class='ocrx_word' id='word_1_106' title='bbox 453 1283 650 1342; x_wconf 76' lang='grc' dir='ltr'>οἵτινες</span> <span class='ocrx_word' id='word_1_107' title='bbox 676 1282 874 1346; x_wconf 71' lang='grc' dir='ltr'>ἀγαυοὶ</span> <span class='ocrx_word' id='word_1_108' title='bbox 933 1281 1027 1331; x_wconf 80' lang='grc' dir='ltr'><strong>καὶ</strong></span> <span class='ocrx_word' id='word_1_109' title='bbox 1074 1282 1206 1348; x_wconf 82' lang='grc' dir='ltr'>πρὸς</span> <span class='ocrx_word' id='word_1_110' title='bbox 1241 1282 1461 1348; x_wconf 79' lang='grc' dir='ltr'>ἑτέρους</span> <span class='ocrx_word' id='word_1_111' title='bbox 1498 1281 1682 1346; x_wconf 85' lang='grc' dir='ltr'>φίλους</span> <span class='ocrx_word' id='word_1_112' title='bbox 1712 1280 1742 1346; x_wconf 79' lang='grc' dir='ltr'>ἢ</span> <span class='ocrx_word' id='word_1_113' title='bbox 1774 1280 1858 1328; x_wconf 80' lang='grc' dir='ltr'>δε-</span> 
     </span>
    </p>
   </div>
   <div class='ocr_carea' id='block_1_18' title="bbox 1866 1278 3534 1348">
    <p class='ocr_par' dir='ltr' id='par_1_18' title="bbox 1962 1278 3534 1340">
     <span class='ocr_line' id='line_1_18' title="bbox 1962 1278 3534 1340; baseline 0.005 -14"><span class='ocrx_word' id='word_1_114' title='bbox 1962 1287 2148 1327; x_wconf 79' lang='lat' dir='ltr'><strong>sancte</strong></span> <span class='ocrx_word' id='word_1_115' title='bbox 2178 1279 2442 1330; x_wconf 89' lang='lat' dir='ltr'><strong>cmualiis</strong></span> <span class='ocrx_word' id='word_1_116' title='bbox 2471 1278 2772 1330; x_wconf 74' lang='lat' dir='ltr'><strong>amicitiam</strong></span> <span class='ocrx_word' id='word_1_117' title='bbox 2806 1279 3098 1340; x_wconf 79' lang='lat' dir='ltr'><strong>coluerint,</strong></span> <span class='ocrx_word' id='word_1_118' title='bbox 3130 1289 3182 1332; x_wconf 89' lang='lat' dir='ltr'><strong>et</strong></span> <span class='ocrx_word' id='word_1_119' title='bbox 3206 1282 3327 1334; x_wconf 86' lang='lat' dir='ltr'><strong>aliis</strong></span> <span class='ocrx_word' id='word_1_120' title='bbox 3355 1281 3534 1336; x_wconf 87' lang='lat' dir='ltr'><strong>domi-</strong></span> 
     </span>
    </p>
   </div>
   <div class='ocr_carea' id='block_1_19' title="bbox 268 1367 1936 1440">
    <p class='ocr_par' dir='ltr' id='par_1_19' title="bbox 268 1371 1858 1440">
     <span class='ocr_line' id='line_1_19' title="bbox 268 1371 1858 1440; baseline -0.003 -18"><span class='ocrx_word' id='word_1_121' title='bbox 268 1374 475 1432; x_wconf 78' lang='grc' dir='ltr'>σπότας</span> <span class='ocrx_word' id='word_1_122' title='bbox 508 1374 897 1438; x_wconf 74' lang='grc' dir='ltr'><strong>προγεγονότες</strong></span> <span class='ocrx_word' id='word_1_123' title='bbox 933 1372 1292 1440; x_wconf 78' lang='grc' dir='ltr'><strong>τυγχάνουσιν</strong></span> <span class='ocrx_word' id='word_1_124' title='bbox 1312 1388 1323 1398; x_wconf 92' lang='grc'>·</span> <span class='ocrx_word' id='word_1_125' title='bbox 1349 1372 1383 1422; x_wconf 81' lang='grc' dir='ltr'><strong>ὃ.</strong></span> <span class='ocrx_word' id='word_1_126' title='bbox 1413 1372 1519 1439; x_wconf 74' lang='grc' dir='ltr'>γὰρ</span> <span class='ocrx_word' id='word_1_127' title='bbox 1541 1373 1597 1421; x_wconf 82' lang='grc' dir='ltr'>ὲν</span> <span class='ocrx_word' id='word_1_128' title='bbox 1628 1371 1858 1428; x_wconf 83' lang='grc' dir='ltr'>ἐκείνοις</span> 
     </span>
    </p>
   </div>
   <div class='ocr_carea' id='block_1_20' title="bbox 1867 1367 3535 1440">
    <p class='ocr_par' dir='ltr' id='par_1_20' title="bbox 1963 1367 3535 1435">
     <span class='ocr_line' id='line_1_20' title="bbox 1963 1367 3535 1435; baseline 0.005 -18"><span class='ocrx_word' id='word_1_129' title='bbox 1963 1368 2048 1418; x_wconf 87' lang='lat' dir='ltr'><strong>nis</strong></span> <span class='ocrx_word' id='word_1_130' title='bbox 2101 1367 2314 1418; x_wconf 83' lang='lat' dir='ltr'><strong>ﬁdelem</strong></span> <span class='ocrx_word' id='word_1_131' title='bbox 2347 1384 2567 1435; x_wconf 91' lang='lat' dir='ltr'><strong>operam</strong></span> <span class='ocrx_word' id='word_1_132' title='bbox 2624 1369 2966 1421; x_wconf 91' lang='lat' dir='ltr'><strong>navaverint.</strong></span> <span class='ocrx_word' id='word_1_133' title='bbox 3015 1370 3168 1432; x_wconf 79' lang='lat' dir='ltr'><strong>Quod</strong></span> <span class='ocrx_word' id='word_1_134' title='bbox 3219 1371 3363 1422; x_wconf 88' lang='lat' dir='ltr'><strong>eni‘m</strong></span> <span class='ocrx_word' id='word_1_135' title='bbox 3409 1371 3535 1424; x_wconf 79' lang='lat' dir='ltr'><strong>aliis</strong></span> 
     </span>
    </p>
   </div>
   <div class='ocr_carea' id='block_1_21' title="bbox 266 1452 1934 1530">
    <p class='ocr_par' dir='ltr' id='par_1_21' title="bbox 266 1460 1857 1530">
     <span class='ocr_line' id='line_1_21' title="bbox 266 1460 1857 1530; baseline -0.004 -16"><span class='ocrx_word' id='word_1_136' title='bbox 266 1466 620 1530; x_wconf 72' lang='grc' dir='ltr'>εἰργάσαντο,</span> <span class='ocrx_word' id='word_1_137' title='bbox 648 1464 821 1516; x_wconf 89' lang='grc' dir='ltr'>ταῦτα</span> <span class='ocrx_word' id='word_1_138' title='bbox 870 1466 963 1515; x_wconf 71' lang='grc' dir='ltr'><strong>καὶ</strong></span> <span class='ocrx_word' id='word_1_139' title='bbox 994 1467 1074 1523; x_wconf 83' lang='grc' dir='ltr'>εἰς</span> <span class='ocrx_word' id='word_1_140' title='bbox 1100 1463 1158 1512; x_wconf 81' lang='grc' dir='ltr'>σὲ</span> <span class='ocrx_word' id='word_1_141' title='bbox 1221 1461 1445 1528; x_wconf 81' lang='grc' dir='ltr'>ποιῆσαι</span> <span class='ocrx_word' id='word_1_142' title='bbox 1480 1463 1576 1512; x_wconf 74' lang='grc' dir='ltr'><strong>οὐκ</strong></span> <span class='ocrx_word' id='word_1_143' title='bbox 1606 1460 1857 1526; x_wconf 41' lang='grc' dir='ltr'>,ἀποκνή-</span> 
     </span>
    </p>
   </div>
   <div class='ocr_carea' id='block_1_22' title="bbox 1867 1452 3535 1530">
    <p class='ocr_par' dir='ltr' id='par_1_22' title="bbox 1963 1452 3535 1525">
     <span class='ocr_line' id='line_1_22' title="bbox 1963 1452 3535 1525; baseline 0.004 -20"><span class='ocrx_word' id='word_1_144' title='bbox 1963 1458 2354 1522; x_wconf 68' lang='grc' dir='ltr'><strong>ιιτειιειίιιιτιιιιι,</strong></span> <span class='ocrx_word' id='word_1_145' title='bbox 2387 1458 2527 1508; x_wconf 87' lang='lat' dir='ltr'><strong>idem</strong></span> <span class='ocrx_word' id='word_1_146' title='bbox 2555 1457 2719 1509; x_wconf 88' lang='lat' dir='ltr'><strong>etiam</strong></span> <span class='ocrx_word' id='word_1_147' title='bbox 2760 1452 3035 1523; x_wconf 57' lang='lat' dir='ltr'><strong>&#39;praestare</strong></span> <span class='ocrx_word' id='word_1_148' title='bbox 3073 1458 3168 1508; x_wconf 90' lang='lat' dir='ltr'><strong>tibi</strong></span> <span class='ocrx_word' id='word_1_149' title='bbox 3199 1473 3305 1511; x_wconf 89' lang='lat' dir='ltr'><strong>non</strong></span> <span class='ocrx_word' id='word_1_150' title='bbox 3341 1474 3535 1525; x_wconf 74' lang='lat' dir='ltr'><strong>grava-</strong></span> 
     </span>
    </p>
   </div>
   <div class='ocr_carea' id='block_1_23' title="bbox 269 1542 1937 1626">
    <p class='ocr_par' dir='ltr' id='par_1_23' title="bbox 269 1553 1860 1626">
     <span class='ocr_line' id='line_1_23' title="bbox 269 1553 1860 1626; baseline -0.004 -18"><span class='ocrx_word' id='word_1_151' title='bbox 269 1576 448 1609; x_wconf 89' lang='grc' dir='ltr'>σουσι.</span> <span class='ocrx_word' id='word_1_152' title='bbox 468 1560 526 1608; x_wconf 81' lang='grc'><strong>’0</strong></span> <span class='ocrx_word' id='word_1_153' title='bbox 564 1559 663 1626; x_wconf 82' lang='grc' dir='ltr'><strong>μὲν</strong></span> <span class='ocrx_word' id='word_1_154' title='bbox 685 1558 811 1625; x_wconf 75' lang='grc' dir='ltr'>ζγάρ</span> <span class='ocrx_word' id='word_1_155' title='bbox 843 1557 1131 1617; x_wconf 80' lang='grc' dir='ltr'>σπουδαῖος</span> <span class='ocrx_word' id='word_1_156' title='bbox 1159 1558 1286 1626; x_wconf 57' lang='grc' dir='ltr'><strong>’περὶ⁹</strong></span> <span class='ocrx_word' id='word_1_157' title='bbox 1317 1558 1441 1616; x_wconf 85' lang='grc' dir='ltr'>τοὺς</span> <span class='ocrx_word' id='word_1_158' title='bbox 1469 1556 1638 1606; x_wconf 78' lang='grc' dir='ltr'>πάλαι</span> <span class='ocrx_word' id='word_1_159' title='bbox 1672 1553 1860 1620; x_wconf 89' lang='grc' dir='ltr'>φίλους</span> 
     </span>
    </p>
   </div>
   <div class='ocr_carea' id='block_1_24' title="bbox 1864 1542 3532 1626">
    <p class='ocr_par' dir='ltr' id='par_1_24' title="bbox 1963 1542 3532 1612">
     <span class='ocr_line' id='line_1_24' title="bbox 1963 1542 3532 1612; baseline 0 -15"><span class='ocrx_word' id='word_1_160' title='bbox 1963 1545 2166 1597; x_wconf 87' lang='grc' dir='ltr'><strong>Ιιιιιιιιιι·</strong></span> <span class='ocrx_word' id='word_1_161' title='bbox 2190 1561 2202 1606; x_wconf 90' lang='lat'>;</span> <span class='ocrx_word' id='word_1_162' title='bbox 2222 1555 2274 1596; x_wconf 89' lang='lat' dir='ltr'><strong>et</strong></span> <span class='ocrx_word' id='word_1_163' title='bbox 2304 1546 2396 1612; x_wconf 84' lang='lat' dir='ltr'><strong>qui</strong></span> <span class='ocrx_word' id='word_1_164' title='bbox 2457 1548 2632 1598; x_wconf 88' lang='lat' dir='ltr'><strong>bonus</strong></span> <span class='ocrx_word' id='word_1_165' title='bbox 2657 1563 2783 1612; x_wconf 66' lang='lat' dir='ltr'><strong>erga</strong></span> <span class='ocrx_word' id='word_1_166' title='bbox 2824 1554 3032 1600; x_wconf 81' lang='lat' dir='ltr'><strong>veteres</strong></span> <span class='ocrx_word' id='word_1_167' title='bbox 3073 1542 3279 1600; x_wconf 85' lang='lat' dir='ltr'><strong>auiicos</strong></span> <span class='ocrx_word' id='word_1_168' title='bbox 3305 1547 3532 1600; x_wconf 75' lang='lat' dir='ltr'><strong>exstite-</strong></span> 
     </span>
    </p>
   </div>
   <div class='ocr_carea' id='block_1_25' title="bbox 267 1637 1935 1716">
    <p class='ocr_par' dir='ltr' id='par_1_25' title="bbox 267 1646 1860 1716">
     <span class='ocr_line' id='line_1_25' title="bbox 267 1646 1860 1716; baseline -0.004 -16"><span class='ocrx_word' id='word_1_169' title='bbox 267 1666 291 1714; x_wconf 56' lang='grc' dir='ltr'>π</span> <span class='ocrx_word' id='word_1_170' title='bbox 308 1649 535 1714; x_wconf 83' lang='grc' dir='ltr'>εγονὼς,</span> <span class='ocrx_word' id='word_1_171' title='bbox 560 1648 848 1708; x_wconf 84' lang='grc' dir='ltr'>σπουδαῖος</span> <span class='ocrx_word' id='word_1_172' title='bbox 887 1647 953 1698; x_wconf 80' lang='grc' dir='ltr'><strong>ἀν</strong></span> <span class='ocrx_word' id='word_1_173' title='bbox 1003 1648 1097 1698; x_wconf 87' lang='grc' dir='ltr'>καί</span> <span class='ocrx_word' id='word_1_174' title='bbox 1131 1648 1259 1716; x_wconf 78' lang='grc' dir='ltr'>περὶ</span> <span class='ocrx_word' id='word_1_175' title='bbox 1286 1647 1343 1698; x_wconf 83' lang='grc' dir='ltr'>σὲ</span> <span class='ocrx_word' id='word_1_176' title='bbox 1367 1646 1617 1712; x_wconf 83' lang='grc' dir='ltr'>γενέσθαι</span> <span class='ocrx_word' id='word_1_177' title='bbox 1643 1661 1860 1695; x_wconf 87' lang='grc' dir='ltr'>πιστευ-</span> 
     </span>
    </p>
   </div>
   <div class='ocr_carea' id='block_1_26' title="bbox 1863 1637 3531 1716">
    <p class='ocr_par' dir='ltr' id='par_1_26' title="bbox 1964 1637 3531 1703">
     <span class='ocr_line' id='line_1_26' title="bbox 1964 1637 3531 1703; baseline -0.001 -14"><span class='ocrx_word' id='word_1_178' title='bbox 1964 1639 2057 1698; x_wconf 87' lang='lat' dir='ltr'><strong>rit,</strong></span> <span class='ocrx_word' id='word_1_179' title='bbox 2093 1637 2269 1690; x_wconf 89' lang='lat' dir='ltr'><strong>bonus</strong></span> <span class='ocrx_word' id='word_1_180' title='bbox 2306 1652 2431 1703; x_wconf 71' lang='lat' dir='ltr'><strong>erga</strong></span> <span class='ocrx_word' id='word_1_181' title='bbox 2452 1646 2504 1689; x_wconf 88' lang='lat' dir='ltr'><strong>te</strong></span> <span class='ocrx_word' id='word_1_182' title='bbox 2532 1639 2697 1690; x_wconf 87' lang='lat' dir='ltr'><strong>etiam</strong></span> <span class='ocrx_word' id='word_1_183' title='bbox 2745 1639 2981 1692; x_wconf 71' lang='lat' dir='ltr'><strong>futurus</strong></span> <span class='ocrx_word' id='word_1_184' title='bbox 3025 1639 3224 1692; x_wconf 87' lang='lat' dir='ltr'><strong>merito</strong></span> <span class='ocrx_word' id='word_1_185' title='bbox 3254 1638 3531 1692; x_wconf 76' lang='lat' dir='ltr'><strong>credetur.</strong></span> 
     </span>
    </p>
   </div>
   <div class='ocr_carea' id='block_1_27' title="bbox 267 1727 1935 1806">
    <p class='ocr_par' dir='ltr' id='par_1_27' title="bbox 267 1734 1859 1806">
     <span class='ocr_line' id='line_1_27' title="bbox 267 1734 1859 1806; baseline -0.002 -18"><span class='ocrx_word' id='word_1_186' title='bbox 267 1740 537 1806; x_wconf 64' lang='grc' dir='ltr'>θήσεταν</span> <span class='ocrx_word' id='word_1_187' title='bbox 573 1741 602 1788; x_wconf 86' lang='grc' dir='ltr'><strong>ό</strong></span> <span class='ocrx_word' id='word_1_188' title='bbox 641 1738 695 1787; x_wconf 74' lang='grc' dir='ltr'>δὲ</span> <span class='ocrx_word' id='word_1_189' title='bbox 754 1740 867 1797; x_wconf 85' lang='grc' dir='ltr'>τοῖς</span> <span class='ocrx_word' id='word_1_190' title='bbox 909 1737 1197 1806; x_wconf 80' lang='grc' dir='ltr'><strong>προτέροις</strong></span> <span class='ocrx_word' id='word_1_191' title='bbox 1252 1737 1437 1803; x_wconf 80' lang='grc' dir='ltr'><strong>φίλοις</strong></span> <span class='ocrx_word' id='word_1_192' title='bbox 1488 1735 1520 1802; x_wconf 86' lang='grc' dir='ltr'>ἢ</span> <span class='ocrx_word' id='word_1_193' title='bbox 1577 1734 1859 1793; x_wconf 84' lang='grc' dir='ltr'><strong>δεσπόταις</strong></span> 
     </span>
    </p>
   </div>
   <div class='ocr_carea' id='block_1_28' title="bbox 1867 1727 3535 1806">
    <p class='ocr_par' dir='ltr' id='par_1_28' title="bbox 1963 1727 3535 1797">
     <span class='ocr_line' id='line_1_28' title="bbox 1963 1727 3535 1797; baseline 0.001 -18"><span class='ocrx_word' id='word_1_194' title='bbox 1963 1728 2065 1792; x_wconf 77' lang='lat' dir='ltr'><strong>Qui</strong></span> <span class='ocrx_word' id='word_1_195' title='bbox 2100 1738 2278 1779; x_wconf 89' lang='lat' dir='ltr'><strong>autem</strong></span> <span class='ocrx_word' id='word_1_196' title='bbox 2316 1727 2591 1794; x_wconf 84' lang='lat' dir='ltr'><strong>prioribus</strong></span> <span class='ocrx_word' id='word_1_197' title='bbox 2660 1730 2852 1783; x_wconf 89' lang='lat' dir='ltr'><strong>amicis</strong></span> <span class='ocrx_word' id='word_1_198' title='bbox 2884 1739 2979 1782; x_wconf 86' lang='lat' dir='ltr'><strong>aut</strong></span> <span class='ocrx_word' id='word_1_199' title='bbox 3023 1730 3269 1797; x_wconf 88' lang='lat' dir='ltr'><strong>patronis</strong></span> <span class='ocrx_word' id='word_1_200' title='bbox 3303 1730 3535 1797; x_wconf 73' lang='lat' dir='ltr'><strong>ignavus</strong></span> 
     </span>
    </p>
   </div>
   <div class='ocr_carea' id='block_1_29' title="bbox 265 1818 1933 1898">
    <p class='ocr_par' dir='ltr' id='par_1_29' title="bbox 265 1823 1933 1898">
     <span class='ocr_line' id='line_1_29' title="bbox 265 1823 1933 1898; baseline -0.005 -15"><span class='ocrx_word' id='word_1_201' title='bbox 265 1823 547 1897; x_wconf 73' lang='grc' dir='ltr'>ἄχρηστός</span> <span class='ocrx_word' id='word_1_202' title='bbox 575 1847 633 1881; x_wconf 90' lang='grc' dir='ltr'><strong>τε</strong></span> <span class='ocrx_word' id='word_1_203' title='bbox 655 1831 750 1880; x_wconf 87' lang='grc' dir='ltr'>καὶ</span> <span class='ocrx_word' id='word_1_204' title='bbox 777 1830 1021 1898; x_wconf 74' lang='grc' dir='ltr'>ῥᾴθυμος</span> <span class='ocrx_word' id='word_1_205' title='bbox 1053 1826 1318 1894; x_wconf 85' lang='grc' dir='ltr'>γεγονὼς,</span> <span class='ocrx_word' id='word_1_206' title='bbox 1357 1827 1519 1895; x_wconf 77' lang='grc' dir='ltr'>σχολῇ</span> <span class='ocrx_word' id='word_1_207' title='bbox 1550 1843 1608 1892; x_wconf 83' lang='grc' dir='ltr'><strong>γε</strong></span> <span class='ocrx_word' id='word_1_208' title='bbox 1637 1827 1763 1894; x_wconf 77' lang='grc' dir='ltr'>περὶ</span> <span class='ocrx_word' id='word_1_209' title='bbox 1801 1825 1858 1875; x_wconf 81' lang='grc' dir='ltr'>σὲ</span> <span class='ocrx_word' id='word_1_210' title='bbox 1893 1877 1933 1898; x_wconf 58' lang='grc' dir='ltr'>η</span> 
     </span>
    </p>
   </div>
   <div class='ocr_carea' id='block_1_30' title="bbox 1867 1818 3535 1898">
    <p class='ocr_par' dir='ltr' id='par_1_30' title="bbox 1893 1818 3535 1898">
     <span class='ocr_line' id='line_1_30' title="bbox 1893 1818 3535 1898; baseline 0.002 -30"><span class='ocrx_word' id='word_1_211' title='bbox 1893 1877 1935 1898; x_wconf 62' lang='lat' dir='ltr'><strong>n</strong></span> <span class='ocrx_word' id='word_1_212' title='bbox 1965 1827 2130 1884; x_wconf 90' lang='lat' dir='ltr'><strong>atque</strong></span> <span class='ocrx_word' id='word_1_213' title='bbox 2160 1819 2372 1870; x_wconf 84' lang='lat' dir='ltr'><strong>inutilis</strong></span> <span class='ocrx_word' id='word_1_214' title='bbox 2402 1827 2528 1870; x_wconf 84' lang='lat' dir='ltr'><strong>ante</strong></span> <span class='ocrx_word' id='word_1_215' title='bbox 2561 1818 2746 1879; x_wconf 77' lang='lat' dir='ltr'><strong>luerit,</strong></span> <span class='ocrx_word' id='word_1_216' title='bbox 2781 1820 2869 1871; x_wconf 79' lang='lat' dir='ltr'><strong>vix</strong></span> <span class='ocrx_word' id='word_1_217' title='bbox 2922 1836 3164 1894; x_wconf 76' lang='lat' dir='ltr'><strong>unquam</strong></span> <span class='ocrx_word' id='word_1_218' title='bbox 3217 1819 3535 1888; x_wconf 52' lang='lat' dir='ltr'><strong>postea‘bo-</strong></span> 
     </span>
    </p>
   </div>
   <div class='ocr_carea' id='block_1_31' title="bbox 263 1877 1931 1989">
    <p class='ocr_par' dir='ltr' id='par_1_31' title="bbox 263 1877 1931 1989">
     <span class='ocr_line' id='line_1_31' title="bbox 263 1877 1931 1989; baseline -0.004 -17"><span class='ocrx_word' id='word_1_219' title='bbox 263 1877 563 1982; x_wconf 36' lang='grc' dir='ltr'>σιλούδαίος</span> <span class='ocrx_word' id='word_1_220' title='bbox 587 1923 680 1974; x_wconf 72' lang='grc' dir='ltr'>καὶ</span> <span class='ocrx_word' id='word_1_221' title='bbox 717 1877 984 1989; x_wconf 46' lang='grc' dir='ltr'>χρὲγσιμιός</span> <span class='ocrx_word' id='word_1_222' title='bbox 1009 1877 1144 1970; x_wconf 71' lang='grc' dir='ltr'><strong>ιιιότεΙ</strong></span> <span class='ocrx_word' id='word_1_223' title='bbox 1170 1877 1519 1986; x_wconf 38' lang='grc' dir='ltr'>ὀφθήσεται...</span> <span class='ocrx_word' id='word_1_224' title='bbox 1560 1877 1572 1892; x_wconf 52' lang='lat'>.</span> <span class='ocrx_word' id='word_1_225' title='bbox 1710 1877 1721 1894; x_wconf 53' lang='lat'><strong>.</strong></span> <span class='ocrx_word' id='word_1_226' title='bbox 1893 1877 1931 1935; x_wconf 66' lang='grc' dir='ltr'><strong>Β</strong></span> 
     </span>
    </p>
   </div>
   <div class='ocr_carea' id='block_1_32' title="bbox 1159 1877 2827 1989">
    <p class='ocr_par' dir='ltr' id='par_1_32' title="bbox 1168 1877 2827 1986">
     <span class='ocr_line' id='line_1_32' title="bbox 1168 1877 2827 1986; baseline 0.001 -29"><span class='ocrx_word' id='word_1_227' title='bbox 1170 1877 1519 1986; x_wconf 37' lang='lat' dir='ltr'><strong>Megaran,&quot;</strong></span> <span class='ocrx_word' id='word_1_228' title='bbox 1560 1877 1572 1892; x_wconf 50' lang='lat'>.</span> <span class='ocrx_word' id='word_1_229' title='bbox 1710 1877 1721 1894; x_wconf 53' lang='lat'><strong>.</strong></span> <span class='ocrx_word' id='word_1_230' title='bbox 1893 1877 1935 1935; x_wconf 66' lang='grc' dir='ltr'><strong>Β</strong></span> <span class='ocrx_word' id='word_1_231' title='bbox 1965 1924 2066 1958; x_wconf 82' lang='lat' dir='ltr'><strong>nus</strong></span> <span class='ocrx_word' id='word_1_232' title='bbox 2090 1923 2216 1974; x_wconf 73' lang='lat' dir='ltr'><strong>erga</strong></span> <span class='ocrx_word' id='word_1_233' title='bbox 2248 1917 2296 1957; x_wconf 89' lang='lat' dir='ltr'><strong>te</strong></span> <span class='ocrx_word' id='word_1_234' title='bbox 2320 1917 2483 1973; x_wconf 89' lang='lat' dir='ltr'><strong>atque</strong></span> <span class='ocrx_word' id='word_1_235' title='bbox 2518 1909 2668 1957; x_wconf 79' lang='lat' dir='ltr'><strong>utilis</strong></span> <span class='ocrx_word' id='word_1_236' title='bbox 2703 1909 2827 1959; x_wconf 89' lang='lat' dir='ltr'><strong>erit.</strong></span> 
     </span>
    </p>
   </div>
   <div class='ocr_carea' id='block_1_33' title="bbox 629 1997 2297 2073">
    <p class='ocr_par' dir='ltr' id='par_1_33' title="bbox 629 2007 1499 2073">
     <span class='ocr_line' id='line_1_33' title="bbox 629 2007 1499 2073; baseline 0 -15"><span class='ocrx_word' id='word_1_237' title='bbox 629 2009 767 2073; x_wconf 73' lang='grc' dir='ltr'>Περὶ</span> <span class='ocrx_word' id='word_1_238' title='bbox 799 2007 1132 2073; x_wconf 69' lang='grc' dir='ltr'>ὑπεροψίας</span> <span class='ocrx_word' id='word_1_239' title='bbox 1163 2007 1499 2073; x_wconf 73' lang='grc' dir='ltr'>χρημάτων.</span> 
     </span>
    </p>
   </div>
   <div class='ocr_carea' id='block_1_34' title="bbox 1428 1997 3096 2073">
    <p class='ocr_par' dir='ltr' id='par_1_34' title="bbox 1428 1997 3096 2064">
     <span class='ocr_line' id='line_1_34' title="bbox 1428 1997 3096 2064; baseline 0.011 -32"><span class='ocrx_word' id='word_1_240' title='bbox 1428 2023 1499 2058; x_wconf 44' lang='grc' dir='ltr'><strong>η..</strong></span> <span class='ocrx_word' id='word_1_241' title='bbox 2410 1997 2484 2048; x_wconf 78' lang='lat' dir='ltr'><strong>De</strong></span> <span class='ocrx_word' id='word_1_242' title='bbox 2514 2008 2813 2062; x_wconf 77' lang='lat' dir='ltr'><strong>contemptu</strong></span> <span class='ocrx_word' id='word_1_243' title='bbox 2841 2001 3096 2064; x_wconf 76' lang='lat' dir='ltr'><strong>pecunia’.</strong></span> 
     </span>
    </p>
   </div>
   <div class='ocr_carea' id='block_1_35' title="bbox 382 2087 2050 2166">
    <p class='ocr_par' dir='ltr' id='par_1_35' title="bbox 382 2087 2050 2166">
     <span class='ocr_line' id='line_1_35' title="bbox 382 2087 2050 2166; baseline -0.007 -18"><span class='ocrx_word' id='word_1_244' title='bbox 382 2097 597 2166; x_wconf 71' lang='grc' dir='ltr'>Υψηλδν</span> <span class='ocrx_word' id='word_1_245' title='bbox 626 2098 726 2164; x_wconf 84' lang='grc' dir='ltr'>μὲν</span> <span class='ocrx_word' id='word_1_246' title='bbox 750 2098 844 2147; x_wconf 74' lang='grc' dir='ltr'>καὶ</span> <span class='ocrx_word' id='word_1_247' title='bbox 872 2096 1176 2146; x_wconf 79' lang='grc' dir='ltr'>ἀδούλωτον</span> <span class='ocrx_word' id='word_1_248' title='bbox 1225 2096 1288 2146; x_wconf 69' lang='grc' dir='ltr'>τὸ</span> <span class='ocrx_word' id='word_1_249' title='bbox 1315 2097 1410 2146; x_wconf 83' lang='grc' dir='ltr'><strong>τοῦ</strong></span> <span class='ocrx_word' id='word_1_250' title='bbox 1452 2095 1716 2162; x_wconf 74' lang='grc' dir='ltr'>βασιλέως</span> <span class='ocrx_word' id='word_1_251' title='bbox 1748 2094 1856 2143; x_wconf 84' lang='grc' dir='ltr'>δει-</span> <span class='ocrx_word' id='word_1_252' title='bbox 2036 2087 2050 2137; x_wconf 98' lang='grc' dir='ltr'><strong>Ι</strong></span> 
     </span>
    </p>
   </div>
   <div class='ocr_carea' id='block_1_36' title="bbox 1864 2087 3532 2166">
    <p class='ocr_par' dir='ltr' id='par_1_36' title="bbox 2036 2087 3532 2156">
     <span class='ocr_line' id='line_1_36' title="bbox 2036 2087 3532 2156; baseline 0.003 -19"><span class='ocrx_word' id='word_1_253' title='bbox 2036 2087 2325 2141; x_wconf 67' lang='grc' dir='ltr'><strong>Ιπὶιιεοιςιιιιι</strong></span> <span class='ocrx_word' id='word_1_254' title='bbox 2369 2097 2531 2156; x_wconf 86' lang='lat' dir='ltr'><strong>atque</strong></span> <span class='ocrx_word' id='word_1_255' title='bbox 2562 2089 2829 2140; x_wconf 86' lang='lat' dir='ltr'><strong>invictum</strong></span> <span class='ocrx_word' id='word_1_256' title='bbox 2865 2089 3132 2156; x_wconf 86' lang='lat' dir='ltr'><strong>principis</strong></span> <span class='ocrx_word' id='word_1_257' title='bbox 3159 2089 3401 2142; x_wconf 90' lang='lat' dir='ltr'><strong>animum</strong></span> <span class='ocrx_word' id='word_1_258' title='bbox 3426 2103 3532 2142; x_wconf 86' lang='grc' dir='ltr'><strong>ιιοιι</strong></span> 
     </span>
    </p>
   </div>
   <div class='ocr_carea' id='block_1_37' title="bbox 275 2177 1943 2258">
    <p class='ocr_par' dir='ltr' id='par_1_37' title="bbox 275 2185 1857 2258">
     <span class='ocr_line' id='line_1_37' title="bbox 275 2185 1857 2258; baseline -0.003 -18"><span class='ocrx_word' id='word_1_259' title='bbox 275 2209 426 2244; x_wconf 71' lang='grc' dir='ltr'>ιιυυει</span> <span class='ocrx_word' id='word_1_260' title='bbox 455 2191 732 2258; x_wconf 77' lang='grc' dir='ltr'>φρόνημα,</span> <span class='ocrx_word' id='word_1_261' title='bbox 782 2190 844 2240; x_wconf 85' lang='grc' dir='ltr'><strong>ού</strong></span> <span class='ocrx_word' id='word_1_262' title='bbox 872 2189 1123 2240; x_wconf 89' lang='grc' dir='ltr'>τοσοῦτον</span> <span class='ocrx_word' id='word_1_263' title='bbox 1172 2188 1333 2252; x_wconf 68' lang='grc' dir='ltr'>ὄγκος</span> <span class='ocrx_word' id='word_1_264' title='bbox 1381 2187 1475 2237; x_wconf 88' lang='grc' dir='ltr'><strong>τοῦ</strong></span> <span class='ocrx_word' id='word_1_265' title='bbox 1527 2185 1857 2252; x_wconf 80' lang='grc' dir='ltr'>ἀξιώματος,</span> 
     </span>
    </p>
   </div>
   <div class='ocr_carea' id='block_1_38' title="bbox 1867 2177 3535 2258">
    <p class='ocr_par' dir='ltr' id='par_1_38' title="bbox 1962 2177 3535 2246">
     <span class='ocr_line' id='line_1_38' title="bbox 1962 2177 3535 2246; baseline 0.004 -19"><span class='ocrx_word' id='word_1_266' title='bbox 1962 2177 2100 2228; x_wconf 84' lang='lat' dir='ltr'><strong>adeo</strong></span> <span class='ocrx_word' id='word_1_267' title='bbox 2166 2179 2480 2244; x_wconf 77' lang='lat' dir='ltr'><strong>magnitudo</strong></span> <span class='ocrx_word' id='word_1_268' title='bbox 2536 2178 2823 2244; x_wconf 70' lang='lat' dir='ltr'><strong>dignitatis</strong></span> <span class='ocrx_word' id='word_1_269' title='bbox 2877 2180 3119 2232; x_wconf 79' lang='lat' dir='ltr'><strong>ostendit</strong></span> <span class='ocrx_word' id='word_1_270' title='bbox 3175 2194 3237 2230; x_wconf 85' lang='lat' dir='ltr'><strong>ac</strong></span> <span class='ocrx_word' id='word_1_271' title='bbox 3293 2181 3535 2246; x_wconf 80' lang='lat' dir='ltr'><strong>pecunia:</strong></span> 
     </span>
    </p>
   </div>
   <div class='ocr_carea' id='block_1_39' title="bbox 277 2269 1945 2345">
    <p class='ocr_par' dir='ltr' id='par_1_39' title="bbox 277 2273 1858 2345">
     <span class='ocr_line' id='line_1_39' title="bbox 277 2273 1858 2345; baseline -0.001 -19"><span class='ocrx_word' id='word_1_272' title='bbox 277 2273 402 2334; x_wconf 71' lang='grc' dir='ltr'>ὅσον</span> <span class='ocrx_word' id='word_1_273' title='bbox 457 2280 490 2345; x_wconf 83' lang='grc' dir='ltr'>ἠ</span> <span class='ocrx_word' id='word_1_274' title='bbox 527 2277 635 2328; x_wconf 75' lang='grc' dir='ltr'>τῶν</span> <span class='ocrx_word' id='word_1_275' title='bbox 692 2278 989 2344; x_wconf 85' lang='grc' dir='ltr'>χρημάτων</span> <span class='ocrx_word' id='word_1_276' title='bbox 1045 2275 1330 2343; x_wconf 68' lang='grc' dir='ltr'>ὑπεροψία.</span> <span class='ocrx_word' id='word_1_277' title='bbox 1401 2276 1471 2324; x_wconf 62' lang='lat' dir='ltr'><strong>liv</strong></span> <span class='ocrx_word' id='word_1_278' title='bbox 1526 2275 1699 2341; x_wconf 79' lang='grc' dir='ltr'>τούτῳ</span> <span class='ocrx_word' id='word_1_279' title='bbox 1753 2275 1858 2342; x_wconf 79' lang='grc' dir='ltr'>γὰρ</span> 
     </span>
    </p>
   </div>
   <div class='ocr_carea' id='block_1_40' title="bbox 1866 2269 3534 2345">
    <p class='ocr_par' dir='ltr' id='par_1_40' title="bbox 1962 2269 3534 2345">
     <span class='ocr_line' id='line_1_40' title="bbox 1962 2269 3534 2345; baseline 0.003 -27"><span class='ocrx_word' id='word_1_280' title='bbox 1962 2275 2347 2335; x_wconf 80' lang='lat' dir='ltr'><strong>contemptus:</strong></span> <span class='ocrx_word' id='word_1_281' title='bbox 2398 2269 2450 2319; x_wconf 92' lang='lat' dir='ltr'><strong>in</strong></span> <span class='ocrx_word' id='word_1_282' title='bbox 2504 2269 2607 2321; x_wconf 87' lang='lat' dir='ltr'><strong>boe</strong></span> <span class='ocrx_word' id='word_1_283' title='bbox 2653 2270 2797 2320; x_wconf 77' lang='lat' dir='ltr'><strong>enim</strong></span> <span class='ocrx_word' id='word_1_284' title='bbox 2847 2270 3083 2345; x_wconf 73' lang='lat' dir='ltr'><strong>maxime</strong></span> <span class='ocrx_word' id='word_1_285' title='bbox 3128 2270 3323 2322; x_wconf 67' lang='lat' dir='ltr'><strong>anima:</strong></span> <span class='ocrx_word' id='word_1_286' title='bbox 3359 2269 3534 2336; x_wconf 78' lang='lat' dir='ltr'><strong>ipsius</strong></span> 
     </span>
    </p>
   </div>
   <div class='ocr_carea' id='block_1_41' title="bbox 273 2341 1941 2438">
    <p class='ocr_par' dir='ltr' id='par_1_41' title="bbox 273 2367 1854 2438">
     <span class='ocr_line' id='line_1_41' title="bbox 273 2367 1854 2438; baseline -0.003 -18"><span class='ocrx_word' id='word_1_287' title='bbox 273 2371 479 2438; x_wconf 75' lang='grc' dir='ltr'>μᾶλλον</span> <span class='ocrx_word' id='word_1_288' title='bbox 523 2369 582 2420; x_wconf 81' lang='grc' dir='ltr'>τὺ</span> <span class='ocrx_word' id='word_1_289' title='bbox 644 2370 864 2434; x_wconf 79' lang='grc' dir='ltr'>εὐγενὲς</span> <span class='ocrx_word' id='word_1_290' title='bbox 892 2368 1061 2419; x_wconf 81' lang='grc' dir='ltr'>αὑτοῦ</span> <span class='ocrx_word' id='word_1_291' title='bbox 1111 2370 1208 2435; x_wconf 76' lang='grc' dir='ltr'>τῆς</span> <span class='ocrx_word' id='word_1_292' title='bbox 1235 2367 1420 2435; x_wconf 74' lang='grc' dir='ltr'>ψυχῆς</span> <span class='ocrx_word' id='word_1_293' title='bbox 1449 2368 1854 2434; x_wconf 75' lang='grc' dir='ltr'>καταφαίνεται.</span> 
     </span>
    </p>
   </div>
   <div class='ocr_carea' id='block_1_42' title="bbox 1867 2341 3535 2438">
    <p class='ocr_par' dir='ltr' id='par_1_42' title="bbox 1963 2341 3535 2428">
     <span class='ocr_line' id='line_1_42' title="bbox 1963 2341 3535 2428; baseline 0.003 -19"><span class='ocrx_word' id='word_1_294' title='bbox 1963 2358 2304 2424; x_wconf 76' lang='lat' dir='ltr'><strong>generositas</strong></span> <span class='ocrx_word' id='word_1_295' title='bbox 2349 2358 2633 2410; x_wconf 71' lang='lat' dir='ltr'><strong>cluet-scit.</strong></span> <span class='ocrx_word' id='word_1_296' title='bbox 2669 2341 2918 2411; x_wconf 57' lang='lat' dir='ltr'><strong>l&#39;ccuniz‘e</strong></span> <span class='ocrx_word' id='word_1_297' title='bbox 2956 2367 3136 2412; x_wconf 83' lang='lat' dir='ltr'><strong>autem</strong></span> <span class='ocrx_word' id='word_1_298' title='bbox 3186 2368 3535 2428; x_wconf 85' lang='lat' dir='ltr'><strong>contemptus</strong></span> 
     </span>
    </p>
   </div>
   <div class='ocr_carea' id='block_1_43' title="bbox 284 2450 1952 2530">
    <p class='ocr_par' dir='ltr' id='par_1_43' title="bbox 284 2460 1856 2530">
     <span class='ocr_line' id='line_1_43' title="bbox 284 2460 1856 2530; baseline -0.003 -18"><span class='ocrx_word' id='word_1_299' title='bbox 284 2462 589 2529; x_wconf 73' lang='grc' dir='ltr'>’Υπεροψία</span> <span class='ocrx_word' id='word_1_300' title='bbox 644 2461 699 2512; x_wconf 84' lang='grc' dir='ltr'>δὲ</span> <span class='ocrx_word' id='word_1_301' title='bbox 732 2461 1027 2530; x_wconf 81' lang='grc' dir='ltr'>χρημάτων</span> <span class='ocrx_word' id='word_1_302' title='bbox 1085 2461 1146 2510; x_wconf 86' lang='grc' dir='ltr'><strong>οῦ</strong></span> <span class='ocrx_word' id='word_1_303' title='bbox 1198 2461 1258 2510; x_wconf 82' lang='grc' dir='ltr'>τὸ</span> <span class='ocrx_word' id='word_1_304' title='bbox 1301 2463 1478 2527; x_wconf 83' lang='grc' dir='ltr'>μάτην</span> <span class='ocrx_word' id='word_1_305' title='bbox 1511 2463 1622 2519; x_wconf 87' lang='grc' dir='ltr'>τοῖς</span> <span class='ocrx_word' id='word_1_306' title='bbox 1668 2460 1856 2526; x_wconf 82' lang='grc' dir='ltr'>βαλαν-</span> 
     </span>
    </p>
   </div>
   <div class='ocr_carea' id='block_1_44' title="bbox 1868 2450 3536 2530">
    <p class='ocr_par' dir='ltr' id='par_1_44' title="bbox 1963 2450 3536 2520">
     <span class='ocr_line' id='line_1_44' title="bbox 1963 2450 3536 2520; baseline 0.004 -20"><span class='ocrx_word' id='word_1_307' title='bbox 1963 2465 2069 2500; x_wconf 90' lang='lat' dir='ltr'><strong>non</strong></span> <span class='ocrx_word' id='word_1_308' title='bbox 2104 2450 2156 2501; x_wconf 93' lang='lat' dir='ltr'><strong>in</strong></span> <span class='ocrx_word' id='word_1_309' title='bbox 2183 2465 2247 2502; x_wconf 90' lang='lat' dir='ltr'><strong>eo</strong></span> <span class='ocrx_word' id='word_1_310' title='bbox 2273 2452 2517 2503; x_wconf 86' lang='lat' dir='ltr'><strong>cernitur</strong></span> <span class='ocrx_word' id='word_1_311' title='bbox 2547 2467 2670 2503; x_wconf 89' lang='lat' dir='ltr'><strong>cum</strong></span> <span class='ocrx_word' id='word_1_312' title='bbox 2726 2453 2777 2502; x_wconf 91' lang='lat' dir='ltr'><strong>in</strong></span> <span class='ocrx_word' id='word_1_313' title='bbox 2817 2466 3012 2503; x_wconf 85' lang='lat' dir='ltr'><strong>saccos</strong></span> <span class='ocrx_word' id='word_1_314' title='bbox 3047 2451 3314 2504; x_wconf 83' lang='lat' dir='ltr'><strong>inutiliter</strong></span> <span class='ocrx_word' id='word_1_315' title='bbox 3336 2467 3536 2520; x_wconf 73' lang='lat' dir='ltr'><strong>conge—</strong></span> 
     </span>
    </p>
   </div>
   <div class='ocr_carea' id='block_1_45' title="bbox 273 2544 1941 2615">
    <p class='ocr_par' dir='ltr' id='par_1_45' title="bbox 273 2549 1852 2615">
     <span class='ocr_line' id='line_1_45' title="bbox 273 2549 1852 2615; baseline -0.003 -13"><span class='ocrx_word' id='word_1_316' title='bbox 273 2554 411 2612; x_wconf 84' lang='grc' dir='ltr'>τίοις</span> <span class='ocrx_word' id='word_1_317' title='bbox 439 2551 877 2613; x_wconf 78' lang='grc' dir='ltr'>ὲναποτίθεσυαι,</span> <span class='ocrx_word' id='word_1_318' title='bbox 906 2550 1043 2603; x_wconf 88' lang='grc' dir='ltr'><strong>ἀλλά</strong></span> <span class='ocrx_word' id='word_1_319' title='bbox 1076 2552 1141 2599; x_wconf 78' lang='grc' dir='ltr'>τὸ</span> <span class='ocrx_word' id='word_1_320' title='bbox 1166 2549 1403 2615; x_wconf 65' lang='grc' dir='ltr'>δαψιλῶς</span> <span class='ocrx_word' id='word_1_321' title='bbox 1443 2551 1501 2599; x_wconf 76' lang='grc' dir='ltr'><strong>έν</strong></span> <span class='ocrx_word' id='word_1_322' title='bbox 1529 2552 1648 2608; x_wconf 80' lang='grc' dir='ltr'>ταῖς</span> <span class='ocrx_word' id='word_1_323' title='bbox 1685 2552 1852 2613; x_wconf 84' lang='grc' dir='ltr'>ἀναγ-</span> 
     </span>
    </p>
   </div>
   <div class='ocr_carea' id='block_1_46' title="bbox 1865 2544 3533 2615">
    <p class='ocr_par' dir='ltr' id='par_1_46' title="bbox 1963 2544 3533 2613">
     <span class='ocr_line' id='line_1_46' title="bbox 1963 2544 3533 2613; baseline 0.005 -23"><span class='ocrx_word' id='word_1_324' title='bbox 1963 2544 2102 2591; x_wconf 89' lang='lat' dir='ltr'><strong>ritur</strong></span> <span class='ocrx_word' id='word_1_325' title='bbox 2142 2552 2197 2593; x_wconf 92' lang='lat' dir='ltr'><strong>et</strong></span> <span class='ocrx_word' id='word_1_326' title='bbox 2238 2545 2547 2608; x_wconf 77' lang='lat' dir='ltr'><strong>seponitur.</strong></span> <span class='ocrx_word' id='word_1_327' title='bbox 2587 2545 2680 2595; x_wconf 87' lang='lat' dir='ltr'><strong>scd</strong></span> <span class='ocrx_word' id='word_1_328' title='bbox 2737 2561 2861 2595; x_wconf 86' lang='lat' dir='ltr'><strong>cum</strong></span> <span class='ocrx_word' id='word_1_329' title='bbox 2904 2545 3128 2613; x_wconf 77' lang='lat' dir='ltr'><strong>largiter</strong></span> <span class='ocrx_word' id='word_1_330' title='bbox 3165 2545 3219 2596; x_wconf 90' lang='lat' dir='ltr'><strong>in</strong></span> <span class='ocrx_word' id='word_1_331' title='bbox 3263 2561 3397 2599; x_wconf 83' lang='lat' dir='ltr'><strong>usus</strong></span> <span class='ocrx_word' id='word_1_332' title='bbox 3440 2560 3533 2598; x_wconf 89' lang='lat' dir='ltr'><strong>ne-</strong></span> 
     </span>
    </p>
   </div>
   <div class='ocr_carea' id='block_1_47' title="bbox 295 2632 1963 2706">
    <p class='ocr_par' dir='ltr' id='par_1_47' title="bbox 295 2636 1963 2706">
     <span class='ocr_line' id='line_1_47' title="bbox 295 2636 1963 2706; baseline -0.004 -15"><span class='ocrx_word' id='word_1_333' title='bbox 295 2642 478 2700; x_wconf 74' lang='grc' dir='ltr'>καίαις</span> <span class='ocrx_word' id='word_1_334' title='bbox 519 2640 730 2706; x_wconf 81' lang='grc' dir='ltr'>χρείαις</span> <span class='ocrx_word' id='word_1_335' title='bbox 762 2638 901 2688; x_wconf 86' lang='grc' dir='ltr'><strong>αὑτά</strong></span> <span class='ocrx_word' id='word_1_336' title='bbox 933 2638 1522 2704; x_wconf 79' lang='grc' dir='ltr'>χορηγεῖν.’Λναγκαία</span> <span class='ocrx_word' id='word_1_337' title='bbox 1551 2637 1606 2686; x_wconf 70' lang='grc' dir='ltr'>δὲ</span> <span class='ocrx_word' id='word_1_338' title='bbox 1651 2636 1857 2703; x_wconf 82' lang='grc' dir='ltr'>βασιλεῖ</span> <span class='ocrx_word' id='word_1_339' title='bbox 1959 2654 1963 2674; x_wconf 78' lang='grc'>‹</span> 
     </span>
    </p>
   </div>
   <div class='ocr_carea' id='block_1_48' title="bbox 1866 2632 3534 2706">
    <p class='ocr_par' dir='ltr' id='par_1_48' title="bbox 1959 2632 3534 2700">
     <span class='ocr_line' id='line_1_48' title="bbox 1959 2632 3534 2700; baseline 0 -19"><span class='ocrx_word' id='word_1_340' title='bbox 1959 2632 2235 2684; x_wconf 85' lang='lat' dir='ltr'><strong>cessarios</strong></span> <span class='ocrx_word' id='word_1_341' title='bbox 2262 2635 2614 2700; x_wconf 78' lang='lat' dir='ltr'><strong>expenditur.</strong></span> <span class='ocrx_word' id='word_1_342' title='bbox 2651 2632 3038 2685; x_wconf 70' lang='lat' dir='ltr'><strong>Necessarium</strong></span> <span class='ocrx_word' id='word_1_343' title='bbox 3079 2640 3262 2684; x_wconf 79' lang='lat' dir='ltr'><strong>autent</strong></span> <span class='ocrx_word' id='word_1_344' title='bbox 3309 2639 3416 2693; x_wconf 85' lang='lat' dir='ltr'><strong>est,</strong></span> <span class='ocrx_word' id='word_1_345' title='bbox 3469 2647 3534 2684; x_wconf 88' lang='lat' dir='ltr'><strong>ac.</strong></span> 
     </span>
    </p>
   </div>
   <div class='ocr_carea' id='block_1_49' title="bbox 286 2719 1954 2794">
    <p class='ocr_par' dir='ltr' id='par_1_49' title="bbox 286 2719 1856 2794">
     <span class='ocr_line' id='line_1_49' title="bbox 286 2719 1856 2794; baseline -0.002 -17"><span class='ocrx_word' id='word_1_346' title='bbox 286 2729 384 2778; x_wconf 74' lang='grc' dir='ltr'><strong>καὶ</strong></span> <span class='ocrx_word' id='word_1_347' title='bbox 419 2727 621 2794; x_wconf 80' lang='grc' dir='ltr'>μᾶλλον</span> <span class='ocrx_word' id='word_1_348' title='bbox 644 2726 753 2776; x_wconf 78' lang='grc' dir='ltr'><strong>τῶν</strong></span> <span class='ocrx_word' id='word_1_349' title='bbox 781 2724 954 2775; x_wconf 74' lang='grc' dir='ltr'>ἄλλων</span> <span class='ocrx_word' id='word_1_350' title='bbox 979 2723 1163 2789; x_wconf 88' lang='grc' dir='ltr'>φίλους</span> <span class='ocrx_word' id='word_1_351' title='bbox 1195 2719 1253 2774; x_wconf 83' lang='grc' dir='ltr'>εὖ</span> <span class='ocrx_word' id='word_1_352' title='bbox 1289 2726 1485 2784; x_wconf 85' lang='grc' dir='ltr'>ποιεῖν,</span> <span class='ocrx_word' id='word_1_353' title='bbox 1506 2725 1594 2774; x_wconf 78' lang='grc' dir='ltr'><strong>καὶ</strong></span> <span class='ocrx_word' id='word_1_354' title='bbox 1629 2724 1856 2792; x_wconf 79' lang='grc' dir='ltr'>ἐχθροὺς</span> 
     </span>
    </p>
   </div>
   <div class='ocr_carea' id='block_1_50' title="bbox 1865 2719 3533 2794">
    <p class='ocr_par' dir='ltr' id='par_1_50' title="bbox 1960 2723 3533 2791">
     <span class='ocr_line' id='line_1_50' title="bbox 1960 2723 3533 2791; baseline 0.001 -19"><span class='ocrx_word' id='word_1_355' title='bbox 1960 2723 2074 2787; x_wconf 69' lang='lat' dir='ltr'><strong>regi</strong></span> <span class='ocrx_word' id='word_1_356' title='bbox 2109 2723 2477 2788; x_wconf 83' lang='lat' dir='ltr'><strong>potissimum,</strong></span> <span class='ocrx_word' id='word_1_357' title='bbox 2500 2723 2704 2776; x_wconf 84' lang='lat' dir='ltr'><strong>amicos</strong></span> <span class='ocrx_word' id='word_1_358' title='bbox 2737 2724 3066 2790; x_wconf 65' lang='lat' dir='ltr'><strong>promereri,</strong></span> <span class='ocrx_word' id='word_1_359' title='bbox 3088 2733 3252 2791; x_wconf 83' lang='lat' dir='ltr'><strong>atque</strong></span> <span class='ocrx_word' id='word_1_360' title='bbox 3282 2723 3533 2778; x_wconf 78' lang='lat' dir='ltr'><strong>inimicos</strong></span> 
     </span>
    </p>
   </div>
   <div class='ocr_carea' id='block_1_51' title="bbox 270 2807 1938 2883">
    <p class='ocr_par' dir='ltr' id='par_1_51' title="bbox 270 2807 1853 2883">
     <span class='ocr_line' id='line_1_51' title="bbox 270 2807 1853 2883; baseline -0.004 -17"><span class='ocrx_word' id='word_1_361' title='bbox 270 2814 598 2883; x_wconf 82' lang='grc' dir='ltr'>ἀμύνεσθαι,</span> <span class='ocrx_word' id='word_1_362' title='bbox 631 2807 708 2864; x_wconf 82' lang='grc' dir='ltr'>ὦν</span> <span class='ocrx_word' id='word_1_363' title='bbox 749 2813 1074 2881; x_wconf 81' lang='grc' dir='ltr'>ἀμφοτέρων</span> <span class='ocrx_word' id='word_1_364' title='bbox 1097 2811 1158 2862; x_wconf 75' lang='grc' dir='ltr'>τὸ</span> <span class='ocrx_word' id='word_1_365' title='bbox 1192 2813 1486 2879; x_wconf 76' lang='grc' dir='ltr'>κατορθοῦν</span> <span class='ocrx_word' id='word_1_366' title='bbox 1516 2815 1549 2881; x_wconf 81' lang='grc' dir='ltr'>ἡ</span> <span class='ocrx_word' id='word_1_367' title='bbox 1582 2814 1689 2864; x_wconf 76' lang='grc' dir='ltr'><strong>τῶν</strong></span> <span class='ocrx_word' id='word_1_368' title='bbox 1718 2832 1853 2881; x_wconf 68' lang='grc' dir='ltr'>χρη-</span> 
     </span>
    </p>
   </div>
   <div class='ocr_carea' id='block_1_52' title="bbox 1859 2807 3527 2883">
    <p class='ocr_par' dir='ltr' id='par_1_52' title="bbox 1959 2813 3527 2883">
     <span class='ocr_line' id='line_1_52' title="bbox 1959 2813 3527 2883; baseline -0.001 -16"><span class='ocrx_word' id='word_1_369' title='bbox 1959 2815 2263 2877; x_wconf 85' lang='lat' dir='ltr'><strong>vindieare,</strong></span> <span class='ocrx_word' id='word_1_370' title='bbox 2293 2831 2528 2882; x_wconf 90' lang='lat' dir='ltr'><strong>quorum</strong></span> <span class='ocrx_word' id='word_1_371' title='bbox 2576 2824 2869 2883; x_wconf 88' lang='lat' dir='ltr'><strong>utrumque</strong></span> <span class='ocrx_word' id='word_1_372' title='bbox 2903 2825 3048 2869; x_wconf 89' lang='lat' dir='ltr'><strong>recte</strong></span> <span class='ocrx_word' id='word_1_373' title='bbox 3097 2814 3308 2877; x_wconf 67' lang='lat' dir='ltr'><strong>facere;</strong></span> <span class='ocrx_word' id='word_1_374' title='bbox 3335 2814 3381 2868; x_wconf 77' lang='lat' dir='ltr'><strong>is</strong></span> <span class='ocrx_word' id='word_1_375' title='bbox 3431 2813 3527 2866; x_wconf 84' lang='lat' dir='ltr'><strong>de-</strong></span> 
     </span>
    </p>
   </div>
   <div class='ocr_carea' id='block_1_53' title="bbox 275 2897 1943 2972">
    <p class='ocr_par' dir='ltr' id='par_1_53' title="bbox 275 2897 1854 2968">
     <span class='ocr_line' id='line_1_53' title="bbox 275 2897 1854 2968; baseline -0.001 -15"><span class='ocrx_word' id='word_1_376' title='bbox 275 2905 466 2968; x_wconf 86' lang='grc' dir='ltr'>μάτων</span> <span class='ocrx_word' id='word_1_377' title='bbox 499 2901 734 2968; x_wconf 80' lang='grc' dir='ltr'>δαπάνη.</span> <span class='ocrx_word' id='word_1_378' title='bbox 768 2902 827 2951; x_wconf 69' lang='grc' dir='ltr'><strong>Ιιίί</strong></span> <span class='ocrx_word' id='word_1_379' title='bbox 877 2897 971 2952; x_wconf 75' lang='grc' dir='ltr'>οὖν</span> <span class='ocrx_word' id='word_1_380' title='bbox 1024 2902 1116 2951; x_wconf 75' lang='grc' dir='ltr'>καὶ</span> <span class='ocrx_word' id='word_1_381' title='bbox 1150 2901 1310 2962; x_wconf 76' lang='grc' dir='ltr'>αὐτὸς</span> <span class='ocrx_word' id='word_1_382' title='bbox 1343 2901 1545 2968; x_wconf 74' lang='grc' dir='ltr'>ὑψηλὸς</span> <span class='ocrx_word' id='word_1_383' title='bbox 1593 2904 1649 2951; x_wconf 81' lang='grc' dir='ltr'>ὲν</span> <span class='ocrx_word' id='word_1_384' title='bbox 1690 2904 1854 2952; x_wconf 77' lang='grc' dir='ltr'>πᾶσιν</span> 
     </span>
    </p>
   </div>
   <div class='ocr_carea' id='block_1_54' title="bbox 1864 2897 3532 2972">
    <p class='ocr_par' dir='ltr' id='par_1_54' title="bbox 1958 2904 3532 2972">
     <span class='ocr_line' id='line_1_54' title="bbox 1958 2904 3532 2972; baseline 0 -18"><span class='ocrx_word' id='word_1_385' title='bbox 1958 2920 2104 2955; x_wconf 88' lang='grc' dir='ltr'><strong>ιιιιιιιι</strong></span> <span class='ocrx_word' id='word_1_386' title='bbox 2140 2921 2302 2957; x_wconf 90' lang='lat' dir='ltr'><strong>verus</strong></span> <span class='ocrx_word' id='word_1_387' title='bbox 2323 2912 2406 2957; x_wconf 90' lang='lat' dir='ltr'><strong>cst</strong></span> <span class='ocrx_word' id='word_1_388' title='bbox 2434 2905 2680 2972; x_wconf 77' lang='lat' dir='ltr'><strong>pecunia:</strong></span> <span class='ocrx_word' id='word_1_389' title='bbox 2715 2913 2988 2971; x_wconf 88' lang='lat' dir='ltr'><strong>sumptus.</strong></span> <span class='ocrx_word' id='word_1_390' title='bbox 3028 2904 3084 2955; x_wconf 83' lang='lat' dir='ltr'><strong>Si</strong></span> <span class='ocrx_word' id='word_1_391' title='bbox 3151 2919 3280 2972; x_wconf 78' lang='lat' dir='ltr'><strong>ergo</strong></span> <span class='ocrx_word' id='word_1_392' title='bbox 3308 2904 3361 2956; x_wconf 89' lang='lat' dir='ltr'><strong>in</strong></span> <span class='ocrx_word' id='word_1_393' title='bbox 3415 2917 3532 2957; x_wconf 84' lang='lat' dir='ltr'><strong>om-</strong></span> 
     </span>
    </p>
   </div>
   <div class='ocr_carea' id='block_1_55' title="bbox 273 2988 1941 3064">
    <p class='ocr_par' dir='ltr' id='par_1_55' title="bbox 273 2988 1851 3058">
     <span class='ocr_line' id='line_1_55' title="bbox 273 2988 1851 3058; baseline 0.001 -18"><span class='ocrx_word' id='word_1_394' title='bbox 273 2988 421 3043; x_wconf 79' lang='grc' dir='ltr'>εἶναι</span> <span class='ocrx_word' id='word_1_395' title='bbox 464 2991 665 3058; x_wconf 81' lang='grc' dir='ltr'>βούλει,</span> <span class='ocrx_word' id='word_1_396' title='bbox 703 2990 796 3042; x_wconf 84' lang='grc' dir='ltr'>καὶ</span> <span class='ocrx_word' id='word_1_397' title='bbox 841 2991 1073 3058; x_wconf 79' lang='grc' dir='ltr'>μάλιστα</span> <span class='ocrx_word' id='word_1_398' title='bbox 1132 2993 1188 3041; x_wconf 82' lang='grc' dir='ltr'>ὲν</span> <span class='ocrx_word' id='word_1_399' title='bbox 1250 2991 1482 3048; x_wconf 76' lang='grc' dir='ltr'>συνέσει,</span> <span class='ocrx_word' id='word_1_400' title='bbox 1537 2991 1851 3057; x_wconf 73' lang='grc' dir='ltr'>ὑπερόπτης</span> 
     </span>
    </p>
   </div>
   <div class='ocr_carea' id='block_1_56' title="bbox 1861 2988 3529 3064">
    <p class='ocr_par' dir='ltr' id='par_1_56' title="bbox 1957 2993 3529 3064">
     <span class='ocr_line' id='line_1_56' title="bbox 1957 2993 3529 3064; baseline 0.001 -19"><span class='ocrx_word' id='word_1_401' title='bbox 1957 2993 2118 3047; x_wconf 89' lang='lat' dir='ltr'><strong>nibus</strong></span> <span class='ocrx_word' id='word_1_402' title='bbox 2166 2995 2434 3047; x_wconf 77' lang='lat' dir='ltr'><strong>excellere</strong></span> <span class='ocrx_word' id='word_1_403' title='bbox 2475 2996 2578 3057; x_wconf 77' lang='lat' dir='ltr'><strong>vis,</strong></span> <span class='ocrx_word' id='word_1_404' title='bbox 2624 3011 2688 3047; x_wconf 91' lang='lat' dir='ltr'><strong>ac</strong></span> <span class='ocrx_word' id='word_1_405' title='bbox 2763 2998 2814 3045; x_wconf 92' lang='lat' dir='ltr'><strong>in</strong></span> <span class='ocrx_word' id='word_1_406' title='bbox 2872 2996 3161 3062; x_wconf 84' lang='lat' dir='ltr'><strong>prudentia</strong></span> <span class='ocrx_word' id='word_1_407' title='bbox 3222 2995 3529 3064; x_wconf 69' lang='lat' dir='ltr'><strong>prmsertim</strong></span> 
     </span>
    </p>
   </div>
   <div class='ocr_carea' id='block_1_57' title="bbox 272 3081 1940 3154">
    <p class='ocr_par' dir='ltr' id='par_1_57' title="bbox 272 3081 1849 3150">
     <span class='ocr_line' id='line_1_57' title="bbox 272 3081 1849 3150; baseline 0.001 -20"><span class='ocrx_word' id='word_1_408' title='bbox 272 3083 423 3148; x_wconf 81' lang='grc' dir='ltr'>γίνου</span> <span class='ocrx_word' id='word_1_409' title='bbox 450 3085 779 3150; x_wconf 77' lang='grc' dir='ltr'><strong>χρημάτων⁹</strong></span> <span class='ocrx_word' id='word_1_410' title='bbox 815 3083 935 3132; x_wconf 71' lang='grc' dir='ltr'>ἐπεὶ</span> <span class='ocrx_word' id='word_1_411' title='bbox 957 3083 1077 3132; x_wconf 85' lang='grc' dir='ltr'>ούδέ</span> <span class='ocrx_word' id='word_1_412' title='bbox 1123 3082 1237 3131; x_wconf 80' lang='grc' dir='ltr'>ἐστι</span> <span class='ocrx_word' id='word_1_413' title='bbox 1269 3083 1336 3132; x_wconf 76' lang='grc' dir='ltr'>τὰ</span> <span class='ocrx_word' id='word_1_414' title='bbox 1383 3081 1579 3132; x_wconf 80' lang='grc' dir='ltr'>σαυτοῦ</span> <span class='ocrx_word' id='word_1_415' title='bbox 1616 3083 1720 3131; x_wconf 79' lang='grc' dir='ltr'>ἴδια</span> <span class='ocrx_word' id='word_1_416' title='bbox 1762 3083 1849 3142; x_wconf 78' lang='grc' dir='ltr'>σὰ,</span> 
     </span>
    </p>
   </div>
   <div class='ocr_carea' id='block_1_58' title="bbox 1862 3081 3530 3154">
    <p class='ocr_par' dir='ltr' id='par_1_58' title="bbox 1957 3084 3530 3154">
     <span class='ocr_line' id='line_1_58' title="bbox 1957 3084 3530 3154; baseline 0.003 -22"><span class='ocrx_word' id='word_1_417' title='bbox 1957 3093 2119 3151; x_wconf 89' lang='lat' dir='ltr'><strong>atque</strong></span> <span class='ocrx_word' id='word_1_418' title='bbox 2165 3087 2408 3148; x_wconf 75' lang='lat' dir='ltr'><strong>solertia,</strong></span> <span class='ocrx_word' id='word_1_419' title='bbox 2439 3094 2786 3154; x_wconf 81' lang='lat' dir='ltr'><strong>contemptor</strong></span> <span class='ocrx_word' id='word_1_420' title='bbox 2815 3095 2935 3138; x_wconf 83' lang='lat' dir='ltr'><strong>esto</strong></span> <span class='ocrx_word' id='word_1_421' title='bbox 2981 3086 3316 3138; x_wconf 86' lang='lat' dir='ltr'><strong>divitiarum.</strong></span> <span class='ocrx_word' id='word_1_422' title='bbox 3345 3084 3530 3153; x_wconf 87' lang='lat' dir='ltr'><strong>Neque</strong></span> 
     </span>
    </p>
   </div>
   <div class='ocr_carea' id='block_1_59' title="bbox 271 3172 1939 3263">
    <p class='ocr_par' dir='ltr' id='par_1_59' title="bbox 271 3172 1921 3263">
     <span class='ocr_line' id='line_1_59' title="bbox 271 3172 1920 3263; baseline -0.002 -37"><span class='ocrx_word' id='word_1_423' title='bbox 271 3175 409 3226; x_wconf 84' lang='grc' dir='ltr'><strong>ἀλλά</strong></span> <span class='ocrx_word' id='word_1_424' title='bbox 432 3174 540 3222; x_wconf 81' lang='grc' dir='ltr'><strong>τῶν</strong></span> <span class='ocrx_word' id='word_1_425' title='bbox 571 3173 872 3225; x_wconf 80' lang='grc' dir='ltr'>συνδούλων</span> <span class='ocrx_word' id='word_1_426' title='bbox 898 3173 1005 3223; x_wconf 79' lang='grc' dir='ltr'><strong>τῶν</strong></span> <span class='ocrx_word' id='word_1_427' title='bbox 1049 3173 1178 3233; x_wconf 78' lang='grc' dir='ltr'>σῶν,</span> <span class='ocrx_word' id='word_1_428' title='bbox 1206 3175 1298 3223; x_wconf 81' lang='grc' dir='ltr'>καὶ</span> <span class='ocrx_word' id='word_1_429' title='bbox 1329 3172 1563 3238; x_wconf 78' lang='grc' dir='ltr'>μάλιστα</span> <span class='ocrx_word' id='word_1_430' title='bbox 1590 3173 1698 3223; x_wconf 68' lang='grc' dir='ltr'>τῶν</span> <span class='ocrx_word' id='word_1_431' title='bbox 1752 3189 1847 3222; x_wconf 85' lang='grc' dir='ltr'>πε-</span> <span class='ocrx_word' id='word_1_432' title='bbox 1879 3209 1920 3263; x_wconf 73' lang='grc'>(,</span> 
     </span>
     <span class='ocr_line' id='line_1_60' title="bbox 1652 3244 1921 3263; baseline -0.007 0"><span class='ocrx_word' id='word_1_433' title='bbox 1652 3262 1658 3263; x_wconf 61' lang='lat'><strong><em>,</em></strong></span> <span class='ocrx_word' id='word_1_434' title='bbox 1908 3244 1921 3261; x_wconf 87' lang='lat'><strong>.</strong></span> 
     </span>
    </p>
   </div>
   <div class='ocr_carea' id='block_1_60' title="bbox 1859 3172 3527 3263">
    <p class='ocr_par' dir='ltr' id='par_1_60' title="bbox 1879 3175 3527 3263">
     <span class='ocr_line' id='line_1_61' title="bbox 1879 3175 3527 3263; baseline 0.004 -37"><span class='ocrx_word' id='word_1_435' title='bbox 1879 3209 1921 3263; x_wconf 61' lang='grc' dir='ltr'><strong>ο</strong></span> <span class='ocrx_word' id='word_1_436' title='bbox 1956 3175 2101 3227; x_wconf 90' lang='lat' dir='ltr'><strong>enim</strong></span> <span class='ocrx_word' id='word_1_437' title='bbox 2135 3176 2246 3240; x_wconf 84' lang='lat' dir='ltr'><strong>ipsa</strong></span> <span class='ocrx_word' id='word_1_438' title='bbox 2273 3186 2362 3227; x_wconf 91' lang='lat' dir='ltr'><strong>tua</strong></span> <span class='ocrx_word' id='word_1_439' title='bbox 2397 3178 2622 3244; x_wconf 84' lang='lat' dir='ltr'><strong>pecunia</strong></span> <span class='ocrx_word' id='word_1_440' title='bbox 2657 3178 2879 3246; x_wconf 89' lang='lat' dir='ltr'><strong>proprie</strong></span> <span class='ocrx_word' id='word_1_441' title='bbox 2922 3187 3013 3230; x_wconf 85' lang='lat' dir='ltr'><strong>tua</strong></span> <span class='ocrx_word' id='word_1_442' title='bbox 3065 3178 3236 3231; x_wconf 89' lang='lat' dir='ltr'><strong>solius</strong></span> <span class='ocrx_word' id='word_1_443' title='bbox 3273 3187 3378 3240; x_wconf 82' lang='lat' dir='ltr'><strong>est,</strong></span> <span class='ocrx_word' id='word_1_444' title='bbox 3433 3181 3527 3234; x_wconf 82' lang='lat' dir='ltr'><strong>sed</strong></span> 
     </span>
    </p>
   </div>
   <div class='ocr_carea' id='block_1_61' title="bbox 274 3262 1942 3336">
    <p class='ocr_par' dir='ltr' id='par_1_61' title="bbox 274 3262 1900 3330">
     <span class='ocr_line' id='line_1_62' title="bbox 274 3262 1900 3330; baseline -0.001 -18"><span class='ocrx_word' id='word_1_445' title='bbox 274 3265 452 3328; x_wconf 83' lang='grc' dir='ltr'>νήτων</span> <span class='ocrx_word' id='word_1_446' title='bbox 479 3265 571 3315; x_wconf 75' lang='grc' dir='ltr'>καὶ</span> <span class='ocrx_word' id='word_1_447' title='bbox 606 3264 792 3327; x_wconf 81' lang='grc' dir='ltr'>ξένων.</span> <span class='ocrx_word' id='word_1_448' title='bbox 851 3263 1052 3330; x_wconf 54' lang='lat' dir='ltr'><strong>emo;</strong></span> <span class='ocrx_word' id='word_1_449' title='bbox 1093 3263 1270 3313; x_wconf 86' lang='grc' dir='ltr'>τοίνυν</span> <span class='ocrx_word' id='word_1_450' title='bbox 1301 3263 1427 3321; x_wconf 73' lang='grc' dir='ltr'>ἴδιος</span> <span class='ocrx_word' id='word_1_451' title='bbox 1472 3262 1762 3329; x_wconf 76' lang='grc' dir='ltr'>εὐεργέτης</span> <span class='ocrx_word' id='word_1_452' title='bbox 1793 3263 1850 3311; x_wconf 83' lang='grc' dir='ltr'>ὲν</span> <span class='ocrx_word' id='word_1_453' title='bbox 1897 3262 1900 3263; x_wconf 53' lang='grc'><strong><em>⁷</em></strong></span> 
     </span>
    </p>
   </div>
   <div class='ocr_carea' id='block_1_62' title="bbox 1861 3262 3529 3336">
    <p class='ocr_par' dir='ltr' id='par_1_62' title="bbox 1897 3262 3529 3336">
     <span class='ocr_line' id='line_1_63' title="bbox 1897 3262 3529 3336; baseline 0.004 -21"><span class='ocrx_word' id='word_1_454' title='bbox 1897 3262 1900 3263; x_wconf 47' lang='grc'><strong><em>⁷</em></strong></span> <span class='ocrx_word' id='word_1_455' title='bbox 1955 3267 2262 3318; x_wconf 78' lang='lat' dir='ltr'><strong>communis</strong></span> <span class='ocrx_word' id='word_1_456' title='bbox 2288 3283 2569 3320; x_wconf 83' lang='lat' dir='ltr'><strong>servorum</strong></span> <span class='ocrx_word' id='word_1_457' title='bbox 2596 3278 2838 3330; x_wconf 87' lang='lat' dir='ltr'><strong>tuorum,</strong></span> <span class='ocrx_word' id='word_1_458' title='bbox 2870 3276 2924 3318; x_wconf 82' lang='lat' dir='ltr'><strong>ct</strong></span> <span class='ocrx_word' id='word_1_459' title='bbox 2975 3268 3198 3335; x_wconf 91' lang='lat' dir='ltr'><strong>inopum</strong></span> <span class='ocrx_word' id='word_1_460' title='bbox 3241 3278 3404 3336; x_wconf 84' lang='lat' dir='ltr'><strong>atque</strong></span> <span class='ocrx_word' id='word_1_461' title='bbox 3431 3269 3529 3322; x_wconf 87' lang='lat' dir='ltr'><strong>bo—</strong></span> 
     </span>
    </p>
   </div>
   <div class='ocr_carea' id='block_1_63' title="bbox 272 3353 1940 3426">
    <p class='ocr_par' dir='ltr' id='par_1_63' title="bbox 272 3353 1848 3423">
     <span class='ocr_line' id='line_1_64' title="bbox 272 3353 1848 3423; baseline 0.001 -21"><span class='ocrx_word' id='word_1_462' title='bbox 272 3357 384 3413; x_wconf 81' lang='grc' dir='ltr'>τοῖς</span> <span class='ocrx_word' id='word_1_463' title='bbox 419 3358 637 3417; x_wconf 69' lang='grc' dir='ltr'>κοινοῖς,</span> <span class='ocrx_word' id='word_1_464' title='bbox 668 3357 764 3406; x_wconf 72' lang='grc' dir='ltr'><strong>καὶ</strong></span> <span class='ocrx_word' id='word_1_465' title='bbox 793 3355 962 3412; x_wconf 72' lang='grc' dir='ltr'>οὓτως</span> <span class='ocrx_word' id='word_1_466' title='bbox 995 3353 1196 3419; x_wconf 54' lang='grc' dir='ltr'>ὑψηλὸς</span> <span class='ocrx_word' id='word_1_467' title='bbox 1230 3353 1325 3423; x_wconf 78' lang='grc' dir='ltr'><strong>ἔσῃ</strong></span> <span class='ocrx_word' id='word_1_468' title='bbox 1377 3353 1467 3402; x_wconf 83' lang='grc' dir='ltr'><strong>καὶ</strong></span> <span class='ocrx_word' id='word_1_469' title='bbox 1491 3353 1848 3419; x_wconf 75' lang='grc' dir='ltr'>περίελεπτος</span> 
     </span>
    </p>
   </div>
   <div class='ocr_carea' id='block_1_64' title="bbox 1862 3353 3530 3426">
    <p class='ocr_par' dir='ltr' id='par_1_64' title="bbox 1954 3357 3530 3426">
     <span class='ocr_line' id='line_1_65' title="bbox 1954 3357 3530 3426; baseline 0.004 -18"><span class='ocrx_word' id='word_1_470' title='bbox 1954 3358 2176 3424; x_wconf 82' lang='lat' dir='ltr'><strong>spitum.</strong></span> <span class='ocrx_word' id='word_1_471' title='bbox 2213 3357 2317 3410; x_wconf 76' lang='lat' dir='ltr'><strong>Fac</strong></span> <span class='ocrx_word' id='word_1_472' title='bbox 2367 3359 2532 3426; x_wconf 74' lang='lat' dir='ltr'><strong>igitur</strong></span> <span class='ocrx_word' id='word_1_473' title='bbox 2590 3371 2647 3411; x_wconf 92' lang='lat' dir='ltr'><strong>ut</strong></span> <span class='ocrx_word' id='word_1_474' title='bbox 2702 3367 2753 3410; x_wconf 85' lang='lat' dir='ltr'><strong>te</strong></span> <span class='ocrx_word' id='word_1_475' title='bbox 2807 3357 3113 3411; x_wconf 79' lang='lat' dir='ltr'><strong>beneﬁcum</strong></span> <span class='ocrx_word' id='word_1_476' title='bbox 3181 3359 3530 3425; x_wconf 81' lang='lat' dir='ltr'><strong>peculiariter</strong></span> 
     </span>
    </p>
   </div>
   <div class='ocr_carea' id='block_1_65' title="bbox 271 3445 1939 3517">
    <p class='ocr_par' dir='ltr' id='par_1_65' title="bbox 271 3445 640 3511">
     <span class='ocr_line' id='line_1_66' title="bbox 271 3445 640 3511; baseline 0.008 -17"><span class='ocrx_word' id='word_1_477' title='bbox 271 3445 333 3494; x_wconf 83' lang='grc' dir='ltr'>ὲν</span> <span class='ocrx_word' id='word_1_478' title='bbox 363 3446 640 3511; x_wconf 77' lang='grc' dir='ltr'>φρονήσει.</span> 
     </span>
    </p>
   </div>
   <div class='ocr_carea' id='block_1_66' title="bbox 1859 3445 3527 3517">
    <p class='ocr_par' dir='ltr' id='par_1_66' title="bbox 1953 3449 3527 3517">
     <span class='ocr_line' id='line_1_67' title="bbox 1953 3449 3527 3517; baseline 0.001 -15"><span class='ocrx_word' id='word_1_479' title='bbox 1953 3449 2214 3502; x_wconf 76' lang='lat' dir='ltr'><strong>exhibeas</strong></span> <span class='ocrx_word' id='word_1_480' title='bbox 2237 3450 2290 3501; x_wconf 92' lang='lat' dir='ltr'><strong>in</strong></span> <span class='ocrx_word' id='word_1_481' title='bbox 2313 3464 2380 3500; x_wconf 87' lang='lat' dir='ltr'><strong>co</strong></span> <span class='ocrx_word' id='word_1_482' title='bbox 2399 3449 2543 3516; x_wconf 92' lang='lat' dir='ltr'><strong>quod</strong></span> <span class='ocrx_word' id='word_1_483' title='bbox 2575 3465 2863 3503; x_wconf 78' lang='lat' dir='ltr'><strong>commune</strong></span> <span class='ocrx_word' id='word_1_484' title='bbox 2883 3457 2968 3502; x_wconf 84' lang='lat' dir='ltr'><strong>est</strong></span> <span class='ocrx_word' id='word_1_485' title='bbox 2988 3467 3002 3511; x_wconf 91' lang='lat'>;</span> <span class='ocrx_word' id='word_1_486' title='bbox 3026 3456 3186 3517; x_wconf 86' lang='lat' dir='ltr'><strong>atque</strong></span> <span class='ocrx_word' id='word_1_487' title='bbox 3211 3449 3283 3503; x_wconf 87' lang='lat' dir='ltr'><strong>ita</strong></span> <span class='ocrx_word' id='word_1_488' title='bbox 3309 3449 3527 3503; x_wconf 87' lang='lat' dir='ltr'><strong>denmm</strong></span> 
     </span>
    </p>
   </div>
   <div class='ocr_carea' id='block_1_67' title="bbox 1953 3541 3531 3609">
    <p class='ocr_par' dir='ltr' id='par_1_67' title="bbox 1953 3541 3531 3609">
     <span class='ocr_line' id='line_1_68' title="bbox 1953 3541 3531 3609; baseline 0.003 -19"><span class='ocrx_word' id='word_1_489' title='bbox 1953 3541 2062 3592; x_wconf 86' lang='lat' dir='ltr'><strong>cris</strong></span> <span class='ocrx_word' id='word_1_490' title='bbox 2087 3542 2250 3592; x_wconf 86' lang='lat' dir='ltr'><strong>animi</strong></span> <span class='ocrx_word' id='word_1_491' title='bbox 2291 3542 2668 3609; x_wconf 76' lang='lat' dir='ltr'><strong>magnitudine</strong></span> <span class='ocrx_word' id='word_1_492' title='bbox 2709 3558 2771 3594; x_wconf 83' lang='lat' dir='ltr'><strong>ac</strong></span> <span class='ocrx_word' id='word_1_493' title='bbox 2813 3541 3099 3609; x_wconf 83' lang='lat' dir='ltr'><strong>prudentia</strong></span> <span class='ocrx_word' id='word_1_494' title='bbox 3141 3541 3531 3597; x_wconf 80' lang='lat' dir='ltr'><strong>commendan-</strong></span> 
     </span>
    </p>
   </div>
   <div class='ocr_carea' id='block_1_68' title="bbox 1957 3631 2059 3679">
    <p class='ocr_par' dir='ltr' id='par_1_68' title="bbox 1957 3631 2059 3679">
     <span class='ocr_line' id='line_1_69' title="bbox 1957 3631 2059 3679; baseline 0 -2"><span class='ocrx_word' id='word_1_495' title='bbox 1957 3631 2059 3679; x_wconf 71' lang='lat' dir='ltr'><strong>ilus</strong></span> 
     </span>
    </p>
   </div>
   <div class='ocr_carea' id='block_1_69' title="bbox 873 3706 2541 3774">
    <p class='ocr_par' dir='ltr' id='par_1_69' title="bbox 873 3706 1246 3772">
     <span class='ocr_line' id='line_1_70' title="bbox 873 3706 1246 3772; baseline 0.003 -16"><span class='ocrx_word' id='word_1_496' title='bbox 873 3707 1008 3770; x_wconf 63' lang='grc' dir='ltr'>Περὶ</span> <span class='ocrx_word' id='word_1_497' title='bbox 1043 3706 1246 3772; x_wconf 69' lang='grc' dir='ltr'>μέθης.</span> 
     </span>
    </p>
   </div>
   <div class='ocr_carea' id='block_1_70' title="bbox 1256 3706 2924 3774">
    <p class='ocr_par' dir='ltr' id='par_1_70' title="bbox 2553 3723 2924 3774">
     <span class='ocr_line' id='line_1_71' title="bbox 2553 3723 2924 3774; baseline 0.005 -2"><span class='ocrx_word' id='word_1_498' title='bbox 2553 3723 2626 3774; x_wconf 81' lang='lat' dir='ltr'><strong>De</strong></span> <span class='ocrx_word' id='word_1_499' title='bbox 2657 3723 2924 3774; x_wconf 61' lang='lat' dir='ltr'><strong>ebrietate.</strong></span> 
     </span>
    </p>
   </div>
   <div class='ocr_carea' id='block_1_71' title="bbox 346 3795 2014 3884">
    <p class='ocr_par' dir='ltr' id='par_1_71' title="bbox 346 3795 1847 3864">
     <span class='ocr_line' id='line_1_72' title="bbox 346 3795 1847 3864; baseline -0.001 -17"><span class='ocrx_word' id='word_1_500' title='bbox 346 3797 639 3857; x_wconf 70' lang='grc' dir='ltr'>Συνουιίας</span> <span class='ocrx_word' id='word_1_501' title='bbox 689 3795 784 3856; x_wconf 68' lang='grc' dir='ltr'><strong>τὰς</strong></span> <span class='ocrx_word' id='word_1_502' title='bbox 835 3798 892 3847; x_wconf 81' lang='grc' dir='ltr'>ἐν</span> <span class='ocrx_word' id='word_1_503' title='bbox 947 3801 1129 3856; x_wconf 84' lang='grc' dir='ltr'>πότοις</span> <span class='ocrx_word' id='word_1_504' title='bbox 1179 3796 1407 3846; x_wconf 63' lang='grc' dir='ltr'>εὐλαϐοῦ</span> <span class='ocrx_word' id='word_1_505' title='bbox 1433 3811 1443 3820; x_wconf 93' lang='grc'>·</span> <span class='ocrx_word' id='word_1_506' title='bbox 1481 3796 1615 3863; x_wconf 81' lang='grc' dir='ltr'>μέθη</span> <span class='ocrx_word' id='word_1_507' title='bbox 1646 3798 1754 3864; x_wconf 76' lang='grc' dir='ltr'>γὰρ</span> <span class='ocrx_word' id='word_1_508' title='bbox 1781 3799 1847 3864; x_wconf 80' lang='grc' dir='ltr'>τῇ</span> 
     </span>
    </p>
   </div>
   <div class='ocr_carea' id='block_1_72' title="bbox 1858 3795 3526 3884">
    <p class='ocr_par' dir='ltr' id='par_1_72' title="bbox 2028 3813 3526 3884">
     <span class='ocr_line' id='line_1_73' title="bbox 2028 3813 3526 3884; baseline 0.004 -21"><span class='ocrx_word' id='word_1_509' title='bbox 2028 3813 2232 3879; x_wconf 62' lang='lat' dir='ltr'><strong>liel&#39;uge</strong></span> <span class='ocrx_word' id='word_1_510' title='bbox 2260 3815 2690 3867; x_wconf 76' lang='lat' dir='ltr'><strong>comessationes</strong></span> <span class='ocrx_word' id='word_1_511' title='bbox 2752 3815 2804 3866; x_wconf 91' lang='lat' dir='ltr'><strong>in</strong></span> <span class='ocrx_word' id='word_1_512' title='bbox 2835 3815 3036 3880; x_wconf 81' lang='lat' dir='ltr'><strong>quibus</strong></span> <span class='ocrx_word' id='word_1_513' title='bbox 3084 3814 3400 3884; x_wconf 74' lang='lat' dir='ltr'><strong>indulgetur</strong></span> <span class='ocrx_word' id='word_1_514' title='bbox 3429 3831 3526 3884; x_wconf 79' lang='lat' dir='ltr'><strong>po-</strong></span> 
     </span>
    </p>
   </div>
   <div class='ocr_carea' id='block_1_73' title="bbox 273 3888 1941 3970">
    <p class='ocr_par' dir='ltr' id='par_1_73' title="bbox 273 3888 1848 3956">
     <span class='ocr_line' id='line_1_74' title="bbox 273 3888 1848 3956; baseline -0.001 -17"><span class='ocrx_word' id='word_1_515' title='bbox 273 3891 537 3955; x_wconf 74' lang='grc' dir='ltr'>φρονησει</span> <span class='ocrx_word' id='word_1_516' title='bbox 564 3888 806 3939; x_wconf 79' lang='grc' dir='ltr'>ἐναντίον</span> <span class='ocrx_word' id='word_1_517' title='bbox 839 3905 890 3939; x_wconf 92' lang='grc' dir='ltr'><strong>τι</strong></span> <span class='ocrx_word' id='word_1_518' title='bbox 921 3891 1107 3956; x_wconf 76' lang='grc' dir='ltr'>χρῆμα</span> <span class='ocrx_word' id='word_1_519' title='bbox 1140 3892 1231 3938; x_wconf 82' lang='grc' dir='ltr'>καὶ</span> <span class='ocrx_word' id='word_1_520' title='bbox 1263 3888 1711 3954; x_wconf 82' lang='grc' dir='ltr'>πολέμιον.”οταν</span> <span class='ocrx_word' id='word_1_521' title='bbox 1742 3888 1848 3956; x_wconf 86' lang='grc' dir='ltr'><strong>γάρ</strong></span> 
     </span>
    </p>
   </div>
   <div class='ocr_carea' id='block_1_74' title="bbox 1855 3888 3523 3970">
    <p class='ocr_par' dir='ltr' id='par_1_74' title="bbox 1952 3901 3523 3970">
     <span class='ocr_line' id='line_1_75' title="bbox 1952 3901 3523 3970; baseline 0.005 -20"><span class='ocrx_word' id='word_1_522' title='bbox 1952 3902 2128 3953; x_wconf 88' lang='lat' dir='ltr'><strong>culis:</strong></span> <span class='ocrx_word' id='word_1_523' title='bbox 2164 3901 2400 3952; x_wconf 84' lang='lat' dir='ltr'><strong>ebrietas</strong></span> <span class='ocrx_word' id='word_1_524' title='bbox 2458 3903 2602 3954; x_wconf 91' lang='lat' dir='ltr'><strong>enim</strong></span> <span class='ocrx_word' id='word_1_525' title='bbox 2666 3903 2883 3954; x_wconf 81' lang='lat' dir='ltr'><strong>inimica</strong></span> <span class='ocrx_word' id='word_1_526' title='bbox 2941 3911 3026 3956; x_wconf 81' lang='lat' dir='ltr'><strong>est</strong></span> <span class='ocrx_word' id='word_1_527' title='bbox 3053 3903 3358 3970; x_wconf 72' lang='lat' dir='ltr'><strong>prudentia:</strong></span> <span class='ocrx_word' id='word_1_528' title='bbox 3396 3905 3523 3958; x_wconf 90' lang='lat' dir='ltr'><strong>:nbi</strong></span> 
     </span>
    </p>
   </div>
   <div class='ocr_carea' id='block_1_75' title="bbox 270 3978 1938 4065">
    <p class='ocr_par' dir='ltr' id='par_1_75' title="bbox 270 3978 1848 4046">
     <span class='ocr_line' id='line_1_76' title="bbox 270 3978 1848 4046; baseline -0.001 -16"><span class='ocrx_word' id='word_1_529' title='bbox 270 3981 303 4030; x_wconf 84' lang='grc' dir='ltr'><strong>ὸ</strong></span> <span class='ocrx_word' id='word_1_530' title='bbox 327 3980 447 4038; x_wconf 70' lang='grc' dir='ltr'>νοῦς</span> <span class='ocrx_word' id='word_1_531' title='bbox 472 3979 575 4030; x_wconf 77' lang='grc' dir='ltr'>ὑπὸ</span> <span class='ocrx_word' id='word_1_532' title='bbox 603 3978 693 4030; x_wconf 88' lang='grc' dir='ltr'><strong>τοῦ</strong></span> <span class='ocrx_word' id='word_1_533' title='bbox 719 3979 861 4028; x_wconf 85' lang='grc' dir='ltr'>οῐνου</span> <span class='ocrx_word' id='word_1_534' title='bbox 885 3980 1214 4046; x_wconf 79' lang='grc' dir='ltr'>τυραννηοῇ.</span> <span class='ocrx_word' id='word_1_535' title='bbox 1238 3979 1429 4028; x_wconf 83' lang='grc' dir='ltr'>ταυτόν</span> <span class='ocrx_word' id='word_1_536' title='bbox 1449 3996 1498 4027; x_wconf 92' lang='grc' dir='ltr'><strong>τι</strong></span> <span class='ocrx_word' id='word_1_537' title='bbox 1521 3980 1715 4045; x_wconf 78' lang='grc' dir='ltr'>πάσχει</span> <span class='ocrx_word' id='word_1_538' title='bbox 1738 3981 1848 4037; x_wconf 84' lang='grc' dir='ltr'>τοῖς</span> 
     </span>
    </p>
   </div>
   <div class='ocr_carea' id='block_1_76' title="bbox 1857 3978 3525 4065">
    <p class='ocr_par' dir='ltr' id='par_1_76' title="bbox 1951 3994 3525 4065">
     <span class='ocr_line' id='line_1_77' title="bbox 1951 3994 3525 4065; baseline 0.004 -22"><span class='ocrx_word' id='word_1_539' title='bbox 1951 3995 2096 4046; x_wconf 88' lang='lat' dir='ltr'><strong>enim</strong></span> <span class='ocrx_word' id='word_1_540' title='bbox 2160 4009 2311 4047; x_wconf 79' lang='lat' dir='ltr'><strong>IIICIIS</strong></span> <span class='ocrx_word' id='word_1_541' title='bbox 2339 4008 2367 4044; x_wconf 88' lang='lat' dir='ltr'><strong>a</strong></span> <span class='ocrx_word' id='word_1_542' title='bbox 2410 3994 2536 4046; x_wconf 88' lang='lat' dir='ltr'><strong>vino</strong></span> <span class='ocrx_word' id='word_1_543' title='bbox 2582 3995 2937 4062; x_wconf 89' lang='lat' dir='ltr'><strong>opprimitur,</strong></span> <span class='ocrx_word' id='word_1_544' title='bbox 2983 3995 3126 4047; x_wconf 90' lang='lat' dir='ltr'><strong>idem</strong></span> <span class='ocrx_word' id='word_1_545' title='bbox 3154 3995 3204 4048; x_wconf 89' lang='lat' dir='ltr'><strong>ei</strong></span> <span class='ocrx_word' id='word_1_546' title='bbox 3237 3997 3525 4065; x_wconf 75' lang='lat' dir='ltr'><strong>contingit,</strong></span> 
     </span>
    </p>
   </div>
   <div class='ocr_carea' id='block_1_77' title="bbox 273 4067 1941 4156">
    <p class='ocr_par' dir='ltr' id='par_1_77' title="bbox 273 4067 1844 4137">
     <span class='ocr_line' id='line_1_78' title="bbox 273 4067 1844 4137; baseline -0.001 -17"><span class='ocrx_word' id='word_1_547' title='bbox 273 4069 500 4136; x_wconf 78' lang='grc' dir='ltr'>φαύλοις</span> <span class='ocrx_word' id='word_1_548' title='bbox 531 4071 782 4137; x_wconf 74' lang='grc' dir='ltr'>ἡνιόχοις,</span> <span class='ocrx_word' id='word_1_549' title='bbox 807 4070 855 4118; x_wconf 84' lang='grc' dir='ltr'>οἶ</span> <span class='ocrx_word' id='word_1_550' title='bbox 887 4070 945 4120; x_wconf 79' lang='grc' dir='ltr'><strong>τὸ</strong></span> <span class='ocrx_word' id='word_1_551' title='bbox 971 4070 1122 4136; x_wconf 74' lang='grc' dir='ltr'>ἅρμα</span> <span class='ocrx_word' id='word_1_552' title='bbox 1145 4069 1411 4137; x_wconf 75' lang='grc' dir='ltr'>κυϐερνᾷν</span> <span class='ocrx_word' id='word_1_553' title='bbox 1439 4067 1844 4131; x_wconf 81' lang='grc' dir='ltr'>ἀδυνατοῦντες,</span> 
     </span>
    </p>
   </div>
   <div class='ocr_carea' id='block_1_78' title="bbox 1859 4067 3527 4156">
    <p class='ocr_par' dir='ltr' id='par_1_78' title="bbox 1953 4084 3527 4156">
     <span class='ocr_line' id='line_1_79' title="bbox 1953 4084 3527 4156; baseline 0.004 -23"><span class='ocrx_word' id='word_1_554' title='bbox 1953 4085 2096 4150; x_wconf 88' lang='lat' dir='ltr'><strong>quod</strong></span> <span class='ocrx_word' id='word_1_555' title='bbox 2127 4084 2395 4151; x_wconf 88' lang='lat' dir='ltr'><strong>imperitis</strong></span> <span class='ocrx_word' id='word_1_556' title='bbox 2428 4085 2857 4156; x_wconf 77' lang='lat' dir='ltr'><strong>aurigatoriluts,</strong></span> <span class='ocrx_word' id='word_1_557' title='bbox 2887 4086 2980 4152; x_wconf 92' lang='lat' dir='ltr'><strong>qui</strong></span> <span class='ocrx_word' id='word_1_558' title='bbox 3008 4101 3134 4138; x_wconf 88' lang='lat' dir='ltr'><strong>cum</strong></span> <span class='ocrx_word' id='word_1_559' title='bbox 3180 4101 3366 4156; x_wconf 77' lang='lat' dir='ltr'><strong>regere</strong></span> <span class='ocrx_word' id='word_1_560' title='bbox 3397 4105 3527 4140; x_wconf 85' lang='lat' dir='ltr'><strong>cur-</strong></span> 
     </span>
    </p>
   </div>
   <div class='ocr_carea' id='block_1_79' title="bbox 276 4152 1944 4244">
    <p class='ocr_par' dir='ltr' id='par_1_79' title="bbox 276 4152 1849 4227">
     <span class='ocr_line' id='line_1_80' title="bbox 276 4152 1849 4227; baseline -0.002 -16"><span class='ocrx_word' id='word_1_561' title='bbox 276 4162 370 4211; x_wconf 71' lang='grc' dir='ltr'><strong>καὶ</strong></span> <span class='ocrx_word' id='word_1_562' title='bbox 407 4161 631 4219; x_wconf 67' lang='grc' dir='ltr'>ἑαυτοὺς</span> <span class='ocrx_word' id='word_1_563' title='bbox 656 4161 747 4210; x_wconf 59' lang='grc' dir='ltr'><strong>καὶ⁵</strong></span> <span class='ocrx_word' id='word_1_564' title='bbox 774 4161 899 4220; x_wconf 77' lang='grc' dir='ltr'>τοὺς</span> <span class='ocrx_word' id='word_1_565' title='bbox 931 4160 1129 4218; x_wconf 81' lang='grc' dir='ltr'>ἵππους</span> <span class='ocrx_word' id='word_1_566' title='bbox 1157 4152 1259 4210; x_wconf 82' lang='grc' dir='ltr'>ὦδε</span> <span class='ocrx_word' id='word_1_567' title='bbox 1279 4160 1499 4210; x_wconf 81' lang='grc' dir='ltr'>κάκεῖσε</span> <span class='ocrx_word' id='word_1_568' title='bbox 1526 4176 1588 4210; x_wconf 85' lang='grc' dir='ltr'><strong>πε</strong></span> <span class='ocrx_word' id='word_1_569' title='bbox 1600 4160 1849 4227; x_wconf 85' lang='grc' dir='ltr'>ριφέρου-</span> 
     </span>
    </p>
   </div>
   <div class='ocr_carea' id='block_1_80' title="bbox 1860 4152 3528 4244">
    <p class='ocr_par' dir='ltr' id='par_1_80' title="bbox 1954 4154 3528 4244">
     <span class='ocr_line' id='line_1_81' title="bbox 1954 4154 3528 4244; baseline 0.004 -21"><span class='ocrx_word' id='word_1_570' title='bbox 1954 4190 2072 4224; x_wconf 90' lang='lat' dir='ltr'><strong>rum</strong></span> <span class='ocrx_word' id='word_1_571' title='bbox 2126 4175 2396 4235; x_wconf 81' lang='lat' dir='ltr'><strong>nesciant,</strong></span> <span class='ocrx_word' id='word_1_572' title='bbox 2435 4186 2489 4227; x_wconf 91' lang='lat' dir='ltr'><strong>et</strong></span> <span class='ocrx_word' id='word_1_573' title='bbox 2521 4190 2578 4226; x_wconf 88' lang='lat' dir='ltr'><strong>se</strong></span> <span class='ocrx_word' id='word_1_574' title='bbox 2608 4185 2662 4227; x_wconf 89' lang='lat' dir='ltr'><strong>et</strong></span> <span class='ocrx_word' id='word_1_575' title='bbox 2721 4154 2851 4228; x_wconf 79' lang='lat' dir='ltr'><strong>suos</strong></span> <span class='ocrx_word' id='word_1_576' title='bbox 2902 4190 3074 4243; x_wconf 90' lang='lat' dir='ltr'><strong>equos</strong></span> <span class='ocrx_word' id='word_1_577' title='bbox 3131 4176 3237 4228; x_wconf 88' lang='lat' dir='ltr'><strong>huc</strong></span> <span class='ocrx_word' id='word_1_578' title='bbox 3291 4177 3528 4244; x_wconf 84' lang='lat' dir='ltr'><strong>illucque</strong></span> 
     </span>
    </p>
   </div>
   <div class='ocr_carea' id='block_1_81' title="bbox 275 4248 1943 4336">
    <p class='ocr_par' dir='ltr' id='par_1_81' title="bbox 275 4248 1849 4319">
     <span class='ocr_line' id='line_1_82' title="bbox 275 4248 1849 4319; baseline -0.001 -19"><span class='ocrx_word' id='word_1_579' title='bbox 275 4267 353 4309; x_wconf 84' lang='grc' dir='ltr'><strong>σι,</strong></span> <span class='ocrx_word' id='word_1_580' title='bbox 385 4251 479 4300; x_wconf 76' lang='grc' dir='ltr'>καὶ</span> <span class='ocrx_word' id='word_1_581' title='bbox 511 4249 718 4315; x_wconf 86' lang='grc' dir='ltr'>γέλωτα</span> <span class='ocrx_word' id='word_1_582' title='bbox 740 4251 850 4309; x_wconf 75' lang='grc' dir='ltr'>τοῖς</span> <span class='ocrx_word' id='word_1_583' title='bbox 874 4249 1038 4319; x_wconf 82' lang='grc' dir='ltr'>ὁρῶσι</span> <span class='ocrx_word' id='word_1_584' title='bbox 1063 4250 1319 4317; x_wconf 76' lang='grc' dir='ltr'>μέγιστον</span> <span class='ocrx_word' id='word_1_585' title='bbox 1340 4248 1677 4315; x_wconf 77' lang='grc' dir='ltr'>ἐμποιοῦσιν.</span> <span class='ocrx_word' id='word_1_586' title='bbox 1694 4248 1849 4299; x_wconf 73' lang='grc' dir='ltr'>Οὕτω</span> 
     </span>
    </p>
   </div>
   <div class='ocr_carea' id='block_1_82' title="bbox 1858 4248 3526 4336">
    <p class='ocr_par' dir='ltr' id='par_1_82' title="bbox 1952 4265 3526 4336">
     <span class='ocr_line' id='line_1_83' title="bbox 1952 4265 3526 4336; baseline 0.004 -21"><span class='ocrx_word' id='word_1_587' title='bbox 1952 4265 2349 4332; x_wconf 76' lang='lat' dir='ltr'><strong>circumagunt,</strong></span> <span class='ocrx_word' id='word_1_588' title='bbox 2380 4274 2432 4316; x_wconf 87' lang='lat' dir='ltr'><strong>et</strong></span> <span class='ocrx_word' id='word_1_589' title='bbox 2459 4265 2866 4332; x_wconf 82' lang='lat' dir='ltr'><strong>spectatoribus</strong></span> <span class='ocrx_word' id='word_1_590' title='bbox 2913 4283 3141 4336; x_wconf 78' lang='lat' dir='ltr'><strong>magnos</strong></span> <span class='ocrx_word' id='word_1_591' title='bbox 3201 4269 3345 4321; x_wconf 82' lang='lat' dir='ltr'><strong>risus</strong></span> <span class='ocrx_word' id='word_1_592' title='bbox 3374 4270 3526 4322; x_wconf 70' lang='lat' dir='ltr'><strong>exci-</strong></span> 
     </span>
    </p>
   </div>
   <div class='ocr_carea' id='block_1_83' title="bbox 272 4340 1940 4420">
    <p class='ocr_par' dir='ltr' id='par_1_83' title="bbox 272 4340 1848 4409">
     <span class='ocr_line' id='line_1_84' title="bbox 272 4340 1848 4409; baseline -0.003 -16"><span class='ocrx_word' id='word_1_593' title='bbox 272 4343 330 4394; x_wconf 78' lang='grc' dir='ltr'>δὲ</span> <span class='ocrx_word' id='word_1_594' title='bbox 380 4340 693 4409; x_wconf 68' lang='grc' dir='ltr'>πασχούσης</span> <span class='ocrx_word' id='word_1_595' title='bbox 743 4343 841 4408; x_wconf 79' lang='grc' dir='ltr'><strong>τῆς</strong></span> <span class='ocrx_word' id='word_1_596' title='bbox 881 4341 1152 4402; x_wconf 82' lang='grc' dir='ltr'>διανοίας,</span> <span class='ocrx_word' id='word_1_597' title='bbox 1177 4341 1389 4406; x_wconf 81' lang='grc' dir='ltr'>ἀνάγκη</span> <span class='ocrx_word' id='word_1_598' title='bbox 1419 4341 1511 4393; x_wconf 81' lang='grc' dir='ltr'>καὶ</span> <span class='ocrx_word' id='word_1_599' title='bbox 1542 4342 1641 4408; x_wconf 84' lang='grc' dir='ltr'><strong>τὴν</strong></span> <span class='ocrx_word' id='word_1_600' title='bbox 1672 4340 1848 4406; x_wconf 76' lang='grc' dir='ltr'>ψυχὴν</span> 
     </span>
    </p>
   </div>
   <div class='ocr_carea' id='block_1_84' title="bbox 1857 4340 3525 4420">
    <p class='ocr_par' dir='ltr' id='par_1_84' title="bbox 1954 4357 3525 4420">
     <span class='ocr_line' id='line_1_85' title="bbox 1954 4357 3525 4420; baseline 0.003 -12"><span class='ocrx_word' id='word_1_601' title='bbox 1954 4365 2085 4408; x_wconf 86' lang='lat' dir='ltr'><strong>tant.</strong></span> <span class='ocrx_word' id='word_1_602' title='bbox 2126 4357 2354 4419; x_wconf 84' lang='lat' dir='ltr'><strong>Quando</strong></span> <span class='ocrx_word' id='word_1_603' title='bbox 2409 4365 2590 4409; x_wconf 88' lang='lat' dir='ltr'><strong>autem</strong></span> <span class='ocrx_word' id='word_1_604' title='bbox 2644 4373 2797 4409; x_wconf 85' lang='lat' dir='ltr'><strong>mens</strong></span> <span class='ocrx_word' id='word_1_605' title='bbox 2828 4367 2898 4408; x_wconf 82' lang='lat' dir='ltr'><strong>ita</strong></span> <span class='ocrx_word' id='word_1_606' title='bbox 2923 4357 3112 4411; x_wconf 76' lang='lat' dir='ltr'><strong>aﬂecta</strong></span> <span class='ocrx_word' id='word_1_607' title='bbox 3139 4368 3245 4420; x_wconf 88' lang='lat' dir='ltr'><strong>est,</strong></span> <span class='ocrx_word' id='word_1_608' title='bbox 3285 4359 3395 4410; x_wconf 81' lang='lat' dir='ltr'><strong>lieri</strong></span> <span class='ocrx_word' id='word_1_609' title='bbox 3433 4375 3525 4413; x_wconf 88' lang='lat' dir='ltr'><strong>ne-</strong></span> 
     </span>
    </p>
   </div>
   <div class='ocr_carea' id='block_1_85' title="bbox 275 4431 1943 4515">
    <p class='ocr_par' dir='ltr' id='par_1_85' title="bbox 275 4431 1159 4498">
     <span class='ocr_line' id='line_1_86' title="bbox 275 4431 1159 4498; baseline -0.005 -14"><span class='ocrx_word' id='word_1_610' title='bbox 275 4433 448 4484; x_wconf 80' lang='grc' dir='ltr'>πολλά</span> <span class='ocrx_word' id='word_1_611' title='bbox 478 4432 854 4498; x_wconf 64' lang='grc' dir='ltr'>σφαλλομένην</span> <span class='ocrx_word' id='word_1_612' title='bbox 878 4431 1159 4486; x_wconf 84' lang='grc' dir='ltr'>διατελεῖν.</span> 
     </span>
    </p>
   </div>
   <div class='ocr_carea' id='block_1_86' title="bbox 1623 4431 3291 4515">
    <p class='ocr_par' dir='ltr' id='par_1_86' title="bbox 1953 4446 3291 4515">
     <span class='ocr_line' id='line_1_87' title="bbox 1953 4446 3291 4515; baseline 0.004 -21"><span class='ocrx_word' id='word_1_613' title='bbox 1953 4449 2069 4515; x_wconf 86' lang='lat' dir='ltr'><strong>quit</strong></span> <span class='ocrx_word' id='word_1_614' title='bbox 2112 4448 2243 4515; x_wconf 89' lang='lat' dir='ltr'><strong>quin</strong></span> <span class='ocrx_word' id='word_1_615' title='bbox 2286 4448 2503 4499; x_wconf 88' lang='lat' dir='ltr'><strong>animus</strong></span> <span class='ocrx_word' id='word_1_616' title='bbox 2535 4448 2704 4499; x_wconf 87' lang='lat' dir='ltr'><strong>multa</strong></span> <span class='ocrx_word' id='word_1_617' title='bbox 2738 4457 3071 4515; x_wconf 70' lang='lat' dir='ltr'><strong>praepostere</strong></span> <span class='ocrx_word' id='word_1_618' title='bbox 3105 4446 3291 4501; x_wconf 77' lang='lat' dir='ltr'><strong>iaciat.</strong></span> 
     </span>
    </p>
   </div>
   <div class='ocr_carea' id='block_1_87' title="bbox 833 4523 2501 4603">
    <p class='ocr_par' dir='ltr' id='par_1_87' title="bbox 833 4523 2462 4590">
     <span class='ocr_line' id='line_1_88' title="bbox 833 4523 2462 4590; baseline 0.006 -14"><span class='ocrx_word' id='word_1_619' title='bbox 833 4524 969 4590; x_wconf 72' lang='grc' dir='ltr'>Περὶ</span> <span class='ocrx_word' id='word_1_620' title='bbox 1007 4523 1291 4587; x_wconf 72' lang='grc' dir='ltr'>κτήσεως.</span> <span class='ocrx_word' id='word_1_621' title='bbox 1882 4531 1924 4581; x_wconf 90' lang='grc' dir='ltr'><strong>ῐ)</strong></span> <span class='ocrx_word' id='word_1_622' title='bbox 2389 4535 2462 4586; x_wconf 78' lang='lat' dir='ltr'><strong>De</strong></span> 
     </span>
    </p>
   </div>
   <div class='ocr_carea' id='block_1_88' title="bbox 1428 4523 3096 4603">
    <p class='ocr_par' dir='ltr' id='par_1_88' title="bbox 1882 4531 3096 4603">
     <span class='ocr_line' id='line_1_89' title="bbox 1882 4531 3096 4603; baseline 0.007 -22"><span class='ocrx_word' id='word_1_623' title='bbox 1882 4531 1924 4581; x_wconf 89' lang='grc' dir='ltr'><strong>ῐ)</strong></span> <span class='ocrx_word' id='word_1_624' title='bbox 2389 4535 2462 4586; x_wconf 68' lang='lat' dir='ltr'><strong>lic</strong></span> <span class='ocrx_word' id='word_1_625' title='bbox 2501 4537 2670 4587; x_wconf 82' lang='lat' dir='ltr'><strong>amico</strong></span> <span class='ocrx_word' id='word_1_626' title='bbox 2717 4536 3096 4603; x_wconf 80' lang='lat' dir='ltr'><strong>comparando.</strong></span> 
     </span>
    </p>
   </div>
   <div class='ocr_carea' id='block_1_89' title="bbox 339 4614 2007 4694">
    <p class='ocr_par' dir='ltr' id='par_1_89' title="bbox 339 4614 1853 4685">
     <span class='ocr_line' id='line_1_90' title="bbox 339 4614 1853 4685; baseline -0.001 -18"><span class='ocrx_word' id='word_1_627' title='bbox 339 4616 568 4685; x_wconf 66' lang='grc' dir='ltr'>Ῥᾳδίως</span> <span class='ocrx_word' id='word_1_628' title='bbox 618 4617 790 4684; x_wconf 79' lang='grc' dir='ltr'>κτήσῃ</span> <span class='ocrx_word' id='word_1_629' title='bbox 835 4615 1005 4681; x_wconf 86' lang='grc' dir='ltr'>φίλον,</span> <span class='ocrx_word' id='word_1_630' title='bbox 1035 4614 1095 4665; x_wconf 82' lang='grc' dir='ltr'>ὃν</span> <span class='ocrx_word' id='word_1_631' title='bbox 1125 4615 1191 4666; x_wconf 79' lang='grc' dir='ltr'>ἂν</span> <span class='ocrx_word' id='word_1_632' title='bbox 1220 4614 1484 4683; x_wconf 75' lang='grc' dir='ltr'>βουληθῇς</span> <span class='ocrx_word' id='word_1_633' title='bbox 1509 4654 1525 4675; x_wconf 87' lang='grc'><strong>.</strong></span> <span class='ocrx_word' id='word_1_634' title='bbox 1591 4617 1638 4666; x_wconf 84' lang='grc' dir='ltr'>εξ</span> <span class='ocrx_word' id='word_1_635' title='bbox 1672 4614 1853 4679; x_wconf 78' lang='grc' dir='ltr'>ἀγαθά</span> 
     </span>
    </p>
   </div>
   <div class='ocr_carea' id='block_1_90' title="bbox 1854 4614 3522 4694">
    <p class='ocr_par' dir='ltr' id='par_1_90' title="bbox 2035 4623 3522 4694">
     <span class='ocr_line' id='line_1_91' title="bbox 2035 4623 3522 4694; baseline 0.004 -20"><span class='ocrx_word' id='word_1_636' title='bbox 2035 4623 2131 4675; x_wconf 78' lang='lat' dir='ltr'><strong>ilbi</strong></span> <span class='ocrx_word' id='word_1_637' title='bbox 2166 4624 2313 4675; x_wconf 73' lang='lat' dir='ltr'><strong>Voles</strong></span> <span class='ocrx_word' id='word_1_638' title='bbox 2352 4625 2508 4677; x_wconf 77' lang='lat' dir='ltr'><strong>facile</strong></span> <span class='ocrx_word' id='word_1_639' title='bbox 2572 4626 2868 4692; x_wconf 82' lang='lat' dir='ltr'><strong>quemlibet</strong></span> <span class='ocrx_word' id='word_1_640' title='bbox 2912 4625 3147 4678; x_wconf 88' lang='lat' dir='ltr'><strong>amicqu</strong></span> <span class='ocrx_word' id='word_1_641' title='bbox 3173 4626 3270 4679; x_wconf 90' lang='lat' dir='ltr'><strong>tibi</strong></span> <span class='ocrx_word' id='word_1_642' title='bbox 3301 4641 3522 4694; x_wconf 84' lang='lat' dir='ltr'><strong>compa-</strong></span> 
     </span>
    </p>
   </div>
   <div class='ocr_carea' id='block_1_91' title="bbox 277 4703 1945 4786">
    <p class='ocr_par' dir='ltr' id='par_1_91' title="bbox 277 4703 1853 4772">
     <span class='ocr_line' id='line_1_92' title="bbox 277 4703 1853 4772; baseline -0.001 -16"><span class='ocrx_word' id='word_1_643' title='bbox 277 4724 399 4756; x_wconf 86' lang='grc' dir='ltr'>τινα</span> <span class='ocrx_word' id='word_1_644' title='bbox 423 4706 603 4770; x_wconf 86' lang='grc' dir='ltr'>λέγεις</span> <span class='ocrx_word' id='word_1_645' title='bbox 639 4721 704 4755; x_wconf 84' lang='grc' dir='ltr'><strong>πε</strong></span> <span class='ocrx_word' id='word_1_646' title='bbox 714 4704 769 4772; x_wconf 76' lang='lat' dir='ltr'><strong>pl.</strong></span> <span class='ocrx_word' id='word_1_647' title='bbox 793 4703 960 4755; x_wconf 82' lang='grc' dir='ltr'>αὑτοῦ</span> <span class='ocrx_word' id='word_1_648' title='bbox 987 4703 1214 4765; x_wconf 79' lang='grc' dir='ltr'>ἀπόντος</span> <span class='ocrx_word' id='word_1_649' title='bbox 1250 4704 1340 4755; x_wconf 76' lang='grc' dir='ltr'>ἐπὶ</span> <span class='ocrx_word' id='word_1_650' title='bbox 1363 4703 1471 4755; x_wconf 84' lang='grc' dir='ltr'>τῶν</span> <span class='ocrx_word' id='word_1_651' title='bbox 1496 4705 1853 4770; x_wconf 72' lang='grc' dir='ltr'>ὲπαγγελλόν-</span> 
     </span>
    </p>
   </div>
   <div class='ocr_carea' id='block_1_92' title="bbox 1855 4703 3523 4786">
    <p class='ocr_par' dir='ltr' id='par_1_92' title="bbox 1962 4714 3523 4786">
     <span class='ocr_line' id='line_1_93' title="bbox 1962 4714 3523 4786; baseline 0.003 -23"><span class='ocrx_word' id='word_1_652' title='bbox 1962 4715 2127 4774; x_wconf 84' lang='lat' dir='ltr'><strong>rabis,</strong></span> <span class='ocrx_word' id='word_1_653' title='bbox 2161 4714 2204 4764; x_wconf 86' lang='lat' dir='ltr'><strong>si</strong></span> <span class='ocrx_word' id='word_1_654' title='bbox 2226 4714 2292 4766; x_wconf 88' lang='lat' dir='ltr'><strong>dc</strong></span> <span class='ocrx_word' id='word_1_655' title='bbox 2319 4716 2625 4768; x_wconf 87' lang='lat' dir='ltr'><strong>eoabsente</strong></span> <span class='ocrx_word' id='word_1_656' title='bbox 2659 4716 2793 4768; x_wconf 89' lang='lat' dir='ltr'><strong>bene</strong></span> <span class='ocrx_word' id='word_1_657' title='bbox 2812 4717 3018 4770; x_wconf 80' lang='lat' dir='ltr'><strong>dixeris</strong></span> <span class='ocrx_word' id='word_1_658' title='bbox 3051 4731 3234 4770; x_wconf 84' lang='lat' dir='ltr'><strong>coram</strong></span> <span class='ocrx_word' id='word_1_659' title='bbox 3260 4717 3402 4781; x_wconf 85' lang='lat' dir='ltr'><strong>aliis,</strong></span> <span class='ocrx_word' id='word_1_660' title='bbox 3432 4720 3523 4786; x_wconf 92' lang='lat' dir='ltr'><strong>qui</strong></span> 
     </span>
    </p>
   </div>
   <div class='ocr_carea' id='block_1_93' title="bbox 278 4793 1946 4863">
    <p class='ocr_par' dir='ltr' id='par_1_93' title="bbox 278 4793 1846 4863">
     <span class='ocr_line' id='line_1_94' title="bbox 278 4793 1846 4863; baseline -0.003 -16"><span class='ocrx_word' id='word_1_661' title='bbox 278 4814 390 4847; x_wconf 86' lang='grc' dir='ltr'><strong>των</strong></span> <span class='ocrx_word' id='word_1_662' title='bbox 423 4793 572 4862; x_wconf 85' lang='grc' dir='ltr'><strong>αὑτῷ</strong></span> <span class='ocrx_word' id='word_1_663' title='bbox 594 4810 608 4824; x_wconf 82' lang='grc'><strong><em>⁸</em></strong></span> <span class='ocrx_word' id='word_1_664' title='bbox 638 4795 780 4863; x_wconf 80' lang='grc' dir='ltr'>ἀρχὴ</span> <span class='ocrx_word' id='word_1_665' title='bbox 811 4794 942 4860; x_wconf 84' lang='grc' dir='ltr'>γὰρ,</span> <span class='ocrx_word' id='word_1_666' title='bbox 971 4793 1046 4854; x_wconf 86' lang='grc' dir='ltr'>ὡς</span> <span class='ocrx_word' id='word_1_667' title='bbox 1073 4794 1236 4855; x_wconf 76' lang='grc' dir='ltr'>ἔοικε,</span> <span class='ocrx_word' id='word_1_668' title='bbox 1275 4793 1456 4860; x_wconf 83' lang='grc' dir='ltr'>φιλίας</span> <span class='ocrx_word' id='word_1_669' title='bbox 1489 4794 1588 4861; x_wconf 82' lang='grc' dir='ltr'>μὲν</span> <span class='ocrx_word' id='word_1_670' title='bbox 1612 4793 1846 4854; x_wconf 84' lang='grc' dir='ltr'>ἔπαινος,</span> 
     </span>
    </p>
   </div>
   <div class='ocr_carea' id='block_1_94' title="bbox 1859 4793 3527 4863">
    <p class='ocr_par' dir='ltr' id='par_1_94' title="bbox 1959 4805 3527 4863">
     <span class='ocr_line' id='line_1_95' title="bbox 1959 4805 3527 4863; baseline 0.003 -7"><span class='ocrx_word' id='word_1_671' title='bbox 1959 4805 2006 4856; x_wconf 88' lang='lat' dir='ltr'><strong>ei</strong></span> <span class='ocrx_word' id='word_1_672' title='bbox 2037 4806 2398 4856; x_wconf 80' lang='lat' dir='ltr'><strong>renuntiaturi</strong></span> <span class='ocrx_word' id='word_1_673' title='bbox 2451 4814 2579 4859; x_wconf 89' lang='lat' dir='ltr'><strong>sunt</strong></span> <span class='ocrx_word' id='word_1_674' title='bbox 2619 4825 2629 4855; x_wconf 93' lang='lat'>:</span> <span class='ocrx_word' id='word_1_675' title='bbox 2667 4808 2879 4858; x_wconf 85' lang='lat' dir='ltr'><strong>initium</strong></span> <span class='ocrx_word' id='word_1_676' title='bbox 2918 4809 3061 4861; x_wconf 88' lang='lat' dir='ltr'><strong>enim</strong></span> <span class='ocrx_word' id='word_1_677' title='bbox 3105 4808 3361 4862; x_wconf 83' lang='lat' dir='ltr'><strong>amicitia:</strong></span> <span class='ocrx_word' id='word_1_678' title='bbox 3415 4808 3527 4863; x_wconf 76' lang='lat' dir='ltr'><strong>fere</strong></span> 
     </span>
    </p>
   </div>
   <div class='ocr_carea' id='block_1_95' title="bbox 280 4888 1948 4969">
    <p class='ocr_par' dir='ltr' id='par_1_95' title="bbox 280 4888 1850 4956">
     <span class='ocr_line' id='line_1_96' title="bbox 280 4888 1850 4956; baseline -0.001 -16"><span class='ocrx_word' id='word_1_679' title='bbox 280 4890 480 4956; x_wconf 80' lang='grc' dir='ltr'>ἔχθρας</span> <span class='ocrx_word' id='word_1_680' title='bbox 516 4889 573 4939; x_wconf 83' lang='grc' dir='ltr'>δὲ</span> <span class='ocrx_word' id='word_1_681' title='bbox 619 4888 785 4954; x_wconf 80' lang='grc' dir='ltr'>ψόγος</span> <span class='ocrx_word' id='word_1_682' title='bbox 831 4888 1176 4940; x_wconf 77' lang='grc' dir='ltr'>ἑστίν.⁹Λλλά</span> <span class='ocrx_word' id='word_1_683' title='bbox 1208 4888 1303 4939; x_wconf 74' lang='grc' dir='ltr'>καὶ</span> <span class='ocrx_word' id='word_1_684' title='bbox 1339 4888 1431 4948; x_wconf 83' lang='grc' dir='ltr'><strong>οὓς</strong></span> <span class='ocrx_word' id='word_1_685' title='bbox 1463 4888 1560 4956; x_wconf 68' lang='grc' dir='ltr'>ἢδη</span> <span class='ocrx_word' id='word_1_686' title='bbox 1590 4889 1850 4956; x_wconf 82' lang='grc' dir='ltr'>κέκτησαι</span> 
     </span>
    </p>
   </div>
   <div class='ocr_carea' id='block_1_96' title="bbox 1855 4888 3523 4969">
    <p class='ocr_par' dir='ltr' id='par_1_96' title="bbox 1961 4897 3523 4969">
     <span class='ocr_line' id='line_1_97' title="bbox 1961 4897 3523 4969; baseline 0.003 -20"><span class='ocrx_word' id='word_1_687' title='bbox 1961 4897 2198 4950; x_wconf 89' lang='lat' dir='ltr'><strong>laudatio</strong></span> <span class='ocrx_word' id='word_1_688' title='bbox 2230 4906 2333 4958; x_wconf 87' lang='lat' dir='ltr'><strong>est,</strong></span> <span class='ocrx_word' id='word_1_689' title='bbox 2369 4898 2668 4950; x_wconf 76' lang='lat' dir='ltr'><strong>inimicitia:</strong></span> <span class='ocrx_word' id='word_1_690' title='bbox 2720 4916 2872 4960; x_wconf 89' lang='lat' dir='ltr'><strong>vero,</strong></span> <span class='ocrx_word' id='word_1_691' title='bbox 2904 4900 3256 4967; x_wconf 86' lang='lat' dir='ltr'><strong>vituperatio.</strong></span> <span class='ocrx_word' id='word_1_692' title='bbox 3285 4901 3352 4954; x_wconf 75' lang='lat' dir='ltr'><strong>Et</strong></span> <span class='ocrx_word' id='word_1_693' title='bbox 3383 4917 3523 4969; x_wconf 79' lang='lat' dir='ltr'><strong>quos</strong></span> 
     </span>
    </p>
   </div>
   <div class='ocr_carea' id='block_1_97' title="bbox 280 4976 1948 5060">
    <p class='ocr_par' dir='ltr' id='par_1_97' title="bbox 280 4976 1851 5044">
     <span class='ocr_line' id='line_1_98' title="bbox 280 4976 1851 5044; baseline 0.003 -18"><span class='ocrx_word' id='word_1_694' title='bbox 280 4979 489 5044; x_wconf 74' lang='grc' dir='ltr'>φίλους,</span> <span class='ocrx_word' id='word_1_695' title='bbox 516 4979 563 5027; x_wconf 78' lang='grc' dir='ltr'>εἰ</span> <span class='ocrx_word' id='word_1_696' title='bbox 613 4976 789 5043; x_wconf 87' lang='grc' dir='ltr'>βούλει</span> <span class='ocrx_word' id='word_1_697' title='bbox 815 4977 977 5028; x_wconf 80' lang='grc' dir='ltr'>πλέον</span> <span class='ocrx_word' id='word_1_698' title='bbox 1006 4976 1349 5044; x_wconf 75' lang='grc' dir='ltr'>ἐφέλκεσθαι,</span> <span class='ocrx_word' id='word_1_699' title='bbox 1378 4980 1586 5028; x_wconf 78' lang='grc' dir='ltr'>ἐπαίνει</span> <span class='ocrx_word' id='word_1_700' title='bbox 1613 4978 1851 5037; x_wconf 76' lang='grc' dir='ltr'>ἀπόντας</span> 
     </span>
    </p>
   </div>
   <div class='ocr_carea' id='block_1_98' title="bbox 1855 4976 3523 5060">
    <p class='ocr_par' dir='ltr' id='par_1_98' title="bbox 1955 4989 3523 5060">
     <span class='ocr_line' id='line_1_99' title="bbox 1955 4989 3523 5060; baseline 0.004 -21"><span class='ocrx_word' id='word_1_701' title='bbox 1955 4989 2066 5055; x_wconf 86' lang='lat' dir='ltr'><strong>jam</strong></span> <span class='ocrx_word' id='word_1_702' title='bbox 2116 4989 2285 5042; x_wconf 88' lang='lat' dir='ltr'><strong>babes</strong></span> <span class='ocrx_word' id='word_1_703' title='bbox 2315 4989 2543 5049; x_wconf 88' lang='lat' dir='ltr'><strong>:unicos,</strong></span> <span class='ocrx_word' id='word_1_704' title='bbox 2568 5006 2663 5043; x_wconf 90' lang='lat' dir='ltr'><strong>eos</strong></span> <span class='ocrx_word' id='word_1_705' title='bbox 2689 4992 2732 5042; x_wconf 88' lang='lat' dir='ltr'><strong>si</strong></span> <span class='ocrx_word' id='word_1_706' title='bbox 2765 4993 2939 5060; x_wconf 74' lang='lat' dir='ltr'><strong>magis</strong></span> <span class='ocrx_word' id='word_1_707' title='bbox 2985 4992 3266 5045; x_wconf 85' lang='lat' dir='ltr'><strong>devincire</strong></span> <span class='ocrx_word' id='word_1_708' title='bbox 3295 4992 3392 5045; x_wconf 90' lang='lat' dir='ltr'><strong>tibi</strong></span> <span class='ocrx_word' id='word_1_709' title='bbox 3425 5008 3523 5045; x_wconf 84' lang='lat' dir='ltr'><strong>vo-</strong></span> 
     </span>
    </p>
   </div>
   <div class='ocr_carea' id='block_1_99' title="bbox 279 5066 1947 5145">
    <p class='ocr_par' dir='ltr' id='par_1_99' title="bbox 279 5066 1852 5136">
     <span class='ocr_line' id='line_1_100' title="bbox 279 5066 1852 5136; baseline -0.002 -15"><span class='ocrx_word' id='word_1_710' title='bbox 279 5069 375 5121; x_wconf 78' lang='grc' dir='ltr'><strong>ὲπὶ</strong></span> <span class='ocrx_word' id='word_1_711' title='bbox 415 5067 523 5119; x_wconf 84' lang='grc' dir='ltr'><strong>τῶν</strong></span> <span class='ocrx_word' id='word_1_712' title='bbox 569 5067 872 5136; x_wconf 86' lang='grc' dir='ltr'>παρόντων.</span> <span class='ocrx_word' id='word_1_713' title='bbox 901 5068 1008 5119; x_wconf 83' lang='grc' dir='ltr'><strong>Καὶ</strong></span> <span class='ocrx_word' id='word_1_714' title='bbox 1042 5069 1149 5134; x_wconf 75' lang='grc' dir='ltr'>γὰρ</span> <span class='ocrx_word' id='word_1_715' title='bbox 1188 5066 1329 5118; x_wconf 75' lang='grc' dir='ltr'>οὕτω</span> <span class='ocrx_word' id='word_1_716' title='bbox 1357 5068 1566 5129; x_wconf 80' lang='grc' dir='ltr'>δόξειας</span> <span class='ocrx_word' id='word_1_717' title='bbox 1601 5069 1666 5120; x_wconf 82' lang='grc' dir='ltr'><strong>ἂν</strong></span> <span class='ocrx_word' id='word_1_718' title='bbox 1697 5070 1852 5118; x_wconf 62' lang='lat' dir='ltr'><strong>emu-</strong></span> 
     </span>
    </p>
   </div>
   <div class='ocr_carea' id='block_1_100' title="bbox 1855 5066 3523 5145">
    <p class='ocr_par' dir='ltr' id='par_1_100' title="bbox 1963 5080 3523 5145">
     <span class='ocr_line' id='line_1_101' title="bbox 1963 5080 3523 5145; baseline 0.003 -14"><span class='ocrx_word' id='word_1_719' title='bbox 1963 5081 2058 5143; x_wconf 84' lang='lat' dir='ltr'><strong>les,</strong></span> <span class='ocrx_word' id='word_1_720' title='bbox 2095 5080 2251 5144; x_wconf 80' lang='lat' dir='ltr'><strong>lauda</strong></span> <span class='ocrx_word' id='word_1_721' title='bbox 2283 5082 2536 5134; x_wconf 85' lang='lat' dir='ltr'><strong>absentes</strong></span> <span class='ocrx_word' id='word_1_722' title='bbox 2563 5097 2745 5134; x_wconf 90' lang='lat' dir='ltr'><strong>coram</strong></span> <span class='ocrx_word' id='word_1_723' title='bbox 2771 5083 2891 5135; x_wconf 89' lang='lat' dir='ltr'><strong>aliis</strong></span> <span class='ocrx_word' id='word_1_724' title='bbox 2916 5098 3103 5135; x_wconf 91' lang='lat' dir='ltr'><strong>eorum</strong></span> <span class='ocrx_word' id='word_1_725' title='bbox 3136 5083 3359 5145; x_wconf 84' lang='lat' dir='ltr'><strong>amicis;</strong></span> <span class='ocrx_word' id='word_1_726' title='bbox 3398 5098 3523 5136; x_wconf 89' lang='lat' dir='ltr'><strong>nam</strong></span> 
     </span>
    </p>
   </div>
   <div class='ocr_carea' id='block_1_101' title="bbox 282 5159 1950 5240">
    <p class='ocr_par' dir='ltr' id='par_1_101' title="bbox 282 5159 1851 5228">
     <span class='ocr_line' id='line_1_102' title="bbox 282 5159 1851 5228; baseline -0.001 -17"><span class='ocrx_word' id='word_1_727' title='bbox 282 5165 394 5212; x_wconf 84' lang='grc' dir='ltr'>νεῖν</span> <span class='ocrx_word' id='word_1_728' title='bbox 422 5161 516 5212; x_wconf 69' lang='grc' dir='ltr'>καὶ</span> <span class='ocrx_word' id='word_1_729' title='bbox 547 5161 672 5221; x_wconf 82' lang='grc' dir='ltr'>τοὺς</span> <span class='ocrx_word' id='word_1_730' title='bbox 700 5160 971 5228; x_wconf 76' lang='grc' dir='ltr'>παρόντας</span> <span class='ocrx_word' id='word_1_731' title='bbox 1003 5160 1096 5212; x_wconf 77' lang='grc' dir='ltr'><strong>ἐπὶ</strong></span> <span class='ocrx_word' id='word_1_732' title='bbox 1135 5160 1242 5212; x_wconf 84' lang='grc' dir='ltr'><strong>τῶν</strong></span> <span class='ocrx_word' id='word_1_733' title='bbox 1283 5161 1549 5213; x_wconf 83' lang='grc' dir='ltr'>ἀπόντων.</span> <span class='ocrx_word' id='word_1_734' title='bbox 1583 5159 1851 5228; x_wconf 71' lang='grc' dir='ltr'>Δοκίμαζε</span> 
     </span>
    </p>
   </div>
   <div class='ocr_carea' id='block_1_102' title="bbox 1855 5159 3523 5240">
    <p class='ocr_par' dir='ltr' id='par_1_102' title="bbox 1962 5173 3523 5240">
     <span class='ocr_line' id='line_1_103' title="bbox 1962 5173 3523 5240; baseline 0.002 -16"><span class='ocrx_word' id='word_1_735' title='bbox 1962 5173 2034 5224; x_wconf 88' lang='lat' dir='ltr'><strong>ita</strong></span> <span class='ocrx_word' id='word_1_736' title='bbox 2076 5173 2345 5226; x_wconf 87' lang='lat' dir='ltr'><strong>videberis</strong></span> <span class='ocrx_word' id='word_1_737' title='bbox 2385 5181 2680 5240; x_wconf 65' lang='lat' dir='ltr'><strong>praesentes</strong></span> <span class='ocrx_word' id='word_1_738' title='bbox 2718 5175 2882 5225; x_wconf 78' lang='lat' dir='ltr'><strong>etiam</strong></span> <span class='ocrx_word' id='word_1_739' title='bbox 2939 5173 3166 5226; x_wconf 86' lang='lat' dir='ltr'><strong>laudare</strong></span> <span class='ocrx_word' id='word_1_740' title='bbox 3201 5173 3256 5227; x_wconf 90' lang='lat' dir='ltr'><strong>in</strong></span> <span class='ocrx_word' id='word_1_741' title='bbox 3280 5174 3523 5228; x_wconf 87' lang='lat' dir='ltr'><strong>absenti-</strong></span> 
     </span>
    </p>
   </div>
   <div class='ocr_carea' id='block_1_103' title="bbox 281 5252 1949 5332">
    <p class='ocr_par' dir='ltr' id='par_1_103' title="bbox 281 5252 1854 5319">
     <span class='ocr_line' id='line_1_104' title="bbox 281 5252 1854 5319; baseline -0.001 -15"><span class='ocrx_word' id='word_1_742' title='bbox 281 5253 338 5304; x_wconf 78' lang='grc' dir='ltr'>δὲ</span> <span class='ocrx_word' id='word_1_743' title='bbox 370 5254 494 5314; x_wconf 80' lang='grc' dir='ltr'>τοὺς</span> <span class='ocrx_word' id='word_1_744' title='bbox 519 5254 727 5317; x_wconf 86' lang='grc' dir='ltr'>φίλους,</span> <span class='ocrx_word' id='word_1_745' title='bbox 757 5252 813 5302; x_wconf 79' lang='grc' dir='ltr'>ἐν</span> <span class='ocrx_word' id='word_1_746' title='bbox 835 5269 892 5304; x_wconf 86' lang='grc' dir='ltr'><strong>τε</strong></span> <span class='ocrx_word' id='word_1_747' title='bbox 921 5255 1037 5312; x_wconf 78' lang='grc' dir='ltr'>ταῖς</span> <span class='ocrx_word' id='word_1_748' title='bbox 1065 5253 1327 5318; x_wconf 81' lang='grc' dir='ltr'>ἀνάγκαις</span> <span class='ocrx_word' id='word_1_749' title='bbox 1357 5253 1445 5302; x_wconf 79' lang='grc' dir='ltr'>καὶ</span> <span class='ocrx_word' id='word_1_750' title='bbox 1470 5255 1585 5312; x_wconf 87' lang='grc' dir='ltr'>ταῖς</span> <span class='ocrx_word' id='word_1_751' title='bbox 1613 5255 1854 5319; x_wconf 84' lang='grc' dir='ltr'>δυσπρα-</span> 
     </span>
    </p>
   </div>
   <div class='ocr_carea' id='block_1_104' title="bbox 1855 5252 3523 5332">
    <p class='ocr_par' dir='ltr' id='par_1_104' title="bbox 1962 5264 3523 5332">
     <span class='ocr_line' id='line_1_105' title="bbox 1962 5264 3523 5332; baseline 0.001 -14"><span class='ocrx_word' id='word_1_752' title='bbox 1962 5264 2085 5318; x_wconf 91' lang='lat' dir='ltr'><strong>bus.</strong></span> <span class='ocrx_word' id='word_1_753' title='bbox 2119 5265 2335 5316; x_wconf 77' lang='lat' dir='ltr'><strong>Amicos</strong></span> <span class='ocrx_word' id='word_1_754' title='bbox 2365 5272 2544 5316; x_wconf 84' lang='lat' dir='ltr'><strong>autem</strong></span> <span class='ocrx_word' id='word_1_755' title='bbox 2579 5265 2629 5315; x_wconf 92' lang='lat' dir='ltr'><strong>in</strong></span> <span class='ocrx_word' id='word_1_756' title='bbox 2660 5265 2932 5332; x_wconf 75' lang='lat' dir='ltr'><strong>angustiis</strong></span> <span class='ocrx_word' id='word_1_757' title='bbox 2982 5274 3146 5332; x_wconf 84' lang='lat' dir='ltr'><strong>atque</strong></span> <span class='ocrx_word' id='word_1_758' title='bbox 3196 5265 3248 5318; x_wconf 92' lang='lat' dir='ltr'><strong>in</strong></span> <span class='ocrx_word' id='word_1_759' title='bbox 3277 5265 3523 5321; x_wconf 79' lang='lat' dir='ltr'><strong>adversis</strong></span> 
     </span>
    </p>
   </div>
   <div class='ocr_carea' id='block_1_105' title="bbox 283 5343 1951 5423">
    <p class='ocr_par' dir='ltr' id='par_1_105' title="bbox 283 5343 1852 5411">
     <span class='ocr_line' id='line_1_106' title="bbox 283 5343 1852 5411; baseline 0 -19"><span class='ocrx_word' id='word_1_760' title='bbox 283 5343 429 5409; x_wconf 80' lang='grc' dir='ltr'>γίαις</span> <span class='ocrx_word' id='word_1_761' title='bbox 451 5360 464 5371; x_wconf 90' lang='grc'><strong>·</strong></span> <span class='ocrx_word' id='word_1_762' title='bbox 503 5343 612 5394; x_wconf 82' lang='grc' dir='ltr'>τῶν</span> <span class='ocrx_word' id='word_1_763' title='bbox 639 5345 749 5411; x_wconf 78' lang='grc' dir='ltr'>γὰρ</span> <span class='ocrx_word' id='word_1_764' title='bbox 774 5343 1189 5411; x_wconf 80' lang='grc' dir='ltr'>εὐημερούντων</span> <span class='ocrx_word' id='word_1_765' title='bbox 1209 5386 1221 5407; x_wconf 90' lang='grc'><strong>,</strong></span> <span class='ocrx_word' id='word_1_766' title='bbox 1253 5345 1393 5410; x_wconf 83' lang='grc' dir='ltr'>φίλοι</span> <span class='ocrx_word' id='word_1_767' title='bbox 1422 5344 1622 5395; x_wconf 86' lang='grc' dir='ltr'>πολλοί.</span> <span class='ocrx_word' id='word_1_768' title='bbox 1653 5345 1852 5395; x_wconf 77' lang='grc' dir='ltr'>Κάκεί-</span> 
     </span>
    </p>
   </div>
   <div class='ocr_carea' id='block_1_106' title="bbox 1853 5343 3521 5423">
    <p class='ocr_par' dir='ltr' id='par_1_106' title="bbox 1965 5355 3521 5423">
     <span class='ocr_line' id='line_1_107' title="bbox 1965 5355 3521 5423; baseline 0.002 -15"><span class='ocrx_word' id='word_1_769' title='bbox 1965 5358 2126 5408; x_wconf 78' lang='lat' dir='ltr'><strong>rebus</strong></span> <span class='ocrx_word' id='word_1_770' title='bbox 2157 5357 2411 5423; x_wconf 74' lang='lat' dir='ltr'><strong>explora;</strong></span> <span class='ocrx_word' id='word_1_771' title='bbox 2455 5355 2690 5408; x_wconf 80' lang='lat' dir='ltr'><strong>felicium</strong></span> <span class='ocrx_word' id='word_1_772' title='bbox 2758 5359 2902 5408; x_wconf 88' lang='lat' dir='ltr'><strong>enim</strong></span> <span class='ocrx_word' id='word_1_773' title='bbox 2938 5358 3094 5410; x_wconf 88' lang='lat' dir='ltr'><strong>multi</strong></span> <span class='ocrx_word' id='word_1_774' title='bbox 3151 5366 3278 5411; x_wconf 90' lang='lat' dir='ltr'><strong>sunt</strong></span> <span class='ocrx_word' id='word_1_775' title='bbox 3311 5359 3471 5412; x_wconf 84' lang='lat' dir='ltr'><strong>amici</strong></span> <span class='ocrx_word' id='word_1_776' title='bbox 3508 5377 3521 5412; x_wconf 94' lang='lat'>:</span> 
     </span>
    </p>
   </div>
   <div class='ocr_carea' id='block_1_107' title="bbox 281 5433 1949 5518">
    <p class='ocr_par' dir='ltr' id='par_1_107' title="bbox 281 5433 1856 5501">
     <span class='ocr_line' id='line_1_108' title="bbox 281 5433 1856 5501; baseline -0.001 -16"><span class='ocrx_word' id='word_1_777' title='bbox 281 5451 406 5494; x_wconf 89' lang='grc' dir='ltr'>νους</span> <span class='ocrx_word' id='word_1_778' title='bbox 437 5433 655 5499; x_wconf 79' lang='grc' dir='ltr'>ἀληθεῖς</span> <span class='ocrx_word' id='word_1_779' title='bbox 685 5434 868 5499; x_wconf 86' lang='grc' dir='ltr'>φίλους</span> <span class='ocrx_word' id='word_1_780' title='bbox 909 5433 1122 5498; x_wconf 73' lang='grc' dir='ltr'>λογίζου</span> <span class='ocrx_word' id='word_1_781' title='bbox 1144 5475 1156 5494; x_wconf 92' lang='grc'><strong>,</strong></span> <span class='ocrx_word' id='word_1_782' title='bbox 1183 5435 1294 5485; x_wconf 84' lang='grc' dir='ltr'>ὅσοι</span> <span class='ocrx_word' id='word_1_783' title='bbox 1330 5434 1402 5500; x_wconf 80' lang='grc' dir='ltr'>μὴ</span> <span class='ocrx_word' id='word_1_784' title='bbox 1441 5435 1658 5501; x_wconf 78' lang='grc' dir='ltr'>κέρδους</span> <span class='ocrx_word' id='word_1_785' title='bbox 1693 5435 1856 5484; x_wconf 76' lang='grc' dir='ltr'>ἓνεκα</span> 
     </span>
    </p>
   </div>
   <div class='ocr_carea' id='block_1_108' title="bbox 1855 5433 3523 5518">
    <p class='ocr_par' dir='ltr' id='par_1_108' title="bbox 1855 5449 3523 5518">
     <span class='ocr_line' id='line_1_109' title="bbox 1855 5449 3523 5518; baseline 0.005 -20"><span class='ocrx_word' id='word_1_786' title='bbox 1855 5476 1856 5479; x_wconf 60' lang='grc' dir='ltr'><strong>η</strong></span> <span class='ocrx_word' id='word_1_787' title='bbox 1951 5449 2042 5498; x_wconf 79' lang='lat' dir='ltr'><strong>sed</strong></span> <span class='ocrx_word' id='word_1_788' title='bbox 2088 5463 2182 5499; x_wconf 84' lang='lat' dir='ltr'><strong>eos</strong></span> <span class='ocrx_word' id='word_1_789' title='bbox 2224 5449 2430 5500; x_wconf 73' lang='lat' dir='ltr'><strong>amicos</strong></span> <span class='ocrx_word' id='word_1_790' title='bbox 2467 5464 2619 5498; x_wconf 78' lang='lat' dir='ltr'><strong>veros</strong></span> <span class='ocrx_word' id='word_1_791' title='bbox 2664 5450 2947 5513; x_wconf 86' lang='lat' dir='ltr'><strong>judicato,</strong></span> <span class='ocrx_word' id='word_1_792' title='bbox 2988 5453 3078 5518; x_wconf 87' lang='lat' dir='ltr'><strong>qui</strong></span> <span class='ocrx_word' id='word_1_793' title='bbox 3141 5460 3192 5502; x_wconf 90' lang='lat' dir='ltr'><strong>te</strong></span> <span class='ocrx_word' id='word_1_794' title='bbox 3241 5469 3346 5506; x_wconf 92' lang='lat' dir='ltr'><strong>non</strong></span> <span class='ocrx_word' id='word_1_795' title='bbox 3391 5455 3523 5510; x_wconf 89' lang='lat' dir='ltr'><strong>lucri</strong></span> 
     </span>
    </p>
   </div>
   <div class='ocr_carea' id='block_1_109' title="bbox 283 5523 1951 5605">
    <p class='ocr_par' dir='ltr' id='par_1_109' title="bbox 283 5523 1951 5592">
     <span class='ocr_line' id='line_1_110' title="bbox 283 5523 1951 5592; baseline 0 -18"><span class='ocrx_word' id='word_1_796' title='bbox 283 5523 552 5591; x_wconf 82' lang='grc' dir='ltr'>φιλοῦσιν,</span> <span class='ocrx_word' id='word_1_797' title='bbox 584 5523 721 5575; x_wconf 83' lang='grc' dir='ltr'>ἀλλὰ</span> <span class='ocrx_word' id='word_1_798' title='bbox 748 5525 813 5574; x_wconf 84' lang='grc' dir='ltr'>δι’</span> <span class='ocrx_word' id='word_1_799' title='bbox 839 5525 1008 5591; x_wconf 83' lang='grc' dir='ltr'>αὐτὴν</span> <span class='ocrx_word' id='word_1_800' title='bbox 1043 5525 1142 5590; x_wconf 85' lang='grc' dir='ltr'>τὴν</span> <span class='ocrx_word' id='word_1_801' title='bbox 1184 5523 1383 5592; x_wconf 81' lang='grc' dir='ltr'>ἀρετὴν</span> <span class='ocrx_word' id='word_1_802' title='bbox 1411 5525 1504 5590; x_wconf 81' lang='grc' dir='ltr'>τῆς</span> <span class='ocrx_word' id='word_1_803' title='bbox 1532 5525 1772 5589; x_wconf 88' lang='grc' dir='ltr'>ἀγάπης.</span> <span class='ocrx_word' id='word_1_804' title='bbox 1795 5525 1854 5573; x_wconf 89' lang='lat' dir='ltr'><strong>&#39;Il</strong></span> <span class='ocrx_word' id='word_1_805' title='bbox 1950 5565 1951 5574; x_wconf 51' lang='grc' dir='ltr'><strong>η</strong></span> 
     </span>
    </p>
   </div>
   <div class='ocr_carea' id='block_1_110' title="bbox 1857 5523 3525 5605">
    <p class='ocr_par' dir='ltr' id='par_1_110' title="bbox 1950 5536 3525 5605">
     <span class='ocr_line' id='line_1_111' title="bbox 1950 5536 3525 5605; baseline 0.004 -18"><span class='ocrx_word' id='word_1_806' title='bbox 1950 5551 2114 5587; x_wconf 68' lang='lat' dir='ltr'><strong>mulsa</strong></span> <span class='ocrx_word' id='word_1_807' title='bbox 2153 5536 2403 5602; x_wconf 80' lang='lat' dir='ltr'><strong>diligunt,</strong></span> <span class='ocrx_word' id='word_1_808' title='bbox 2450 5537 2541 5589; x_wconf 86' lang='lat' dir='ltr'><strong>sed</strong></span> <span class='ocrx_word' id='word_1_809' title='bbox 2593 5549 2806 5605; x_wconf 85' lang='lat' dir='ltr'><strong>propter</strong></span> <span class='ocrx_word' id='word_1_810' title='bbox 2856 5541 3025 5605; x_wconf 85' lang='lat' dir='ltr'><strong>ipsam</strong></span> <span class='ocrx_word' id='word_1_811' title='bbox 3062 5541 3312 5594; x_wconf 80' lang='lat' dir='ltr'><strong>amicitia:</strong></span> <span class='ocrx_word' id='word_1_812' title='bbox 3354 5544 3525 5596; x_wconf 86' lang='lat' dir='ltr'><strong>virtu-</strong></span> 
     </span>
    </p>
   </div>
   <div class='ocr_carea' id='block_1_111' title="bbox 284 5614 1952 5702">
    <p class='ocr_par' dir='ltr' id='par_1_111' title="bbox 284 5614 1852 5683">
     <span class='ocr_line' id='line_1_112' title="bbox 284 5614 1852 5683; baseline -0.001 -18"><span class='ocrx_word' id='word_1_813' title='bbox 284 5618 394 5682; x_wconf 68' lang='grc' dir='ltr'>γὰρ</span> <span class='ocrx_word' id='word_1_814' title='bbox 419 5615 591 5675; x_wconf 80' lang='grc' dir='ltr'>ἄλλως</span> <span class='ocrx_word' id='word_1_815' title='bbox 617 5616 768 5682; x_wconf 83' lang='grc' dir='ltr'>φιλία</span> <span class='ocrx_word' id='word_1_816' title='bbox 793 5616 870 5682; x_wconf 79' lang='grc' dir='ltr'>τῷ</span> <span class='ocrx_word' id='word_1_817' title='bbox 901 5616 1076 5683; x_wconf 85' lang='grc' dir='ltr'>καιρῷ</span> <span class='ocrx_word' id='word_1_818' title='bbox 1113 5614 1457 5675; x_wconf 83' lang='grc' dir='ltr'>δουλεύουσα,</span> <span class='ocrx_word' id='word_1_819' title='bbox 1489 5614 1724 5682; x_wconf 75' lang='grc' dir='ltr'>ἐμπορία</span> <span class='ocrx_word' id='word_1_820' title='bbox 1751 5631 1852 5674; x_wconf 83' lang='grc' dir='ltr'>τις,</span> 
     </span>
    </p>
   </div>
   <div class='ocr_carea' id='block_1_112' title="bbox 1852 5614 3520 5702">
    <p class='ocr_par' dir='ltr' id='par_1_112' title="bbox 1953 5627 3520 5702">
     <span class='ocr_line' id='line_1_113' title="bbox 1953 5627 3520 5702; baseline 0.005 -25"><span class='ocrx_word' id='word_1_821' title='bbox 1953 5634 2058 5678; x_wconf 89' lang='lat' dir='ltr'><strong>tem</strong></span> <span class='ocrx_word' id='word_1_822' title='bbox 2103 5643 2115 5676; x_wconf 91' lang='lat'>:</span> <span class='ocrx_word' id='word_1_823' title='bbox 2164 5627 2265 5678; x_wconf 85' lang='lat' dir='ltr'><strong>alia</strong></span> <span class='ocrx_word' id='word_1_824' title='bbox 2326 5627 2467 5678; x_wconf 90' lang='lat' dir='ltr'><strong>cnim</strong></span> <span class='ocrx_word' id='word_1_825' title='bbox 2525 5630 2779 5680; x_wconf 65' lang='lat' dir='ltr'><strong>amicitia!</strong></span> <span class='ocrx_word' id='word_1_826' title='bbox 2825 5631 3061 5699; x_wconf 69' lang='lat' dir='ltr'><strong>species,</strong></span> <span class='ocrx_word' id='word_1_827' title='bbox 3122 5648 3244 5698; x_wconf 71' lang='lat' dir='ltr'><strong>qua:</strong></span> <span class='ocrx_word' id='word_1_828' title='bbox 3294 5635 3520 5702; x_wconf 85' lang='lat' dir='ltr'><strong>tempori</strong></span> 
     </span>
    </p>
   </div>
   <div class='ocr_carea' id='block_1_113' title="bbox 283 5705 1951 5791">
    <p class='ocr_par' dir='ltr' id='par_1_113' title="bbox 283 5705 1224 5773">
     <span class='ocr_line' id='line_1_114' title="bbox 283 5705 1224 5773; baseline -0.002 -15"><span class='ocrx_word' id='word_1_829' title='bbox 283 5707 401 5760; x_wconf 82' lang='grc' dir='ltr'>ἀλλ’</span> <span class='ocrx_word' id='word_1_830' title='bbox 435 5707 494 5757; x_wconf 84' lang='grc' dir='ltr'><strong>οὐ</strong></span> <span class='ocrx_word' id='word_1_831' title='bbox 527 5705 709 5770; x_wconf 82' lang='grc' dir='ltr'>φιλία,</span> <span class='ocrx_word' id='word_1_832' title='bbox 742 5707 912 5773; x_wconf 81' lang='grc' dir='ltr'>ταύτῃ</span> <span class='ocrx_word' id='word_1_833' title='bbox 936 5707 1224 5772; x_wconf 65' lang='grc' dir='ltr'>λογίζεται.</span> 
     </span>
    </p>
   </div>
   <div class='ocr_carea' id='block_1_114' title="bbox 1851 5705 3519 5791">
    <p class='ocr_par' dir='ltr' id='par_1_114' title="bbox 1951 5718 3519 5791">
     <span class='ocr_line' id='line_1_115' title="bbox 1951 5718 3519 5791; baseline 0.007 -24"><span class='ocrx_word' id='word_1_834' title='bbox 1951 5718 2134 5778; x_wconf 86' lang='lat' dir='ltr'><strong>servit,</strong></span> <span class='ocrx_word' id='word_1_835' title='bbox 2174 5734 2277 5768; x_wconf 92' lang='lat' dir='ltr'><strong>non</strong></span> <span class='ocrx_word' id='word_1_836' title='bbox 2312 5728 2417 5770; x_wconf 90' lang='lat' dir='ltr'><strong>tam</strong></span> <span class='ocrx_word' id='word_1_837' title='bbox 2460 5720 2718 5780; x_wconf 77' lang='lat' dir='ltr'><strong>amicitia,</strong></span> <span class='ocrx_word' id='word_1_838' title='bbox 2758 5737 2916 5788; x_wconf 85' lang='lat' dir='ltr'><strong>quam</strong></span> <span class='ocrx_word' id='word_1_839' title='bbox 2951 5724 3244 5791; x_wconf 76' lang='lat' dir='ltr'><strong>negotiatio</strong></span> <span class='ocrx_word' id='word_1_840' title='bbox 3274 5725 3519 5791; x_wconf 67' lang='lat' dir='ltr'><strong>qnecdam</strong></span> 
     </span>
    </p>
   </div>
   <div class='ocr_carea' id='block_1_115' title="bbox 1954 5818 2343 5875">
    <p class='ocr_par' dir='ltr' id='par_1_115' title="bbox 1954 5818 2343 5875">
     <span class='ocr_line' id='line_1_116' title="bbox 1954 5818 2343 5875; baseline -0.003 -14"><span class='ocrx_word' id='word_1_841' title='bbox 1954 5825 2073 5861; x_wconf 77' lang='lat' dir='ltr'><strong>esse</strong></span> <span class='ocrx_word' id='word_1_842' title='bbox 2106 5818 2343 5875; x_wconf 88' lang='lat' dir='ltr'><strong>putatur.</strong></span> 
     </span>
    </p>
   </div>
   <div class='ocr_carea' id='block_1_116' title="bbox 674 5887 3227 5962">
    <p class='ocr_par' dir='ltr' id='par_1_116' title="bbox 674 5887 3227 5962">
     <span class='ocr_line' id='line_1_117' title="bbox 674 5887 3227 5962; baseline 0.006 -19"><span class='ocrx_word' id='word_1_843' title='bbox 674 5887 940 5945; x_wconf 74' lang='lat' dir='ltr'><strong>l&#39;ATImI..</strong></span> <span class='ocrx_word' id='word_1_844' title='bbox 976 5888 1092 5944; x_wconf 73' lang='lat' dir='ltr'><strong>lin.</strong></span> <span class='ocrx_word' id='word_1_845' title='bbox 1129 5889 1310 5947; x_wconf 70' lang='lat' dir='ltr'><strong>CVII.</strong></span> <span class='ocrx_word' id='word_1_846' title='bbox 3194 5906 3227 5962; x_wconf 73' lang='grc' dir='ltr'><strong>ὁ</strong></span> 
     </span>
    </p>
   </div>
  </div>
