4224 6444
1997 390 2579 451 PROLEGOMENA.

1163 504 1238 556 De
1267 503 1450 569 opibus
1474 512 1523 553 et
1557 502 1807 553 avaritia.
2299 512 2339 563 Α
2671 501 2805 567 Περὶ

2299 512 2339 563 Α
2671 501 2805 567 Περὶ
2850 502 3118 555 πλούτου
3156 502 3250 557 καὶ
3291 508 3666 572 πλεονεξίας.

769 602 899 667 Quae
918 598 983 652 ad
1002 599 1303 666 augendam
1335 593 1731 663 rempublicam
1757 608 1860 645 con
1871 593 2014 647 fcrrc
2036 601 2264 663 possunt

2440 588 2537 645 ’.Ω-ι
2582 594 2743 646 ἕνεκα
2790 596 2887 662 τὴν
2939 594 3217 648 πολιτείαν
3265 597 3525 666 ύψὼσεις,
3556 601 3765 653 τούτων
3790 603 3950 671 χάριν

692 709 756 748 ea
803 692 1062 763 perlicere
1113 702 1182 742 ne
1224 686 1521 740 cunctcris.
1577 683 1709 738 [lem
1761 694 1940 738 autem
1993 685 2265 752 publicam

2370 688 2541 737 ποιεῖν
2571 686 2645 755 μὴ
2671 684 3181 755 κατόκνει.“⁹Αριστα
3202 688 3258 740 δὲ
3280 688 3341 741 τὸ
3371 689 3610 759 ὑπήκοον
3635 691 3945 757 διασώσεις,

695 785 898 855 optime
956 778 1390 841 administrabis,
1413 777 1456 830 si
1487 777 1735 846 pecunia:
1794 777 2022 847 publica:
2078 790 2267 829 curam

2368 776 2417 827 εἰ
2449 777 2746 845 χρημάτων
2792 774 3066 844 δημοσίων
3116 778 3312 846 κτῆσιν
3356 779 3630 849 ἐπιμελῶς
3679 785 3950 849 ποιήσεις,

696 409 839 450 XXXV
1998 409 2364 450 l'liULl‘aUUi

2277 409 2579 450 iUMl‘JlV/L
2806 416 2811 425 ‘
3788 409 3945 449 κκινι

694 873 1011 942 diligentem
1041 869 1289 933 habebis,
1315 866 1410 922 sed
1439 881 1560 935 qua:
1597 866 1759 935 juStis
1784 867 2088 922 rationibus
2112 867 2268 921 colli-

695 964 864 1032 gitur,
879 978 987 1016 non
1006 978 1069 1015 ex
1088 958 1444 1029 oppressione
1472 967 1568 1010 aut
1600 958 1860 1029 lacrymis
1883 959 2266 1023 subditorum;

696 1055 927 1126 pecunia
948 1052 1091 1107 enim
1127 1052 1173 1105 si
1198 1050 1348 1120 juste
1392 1052 1612 1119 eugitnr
1645 1051 1872 1102 multum
1925 1048 2080 1102 affert
2112 1064 2266 1104 emo-

699 1145 948 1205 lmnenti,
973 1150 1027 1197 et
1056 1156 1260 1197 nervos
1287 1142 1516 1211 imperio
1543 1141 1730 1203 addit;
1758 1140 1853 1194 scd
1886 1154 2007 1208 qua:
2033 1154 2097 1194 ex
2135 1138 2265 1193 sub-

696 1236 934 1288 ditorum
967 1232 1228 1303 lacrymis
1280 1239 1444 1300 atque
1498 1230 1788 1298 iniquitate
1824 1243 2047 1282 corrasa
2084 1229 2267 1289 fuerit,

696 1326 862 1380 etiam
913 1325 1063 1394 juste
1123 1324 1412 1378 collectam
1463 1319 1759 1389 dissipabit
1794 1339 1806 1373 :
1838 1321 2073 1374 attrahet
2124 1320 2266 1373 enim

701 1417 894 1481 Deum,
920 1416 1013 1486 qui
1042 1414 1271 1485 iustitia:
1297 1415 1445 1483 leges
1498 1413 1749 1468 condidit
1771 1413 1839 1467 ad
1884 1411 2268 1465 vindicandam

701 1508 978 1578 injuriam.
1018 1507 1163 1575 Ignis
1194 1519 1321 1560 vero
1348 1521 1458 1560 non
1495 1508 1567 1561 ita
1608 1505 1863 1560 celeriter
1895 1505 2103 1573 paleam
2137 1518 2271 1557 con-

696 1599 885 1663 sumit,
921 1605 980 1653 ut
1009 1595 1152 1651 male
1170 1606 1226 1652 et
1262 1594 1467 1666 injuste
1495 1606 1766 1664 congesta:
1794 1609 1926 1664 opes
1952 1596 2116 1649 etiam
2150 1596 2270 1661 jure

696 1688 984 1758 paratasin
1026 1687 1323 1758 perniciem
1350 1701 1534 1741 secum
1566 1686 1870 1757 abripiunt.

1050 1777 1123 1830 De
1152 1776 1369 1831 leuitate
1398 1786 1445 1831 et
1487 1776 1915 1831 mansuetudine.

2368 865 2503 919 ἀλλά
2531 866 2630 934 τὴν
2660 869 2724 918 ἐκ
2743 866 2967 919 δικαίων
2990 867 3300 936 πορισμῶν,
3322 870 3441 939 οὐχὶ
3466 871 3522 924 δὲ
3550 872 3650 940 τὴν
3679 872 3738 938 ἐξ
3763 873 3950 925 ἀδίκο)

2375 957 2691 1026 συναγωγὴν
2714 997 2730 1021 ,
2780 957 2900 1011 οὐδὲ
2951 957 3050 1029 τὴν
3108 960 3171 1012 ἐκ
3219 959 3470 1030 δακρύων
3529 964 3950 1034 συλλεγομένην.

2372 1039 2644 1118 Χρήματα
2671 1049 2768 1118 μὲν
2792 1050 2921 1121 γὰρ,
2952 1052 3000 1103 εἰ
3047 1052 3144 1121 μὲν
3181 1052 3404 1116 δικαίως
3436 1058 3753 1122 συνάγεται,
3782 1058 3953 1111 πολλά

2371 1141 2461 1191 τὸν
2496 1142 2827 1211 κεκτημένον
2856 1144 3060 1212 ὀνήσει,
3097 1147 3191 1198 καὶ
3241 1146 3393 1217 ἰσχὺς
3427 1149 3494 1218 τῇ
3541 1148 3788 1220 βασιλείᾳ
3816 1167 3953 1220 χρη-

2375 1234 2591 1301 ματίσει
2608 1248 2621 1261 ·
2652 1234 2703 1284 εἰ
2730 1232 2787 1285 δὲ
2817 1232 2877 1298 ἐξ
2895 1231 3106 1297 ἀδικίας
3131 1234 3227 1287 καὶ
3253 1234 3507 1306 δακρύων
3532 1235 3835 1308 πορίζεται,
3860 1239 3953 1291 καὶ

2371 1322 2437 1375 τά
2462 1321 2681 1384 δικαίως
2726 1323 3113 1394 συνειλεγμένα
3141 1323 3473 1393 ἐξαφανίζει,
3519 1328 3614 1381 καὶ
3643 1327 3775 1381 Θεὸν
3805 1330 3952 1381 ἀντί-

2372 1406 2518 1459 δικον
2545 1406 2635 1458 τὸν
2663 1407 2760 1459 τοῦ
2787 1408 2995 1462 δικαίου
3019 1411 3316 1481 νομοθέτην
3335 1414 3656 1469 ἐπισπᾶται.
3677 1416 3787 1484 Οὐχ
3809 1416 3952 1470 οὓτω

2373 1498 2478 1568 γὰρ
2523 1498 2634 1568 πῦρ
2674 1499 2927 1568 ἀφανίζει
2970 1503 3183 1573 χόρτον,
3214 1504 3291 1567 ὼς
3340 1506 3370 1558 ό
3414 1505 3598 1569 κακῶς
3627 1508 3721 1560 καὶ
3751 1508 3951 1571 ἀδίκως

2375 1590 2714 1658 συνηγμένος
2742 1590 2992 1656 πλοῦτος,
3024 1593 3119 1645 καὶ
3142 1594 3233 1646 τὸν
3262 1596 3442 1659 καλῶς
3468 1599 3562 1651 καὶ
3586 1598 3810 1661 δικαίως
3841 1600 3949 1650 ἐπι.

2378 1676 2718 1744 σωρευθέντα
2742 1678 2971 1732 πλοῦτον
2998 1681 3427 1749 προσαπόλλυσι.

2605 1770 2743 1837 Περί
2777 1770 3192 1840 μακροθυμίας
3224 1773 3323 1826 καί
3361 1775 3716 1841 πραότητος.

767 1867 826 1920 In
867 1864 1173 1934 subjectos.
1204 1876 1327 1920 tuos
1385 1879 1450 1918 ne
1501 1865 1837 1919 criminosus
1886 1864 1996 1927 sis;
2045 1862 2270 1916 molesta
2304 1841 2343 1894 Β

2304 1841 2343 1894 Β
2446 1858 2535 1926 Μὴ
2571 1856 2712 1930 ᾖσθα
2746 1861 3011 1927 φιλαίτιος
3059 1865 3116 1915 ὲν
3158 1866 3268 1927 τοῖς
3299 1865 3402 1919 ὑπὸ
3433 1867 3620 1935 χεῖραο
3653 1867 3791 1937 βαρὺ
3821 1871 3945 1940 γάρ·

696 1958 843 2014 enim
867 1972 954 2013 res
982 1966 1068 2014 est
1104 1972 1319 2027 :neque
1352 1958 1406 2011 in
1439 1956 1828 2026 congressibus
1887 1966 2170 2024 promptus
2197 1954 2274 2008 sis

699 2050 766 2104 ad
798 2048 938 2103 alios
964 2049 1339 2117 objurgandos
1364 2066 1379 2114 ;
1409 2047 1603 2104 odiosa
1642 2047 1843 2116 quippe
1880 2062 1970 2101 res
2000 2054 2085 2101 est
2127 2062 2143 2099 :
2181 2060 2274 2099 nc-

698 2152 803 2207 que
836 2137 1007 2192 risum
1037 2136 1397 2193 immoderate
1416 2137 1651 2193 ell'usum
1686 2150 1809 2191 ama
1838 2152 1855 2202 ;
1897 2136 2037 2190 male
2067 2136 2263 2190 morati

697 2230 937 2286 hominis
960 2236 1047 2283 est
1076 2245 1091 2282 :
1125 2228 1221 2283 sed
1251 2229 1390 2284 leuis
1426 2238 1547 2284 esto
1581 2229 1636 2283 in
1659 2242 1755 2282 eos
1786 2228 1881 2297 qui
1916 2225 2269 2291 offenderint,

696 2323 942 2378 clemens
968 2322 1021 2377 in
1063 2321 1524 2391 castigationibus
1554 2320 1906 2382 delictorum,
1949 2320 2132 2390 gravis
2157 2335 2273 2373 mo-

697 2414 874 2478 ribus,
907 2412 1057 2466 mitis
1108 2425 1385 2477 sermone,
1448 2411 1628 2466 facilis
1662 2412 1837 2473 aditu,
1871 2411 2106 2465 affabilis
2146 2425 2276 2464 con-

696 2518 938 2574 gressu:
975 2503 1092 2558 hate
1121 2501 1270 2556 enim
1330 2502 1513 2557 omnia
1570 2503 1896 2572 populorum
1950 2502 2277 2556 benevolen-

698 2595 829 2648 tiam
877 2592 976 2647 tibi
1037 2591 1457 2655 conciliabunt,
1497 2592 1590 2661 qui
1646 2600 1931 2661 propterea
1995 2598 2201 2659 patrem
2227 2599 2278 2643 te

700 2682 882 2750 potius
907 2696 1074 2752 quam
1110 2682 1499 2750 imperatorem
1526 2682 1901 2751 appellabunt.

1125 2769 1200 2823 De
1231 2771 1450 2824 veritate
1477 2780 1524 2823 et
1559 2770 1854 2825 mendacio.

769 2857 991 2913 Maximi
1022 2858 1243 2929 pendito
1280 2868 1333 2911 et
1359 2872 1610 2912 veracem
1660 2874 1784 2913 esse
1832 2856 1885 2911 in
1922 2873 2200 2920 sermone,
2227 2867 2279 2912 ct

701 2965 928 3006 veraces
977 2950 1226 3004 homines
1257 2950 1312 3003 in
1338 2948 1768 3003 familiaritatem
1824 2949 2117 3003 admittere
2159 2966 2171 3002 :
2207 2950 2278 3002 ita

2380 1946 2512 2015 μηδὲ
2566 1948 2795 2020 ἑτοίμως
2842 1951 3107 2020 ἐπιτιμῶν
3155 1956 3213 2005 ἐν
3245 1956 3362 2016 ταῖς
3389 1955 3755 2023 ἀναστροφαῖς
3776 1973 3788 1986 ο
3821 1976 3956 2028 φορ-

2376 2039 2525 2092 τικὸν
2555 2041 2680 2110 γάρ’
2734 2041 2868 2112 μηδὲ
2896 2043 3105 2111 γέλωτα
3128 2046 3343 2117 ἀκρατῆ
3377 2046 3570 2116 στέργε
3591 2064 3605 2079 ο
3630 2049 3955 2103 ἀπαίδευτον

2379 2132 2507 2202 γάρ’
2543 2133 2680 2186 ἀλλά
2720 2132 2813 2186 ἔσο
2859 2136 3209 2206 μακρόθυμος
3249 2137 3347 2206 μὲν
3395 2138 3487 2190 ἐπὶ
3529 2141 3643 2202 τοῖς
3676 2141 3952 2203 πταίουσι,

2379 2222 2754 2292 φιλάνθρωπος
2795 2223 2852 2277 δέ
2882 2226 2941 2277 ἐν
2978 2228 3093 2289 τοῖς
3124 2227 3451 2295 ἐπιτιμίοις,
3485 2229 3679 2299 σεμνὸς
3710 2229 3773 2282 τὸ
3803 2226 3956 2299 ἦθος.

2383 2315 2555 2383 πρᾶος
2589 2314 2683 2366 τὸν
2718 2314 2895 2383 λόγον,
2923 2318 3129 2386 ἥμερος
3164 2318 3219 2370 δὲ
3246 2320 3340 2371 καὶ
3369 2320 3682 2389 ὁμιλητικὸς
3716 2321 3806 2372 τὸν
3833 2322 3962 2393 τρό-

2379 2420 2478 2455 πον
2498 2421 2510 2435 ο
2545 2404 2719 2457 ταῦτα
2745 2406 2855 2476 γὰρ
2882 2407 3098 2460 ᾶπαντα
3125 2408 3357 2479 ποθητόν
3388 2426 3445 2461 σε
3472 2410 3689 2479 ποιήσει
3719 2412 3830 2473 τοῖς
3855 2411 3961 2462 ὑπὸ

2380 2496 2555 2564 χεῖρα,
2589 2497 2683 2547 καὶ
2714 2497 2926 2566 πατέρα
2958 2498 3158 2566 μᾶλλον
3188 2499 3221 2567 ἢ
3253 2500 3475 2568 βασιλέα
3521 2500 3805 2553 καλεῖσθαι
3853 2520 3961 2554 πα·

2387 2586 2742 2652 ρασκευάσει.

2733 2764 2869 2830 Περὶ
2894 2765 3181 2832 ἀληθείας
3193 2767 3293 2820 καί
3314 2768 3603 2837 ψεύδους.

2463 2854 2661 2926 ’Λληθῆ
2702 2857 2858 2925 λόγον
2890 2858 3032 2928 ἔχειν
3070 2862 3198 2931 περὶ
3226 2862 3480 2915 πλείστου
3509 2861 3687 2922 ποιοῦ,
3726 2862 3823 2915 καὶ
3864 2862 3965 2915 αύ-

2380 2946 2471 3008 τὸς
2514 2946 2677 3017 ἔχειν,
2728 2949 2822 3001 καὶ
2874 2951 3092 3019 ἑτέρους
3148 2953 3273 3017 τοὺς
3326 2953 3548 3023 ἔχοντας
3603 2952 3958 3007 οἰκειοῦσθαι.

698 3044 847 3099 enim
905 3041 1094 3097 firmus
1154 3049 1209 3094 ct
1259 3047 1522 3097 constans
1565 3041 1619 3094 in
1651 3041 1911 3098 omnibus
1942 3051 1996 3096 et
2031 3040 2193 3096 factis
2228 3050 2282 3095 ct

2384 3037 2541 3091 Οὕτω
2566 3043 2675 3109 γαρ
2708 3040 2924 3109 βέϐαιός
2948 3059 3009 3094 τε
3039 3037 3180 3097 εἶναι
3236 3043 3409 3109 δόξεις
3438 3045 3577 3113 πρὸς
3606 3044 3822 3099 ἅπαντά
3866 3061 3962 3097 σου

699 3134 865 3189 dictis
918 3131 1347 3194 exlstimaberis,
1378 3142 1433 3185 et
1485 3146 1667 3186 veram
1696 3148 1760 3187 ac
1806 3148 1910 3186 non
1966 3142 2274 3201 suspectam
2305 3169 2348 3228 C

2305 3169 2348 3228 Ο
2384 3130 2452 3181 τὰ
2483 3131 2755 3201 λεγόμενα
2809 3134 2903 3186 καὶ
2956 3134 3326 3203 πραττόμενα,
3358 3133 3454 3187 καὶ
3508 3135 3818 3189 ἀνύποπτον
3866 3136 3963 3188 καὶ

701 3234 921 3278 tuorum
953 3223 1005 3276 in
1040 3230 1095 3276 te
1143 3222 1578 3277 benevolentiam
1644 3222 1930 3277 retinebis.
1985 3221 2041 3276 Si
2096 3231 2275 3276 autem
2313 3221 2347 3228 '

2313 3221 2347 3228 ⁷
2384 3221 2610 3289 βεϐαίαν
2638 3222 2737 3294 τὴν
2761 3225 2840 3288 είς
2875 3225 2933 3278 at
2964 3226 3149 3295 φιλίαν
3172 3226 3280 3279 τῶν
3310 3227 3568 3296 ὑπηκόων
3591 3226 3961 3297 διαφυλάξεις.

700 3316 960 3369 vanitatis
987 3325 1043 3369 et
1065 3316 1338 3370 mendacii
1370 3317 1423 3369 in
1463 3315 1838 3385 suspicionem
1874 3316 2115 3379 veneris,
2142 3316 2281 3369 indi-

701 3422 807 3477 gna
840 3408 1023 3461 facere
1056 3406 1411 3475 imperatoria
1461 3406 1749 3474 majestate
1821 3420 1926 3475 qua
1964 3416 2162 3460 auctus
2197 3422 2279 3469 es,

702 3496 1071 3559 convinceris,
1120 3496 1429 3565 elliciesque
1458 3504 1516 3549 ut
1540 3495 1770 3565 subjecti
1808 3495 2173 3559 formidolosi,
2217 3513 2279 3549 ac

704 3600 887 3640 rerum
915 3585 1161 3639 omnium
1197 3585 1392 3638 incerti
1425 3583 1573 3648 sint;
1608 3594 1871 3652 quantum
1924 3585 2066 3637 enim
2120 3600 2279 3637 verax

702 3675 880 3728 oratio
905 3673 1189 3726 amabilem
1219 3672 1494 3727 hominem
1524 3672 1723 3736 reddit,
1759 3678 1972 3724 tantum
2002 3670 2276 3724 mendacii

703 3765 1066 3833 deprehensa,
1116 3765 1402 3817 autetiam
1457 3771 1736 3831 suspecta,
1783 3761 2055 3823 odiosum,
2090 3762 2184 3830 qui
2220 3777 2280 3813 ea

712 3855 885 3908 utitur
908 3854 1057 3907 facit.

1222 4024 1300 4078 De
1338 4024 1764 4094 magistratibus.

780 4117 1273 4173 Prmstantissimus
1319 4115 1655 4171 medicorum
1691 4113 1783 4170 ille
1807 4123 1913 4181 cst,
1950 4115 2043 4186 qui
2076 4115 2283 4171 morbis

708 4208 986 4279 appositas
1023 4207 1288 4262 adbibere
1333 4205 1486 4261 novit
1534 4205 1852 4262 curationes
1880 4214 1968 4261 :et
1998 4222 2093 4262 rex
2144 4208 2283 4278 opti-

708 4314 852 4362 mus,
884 4298 1092 4369 quieos
1129 4297 1370 4352 instituit
1402 4297 1759 4366 magistratus
1786 4334 1803 4362 ,
1838 4298 1932 4367 qui
1958 4312 1987 4350 a
2020 4298 2284 4366 subjectis

2384 3315 2445 3367 Εί
2503 3313 2612 3385 γὰρ
2643 3315 2865 3385 ψευδέσι
2893 3315 3075 3384 λόγοις
3103 3317 3339 3389 χρῆσθαι
3390 3318 3815 3389 ὑποπτευθείης,
3859 3319 3965 3373 κᾶν

2386 3400 2686 3467 βασιλεύειν
2740 3402 3105 3475 κατηξιώθης,
3167 3406 3283 3458 ἀλλ’
3334 3407 3529 3473 ἀνάξια
3557 3410 3653 3480 τῆς
3701 3409 3965 3482 τοιαύτης

2384 3492 2539 3555 ἀξίας
2567 3493 3029 3564 διαπραττόμενος
3054 3497 3353 3565 ἐλεγχθεὶς,
3398 3500 3491 3552 καὶ
3519 3501 3789 3571 περιδεεῖς
3833 3503 3963 3564 τοὺς

2385 3584 2487 3637 ὑπὸ
2512 3586 2670 3655 χεῖρα
2718 3587 2813 3638 καὶ
2839 3589 3279 3657 τεταραγμένους
3311 3607 3393 3643 σοι
3436 3592 3646 3655 πάντας
3675 3588 3814 3646 εἶναι
3851 3609 3961 3645 πα-

2386 3676 2770 3745 ρασκευάσεις.
2800 3678 2966 3731 Ὅσον
3000 3680 3109 3750 γὰρ
3167 3681 3196 3732 ό
3245 3680 3344 3749 τῆς
3391 3681 3649 3751 ἀληθείας
3680 3683 3838 3751 λόγος
3870 3684 3962 3737 τὸν

2384 3769 2723 3838 κεκτημένον
2751 3769 2920 3841 ἄνδρα
2954 3771 3188 3842 ποθητὸν
3217 3772 3610 3842 ἀπεργάζεται,
3650 3774 3903 3829 τοσοῦτον
3933 3778 3963 3827 ό

2381 3858 2582 3929 ψευδής
2596 3876 2656 3913 τε
2685 3861 2779 3914 καὶ
2800 3860 3003 3929 ὕφαλος
3026 3863 3116 3914 τὸν
3139 3863 3526 3932 ἐπιτηδεύοντα
3548 3866 3823 3933 μισεῖσθαι
3849 3882 3958 3921 πα·

2389 3950 2687 4018 ρασκευάζε
2698 3968 2732 4001 ι.

2968 4044 3110 4112 Περὶ
3145 4045 3358 4115 ἀρχῆς·

2466 4131 2674 4203 Ἰατρὸς
2703 4133 2910 4201 ἐκεῖνός
2926 4133 3077 4187 ἐστιν
3105 4134 3334 4206 ἀληθὴς,
3361 4136 3420 4200 ὃς
3441 4137 3811 4208 καταλλήλους
3848 4141 3959 4201 τοῖς

2383 4222 2654 4291 νοσήμασι
2675 4224 2775 4286 τὰς
2815 4224 3056 4293 ίατρείας
3090 4226 3404 4297 ἐπιτίθησι·
3436 4228 3530 4282 καὶ
3550 4228 3803 4298 βασιλεὺς
3818 4229 3961 4281 ἐκεῖ·

2384 4311 2473 4374 νός
2498 4313 2646 4366 ἐστιν
2665 4313 2892 4381 ἀγαθὸς,
2923 4314 2984 4378 ὃς
3012 4316 3386 4387 ἀδικουμινων
3404 4318 3514 4373 τῶν
3541 4320 3801 4390 ὑπηκόων
3834 4323 3962 4383 τοὺς

706 4403 924 4444 omnem
952 4388 1204 4458 injuriam
1225 4402 1415 4455 arcere
1448 4401 1510 4441 ac
1533 4386 1855 4457 propulsare
1872 4397 2097 4457 queant.
2131 4386 2285 4443 Sicut

2387 4401 2488 4464 τὰς
2510 4402 2722 4465 ἀδικίας
2744 4404 3106 4470 ἐκδιώξαντας
3151 4386 3516 4479 προϐάλλεται
3562 4386 3960 4482 ἄρχοντας.”ίις

711 4479 860 4534 enim
906 4479 1195 4549 equisonis
1253 4479 1431 4533 virtus
1479 4479 1702 4549 propria
1736 4486 1821 4532 est
1846 4480 1970 4548 equi
2021 4479 2287 4549 cujusque
2320 4499 2363 4555 υ

2320 4499 2363 4555 ι)
2391 4493 2499 4562 γὰρ
2530 4493 2836 4563 ἱπποκόμου
2866 4495 2964 4566 μὲν
2993 4496 3144 4563 ίδιον,
3172 4499 3234 4552 τὸ
3259 4500 3368 4554 τῶν
3399 4501 3582 4556 ἵππων
3604 4479 3845 4557 tidem
3861 4505 3961 4574 τὴν

709 4585 874 4627 nosse
949 4570 1324 4640 praestantiam
1378 4586 1394 4636 ;
1453 4576 1509 4625 et
1579 4577 1904 4625 venatorum
1980 4570 2283 4642 intelligere

707 4670 976 4733 quantum
1020 4663 1257 4733 quisque
1304 4675 1505 4716 cauum
1562 4675 1729 4718 cursu
1774 4663 1953 4718 valeat
2001 4663 2067 4719 ad
2102 4679 2283 4734 perse-

707 4752 959 4822 quendas
981 4752 1149 4816 feras,
1185 4766 1251 4808 ac
1282 4752 1637 4824 imperatoris
1670 4754 1875 4809 milites
1922 4768 2053 4811 suos
2074 4770 2281 4826 ceguo-

715 4859 899 4910 scere,
926 4851 981 4899 et
1008 4859 1114 4915 qua
1167 4844 1403 4914 quisque
1456 4860 1648 4901 eorum
1672 4844 1991 4901 fortitudine
2037 4847 2129 4912 sit,
2162 4864 2283 4918 per.

710 4944 954 5005 spectum
1010 4935 1219 4991 habere
1253 4944 1315 4990 ut
1339 4950 1503 5006 quam
1563 4936 1771 5005 optime
1806 4936 1979 4992 aciem
2015 4939 2285 4996 instruere

709 5029 890 5083 valeat
925 5027 1039 5082 :ita
1100 5026 1231 5082 boni
1292 5028 1441 5097 regis
1479 5036 1564 5083 est
1597 5027 2015 5097 magistratuum
2057 5045 2283 5086 suorum

710 5132 916 5183 mores,
937 5117 1172 5183 animos,
1189 5125 1345 5172 actus
1366 5125 1420 5173 et
1441 5118 1745 5173 sententias
1768 5119 2098 5186 perdiscere,
2131 5129 2187 5173 ut
2216 5119 2285 5175 de

711 5206 943 5277 singulis
995 5207 1226 5265 edoctus
1289 5223 1736 5278 unumquemque
1767 5209 1909 5263 sciat
1964 5225 2066 5265 suo
2092 5211 2285 5267 ordine

710 5297 1023 5366 disponere,
1057 5310 1123 5351 ac
1157 5310 1353 5366 pravos
1406 5297 1626 5367 quidem
1660 5312 1723 5351 ac
1750 5298 2071 5367 pestilentes
2113 5301 2284 5356 homi-

714 5401 810 5443 nes
864 5400 895 5440 a
954 5386 1237 5454 republica
1309 5395 1561 5443 extorres
1626 5387 1861 5457 ejicere,
1923 5391 2123 5459 probos
2191 5407 2285 5446 au-

710 5485 818 5532 tem
848 5486 904 5533 et
932 5477 1155 5532 virtutis
1209 5486 1455 5533 amantes
1502 5478 1740 5548 publicis
1788 5480 2093 5538 honoribus
2124 5483 2286 5539 deco-

712 5583 853 5625 rare.

1066 5661 1140 5716 De
1169 5663 1392 5718 comitio
1422 5674 1471 5720 et
1492 5666 1933 5721 consideratione.

782 5749 916 5807 Esse
946 5752 1053 5807 sibi
1099 5756 1534 5812 consentientem
1592 5756 1829 5814 hominis
1880 5768 1964 5815 est
2019 5760 2200 5829 gravis
2233 5768 2285 5815 et

2383 4582 2583 4653 ἀρετὴν
2610 4582 3012 4652 ἐπιγινώσκειν,
3050 4588 3351 4659 κυνηγέτου
3382 4591 3439 4646 δὲ
3468 4593 3531 4645 τὸ
3576 4595 3704 4658 τοὺς
3733 4595 3963 4648 διώκον-

2381 4689 2482 4735 τας
2526 4672 2636 4727 τῶν
2664 4674 2841 4730 κυνῶν
2870 4678 3049 4741 καλῶς
3082 4680 3494 4749 ἐξεπίστασθαι,
3524 4684 3620 4738 καὶ
3651 4685 3962 4756 στρατηγοῦ

2381 4764 2439 4817 δὲ
2463 4764 2525 4817 τὸ
2546 4765 2672 4829 τοὺς
2710 4769 3048 4838 στρατιώτας
3072 4772 3382 4843 γνωρίζειν,
3414 4776 3593 4828 ὁποῖοι
3613 4777 3713 4839 τάς
3758 4778 3961 4848 ἀρετὰς

2385 4853 2722 4924 ὑπάρχουσιν
2747 4856 2999 4925 ἕκαστος,
3025 4861 3090 4913 ἵν’
3118 4864 3176 4914 ἐν
3204 4864 3508 4934 παρατάξει
3528 4865 3591 4919 τὸ
3619 4865 3839 4936 ἄριστον
3861 4868 3962 4937 τῆς

2382 4946 2659 5011 ἐκτάξεως
2685 4948 2817 5021 ἔχῃθ
2845 4950 2989 5005 οὔτω
3049 4955 3144 5007 καὶ
3195 4954 3464 5023 βασιλέως
3521 4958 3753 5026 ἀγαθοῦ,
3794 4959 3859 5013 τὸ
3892 4960 3960 5014 τά

2383 5039 2487 5108 ἦθη
2523 5041 2617 5093 καὶ
2660 5043 2787 5105 τοὺς
2834 5044 3070 5114 τρόπους
3096 5048 3313 5111 καὶτὰς
3356 5049 3559 5121 ἀρετάς
3596 5052 3690 5104 καὶ
3735 5052 3959 5123 γνώμας

2382 5128 2491 5181 τῶν
2522 5129 2611 5182 ὐπ’
2648 5132 2812 5185 αὑτὸν
2855 5134 3133 5205 ἀρχόντων
3161 5138 3586 5208 ἀναμανθάνειν,
3636 5141 3701 5195 ἵν’
3730 5144 3956 5214 ἐπιστη-

2387 5220 2562 5288 μόνως
2588 5221 2683 5292 ἔχῃ
2715 5224 2846 5294 περὶ
2895 5225 3151 5290 ἑκάστου,
3184 5229 3279 5281 κα)⁸
3310 5230 3662 5302 καταλλήλως
3692 5234 3784 5286 τὸν
3833 5235 3959 5287 καθ’

2384 5310 2481 5364 ἕνα
2510 5316 2577 5384 τῇ
2622 5315 2976 5387 προσηκούσῃ
3003 5318 3154 5385 τάξει
3182 5320 3513 5374 διατάττεινυ
3579 5323 3674 5375 κα)⁹
3707 5326 3832 5387 τοὺς
3863 5326 3961 5394 μὲν

2385 5396 2605 5467 λοιμοὺς
2648 5404 2744 5469 τῆς
2773 5403 3049 5466 πολιτείας
3101 5406 3391 5476 ἐξορίζειν,
3422 5412 3549 5473 τοὺς
3604 5411 3846 5476 εὐσεϐεῖς
3903 5414 3958 5466 δὲ

2385 5490 2478 5541 καὶ
2507 5491 2793 5561 ἐναρέτους
2850 5496 2948 5557 τὰς
3006 5498 3295 5562 πολιτικὰς
3319 5500 3494 5570 ἀρχάς
3523 5501 3748 5556 διοικεῖν
3793 5520 3961 5557 κατα-

2388 5596 2687 5634 πιστεύειν.

2738 5676 2876 5744 Περὶ
2912 5677 3150 5746 ,ϐουλῆς
3188 5681 3285 5734 καί
3311 5682 3608 5750 σκέψεως.

2464 5762 2677 5833 Ὥσπερ
2708 5766 2768 5817 τὸ
2789 5767 2967 5835 ἐαυτῷ
2994 5774 3303 5837 συμφωνεῖν
3328 5771 3571 5843 ἔμφρονα
3620 5775 3712 5827 καὶ
3746 5776 3960 5829 ἐπαινε-
