4224 6444
235 465 429 504 XXXV"

1003 454 1284 516 RASILH
1317 459 1472 517 IMP.
1509 459 1946 519 PARFENESIS
1977 464 2072 521 AD
2112 465 2415 524 LEONEM
2462 468 2751 527 FILIUM.

3275 491 3478 533 XIXVHI

226 567 317 617 τὸν
340 567 432 619 τὸν
453 565 618 636 ἄνδρα
661 568 1071 636 χαρακτηρίζει,
1123 570 1266 620 οὕτω
1296 573 1354 621 τὸ
1411 577 1524 632 τοῖς
1583 573 1798 632 οῗκεῖοις
1831 582 1872 632 Λ

1831 582 1872 632 Λ
1905 577 2113 629 eordati
2148 596 2160 631 :
2198 581 2653 646 quemadmodum
2687 596 2925 650 pugnare
2950 598 3132 636 secum
3159 585 3383 643 dictiset
3410 593 3476 644 l'a-

223 655 588 723 διαμάχεσθαι
619 659 712 708 καὶ
729 656 904 722 λόγοις
928 659 1020 709 καὶ
1048 659 1336 726 πράγμασι
1360 660 1557 726 ψεκτόν
1591 678 1640 712 τι
1678 680 1805 730 χρη-

228 747 447 812 ματίζει
480 751 572 800 καὶ
606 749 818 815 ἁγενὲς,
839 750 932 800 καὶ
955 750 1053 801 οὑκ
1083 751 1292 819 ἀγαθῆς
1320 753 1634 821 ὑπολήψεως
1662 755 1806 803 ἐστιν

224 838 398 905 ἐγγύς
425 839 606 909 ’Ἀπερ
624 836 766 909 οὖνῆ
794 841 1024 912 λέγεινῆ
1046 844 1304 910 πράττειν
1323 844 1520 912 βούλει,
1543 845 1806 912 μηδέποτε

223 930 652 997 ἀπερισκέπτως
688 933 957 1002 προϐάλῃ,
987 936 1080 985 καὶ
1139 934 1375 1004 οὐδαμοῦ
1436 935 1647 1004 σεαυτῷ
1688 937 1804 988 δια-

227 1019 544 1088 μαχόμενος
573 1022 884 1091 φωραθείης
920 1039 934 1054 ο
974 1024 1095 1093 ῥίζα
1138 1025 1236 1093 μὲν
1262 1027 1370 1093 γὰρ
1423 1026 1518 1077 τοῦ
1565 1027 1806 1079 τοιούτου

223 1107 436 1170 πάθους
476 1111 509 1178 η
535 1109 761 1163 ἀϐουλία
787 1129 800 1141 ο
832 1115 877 1163 εί
905 1113 961 1164 δὲ
990 1113 1124 1181 μετὰ
1157 1113 1349 1183 βουλῆς
1390 1116 1602 1169 ἅπαντα
1630 1119 1808 1187 πράτ-

222 1215 361 1262 τεις,
419 1200 519 1270 τὴν
554 1200 711 1271 ῥίζαν
763 1205 1141 1273 προεκτεμὼν,
1173 1206 1425 1258 οὐδέποτε
1465 1209 1674 1279 σεαυτῷ
1706 1227 1804 1279 μα-

225 1289 460 1359 χόμενος
490 1292 794 1363 εὑρεθείης.

781 1387 918 1452 Περὶ
960 1386 1262 1454 εὐνομίας.

296 1473 483 1543 Νόμον
506 1476 752 1544 ἄγραφον
780 1477 870 1529 τὸν
902 1478 1132 1530 σεαυτοῦ
1161 1481 1363 1548 τρόπον
1393 1484 1504 1543 τοῖς
1535 1483 1800 1548 ὑπηκόοις

225 1565 523 1632 παρέξεις,
552 1568 645 1617 καὶ
679 1566 778 1635 τὴν
816 1569 1038 1638 μνήμην
1076 1570 1308 1639 άληστον
1362 1573 1459 1640 τῆς
1512 1573 1609 1640 σῆς
1657 1572 1806 1638 βασι·

224 1656 378 1717 λείας
407 1656 759 1726 διατηρήσεις
781 1699 795 1720 ,
826 1657 922 1710 ὲάν
957 1662 1048 1712 καὶ
1074 1662 1236 1723 αὐτὸς
1265 1665 1376 1722 τοῖς
1410 1663 1589 1723 καλῶς
1619 1666 1804 1732 κειμέ-

221 1762 339 1809 νοις
375 1748 561 1816 νόμοις
589 1749 698 1801 τῶν
729 1749 836 1819 πρὸ
874 1749 969 1802 σοὖ
1006 1751 1269 1818 βασιλέων
1303 1755 1803 1824 συνακολουθήσεις,

223 1839 319 1889 καὶ
353 1839 576 1899 τούτους
604 1840 993 1908 άπαραδάτους
1026 1843 1406 1896 πολιτεύεσθαι
1436 1845 1803 1916 διατηρήσεις.

1910 671 2012 720 ‹·ιὶς
2037 670 2270 722 hominis
2298 680 2379 722 est
2404 673 2534 726 levis
2559 675 2816 740 omnique
2840 677 3261 737 reprehensione
3288 682 3472 751 digiti;

1910 776 1972 811 ac
1999 763 2145 827 pravi
2167 762 2358 830 judicii
2387 775 2759 831 arguun-ntum
2779 776 2880 819 est.
2901 767 3029 832 Quzc
3044 786 3173 839 ergo
3190 783 3279 826 aut
3296 773 3478 829 dicere

1909 861 2001 903 aut
2035 853 2578 906 l'aceremeditaheris
2610 871 2740 907 cave
2764 874 2828 908 ne
2863 859 3170 912 inconsulte
3200 863 3472 930 proferas,

1911 955 1976 992 ne
2033 943 2239 1009 uspiam
2291 942 2473 995 minus
2528 945 2622 995 tibi
2674 955 2928 998 constare
2980 949 3409 1013 dcprchendaris
3459 973 3471 1006 :

1910 1033 2072 1098 hujus
2097 1033 2237 1085 enim
2267 1034 2396 1086 mali
2439 1035 2589 1086 radix
2625 1047 2707 1086 cst
2733 1038 3037 1092 inconsulta
3063 1041 3348 1095 temeritas
3377 1060 3390 1095 :
3427 1044 3472 1096 si

1909 1130 2086 1174 autem
2118 1124 2365 1175 consulto
2390 1124 2573 1176 omnia
2601 1123 2816 1186 feceris,
2855 1128 3093 1180 radicem
3154 1130 3300 1182 illam
3349 1148 3473 1185 cum

1910 1214 2240 1280 prrecideris,
2310 1229 2590 1282 nunquam
2629 1229 2657 1266 a
2689 1224 2740 1268 te
2770 1215 3035 1272 dissidere
3086 1221 3468 1289 comperieris.

2191 1389 2265 1442 De
2297 1391 2551 1442 bonarum
2589 1392 2755 1459 legum
2811 1395 3187 1447 observatione.

1981 1481 2172 1547 Legem
2211 1497 2316 1533 non
2370 1484 2627 1549 scriptam
2663 1499 2839 1536 mores
2889 1487 2968 1537 tui
3005 1487 3244 1541 subditis
3277 1504 3474 1556 reprae-

1915 1579 2121 1622 sentem
2150 1587 2163 1632 ;
2201 1571 2271 1620 ita
2338 1570 2695 1622 inunortalem
2727 1575 2874 1640 regni
2930 1575 3005 1626 lui
3039 1578 3354 1631 memoriam
3387 1595 3474 1631 re-

1909 1663 2146 1728 linques,
2171 1659 2214 1714 si
2235 1671 2285 1711 et
2306 1662 2420 1728 ipse
2441 1663 2597 1714 bonis
2618 1661 2824 1728 legibus
2840 1667 3239 1731 prmdeccssoru
3251 1684 3298 1720 ιιι
3314 1670 3474 1723 obse-

1911 1749 2120 1816 quaris,
2154 1759 2206 1801 et
2248 1749 2299 1799 in
2341 1750 2813 1804 administratione
2855 1754 3161 1820 reipublicae
3199 1771 3292 1809 eas
3332 1773 3470 1810 nun-

1908 1854 2072 1908 quam
2106 1841 2568 1907 praetergrediaris
2602 1861 2613 1894 :
2649 1852 2701 1894 et
2742 1857 2864 1911 qua!
2898 1844 3148 1898 subditos
3178 1847 3472 1901 observare

228 1932 294 1982 Ἀ
331 1931 441 1999 γὰρ
465 1931 591 1993 τοὺς
625 1932 726 1983 ὑπὸ
749 1935 908 2000 χεῖρα
941 1933 1228 2001 φυλάττειν
1258 1936 1608 2002 ἀναγκάσεις,
1628 1935 1799 1987 ταῦτα
1833 1936 1877 1995 Β

1833 1936 1877 1995 Β
1906 1945 2084 1999 coges,
2109 1932 2222 2000 ipse
2238 1932 2407 1983 multo
2427 1933 2596 2001 magis
2610 1948 2670 1984 ea
2689 1936 2937 1987 servandi
2965 1936 3059 1989 tibi
3085 1938 3467 1994 necessitatem

222 2022 406 2091 πολλῷ
441 2023 642 2092 μᾶλλον
670 2027 858 2093 τηρεῖν
889 2026 1099 2093 σεαυτῷ
1149 2028 1248 2096 τὴν
1299 2030 1544 2097 ἀνάγκην
1591 2029 1796 2090 ἐπίθες.

224 2114 286 2166 El
317 2116 426 2183 γάρ
457 2115 618 2177 αὐτὸς
649 2117 756 2166 τῶν
789 2117 893 2185 πρὸ
926 2116 1020 2168 σοῦ
1043 2121 1152 2179 τοῖς
1180 2120 1364 2187 νόμοις
1397 2121 1456 2171 οὐ
1487 2121 1798 2190 πολιτεύσῃ,

221 2206 342 2258 οὑδὲ
391 2209 504 2268 τοῖς
554 2209 663 2270 σοῖς
698 2208 873 2276 ἕτεροι
907 2208 1274 2278 θεσπίσμασιν
1308 2212 1555 2279 ἕψονταιο
1588 2215 1679 2264 καὶ.
1711 2214 1800 2265 οὖ-

218 2314 329 2358 τως
376 2299 426 2348 οἱ
477 2299 631 2365 νόμοι
673 2299 764 2350 ὑπ’
790 2299 1036 2368 ἀλλήλων
1071 2303 1528 2370 ἀνατρεπόμενοι,
1559 2305 1801 2373 ταραχῆς

221 2388 317 2438 καὶ
377 2388 691 2456 συγχύσεως
739 2391 828 2443 τὸν
888 2391 1000 2460 βίον
1058 2391 1177 2443 ὃλον
1219 2393 1572 2462 ἑμπλήσουσι,
1626 2397 1693 2448 δι’
1725 2392 1801 2448 ὧν

219 2478 486 2542 πολλάκις
515 2480 786 2549 ὁλόκληρα
818 2481 944 2551 ἔθνη
981 2483 1116 2553 πρὸς
1147 2486 1528 2554 καταστροφὴν
1570 2487 1800 2538 κατωλξ·

220 2571 451 2640 senm.

665 2665 802 2733 Περὶ
842 2665 1072 2717 σκαιῶν
1109 2665 1363 2732 ἀνδρῶν.

291 2757 527 2824 Λωμοὺς
556 2756 760 2824 ἄνδρας
806 2756 910 2825 τῆς
938 2756 1212 2818 πολιτείας
1243 2757 1473 2824 ὲξόριζε,
1509 2761 1603 2810 καὶ
1638 2761 1799 2827 μηδέ-

219 2863 352 2899 ποτε
379 2849 492 2910 τοῖς
512 2845 776 2908 τοιούτοις
800 2845 977 2915 ἀρχὴν
1003 2845 1466 2917 καταπιστεύσῃς,
1493 2846 1576 2900 ἵνα
1614 2849 1686 2918 μὴ
1709 2851 1800 2900 καὶ

219 2937 385 2999 αὑτδς
431 2939 614 3006 ὅμοιος
661 2936 890 2998 ἐκείνοις
940 2931 1079 2988 εἶναι
1124 2937 1301 3005 δόξῃς,
1335 2938 1428 2989 καὶ
1473 2937 1677 3006 χαίρων
1709 2939 1801 2990 ἐπὶ

217 3029 340 3091 ταῖς
393 3027 620 3080 ἐκείνων
667 3026 939 3088 ἀδικίαιςο
993 3027 1028 3079 ἂ
1063 3026 1172 3096 γὰρ
1207 3027 1273 3078 ἂν
1304 3027 1499 3078 ἐκεῖνοι
1552 3028 1800 3096 πράξωσι

219 3120 391 3183 κακὰ,
420 3121 504 3171 σοὶ
535 3120 739 3171 τούτων
791 3119 889 3180 τὰς
939 3118 1118 3179 αίτίας
1171 3116 1526 3186 ἀναθήσουσι,
1557 3120 1651 3169 καὶ
1700 3119 1801 3184 τῆς

220 3212 447 3263 ἐκείνων
489 3209 699 3278 φαύλης
740 3207 967 3278 γνώμης
1005 3209 1259 3259 κοινωνόν
1291 3224 1349 3259 σε
1377 3208 1673 3276 νομίσουσι,
1707 3210 1800 3261 καὶ

221 3303 376 3369 λόγον
405 3302 619 3369 ὑφέξεις
648 3299 774 3369 περὶ
797 3299 976 3351 αὑτῶν
1002 3299 1079 3368 τῷ
1108 3298 1245 3368 Θεῷ.
1293 3298 1354 3350 Ἡ
1381 3299 1487 3366 γάρ
1517 3299 1624 3352 τῶν
1661 3300 1797 3365 φαύ-

220 3391 329 3441 λων
361 3389 664 3458 ἀνθρώπων
692 3386 1014 3457 προαγωγὴ,
1041 3385 1150 3438 τῶν
1193 3386 1617 3454 προαγαγόντων
1652 3387 1798 3438 ἐστὶν

222 3482 446 3550 ἐλεγχος
478 3479 709 3550 ἀκριϐὴς
735 3520 750 3543 ,
785 3480 878 3532 καὶ
909 3479 979 3530 τὰ
1025 3479 1252 3538 ἐκείνοις
1293 3480 1658 3548 πεπραγμένα
1702 3495 1798 3529 πο-

220 3573 365 3642 νηρὰ
391 3573 504 3634 τοῖς
537 3569 1046 3641 προχειριζομένοις
1080 3570 1276 3631 αὑτοὺς
1305 3568 1542 3632 ἅπαντες
1572 3571 1798 3640 ὶπιγρά-

222 3681 435 3732 φονται.
472 3662 746 3726 Σπούδαζε
779 3662 871 3715 οὑν
911 3661 1141 3729 μάλιστα
1173 3663 1296 3722 τοὺς
1323 3660 1561 3726 ἀγαθοὺς
1602 3662 1800 3732 ἄνδρας

221 3753 626 3826 προϐάλλεσθαι
656 3754 946 3824 ἄρχοντας,
981 3753 1070 3804 ἵνα
1112 3752 1167 3804 ai
1218 3752 1380 3804 καλαὶ
1413 3751 1590 3804 αὐτῶν
1620 3755 1798 3822 φῆμαι

223 3848 315 3909 σὸς
363 3847 627 3913 γένωνται
676 3844 902 3912 κόσμος,
934 3843 1031 3895 καὶ
1059 3843 1202 3912 ἆπερ
1237 3843 1432 3894 ἐκείνοι
1468 3844 1798 3912 πράττουσιν

221 3936 425 4005 ἀγαθά,
457 3937 540 3987 σοὶ
570 3933 743 3988 ταῦτα
773 3933 835 3986 τὺ
863 3934 1104 4002 ὑπήκοον
1135 3933 1503 4002 ἐπιγράφηται
1521 3946 1536 3962 ⁸
1588 3934 1797 3986 πολλῶν

219 4032 335 4102 γάρ
364 4032 665 4103 χρημάτων
693 4029 956 4102 κρείττων
987 4030 1015 4081 ὁ
1042 4029 1192 4099 παρὰ
1226 4030 1318 4082 τοῦ
1355 4029 1603 4098 ,πλήθους
1639 4031 1798 4083 ἐπαι-

221 4142 335 4188 νος.

806 4216 945 4283 Περὶ
986 4214 1219 4280 ἐλέους.

297 4306 439 4376 Ἐρα
485 4306 804 4375 χρημάτων,
841 4305 914 4374 μὴ
963 4304 1122 4374 χάριν
1169 4303 1381 4374 ἡδονῆς,
1430 4305 1564 4360 ἀλλὰ
1613 4310 1798 4376 χρείας

219 4395 388 4448 ἓνεκα
415 4396 510 4464 τῆς
544 4394 866 4461 ἀναγκαίας,
896 4393 928 4463 ἢ
962 4394 1047 4445 ἵνα
1076 4395 1184 4453 τοῖς
1213 4393 1532 4463 δυστυχοῦσι
1577 4395 1796 4465 βοηθῇς,

222 4489 258 4557 ἢ
292 4488 379 4539 ἶνα
410 4487 519 4548 τοῖς
551 4485 692 4555 ὑπὲρ
749 4483 998 4553 ἀλλήλων
1025 4483 1278 4553 θνήσκειν
1303 4486 1644 4554 αἱρουμένοις
1672 4503 1799 4557 χορ-

224 4577 468 4650 ηγῇς.Ἢ
501 4578 608 4648 γὰρ
637 4577 812 4639 άλλως
852 4577 1252 4645 φιλοχρηματία
1277 4575 1337 4628 οὑ
1368 4575 1526 4645 μόνον
1541 4576 1805 4646 ὠφέλειαν
1841 4600 1885 4655 ι)

223 4673 288 4724 οὑ
322 4672 485 4734 ποιεῖ,
517 4669 652 4723 ἀλλά
702 4668 796 4721 καὶ
853 4666 1057 4736 βλάσην
1094 4667 1293 4735 μᾶλλον
1327 4665 1599 4734 προξενεῖ.
1639 4669 1808 4722 [1106-

223 4780 317 4826 τος
353 4763 453 4831 μὲν
482 4761 591 4830 γὰρ
624 4759 698 4830 μὴ
723 4759 792 4811 δι’
823 4758 1027 4828 ἀρετὴν
1061 4759 1417 4827 ἐνυπάρχων,
1447 4758 1644 4822 κακίας
1678 4761 1812 4828 μᾶλ-

225 4855 352 4920 λον,
399 4853 516 4906 ἀλλ’
546 4852 645 4904 οὑκ
696 4849 899 4922 ἀρετῆς
944 4848 1225 4921 ὑπηρέτης
1278 4848 1520 4902 ὲστίν.⁹0
1550 4848 1607 4901 δὲ
1653 4850 1811 4920 χάριν

226 4945 435 5016 ἀρετῆς
478 4943 696 5012 προσὼν
742 4945 857 5004 τοῖς
909 4940 1269 5010 κεκτημένοις
1327 4940 1537 5009 μεγάλα
1587 4940 1811 4993 δύναται

226 5037 479 5107 ὠφελεῖν,
514 5036 610 5088 καὶ
646 5035 745 5098 τὰς
772 5033 954 5104 ψυχὰς
996 5032 1178 5084 αὐτῶν
1212 5033 1304 5084 καὶ
1350 5031 1418 5084 τά
1455 5030 1679 5100 σώματα
1701 5046 1712 5058 ·
1751 5031 1811 5082 τὸ

229 5129 333 5196 μὲν
364 5129 476 5190 τοῖς
513 5127 788 5196 δεομένοις
831 5122 1271 5193 δαψιλευόμενος,
1303 5121 1363 5173 τὸ
1414 5120 1472 5172 δὲ
1511 5123 1623 5182 τοῖς
1671 5122 1809 5186 ἀγα-

230 5222 344 5283 θοῖς
378 5220 488 5272 τῶν
516 5219 684 5289 φίλων
714 5214 1234 5288 ὲπιχορηγούμενος.
1273 5210 1503 5265 Εὑποιία
1548 5211 1657 5282 γάρ
1698 5212 1808 5280 ἀμ-

229 5314 460 5385 φότερα,
489 5312 594 5366 κᾶν
617 5310 896 5381 διαφόροις
921 5307 1298 5378 ἐπιγράφηται
1327 5306 1438 5367 τοῖς
1465 5303 1715 5372 ὀνόμασι.

699 5487 836 5557 Περὶ
868 5485 1104 5555 ἀγάπης
1136 5484 1348 5553 φίλων.

300 5588 470 5642 Οὑδὲν
495 5585 736 5653 ἀγάπης,
765 5581 840 5642 ὡς
870 5580 1037 5643 ἔοικε,
1070 5575 1476 5646 κραταιότερον.
1509 5572 1666 5625 Φίλου
1700 5572 1806 5640 γὰρ

230 5679 463 5750 ἀληθοῦς
512 5676 614 5728 οὑκ
647 5673 793 5725 ἔστιν
842 5670 1196 5736 ἀντάλλαγμα
1244 5666 1353 5719 τῶν
1403 5665 1568 5718 ὄντων
1610 5664 1800 5715 οὐδέν·

232 5772 468 5841 φύλαττε
513 5767 607 5821 οὖν
640 5765 739 5835 τὴν
765 5763 945 5830 φιλίαν
994 5763 1052 5813 ὲν
1096 5758 1255 5812 παντὶ
1306 5755 1481 5826 καιρῷ
1520 5755 1614 5808 καὶ
1655 5755 1804 5824 τόπῳ

234 5863 373 5926 πρὸς
404 5862 526 5924 τοὺς
551 5857 806 5929 γνησίους
834 5851 1164 5920 σου·φίλους,
1190 5851 1273 5903 ἵνα
1308 5850 1400 5902 καὶ
1447 5847 1600 5900 αὑτοὶ
1631 5846 1803 5899 ἀνύπ-

1904 2023 2170 2090 impones.
2204 2022 2258 2074 Si
2289 2023 2437 2076 enim
2467 2025 2672 2092 positas
2702 2039 2732 2077 a
2769 2025 3065 2093 majoribus
3099 2028 3245 2096 leges
3269 2030 3323 2082 in
3379 2045 3466 2083 re-

1904 2114 2116 2183 publica
2134 2114 2370 2182 gerenda
2395 2114 2792 2180 repudiaveris,
2815 2131 2912 2168 nec
2933 2119 3111 2169 caeteri
3139 2119 3331 2172 edictis
3360 2121 3470 2172 tuis

1901 2205 2353 2273 obtemperabunt
2381 2221 2392 2256 :
2419 2214 2580 2272 atque
2617 2206 2689 2257 ita
2719 2205 2807 2258 liet
2837 2215 2895 2258 ut
2925 2207 3071 2276 leges
3105 2207 3226 2262 alia:
3251 2209 3320 2262 ab
3347 2211 3472 2262 aliis

1903 2297 2133 2349 invicem
2203 2297 2512 2358 subversae,
2560 2295 2886 2350 confusione
2938 2312 3001 2349 ac
3055 2301 3470 2365 perturbatione

1901 2385 2291 2452 rempublicam
2367 2393 2535 2438 totam
2600 2385 2899 2452 impleant;
2960 2401 3068 2454 qua
3125 2389 3346 2458 quidem
3406 2405 3468 2442 ex

1897 2477 2040 2542 juris
2087 2477 2366 2529 eversione
2401 2490 2769 2544 smpenumero
2832 2485 2955 2530 tota:
2990 2479 3240 2532 nationes
3267 2481 3333 2533 ad
3383 2482 3468 2534 in-

1902 2567 2123 2620 teritum
2153 2577 2278 2620 sunt
2315 2566 2572 2619 redactae.

2350 2655 2425 2708 De
2445 2656 2669 2721 perditis
2685 2656 3009 2710 hominibus.

1974 2749 2017 2798 A
2069 2746 2382 2814 reipublicm
2409 2745 2733 2800 muneribus
2760 2746 3000 2815 perditos
3030 2747 3280 2803 homines
3322 2765 3474 2803 sum-

1903 2846 2136 2899 moveto,
2178 2852 2354 2906 neque
2419 2836 2588 2889 ullum
2615 2836 2681 2890 iis
2711 2836 3090 2905 magistratum
3138 2840 3471 2903 committas,

1904 2945 1970 2984 ne
2003 2931 2192 2997 ctipse
2222 2929 2420 2982 similis
2447 2928 2528 2982 eis
2575 2943 2720 2991 esse,
2762 2939 2926 2997 atque
2963 2931 3229 2998 improbis
3277 2946 3468 2986 eorum

1904 3019 2062 3072 factis
2120 3017 2352 3087 gaudere
2410 3016 2664 3071 videaris.
2735 3015 2870 3068 Nam
2931 3031 3273 3086 quacunque
3332 3019 3472 3072 mala

1904 3109 1979 3161 illi
2031 3108 2481 3176 perpetraverint,
2514 3119 2577 3160 ea
2610 3106 2706 3158 tibi
2771 3105 2992 3159 crimini
3023 3106 3252 3169 dabunt,
3308 3088 3475 3176 teque

1903 3212 2172 3266 perversa:
2205 3196 2502 3250 voluntatis
2523 3210 2712 3250 eorum
2747 3196 3064 3264 participem
3121 3197 3470 3265 essejudica-

1909 3290 2042 3343 bunt
2081 3307 2093 3342 :
2130 3290 2262 3359 quin
2295 3289 2460 3342 etiam
2497 3289 2564 3342 de
2605 3287 2820 3340 illorum
2876 3287 3177 3340 sceleribus
3205 3289 3469 3342 rationem

1910 3385 2017 3438 Deo
2067 3398 2126 3436 es
2183 3381 2493 3436 redditurus
2537 3399 2548 3432 :
2590 3379 2929 3448 perditorqu
2991 3379 3134 3431 enim
3190 3379 3472 3433 hominum

1907 3475 2178 3540 promotio
2211 3483 2356 3526 certa
2379 3471 2774 3525 condemnatio
2795 3480 2877 3523 est
2907 3485 3119 3533 eorum,
3175 3471 3268 3538 qui
3319 3471 3470 3539 ipsos

1908 3571 2293 3634 provexerunt,
2319 3571 2372 3617 et
2399 3563 2663 3617 scelerata
2693 3576 2881 3615 eorum
2914 3560 3158 3614 facinora
3183 3560 3293 3616 illis
3313 3563 3472 3613 attri-

1909 3658 2170 3718 buuntur,
2208 3654 2300 3721 qui
2349 3651 2569 3706 eosdem
2603 3658 3015 3720 promoverunt.
3072 3648 3208 3703 Vide
3263 3661 3474 3717 ergout

1909 3751 2077 3802 bonos
2143 3746 2290 3798 viros
2314 3745 2378 3797 ad
2408 3743 2641 3797 honores
2693 3743 2918 3804 evellas,
2946 3751 3005 3792 ut
3054 3740 3195 3794 bona
3223 3739 3291 3794 de
3316 3740 3475 3793 factis

1904 3853 2090 3893 eorum
2141 3836 2282 3888 fama
2345 3834 2572 3903 gloriam
2627 3841 2774 3886 tuam
2848 3842 3205 3899 augeat,cum
3241 3831 3474 3899 subjecti

1906 3928 2163 3998 praeclara
2224 3925 2438 3978 illorum
2474 3932 2626 3993 gesta
2683 3922 2782 3975 tibi
2845 3920 3141 3989 ascripturi
3202 3923 3478 3975 sint:est

1906 4020 2050 4072 enim
2089 4034 2117 4071 a
2149 4018 2344 4087 populo
2379 4014 2759 4070 consentiente
2807 4012 3049 4082 profecta
3094 4013 3214 4067 laus
3259 4013 3475 4083 magnis

1905 4109 2100 4176 opibus
2137 4108 2290 4177 longe
2312 4104 2677 4175 pmstanlior.

2435 4193 2509 4248 De
2556 4192 2948 4246 misericordia.

1976 4289 2350 4348 Nccessitatis,
2369 4285 2790 4355 nonvoluptatis
2820 4298 2989 4338 causa
3017 4282 3244 4338 divitias
3273 4289 3476 4344 amato.

1910 4398 2101 4451 nempe
2119 4390 2294 4436 utaut
2339 4379 2615 4448 egentium
2674 4377 2913 4445 inopiam
2973 4375 3250 4438 subleves,
3275 4383 3368 4427 aut
3409 4374 3478 4428 iis

1906 4477 1999 4545 qui
2031 4489 2130 4544 pro
2173 4487 2231 4526 se
2269 4471 2501 4525 invicem
2557 4467 2698 4521 mori
2743 4467 2915 4535 parati
2977 4473 3163 4527 erunt,
3224 4473 3480 4533 sumptus

1914 4565 2260 4636 suppedites;
2305 4561 2512 4630 alioqui
2559 4559 2704 4613 enim
2763 4555 3007 4625 pecuniae
3037 4555 3313 4625 cupiditas
3367 4569 3478 4608 non

1914 4659 2090 4712 solum
2153 4654 2290 4709 nihil
2341 4651 2495 4706 aﬂ‘ert
2554 4649 2929 4711 emolumenti,
2961 4648 3054 4702 sed
3089 4647 3477 4700 detrimentum

1912 4750 2094 4819 potius
2125 4745 2300 4801 aﬂ‘ert.
2357 4742 2499 4812 Opes
2533 4743 2848 4807 enim,quaa
2899 4738 3116 4792 virtutis
3160 4751 3294 4806 ergo
3365 4751 3474 4791 non

1911 4849 2323 4898 coacervantur,
2384 4835 2637 4888 vitiorum
2689 4831 2872 4901 potius
2897 4843 3060 4898 quam
3097 4828 3316 4883 virtutis
3348 4838 3474 4883 sunt

1916 4932 2220 4993 ministrae;
2255 4941 2374 4996 quae
2419 4933 2600 4978 autem
2631 4924 2696 4976 ad
2751 4921 2973 4975 virtutis
3031 4918 3206 4974 cilicia
3254 4932 3476 4985 compa-

1914 5032 2126 5082 rantur,
2159 5028 2537 5086 possessorum
2566 5011 2766 5065 animis
2787 5021 2840 5064 et
2865 5007 3190 5078 corporibus
3215 5005 3476 5075 juvandis

1915 5125 2137 5180 magnas
2165 5107 2400 5160 allerunt
2437 5104 2720 5162 utilitates,
2752 5115 2875 5153 cum
2911 5106 3004 5151 aut
3038 5097 3225 5166 egenis
3250 5096 3477 5164 copiose

1911 5205 2229 5270 erogantur,
2260 5203 2353 5248 aut
2390 5193 2621 5247 fortibus
2644 5198 2698 5244 et
2739 5188 2989 5242 ﬁdelibus
3022 5185 3218 5239 amicis
3258 5185 3472 5250 impen-

1910 5292 2115 5345 duntur
2153 5305 2166 5340 :
2199 5295 2488 5352 utrumque
2518 5279 2662 5334 enim
2702 5275 3073 5332 beneﬁcentiae
3105 5271 3342 5326 olIicium
3363 5278 3470 5332 est,

1911 5379 2126 5437 etiamsi
2159 5377 2266 5430 alio
2303 5386 2465 5442 atque
2493 5370 2600 5423 alio
2625 5369 2842 5422 nomine
2868 5364 3223 5419 inscribatur.

2334 5465 2409 5517 De
2430 5464 2720 5514 amicorum
2737 5457 3014 5510 charitate.

1982 5563 2124 5616 Nihil
2184 5557 2458 5629 potentius
2495 5551 2751 5605 amicitia:
2803 5547 3022 5601 vinculo
3057 5557 3180 5599 esse
3207 5541 3424 5596 videtur
3457 5559 3471 5594 :

1912 5657 2046 5711 nihil
2074 5654 2218 5709 enim
2247 5656 2329 5701 est
2361 5648 2413 5699 in
2449 5644 2613 5698 rebus
2678 5640 2931 5693 humanis
2966 5633 3114 5705 quod
3143 5647 3266 5688 cum
3295 5631 3475 5684 amico

1913 5750 2055 5803 ﬁdeli
2093 5744 2390 5815 permutari
2425 5741 2597 5808 possit
2634 5754 2646 5788 :
2677 5733 2825 5788 omni
2868 5732 3033 5801 igitur
3062 5737 3115 5782 et
3145 5738 3391 5794 tempore
3422 5734 3475 5776 et

1914 5843 2034 5893 loco
2070 5853 2191 5891 cum
2238 5833 2489 5889 fidelibus
2544 5827 2735 5881 amicis
2783 5820 3242 5879 necessitudinem
3295 5830 3473 5879 serva,
