4224 6444
2042 410 2610 473 PROLEGOMENA.

2306 410 2610 470 ἶΟΜΕΝΑ.
3909 407 3974 447 τι

726 442 885 485 ιτιιτ

729 555 787 598 ιιι
818 546 894 598 illi
927 544 1043 597 sine
1067 538 1175 592 uila
1206 533 1530 588 titubatione
1581 538 1675 584 aut
1705 528 2016 598 suspicione
2045 538 2293 580 mutuum
2327 532 2370 587 Α

2327 532 2370 587 Α
2398 522 2565 573 οπτὸν
2607 537 2698 572 σου
2733 518 2825 570 καὶ
2859 515 3080 586 βεϐαίαν
3126 513 3223 582 τὴν
3254 512 3472 579 ἀγάπην
3506 509 3803 578 διατηρῶσι
3828 519 3841 534 ’
3881 523 3975 558 και

727 650 856 703 erga
877 643 927 686 te
962 630 1202 683 animum
1257 632 1448 694 gerant
1489 640 1501 674 :
1538 632 1590 675 et
1647 636 1713 673 ne
1758 633 2035 685 nunquam
2093 615 2291 686 ingrati

2399 614 2473 683 μὴ
2501 614 2650 681 γίνου
2680 613 2743 679 τῇ
2776 609 2970 678 γνώμῃ
2998 608 3291 676 ἀχάριστος
3310 620 3324 633 ο
3371 603 3533 672 μέρος
3566 602 3673 671 γὰρ
3701 600 3978 659 εὐσεϐείας

729 691 894 778 animi
932 720 1133 783 fueris;
1167 691 1297 787 pars
1327 714 1471 768 enim
1508 713 1725 781 pietatis
1750 719 1833 763 est
1864 711 2000 762 bene
2033 707 2291 762 merenti-
2393 727 2397 740 ι

2393 705 2456 758 τὸ
2488 702 2891 756 ἀνταποδιδόναι
2936 703 3047 761 τοῖς
3080 694 3355 748 εὐποιοῦσι
3389 695 3484 756 τὰς
3520 691 3844 761 χάριτας.’0
3871 693 3977 757 γὰρ

732 819 831 867 bus
871 810 1109 880 gratiam
1140 812 1342 861 reti-rre
1376 824 1386 856 :
1418 804 1508 873 qui
1542 816 1668 854 Vi-ro
1737 801 1985 868 ingratus
2038 806 2121 851 est
2181 798 2297 865 ipse
2395 820 2400 845 4

2395 797 2685 865 ἀχάριστος
2732 790 2907 856 ἐαυτῷ
2939 790 3172 858 ὑπάρχει
3217 785 3494 853 πολέμιος.
3533 782 3707 851 Χάρις
3739 780 3837 849 μὲν
3870 780 3978 847 γάρ

730 903 835 956 sibi
864 900 1115 953 infensus
1165 907 1246 951 est
1282 914 1293 948 :
1323 893 1496 963 gratia
1543 893 1688 945 enim
1724 904 1849 943 cum
1882 887 2134 948 refertur,
2162 899 2295 954 quo-

2398 883 2852 952 ἀνταπώιδομένη
2884 877 3235 940 πλεονάζεται
3260 892 3273 904 ·
3313 874 3387 943 μὴ
3416 871 3876 940 άνταποδιδομένη
3899 870 3978 932 δὲ,

729 992 1020 1047 dammodo
1053 989 1647 1055 multiplicatur;cum
1698 998 1824 1037 vero
1878 996 1982 1034 non
2042 978 2296 1041 refertur,

2400 978 2493 1028 καὶ
2537 976 2636 1045 τὴν
2670 971 3104 1040 καταϐληθεῖσαν
3150 966 3607 1038 προσαπόλλυσιν.
3646 965 3977 1034 Εὐχάριστος

728 1082 892 1135 etiam
917 1095 1037 1148 quat
1070 1053 1228 1145 parta
1256 1078 1454 1135 fuerat,
1493 1072 1727 1141 deperit.
1762 1071 1897 1122 Dum
1932 1083 2064 1139 ergo
2093 1076 2146 1122 te.
2177 1081 2300 1137 gra-

2399 1066 2577 1119 τοίνυν
2600 1065 2910 1134 γενόμενος,
2928 1060 3153 1121 πολλοὺς
3185 1058 3328 1121 ἕξεις
3352 1058 3475 1119 τούς
3500 1056 3628 1125 περὶ
3654 1055 3713 1107 σὲ
3743 1053 3977 1105 σπουδά-

732 1186 843 1226 ιυιη
912 1169 1247 1230 exhibucris,
1301 1166 1501 1219 multos
1563 1164 1819 1218 habueris
1857 1162 1934 1214 tui
1986 1158 2299 1214 demerendi

2405 1172 2618 1219 σοντας,
2678 1154 2776 1208 καὶ
2806 1152 3004 1223 ¹ιςρλλάς
3031 1167 3121 1202 σοι
3144 1146 3581 1209 καταϐαλοῦντας
3604 1146 3699 1207 τὰς
3720 1146 3941 1214 χάριτας
3962 1157 3977 1172 ·

730 1263 959 1332 cupidos
990 1276 1052 1314 ac
1109 1261 1384 1314 studiosos
1427 1276 1439 1309 :
1498 1258 1541 1308 si
1592 1265 1770 1309 autem
1810 1253 2057 1323 ingratus
2108 1250 2299 1312 fueris,

2403 1245 2695 1315 ἀχάριστος
2713 1244 2770 1296 δὲ
2796 1244 3074 1311 ὑπάρχων,
3104 1240 3297 1293 οὐδένα
3325 1240 3500 1307 κτήσῃ
3533 1236 3683 1305 φίλον
3704 1234 3978 1304 οὐδαμῶς,

732 1356 937 1408 nullutn
972 1352 1195 1405 omnino
1251 1349 1486 1402 anticum
1518 1346 1767 1409 habebis,
1800 1344 2024 1411 quicum
2055 1338 2304 1409 jucunde

2408 1335 2525 1405 μεθ’
2548 1328 2610 1388 οὗ
2635 1332 2967 1403 συμϐιώσεις
2998 1331 3189 1401 ἡδέως,
3223 1329 3327 1383 κᾶν
3359 1328 3557 1391 πάντες
3588 1327 3863 1396 ἄνθρωποι
3883 1325 3982 1394 τὴν

733 1448 917 1497 vivere
977 1442 1183 1510 possis,
1239 1435 1453 1490 etiamsi
1522 1448 1713 1488 omnes
1780 1432 2090 1486 simulatam
2154 1430 2206 1482 in
2255 1438 2305 1482 te

1566 1448 1713 1488 mnes
1780 1432 2090 1486 simulatam
2154 1430 2206 1482 in
2255 1438 2305 1482 te
2407 1425 2541 1495 πρὸς
2573 1425 2631 1477 σὲ
2664 1424 2845 1492 φιλίαν
2880 1421 3234 1491 ὐποκριθῶσι.

736 1535 1034 1587 :ttnicitiatu
1087 1546 1150 1583 ac
1203 1527 1629 1582 benevolentiam
1662 1539 1771 1592 pra:
1805 1538 1862 1577 se
1890 1521 2084 1575 ferant.

1184 1621 1260 1674 De
1300 1636 1532 1674 sermone
1554 1627 1603 1672 et
1628 1618 1858 1671 silentio.

803 1721 862 1771 In
899 1716 1213 1785 detegendis
1245 1713 1521 1765 hominum
1556 1709 1788 1776 ingeniis
1830 1708 2007 1762 solers
2041 1714 2094 1760 et
2129 1705 2307 1759 consi-

734 1813 953 1865 deratus
967 1814 1084 1861 esto
1112 1812 1195 1858 :et
1227 1804 1366 1856 bona
1384 1800 1600 1870 quidem
1622 1802 1903 1854 voluntate
1932 1796 2184 1867 praeditos
2206 1794 2300 1848 tibi

2797 1602 2931 1669 Περὶ
2972 1600 3157 1666 λόγου
3197 1598 3295 1652 καί
3330 1596 3585 1664 σιωπῆς.

2481 1694 2754 1765 Νουνεχὴς
2783 1693 2896 1756 ἔσο,
2918 1692 3012 1745 καὶ
3044 1691 3303 1760 φρόνιμος
3330 1693 3387 1742 ἐν
3412 1688 3489 1759 τῷ
3511 1689 3572 1741 τὸ
3593 1688 3824 1742 ἑκάστου
3850 1683 3986 1760 ἦθος

2410 1786 2830 1856 άναμανθάνειν,
2864 1784 2959 1837 καὶ
2990 1783 3097 1834 τῶν
3145 1781 3246 1850 μὲν
3286 1781 3593 1835 σπουδαίων
3622 1782 3721 1842 τάς
3760 1781 3983 1849 γνώμας

739 1900 996 1968 adjunge,
1032 1894 1277 1963 improba
1318 1861 1445 1945 vero
1495 1904 1768 1944 aversare.
1806 1861 2083 1956 Quidquid
2117 1892 2298 1938 autem
2332 1861 2373 1917 Β

2332 1861 2373 1917 Β
2410 1878 2789 1946 ἀποδέχεσθαι,
2824 1875 2933 1927 τῶν
2980 1875 3036 1927 δὲ
3087 1872 3307 1940 φαύλων
3350 1870 3985 1945 άποστρέφεσθαι,’Δλλὰ

741 1989 1133 2044 euuntiaturus
1170 1997 1406 2052 unquam
1442 1982 1539 2045 sis,
1573 1981 1712 2048 apud
1744 1987 1795 2032 te
1835 1978 1986 2047 prius
2015 1975 2302 2045 diligenter

734 2078 1019 2133 considera
1050 2114 1065 2137 ,
1122 2088 1189 2127 ne
1236 2072 1422 2138 lingua
1466 2070 1848 2139 cogitationem
1905 2071 2301 2128 antevertente,

734 2171 877 2237 quod
901 2170 1233 2234 praepostere
1260 2161 1504 2230 loquaris
1527 2159 1624 2212 tibi
1654 2158 2041 2226 exprobretur.
2074 2155 2130 2209 ln
2152 2162 2299 2209 cmtu

733 2259 875 2310 enim
944 2254 1231 2308 hominum
1289 2262 1583 2319 antequam
1640 2247 1843 2316 aliquid
1891 2247 2067 2311 dicas,
2106 2245 2160 2298 in
2208 2252 2301 2298 tua

738 2353 1004 2411 potestate
1025 2350 1108 2395 est
1125 2340 1366 2407 cogitare
1387 2378 1403 2403 ,
1434 2338 1479 2392 si
1518 2336 1654 2390 forte
1671 2344 1793 2405 post
1822 2335 2052 2404 primam
2081 2344 2300 2387 senten-

735 2436 867 2487 tiam
898 2436 1001 2486 alia
1033 2432 1136 2484 tibi
1168 2430 1359 2484 melior
1412 2428 1766 2482 succurrerit.
1805 2426 1876 2481 lis
1935 2435 2116 2479 autem
2177 2438 2303 2492 quae

738 2525 907 2580 semel
951 2522 1155 2576 dixeris
1216 2520 1511 2589 pugnantia
1547 2518 1817 2584 subjicere
1851 2533 1958 2569 non
1991 2516 2222 2583 poteris,
2254 2514 2301 2568 si

739 2628 1019 2669 sermones
1080 2620 1205 2665 tuos
1239 2610 1307 2664 ab
1365 2610 1512 2664 onmi
1558 2607 1982 2677 reprehensione
2032 2606 2302 2659 immunes

737 2721 861 2762 esse
889 2703 1151 2757 volueris.
1202 2701 1395 2754 Dicere
1444 2708 1625 2753 autent
1679 2698 1951 2767 oportebit
1977 2702 2073 2749 aut
2099 2710 2161 2750 ea
2185 2708 2306 2763 qua

740 2796 984 2866 perfecte
1007 2798 1170 2853 scies,
1201 2802 1297 2844 aut
1345 2805 1467 2859 qua:
1500 2789 1765 2858 temporis
1797 2788 1934 2841 ratio
1971 2785 2302 2855 postulabit;

742 2886 812 2940 de
847 2884 1073 2955 reliquis
1108 2891 1289 2937 autem
1322 2882 1577 2935 onmibus
1612 2880 1788 2935 satius
1807 2880 1911 2934 erit
1948 2878 2111 2932 silere
2140 2890 2303 2946 quam

743 2978 908 3047 loqui.

904 3068 910 3073 ’
1308 3064 1380 3117 De
1408 3066 1755 3133 eleemosyua.

2404 1975 2497 2027 καὶ
2528 1972 2665 2039 ὅπερ
2694 1968 2760 2022 ἂν
2790 1960 3004 2038 μέλλεις
3042 1968 3209 2036 ἐρεῖν,
3243 1966 3637 2036 προεπισκόπει
3666 1968 3733 2036 τῇ
3767 1963 3983 2034 γνώμῃ.

2406 2067 2490 2119 ἵνα
2536 2064 2610 2134 μὴ
2662 2062 2755 2116 καὶ
2801 2062 2836 2129 ἡ
2886 2060 3105 2128 γλῶσσα
3152 2059 3524 2128 προτρέχουσα
3561 2056 3655 2111 τοῦ
3695 2054 3982 2125 λογισμοῦ.

2404 2157 2652 2217 ἀτάκτως
2674 2153 2851 2221 λέγειν
2876 2151 3165 2221 ὀνειδισθῇ.
3190 2150 3477 2219 Σκοπήσας
3511 2148 3609 2219 μὲν
3638 2149 3746 2218 γὰρ
3772 2149 3828 2199 ὲν
3855 2145 3983 2198 συλ-

2404 2249 2548 2317 λόγῳ
2581 2246 2771 2315 κύριος
2802 2240 2853 2296 εἶ
2878 2243 2984 2313 πρὸ
3012 2243 3106 2294 τοῦ
3136 2260 3188 2295 τι
3212 2243 3406 2305 είπεῖν,
3435 2234 3509 2293 ὦν
3543 2240 3754 2309 μέλλεις
3788 2240 3985 2302 εἰπεῖν,

2405 2340 2588 2391 εἵπου
2620 2338 2711 2390 καὶ
2749 2336 2888 2406 μετὰ
2929 2333 3029 2404 τὴν
3084 2334 3356 2403 προτέραν
3406 2331 3633 2402 γνώμην
3681 2333 3715 2401 ή
3754 2330 3985 2399 δευτέρα

2404 2428 2667 2499 κρείττων
2700 2429 2969 2496 ἀναφανῇ.
2995 2425 3248 2495 Λαλήσας
3278 2426 3333 2477 δὲ
3360 2423 3528 2487 ἅπαξ,
3554 2424 3614 2476 οὐ
3653 2422 3859 2495 δυνήσῃ
3888 2421 3987 2474 τοῦ

2404 2519 2725 2587 λαληθέντος
2755 2517 2971 2571 ἐναντία
3002 2518 3413 2586 προσεπειπεῖν,
3439 2514 3552 2580 εἴγε
3592 2512 3784 2583 μώμου
3815 2513 3987 2583 χωρ⁵τς

2406 2612 2502 2672 τὰς
2535 2607 2753 2678 ὁμιλίας
2782 2606 3054 2659 ποιεῖσθαι
3096 2605 3301 2668 ποθεῖς.
3330 2607 3522 2673 Λέγειν
3564 2606 3621 2657 δὲ
3663 2606 3983 2672 ἀναγκαῖον,

2406 2700 2439 2769 ἢ
2474 2701 2603 2770 περὶ
2646 2692 2720 2753 ὧν
2751 2698 2993 2768 ἀκριϐῶς
3039 2695 3355 2764 γινώσκεις,
3401 2697 3434 2766 ἢ
3483 2698 3610 2766 περὶ
3638 2689 3713 2751 ὧν
3741 2696 3770 2747 ὁ
3799 2696 3989 2765 καιρὸς

2406 2792 2661 2845 ἀπαιτεῖ·
2697 2792 2755 2842 έν
2785 2791 2841 2843 δὲ
2881 2792 2992 2850 τοῖς
3033 2789 3216 2853 ἄλλοις
3264 2789 3434 2843 ἆπασι
3488 2790 3750 2859 κρείττων
3777 2786 3868 2841 τοῦ
3900 2787 3987 2839 λέ-

2406 2901 2525 2952 γειν
2558 2885 2591 2954 ἠ
2623 2884 2817 2954 σιωπή.

2882 3071 3018 3137 Περὶ
3059 3070 3500 3137 ἐλεημοσύνης.

813 3158 1039 3228 Largirc
1087 3159 1307 3227 copiose
1353 3157 1637 3224 egentibus
1670 3154 2055 3209 misericordia:
2083 3154 2301 3223 stipem,
2332 3183 2374 3239 ο
2478 3166 2481 3181 '

2332 3183 2374 3239 ο
2478 3163 2581 3216 Τὸν
2631 3162 2778 3214 ἔλεον
2828 3160 3209 3229 ἐπιδαψιλεύου
3238 3162 3350 3223 τοῖς
3383 3160 3689 3229 δεομένοις,
3722 3161 3810 3215 ἵνα
3838 3158 3988 3214 ἔλεον

742 3261 799 3306 ut
834 3253 947 3320 ipse
966 3252 1033 3303 ab
1064 3250 1447 3303 universorum
1480 3260 1607 3315 rege
1645 3245 2076 3300 misericordiam
2107 3258 2301 3299 consc-

740 3341 974 3409 quaris:
1010 3339 1228 3408 proprie
1287 3336 1431 3390 enim
1472 3334 1647 3404 pietas
1686 3342 1771 3388 est
1829 3347 2123 3403 egenorum
2183 3346 2305 3386 sus—

739 3432 990 3486 tentatio.
1019 3428 1148 3482 Eam
1192 3440 1323 3496 ergo
1369 3425 1508 3479 diem
1560 3425 1791 3494 periisse
1837 3423 2169 3485 exisdmato,
2199 3437 2303 3492 qua

741 3522 941 3577 nemini
982 3518 1344 3584 benefeceris,
1402 3530 1499 3586 pro
1526 3515 1807 3571 beneﬁciis
1850 3529 1971 3583 qua;
1998 3515 2115 3583 ipse
2143 3529 2172 3567 a
2196 3513 2305 3567 Deo

742 3611 1045 3681 acceperis.
1080 3608 1286 3664 Exerce
1322 3607 1487 3678 igitur
1534 3605 1958 3675 eleemosynam,
1991 3612 2049 3657 ut
2076 3617 2197 3657 eam
2228 3603 2307 3656 vi-

740 3704 926 3758 cissim
953 3717 983 3754 a
1009 3702 1119 3753 Deo
1142 3698 1395 3767 recipias.
1433 3696 1619 3751 Praebe
1653 3710 1815 3750 aures
1839 3702 1962 3750 tuas
1997 3693 2306 3762 supplicum

743 3794 1020 3863 precibus,
1058 3800 1111 3845 et
1152 3790 1311 3843 hilari
1361 3789 1515 3841 vultu
1560 3802 1752 3841 eorum
1797 3785 1987 3853 pudori
2041 3786 2306 3839 consule:

742 3882 1000 3935 miserere
1024 3880 1391 3946 lacrymarum
1413 3874 1611 3937 viduae,
1648 3889 1711 3926 ac
1741 3872 1977 3941 gemitus
2034 3871 2309 3939 orphano—

743 3989 860 4029 rum
888 3987 958 4028 ne
989 3971 1218 4039 repellas
1256 3987 1268 4021 :
1312 3983 1436 4037 quae
1466 3967 1610 4021 enint
1664 3966 1976 4027 fecerimus,
2032 3964 2224 4018 eadem
2256 3970 2310 4017 et

742 4064 1038 4132 patiemur,
1080 4068 1133 4114 et
1168 4062 1309 4112 sicut
1356 4056 1633 4115 audimus,
1682 4055 1757 4109 ita
1805 4062 1858 4107 et
1907 4053 2222 4117 audiemur,
2258 4059 2313 4105 et

743 4156 884 4207 sicut
925 4151 1194 4212 videmus,
1231 4149 1303 4201 ita
1344 4158 1395 4201 et
1427 4145 1752 4200 videbimur.
1785 4144 2014 4210 Qualem
2048 4157 2178 4213 ergo
2209 4140 2310 4194 tibi

742 4261 800 4297 se
835 4243 1003 4295 Deum
1035 4240 1276 4308 praebere
1311 4245 1554 4306 Optares,
1594 4236 1755 4289 talem
1789 4245 1843 4289 et
1865 4233 2097 4288 subditis
2124 4233 2232 4286 tuis
2261 4240 2314 4287 te

745 4333 1024 4399 impertias
1043 4347 1059 4383 :
1076 4343 1182 4398 qua
1207 4328 1350 4383 enim
1375 4340 1629 4381 mensura
1666 4339 1888 4381 mensus
1908 4323 2099 4388 fueris,
2124 4322 2311 4378 eadem

749 4425 844 4477 tibi
874 4430 1184 4490 reponetur.

741 4514 1104 4566 Momentunea
1152 4520 1199 4563 et
1239 4512 1444 4562 caduca
1484 4524 1596 4563 esse
1632 4508 1812 4562 omnia
1846 4523 1963 4577 qua:
2017 4507 2104 4560 hic
2157 4515 2299 4559 sunt.
2329 4514 2381 4573 Ι)

815 4601 986 4666 Scito,
1029 4602 1104 4655 lili
1145 4602 1243 4665 Ini,
1277 4601 1412 4654 nihil
1470 4599 1523 4653 in
1568 4600 1671 4654 bac
1728 4599 1837 4653 vita
1876 4598 2114 4663 ﬁrmum,
2166 4596 2302 4650 nihil

742 4696 958 4757 stabile,
1008 4694 1145 4748 nihil
1197 4700 1522 4763 perpetuum
1575 4705 1730 4746 esse:
1786 4704 1910 4744 nam
1956 4687 2186 4744 subinde
2215 4702 2304 4742 res

745 4786 907 4839 aliter
935 4792 1101 4853 atque
1160 4783 1318 4837 aliter
1367 4780 1675 4846 variantur,
1727 4788 1783 4832 et
1811 4786 1945 4833 rotae
1988 4778 2044 4832 in
2096 4791 2301 4831 morem

740 4890 861 4945 quae
880 4872 1354 4945 circumvolvitur,
1385 4886 1447 4927 ea
1478 4886 1600 4941 qua:
1623 4884 1848 4926 sursum
1873 4878 2002 4924 sunt
2042 4868 2301 4923 deorsum

744 4967 1013 5031 feruntur,
1030 4975 1086 5019 et
1109 4978 1231 5033 quaa
1270 4963 1527 5017 deorsum
1571 4960 1758 5030 jacent
1787 4975 2008 5016 sursum
2063 4959 2305 5014 evehun-

744 5066 873 5109 tur:
918 5062 1252 5123 quapropter
1306 5065 1482 5120 neque
1538 5049 1797 5105 secundis
1830 5049 1992 5104 rebus
2019 5049 2302 5113 extollere,

742 5160 920 5216 neque
952 5144 1195 5199 adversis
1238 5142 1497 5211 dejicere,
1547 5141 1640 5196 sed
1695 5141 1751 5195 in
1790 5148 2026 5211 utraque
2080 5138 2302 5193 fortuna

741 5246 1003 5292 constans
1031 5244 1149 5290 esto
1179 5246 1340 5304 atque
1375 5235 1755 5299 immutabilis,
1812 5243 2024 5288 tantum
2056 5234 2302 5291 honestis

746 5328 908 5383 rebus
942 5327 1191 5390 studens,
1249 5334 1444 5379 caetera
1493 5339 1620 5379 vero
1670 5324 1782 5379 Deo
1816 5323 2124 5379 committe:
2177 5340 2301 5378 nam

742 5434 867 5473 cum
902 5418 1137 5473 secunda
1170 5416 1344 5471 uteris
1379 5414 1621 5479 fortuna,
1659 5416 1905 5471 adversa:
1939 5423 2119 5471 metus
2153 5426 2205 5471 te
2231 5416 2300 5471 ab

743 5509 998 5580 superbia
1032 5522 1291 5564 revocare
1336 5507 1520 5576 debet,
1561 5519 1616 5563 et
1654 5523 1778 5562 cum
1809 5507 2039 5562 adversa
2060 5507 2301 5576 jactabe-

742 5601 840 5666 ris,
868 5599 1112 5655 melioris
1149 5614 1272 5669 spes
1303 5600 1509 5668 pariter
1552 5606 1606 5652 te
1650 5598 1719 5651 ab
1769 5598 1942 5651 animi
1996 5598 2302 5665 dejectione

741 5690 1170 5744 deducere:hoc
1204 5689 1349 5743 enim
1388 5688 1575 5759 pusilli
1599 5696 1685 5742 est
1708 5688 1875 5740 animi
1915 5701 1979 5741 ac
2005 5689 2153 5757 regia
2192 5689 2301 5743 vir-

742 5787 858 5835 tute
878 5779 1193 5849 indignum:
1227 5781 1355 5850 quia
1391 5780 1537 5850 quod
1593 5780 1833 5834 futurum
1876 5792 1958 5837 est
1986 5782 2156 5836 videri
2208 5799 2300 5837 nc-

2408 3256 2685 3323 ἐπισπάση
2736 3252 2885 3323 παρά
2926 3250 3019 3303 τοῦ
3070 3250 3178 3303 τῶν
3222 3250 3361 3303 ὅλων
3407 3249 3703 3320 βασιλέωςο
3734 3250 3988 3303 εὐσέϐεια

2408 3345 2516 3415 γάρ
2546 3344 2747 3413 κυρίως
2771 3344 2804 3412 ἡ
2835 3341 2944 3393 τῶν
2964 3340 3233 3410 δεομένων
3266 3341 3383 3392 ἐστὶ
3416 3340 3720 3409 μετάδοσις.
3743 3340 3851 3392 Καὶ
3879 3355 3989 3409 μη-

2408 3435 2495 3488 δὲν
2521 3432 2654 3502 ὴγοῦ
2687 3435 2783 3501 τὴν
2810 3431 3023 3501 ἡμέραν
3051 3431 3289 3499 ἐκείνην,
3316 3430 3374 3481 ὲν
3468 3429 3673 3499 μηδένα
3701 3430 3991 3499 εὐεργετή-

2411 3542 2544 3587 σεις,
2575 3524 2715 3594 ὑπὲρ
2758 3516 2834 3577 ὧν
2884 3522 3035 3591 παρὰ
3067 3520 3202 3573 Θεοῦ
3254 3521 3348 3575 καὶ
3392 3521 3553 3583 αὐτὸς
3591 3519 3986 3591 εὐηργετήθης.

2410 3615 2623 3683 Κτῆσαι
2673 3612 2767 3666 οὖν
2799 3612 2895 3682 τὴν
2946 3611 3337 3682 ἐλεημοσύνην,
3369 3610 3455 3663 ἵνα
3499 3611 3559 3663 τὸ
3607 3612 3790 3681 ὅμοιον
3836 3611 3989 3679 παρὰ

2410 3703 2546 3758 Θεοῦ
2577 3703 2861 3772 άντιδέξῃο
2904 3703 3081 3756 κλῖνον
3111 3702 3174 3754 τὸ
3201 3697 3293 3765 οὖς
3341 3720 3434 3755 σου
3480 3703 3594 3763 τοῖς
3646 3701 3983 3755 ἱκετεύουσιο

2409 3795 2764 3863 δυσωπήθητι
2811 3794 3018 3863 ὄμματι
3070 3791 3240 3862 ίλαρῷ
3285 3793 3412 3855 τοὺς
3461 3791 3987 3854 δυσωποῦνταςοοί-

2412 3903 2626 3957 κτειρον
2652 3885 2863 3955 δάκρυα
2892 3884 3088 3953 χήρας,
3119 3884 3212 3937 καὶ
3254 3883 3588 3952 στεναγμοὺς
3634 3882 3886 3953 ὀρφανῶν
3912 3883 3987 3953 μὴ

2411 3975 2639 4047 άπώσῃ’
2686 3974 2722 4029 ἃ
2753 3975 2863 4043 γάρ
2903 3973 2969 4027 ἂν
2997 3975 3333 4046 ποιήσωμεν,
3361 3972 3530 4026 ταῦτα
3560 3972 3654 4026 καὶ
3702 3971 3985 4042 πάθωμεν.

2412 4068 2508 4119 καὶ
2554 4064 2631 4126 ὡς
2680 4063 2952 4132 ἀκούομεν
2998 4062 3473 4131 ἀκουσθησόμεθα,
3522 4062 3613 4113 καὶ
3653 4061 3730 4123 ὡς
3772 4062 3987 4130 ὁρῶμεν

2412 4153 2813 4226 ὁραθησόμεθα.
2841 4150 2968 4206 Οἷον
2994 4152 3088 4205 οὖν
3134 4156 3267 4222 εὐχῃ
3301 4153 3392 4207 τὸν
3418 4152 3551 4205 Θεδν
3580 4151 3833 4219 γενέσθαι
3882 4168 3985 4213 σοι,

2413 4246 2649 4310 τοιοῦτος
2673 4245 2799 4315 περὶ
2821 4245 2947 4310 τοὺς
2975 4246 3189 4309 οἰκέτας
3215 4244 3374 4312 γενοῦ
3398 4244 3493 4296 καὶ
3512 4243 3675 4307 αὐτός
3693 4260 3707 4275 ο
3732 4246 3790 4296 ὲν
3811 4236 3855 4311 ᾧ
3877 4244 3988 4314 γάρ

2418 4338 2602 4408 μέτρῳ
2635 4338 2947 4407 μετρήσεις,
2978 4335 3501 4407 άντιμετρηθήσεταί
3528 4352 3634 4392 σοι.

2674 4515 2801 4568 Ὅτι
2835 4515 3171 4583 πρόσκαιρα
3206 4514 3279 4567 τὰ
3313 4512 3457 4581 τῇδε
3495 4513 3711 4567 πάντα.

2485 4608 2643 4669 ’1σθι.
2673 4608 2862 4661 τέκνον
2891 4606 3022 4677 έμδν
3042 4647 3057 4672 ,
3083 4606 3158 4669 ὡς
3202 4605 3353 4660 οὐδὲν
3381 4607 3409 4659 ὀ
3440 4606 3553 4677 βίος
3594 4600 3748 4669 οὗτος
3780 4604 3892 4677 ἔχει
3923 4607 3985 4661 τὸ

2413 4699 2698 4768 στάσιμον,
2725 4698 2880 4752 οὐδὲν
2929 4697 2991 4752 τὸ
3038 4696 3257 4767 βέϐαιον
3297 4697 3983 4768 ἢάμετάϐλητον.’Δλλοτε

2410 4790 2518 4860 γάρ
2560 4789 2732 4851 ἄλλως
2758 4787 2977 4859 ἀμείϐει
3008 4788 3075 4841 τά
3106 4788 3425 4857 πράγματα,
3458 4790 3552 4842 κα)⁸
3608 4789 3803 4859 τροχοῦ
3828 4790 3983 4862 δίκην

2412 4879 2749 4949 κυλιομένου,
2783 4878 2848 4933 τὰ
2872 4878 2972 4949 μὲν
2992 4879 3102 4932 άνω
3156 4879 3377 4950 φέρεται
3407 4879 3555 4933 κάτω
3574 4921 3589 4944 ,
3640 4882 3714 4934 τὰ
3744 4880 3801 4933 δὲ
3832 4881 3984 4936 κάτω

2414 4970 2637 5041 φέρεται
2679 4971 2811 5025 άνω.
2860 4970 2951 5024 Διδ
2982 4972 3118 5041 μήτε
3150 4970 3429 5040 εὐτυχίαις
3454 4971 3705 5041 ὲπαίρου,
3742 4973 3878 5043 μήτε
3923 4975 3981 5025 ἐν

2411 5062 2530 5122 ταῖς
2554 5059 2863 5127 δυστυχίαις
2889 5058 3197 5129 καταφέρου
3222 5075 3233 5086 ·
3267 5058 3379 5111 ἀλλ’
3402 5057 3494 5112 ἔσο
3517 5061 3637 5113 κατ’
3658 5060 3824 5129 ἄμφω
3855 5077 3981 5113 στα-

2410 5149 2574 5221 θηρδς
2607 5150 2701 5204 καὶ
2727 5148 3116 5218 ἀμετάπτωτος
3135 5191 3149 5213 ,
3187 5154 3331 5218 μόνῳ
3356 5151 3433 5220 τῷ
3458 5150 3607 5220 καλῷ
3642 5151 3977 5217 σπουδάζων,

2408 5242 2476 5295 τά
2522 5241 2568 5293 δ’
2595 5240 2728 5294 ἄλλα
2758 5240 3170 5308 προσανατιθεὶς
3200 5239 3277 5309 τῷ
3309 5240 3448 5311 Θεῷ.
3483 5240 3653 5295 Ὅταν
3683 5241 3790 5311 γὰρ
3821 5242 3979 5294 εὐτυ⁴

2409 5334 2530 5401 χῇς,
2577 5334 2642 5401 τῇ
2676 5332 2847 5385 ἑλπίδι
2894 5330 2993 5401 τῆς
3026 5331 3316 5401 δυστυχίας
3344 5334 3666 5404 ἐπαίρεσθαι
3706 5333 3806 5387 οὐκ
3836 5333 3981 5401 ὀφεί-

2408 5422 2547 5484 λεις⁸
2585 5421 2707 5492 μηδ’
2734 5422 2934 5476 ὁπόταν
2964 5422 3251 5493 δυστυχῇς.
3283 5425 3349 5494 τῇ
3396 5423 3568 5478 ἐλπίδι
3595 5425 3694 5494 τῆς
3722 5424 3979 5492 εὐτυχίας

2409 5514 2810 5586 καταφέρεσθαι
2834 5515 3191 5585 παρενεχθῇς·
3213 5516 3576 5587 μικροψυχίας
3596 5518 3704 5590 γάρ
3725 5519 3786 5572 τὺ
3806 5516 3980 5573 toto?»

2406 5622 2468 5657 το
2523 5607 2615 5659 καὶ
2659 5606 2877 5672 ἀνάξιον
2920 5606 3201 5676 βασιλικῆς
3233 5609 3459 5678 ἀρετῆς,
3489 5609 3623 5664 διότι
3672 5611 3733 5663 τὸ
3785 5614 3977 5682 μέλλον

2408 5698 2656 5766 ἀόρατον.
2688 5697 2842 5767 Μήτε
2868 5696 2959 5749 οὖν
2990 5698 3302 5762 στυγνάζων
3330 5700 3481 5765 ποτὲ,
3514 5702 3651 5772 μήτε
3680 5703 3977 5771 γελοιάζων

2408 5785 2651 5849 αὐθαδῶς
2685 5785 2967 5857 φωραθῇς·
3003 5785 3146 5839 οὕτω
3174 5789 3282 5859 γὰρ
3318 5790 3577 5861 φρόνιμός
3606 5809 3664 5845 τε
3699 5793 3867 5859 δόξεις
3900 5792 3979 5848 εί·
