4224 6444
264 443 349 478 ιιι

1002 427 1278 486 Βλειιιι
1327 427 1478 483 ΙΓιΙΡ.
1511 425 1943 483 l’.\li.l€.\'li$lS
1979 424 2080 479 λυ·
2107 422 2403 479 ΗΞΟΧΕΜ
2453 420 2744 479 ΡΙΜΕΜ.

3370 429 3476 468 IIII

256 565 360 607 vat,
387 545 480 598 καὶ
505 544 574 596 τὰ
599 545 654 608 ἐξ
683 543 940 610 ἑκατέρου
965 541 1108 609 παθη
1134 539 1441 607 διαφύγοις·
1474 537 1566 589 καὶ
1592 541 1637 590 οἱ
1666 538 1727 588 τὰ
1757 539 1819 590 σὰ
1848 539 1897 596 Λ

1812 539 1897 596 LA
1925 537 2055 604 quit.
2096 534 2278 602 Neque
2334 535 2495 600 igitur
2528 521 2710 587 tristis
2760 548 2933 600 neque
2981 531 3143 581 vitam
3198 532 3480 596 procacius

255 634 716 704 ὶογοπραγοῦντες
765 633 1017 703 οὐδεμίαν
1060 633 1236 696 ἕξουσι
1283 631 1451 702 λαϐὴν
1481 631 1573 684 τοῦ
1623 632 1824 700 μέμφε-

255 726 375 778 σθαι
411 729 481 778 τά
517 724 946 796 προσπίπτοντα.

778 989 917 1058 Περὶ
952 990 1314 1058 ἐπιμελείας.

322 1079 538 1148 Ταύτην
564 1080 776 1151 σεαυτῷ
798 1081 896 1151 τὴν
925 1082 1167 1151 ἀνάγκην
1194 1081 1400 1146 ἐπίθες,
1433 1079 1494 1134 τὸ
1521 1081 1695 1136 πάντα
1725 1081 1824 1151 μὲν

260 1173 465 1226 ἐθέλειν
519 1173 738 1243 ἑφορᾷν,
795 1171 962 1242 μηδὲν
1004 1171 1062 1224 δὲ
1110 1171 1501 1242 καταδέχεσθαι
1556 1172 1822 1241 παρορᾷν.

259 1261 400 1316 Αὐτὸ
427 1263 481 1316 δέ
513 1281 652 1332 φημι
673 1303 687 1324 ,
721 1265 840 1316 ἐπεὶ
870 1263 1119 1332 βασιλεὺς
1150 1263 1428 1334 ὑπάρχων,
1458 1263 1644 1315 οὐδένα
1684 1263 1825 1331 ἔχεις

258 1357 348 1408 ἐπὶ
382 1356 483 1423 γῆς
514 1355 654 1424 ὑπὲρ
687 1355 746 1407 σὲ
768 1394 784 1416 .
817 1355 876 1416 ὃς
908 1354 1211 1422 ἀναγκάσαι
1251 1371 1308 1406 σε
1350 1354 1589 1407 δύναται.
1611 1353 1746 1406 Ἀλλ’
1778 1355 1825 1406 εἰ

255 1447 348 1498 καὶ
378 1445 596 1498 πάντων
631 1433 936 1515 βασιλεύεις
967 1445 1075 1498 τῶν
1124 1445 1215 1498 ἐπὶ
1261 1444 1385 1514 γῆς,
1419 1445 1533 1498 ἀλλ’
1560 1445 1698 1514 ἔχεις
1734 1445 1824 1497 καὶ

253 1537 412 1597 αὐτὸς
437 1536 529 1588 τὸν
555 1537 612 1588 ὲν
641 1537 888 1605 οὐρανοῖς
917 1535 1158 1606 βασιλέα.
1191 1536 1316 1602 Εῖγε
1341 1531 1432 1588 οὖν
1465 1535 1654 1603 ἐκείνῳ
1690 1535 1826 1588 πάν-

251 1644 357 1681 των
391 1628 542 1695 μέλει
571 1627 646 1689 ὡς
670 1626 808 1695 θεῷ,
836 1627 979 1680 οὕτω
1009 1627 1112 1696 χρὴ
1139 1628 1232 1680 καὶ
1269 1628 1327 1679 σὲ
1358 1626 1524 1696 μηδὲν
1555 1627 1820 1696 παρορᾷν,

248 1719 323 1782 ὠς
341 1721 446 1772 ὑπὸ
465 1719 585 1790 Θεῷ
621 1720 1072 1790 βασιλεῖ.Ὢσπερ
1097 1720 1204 1789 γάρ
1230 1721 1299 1774 τά
1326 1720 1479 1790 παρὰ
1513 1720 1604 1772 σοῦ
1631 1721 1825 1788 ἐπιμει

251 1811 357 1873 λῶς
385 1809 639 1880 ὁρώμενά
680 1827 743 1863 τε
785 1810 876 1864 καὶ
907 1810 1252 1880 διοικούμενα
1291 1809 1532 1880 μεγάλης
1561 1809 1822 1864 ἀπολαύει

251 1903 350 1970 τῆς
379 1901 669 1970 ὠφελείας,
703 1903 845 1957 οὕτω
867 1904 959 1955 καὶ
989 1903 1056 1955 τὰ
1092 1901 1455 1971 παρορώμενα
1490 1901 1623 1971 πρὸς
1653 1902 1820 1971 μεγά-
1856 1884 1897 1939 Β

253 1996 351 2061 λην
384 1993 780 2047 κατολισθαῖνει
806 1993 1096 2046 ἀπώλειαν.
1130 1990 1190 2043 El
1222 1991 1327 2061 γὰρ
1356 1992 1448 2044 καὶ
1479 1992 1571 2045 ἐπὶ
1609 1994 1822 2044 πάντων

251 2087 311 2136 οὑ
363 2086 558 2154 μικρδν
607 2084 668 2137 τὸ
708 2084 858 2153 παρὰ
908 2085 1120 2154 μικρὸν,
1155 2084 1266 2137 ἀλλ’
1293 2080 1382 2137 οὖν
1416 2085 1505 2137 ἐπὶ
1533 2084 1739 2153 βασιλεῖ
1766 2085 1824 2138 τὸ

254 2175 418 2243 σοφὸν
449 2176 608 2228 τοῦτο
634 2177 831 2246 μᾶλλον
856 2176 1134 2247 ἁρμόσειε.

804 2455 940 2522 Περὶ
977 2459 1275 2527 φυλακῆς.

325 2541 413 2605 Ὦς
440 2542 621 2616 ἀγαθὴ
650 2543 770 2596 λίαν
801 2546 1009 2617 σώματι
1046 2549 1312 2621 βασιλικῷ
1345 2553 1578 2622 φυλακὴ,
1612 2554 1643 2622 ἡ
1677 2554 1825 2624 παρὰ

253 2636 363 2688 τῶν
379 2635 636 2704 ὑπηκόων
665 2635 845 2692 εὔνοια
875 2640 970 2692 σὺν
998 2639 1133 2709 Θεῷ.
1161 2642 1254 2694 καὶ
1270 2642 1330 2694 τὸ
1359 2643 1562 2705 πάντας
1594 2645 1826 2696 εὐποιεῖ-

257 2728 384 2779 σθαι
412 2729 540 2795 παρ’
567 2725 728 2780 αὑτοῦ
750 2773 764 2793 ,
810 2731 902 2782 καὶ
949 2731 1128 2799 μηδέν’
1161 2733 1461 2802 ὑφορᾶσθαι
1510 2735 1827 2804 τυραννικόν

253 2832 306 2868 τι
339 2816 550 2870 παθεῖν.
596 2817 737 2870 Ἀλλ’
759 2820 944 2888 ὥσπερ
967 2821 1048 2873 δεῖ
1071 2821 1167 2891 τὴν
1197 2822 1470 2891 βασιλείαν
1506 2843 1597 2880 σου
1629 2827 1826 2894 epuli:-

254 2907 372 2960 ’ζειν
392 2908 543 2978 παρά
562 2908 671 2962 τῶν
703 2910 912 2980 ἐχθρῶν
944 2911 1314 2979 ἀνεπίσουλον,
1349 2915 1489 2968 οὕτω
1517 2918 1621 2985 χρὴ
1644 2920 1828 2985 τηρεῖν

258 3001 350 3051 καὶ
378 2999 491 3062 τοῖς
523 3001 750 3054 πάθεσιν
779 3003 1100 3057 ἀνεπξὸατον
1124 3019 1138 3034 ο
1171 3006 1449 3076 ἀμφότερα
1484 3007 1588 3077 γὰρ
1614 3009 1642 3060 ό
1675 3007 1829 3074 λόγος

254 3089 551 3159 ἐπιϐουλὴν
578 3090 840 3162 ὁρίζεται,
871 3096 962 3146 καὶ
997 3097 1052 3147 ὲν
1084 3097 1363 3166 ἑκατέροις
1398 3098 1565 3167 μέγας
1598 3099 1626 3151 ό
1652 3100 1830 3152 κίνδυ-

1926 628 2112 681 t‘idcns
2145 626 2318 695 palam
2349 624 2811 692 dcprehendaris;
2871 622 2941 673 ita
2975 623 3116 673 enim
3146 629 3200 673 et
3248 619 3484 687 prudens

1924 716 2348 774 exiSIimaberis.
2402 724 2454 769 et
2509 716 2681 768 aliinia
2739 715 2994 781 utrinque
3024 713 3154 762 vitia
3192 708 3482 768 devit'abis,

1924 824 2096 877 neque
2139 810 2359 861 curiose
2416 807 2694 860 maledicis
2751 821 2939 860 ansam
2999 803 3164 856 ullam
3215 802 3484 873 praebebis

1923 901 2252 969 obloquendi
2295 901 2358 954 de
2384 899 2473 960 iis,
2509 913 2628 966 quae
2663 899 2755 950 tibi
2793 898 3065 951 accident.

2510 993 2579 1044 De
2621 989 2920 1059 diligentia.

1996 1083 2280 1149 Ohstringe
2353 1093 2404 1138 te
2462 1082 2589 1136 huic
2660 1073 3108 1142 necessitati,‘ut
3162 1078 3345 1132 omnia
3387 1076 3482 1130 tibi

1926 1175 2100 1229 oculis
2129 1175 2463 1244 inspicienda
2494 1190 2616 1228 esse
2665 1173 2856 1235 ducas,
2909 1181 2962 1226 et
3012 1171 3146 1225 nihil
3177 1171 3485 1239 inexplora-

1927 1279 2039 1321 tum
2075 1267 2462 1336 praetermittas
2507 1286 2518 1320 :
2573 1269 2772 1335 quippe
2804 1266 3099 1333 imperator
3135 1281 3256 1318 cum
3287 1264 3387 1322 sis,
3434 1264 3484 1315 in

1928 1362 2091 1413 terris
2121 1358 2342 1428 quidem
2381 1359 2649 1412 neminem
2700 1357 3036 1426 superiorem
3069 1356 3255 1418 habes,
3303 1354 3396 1423 qui
3439 1362 3488 1406 te

1927 1467 2117 1521 cogere
2149 1452 2364 1514 valeat;
2395 1465 2456 1503 ac
2490 1449 2614 1502 licet
2649 1453 2891 1501 omnium
2930 1449 2981 1501 in
3019 1456 3161 1500 terra
3187 1448 3265 1500 sis
3311 1435 3484 1498 domi?

1927 1559 2053 1606 nus,
2097 1559 2276 1612 regem
2304 1554 2480 1596 tamen
2521 1541 2690 1594 habes
2721 1541 3062 1609 superiorem
3114 1540 3165 1592 in
3206 1539 3368 1601 ccelo,
3401 1539 3486 1591 cui

1928 1638 2071 1691 sicut
2104 1635 2284 1689 omnia
2312 1646 2371 1688 ut
2404 1635 2509 1688 Deo
2547 1649 2692 1688 cura:
2742 1643 2890 1694 sunt,
2951 1632 3021 1684 ita
3054 1631 3147 1683 tibi
3180 1646 3399 1698 quoque
3433 1639 3490 1681 ut

1928 1729 2042 1798 regi
2076 1742 2224 1782 curat
2252 1742 2372 1781 esse
2395 1728 2627 1781 debent:
2662 1726 2794 1780 nihil
2825 1740 2952 1794 ergo
2990 1723 3084 1777 tibi
3112 1723 3487 1792 negligendqu

1926 1830 2034 1886 est,
2067 1829 2257 1889 utpote
2291 1819 2383 1889 qui
2415 1835 2507 1873 rex
2539 1818 2644 1872 Deo
2695 1818 2977 1884 subjectus
3007 1831 3088 1869 es.
3122 1814 3489 1879 Quemadmo-

1927 1912 2053 1967 dum
2089 1913 2236 1966 enim
2273 1927 2335 1965 ea
2369 1926 2486 1978 qua:
2522 1926 2548 1962 a
2576 1920 2625 1964 te
2657 1909 2948 1977 diligent”
3011 1908 3254 1974 inspecta
3317 1907 3490 1958 admi-

1928 2005 2256 2067 nistrantur,
2321 2003 2462 2055 haud
2511 2015 2700 2069 parmn
2756 2001 3066 2066 proliciunt,
3097 2000 3280 2066 itaun
3313 1996 3494 2064 negle-

1926 2095 2056 2146 etim
2089 2101 2514 2162 praetereuntur,
2550 2092 2601 2143 in
2653 2106 2901 2158 magnam
2949 2089 3240 2156 perniciem
3300 2087 3492 2138 labun-

1927 2194 2051 2247 tur;
2083 2196 2132 2237 et
2165 2184 2209 2237 si
2235 2183 2490 2236 omnibus
2525 2183 2579 2235 in
2612 2183 2776 2235 rebus
2813 2198 2920 2234 non
2956 2196 3183 2249 parvum
3208 2188 3291 2232 est
3334 2179 3480 2245 quod

1928 2287 2118 2343 parum
2148 2273 2320 2333 abest,
2362 2272 2634 2342 pnecipuc
2671 2281 2850 2325 tamen
2891 2273 3106 2341 regibus
3145 2271 3364 2339 sapiens
3390 2269 3493 2322 hoc

1927 2365 2132 2418 dictum
2174 2365 2452 2417 convenit.

2524 2453 2597 2508 De
2634 2453 2898 2506 custodia.

1999 2548 2156 2603 Nulla
2183 2549 2312 2618 rcgii
2368 2549 2616 2617 corporis
2660 2549 2852 2600 melior
2892 2555 2974 2601 est
3026 2548 3297 2612 custodia,
3328 2562 3491 2617 quam

1930 2644 2275 2698 subditorum
2317 2639 2724 2700 benevolentia,
2781 2638 2888 2694 Deo
2949 2639 3218 2707 juvaute;
3275 2656 3399 2694 cum
3423 2641 3492 2694 ita

1930 2742 2059 2790 eum
2083 2748 2275 2787 omnes
2310 2731 2378 2785 ab
2419 2747 2484 2784 eo
2520 2730 2795 2784 beneﬁciis
2831 2729 3116 2793 cumulati,
3150 2739 3208 2783 ut
3239 2745 3395 2784 nemo
3431 2733 3498 2784 ah

1929 2838 1994 2878 eo
2030 2821 2301 2892 tyrannici
2327 2819 2622 2890 quidquam
2679 2819 2782 2874 sibi
2819 2828 3045 2872 metuat.
3100 2818 3206 2873 Sed
3231 2821 3496 2887 quemad-

1932 2913 2154 2966 modum
2219 2912 2509 2980 imperium
2563 2919 2718 2962 tuum
2763 2910 2831 2962 ab
2877 2909 3224 2964 inimicorum
3281 2911 3497 2966 insidiis

1932 3012 2138 3058 sartum
2164 3008 2366 3056 tectum
2405 3013 2626 3055 servare
2656 3008 2893 3069 oportet,
2927 3001 2999 3053 ita
3031 3011 3084 3056 et
3115 3015 3142 3053 a
3205 3002 3497 3070 perturba-

1931 3093 2141 3147 tionum
2179 3091 2590 3147 incursionibus
2625 3090 2987 3146 inoffensum:
3021 3101 3317 3162 utrumque
3353 3094 3497 3148 enim

257 3182 528 3243 νος.“Λλλ⁹
566 3184 598 3252 ὴ
648 3184 747 3252 μὲν
791 3183 882 3236 τοῦ
936 3185 1183 3255 σώματος
1210 3174 1486 3258 επιϐουλὴ
1538 3191 1686 3258 παρὰ
1725 3191 1831 3243 τῶν
1857 3209 1901 3268 ο

1857 3209 1901 3268 ο
1936 3186 2263 3242 insidiarum
2297 3187 2516 3240 nomine
2547 3185 2887 3248 continetur,
2926 3193 2979 3239 et
3009 3185 3077 3238 ab
3138 3194 3371 3256 utroque
3423 3188 3500 3241 in-

258 3269 489 3340 ἐχθρῶν,
514 3274 846 3344 πρόσκαιρον
875 3274 986 3344 ἔχει
1013 3276 1100 3329 τὸν
1129 3277 1384 3331 θάνατον·
1414 3280 1444 3348 ἡ
1473 3280 1529 3333 δὲ
1562 3281 1699 3333 κατὰ
1730 3281 1828 3348 τῆς

256 3362 435 3430 ψυχῆς
463 3364 719 3435 ἑπισουλὴ
757 3368 905 3435 παρά
937 3367 1045 3420 τῶν
1085 3368 1292 3433 παθῶν,
1336 3372 1603 3441 τιμωρίαν
1637 3373 1829 3442 προξε-

257 3454 360 3518 νεῖ,
387 3455 489 3506 καὶ
520 3457 656 3525 μετά
681 3457 772 3509 τὸν
806 3457 1054 3524 θάνατον,
1082 3459 1181 3529 τὴν
1207 3460 1495 3516 ἀθάνατον.

519 3712 663 3778 ⁵Περὶ
706 3711 812 3778 τῆς
851 3713 1212 3782 ἐπουρανίου
1244 3715 1581 3780 βασιλείας.

335 3802 526 3857 Πολλοὶ
575 3803 814 3873 βασιλεῖς
842 3805 909 3858 τὰ
947 3806 1193 3875 βασιλεῖσ.
1232 3807 1405 3862 ταῦτα
1454 3809 1825 3880 παρῴκησαν·

259 3895 378 3949 ἀλλ’
425 3895 592 3960 ὀλίγοι
641 3895 740 3962 τὴν
789 3898 1111 3968 ἐπουράνιον
1160 3897 1438 3966 βασιλείαν
1489 3901 1828 3970 κατῴκησαν.

262 3984 542 4046 lim-361C:
576 3979 689 4044 οὖν,
722 3984 910 4035 τέκνον
939 3984 1312 4054 ἠγαπημένον,
1338 3987 1411 4056 μὴ
1445 3987 1603 4055 μόνον
1634 3988 1835 4056 ταύτην

259 4077 363 4144 τὴν
399 4075 671 4144 βασιλείαν
697 4075 1039 4146 κατορθῶσαι
1069 4077 1156 4129 διά
1185 4077 1283 4146 τῆς
1312 4077 1418 4130 τῶν
1441 4079 1653 4147 τρόπων
1679 4079 1836 4132 καλο·

263 4166 558 4234 κὰγαθίας,
584 4167 716 4220 ἀλλά
744 4167 836 4218 καὶ
862 4168 960 4236 τὴν
986 4169 1306 4235 ἐπουράνιον
1327 4169 1727 4240 κληρονομῆσαι
1751 4170 1836 4224 διὰ

263 4261 366 4328 τῆς
411 4259 521 4312 τῶν
551 4260 758 4329 ἀρετῶν
794 4260 1177 4329 ἀγαθοεργίας.
1222 4261 1468 4331 Σήμερον
1497 4262 1603 4331 γάρ
1638 4265 1739 4316 εἰσι
1772 4265 1837 4317 τὰ

267 4351 514 4420 βασίλεια
546 4352 633 4416 σά,
665 4352 756 4404 καὶ
785 4351 970 4421 αὔριον
997 4354 1203 4406 ἔσονται
1230 4354 1288 4405 οὐ
1323 4353 1387 4405 σὰ
1407 4394 1420 4418 ,
1454 4355 1591 4423 μετὰ
1638 4355 1695 4408 δὲ
1745 4356 1838 4423 τὴν

264 4442 460 4514 αὔριον
493 4443 679 4513 ἑτέρου
701 4460 714 4473 ·
747 4445 839 4496 καὶ
868 4445 964 4513 τὴν
1006 4444 1121 4512 μετ’
1153 4445 1387 4515 ἐκείνην,
1418 4445 1511 4498 τοῦ
1553 4446 1668 4515 μετ’
1699 4448 1837 4498 ἐκεῖ-

1933 3293 2067 3348 gens
2097 3276 2343 3331 imminet
2369 3276 2699 3345 periculum.
2740 3275 2844 3330 Sed
2898 3277 3115 3345 corpori
3149 3277 3370 3346 quidem
3405 3293 3500 3348 pa-

1931 3377 2062 3424 rata:
2094 3369 2160 3422 ab
2200 3368 2448 3422 hostibus
2473 3367 2681 3422 insidim
2718 3370 3061 3436 temporariae
3088 3370 3280 3424 mortis
3300 3369 3502 3426 discri-

1933 3477 2055 3516 men
2086 3461 2346 3515 alierum:
2381 3460 2645 3514 adversus
2676 3467 2857 3514 autem
2895 3464 3131 3514 animam
3177 3477 3205 3514 a
3232 3463 3504 3530 cupidita-

1934 3549 2079 3602 tibus
2105 3557 2450 3617 comparatae,
2486 3547 2650 3600 etiam
2684 3556 2806 3615 post
2844 3557 3100 3609 mortem,
3126 3547 3497 3604 immortalem

1936 3653 2116 3694 secum
2139 3652 2351 3704 pteuam
2377 3638 2623 3690 trahunt.

2456 3728 2531 3780 De
2557 3729 2752 3780 ca’lesli
2793 3745 2970 3796 regno.

2008 3822 2227 3890 lsugiam
2286 3821 2444 3873 istam
2501 3819 2757 3888 permulti
2794 3834 2950 3887 rcges
2987 3817 3368 3884 incoluerunt;
3405 3820 3501 3874 sed

1937 3915 2090 3985 pauci
2120 3912 2340 3966 cmleste
2369 3925 2591 3976 regnqu
2627 3909 2808 3978 adepti
2834 3917 2978 3962 sunt.
3017 3907 3096 3962 Tu
3137 3924 3265 3965 vero
3298 3910 3505 3964 charis-

1939 4005 2074 4060 sime
2121 4003 2216 4064 ﬁli,
2273 4001 2483 4054 enitere
2519 4015 2626 4053 non
2682 4001 2857 4053 solum
2895 4008 3174 4053 terrenum
3225 3999 3371 4053 istud
3417 4015 3503 4055 rc-

1939 4110 2103 4165 gnum
2146 4109 2239 4162 per
2271 4106 2480 4144 morum
2513 4090 2841 4160 probitatem
2895 4100 3039 4145 recte
3073 4091 3459 4147 administrare
3487 4111 3499 4146 :

1940 4188 2034 4241 sed
2069 4183 2313 4239 cmlestis
2367 4184 2532 4237 etiam
2566 4182 2939 4237 haereditatem
2992 4199 3085 4253 per
3104 4186 3323 4240 virtutis
3347 4200 3506 4238 exer-

1939 4283 2249 4335 citationetn
2287 4279 2540 4348 adipisci.
2578 4277 2746 4333 llodie
2777 4279 2922 4333 enim
2979 4290 3069 4333 tua
3118 4290 3247 4335 sunt
3287 4284 3389 4335 ista
3415 4294 3509 4350 pa-

1943 4373 2093 4435 latia,
2139 4372 2377 4426 crastina
2407 4370 2495 4424 die
2536 4379 2626 4423 tua
2682 4371 2918 4425 tortasse
2948 4387 3056 4426 non
3096 4382 3278 4436 erunt,
3321 4388 3384 4427 ac
3417 4389 3510 4442 pe-

1943 4464 2128 4518 rendie
2166 4462 2392 4516 alterius
2449 4459 2614 4523 ﬁent,
2668 4476 2733 4515 ac
2805 4469 2926 4531 post
2960 4463 3318 4530 perendinum
3364 4462 3508 4518 diem

267 4553 380 4597 νον,
409 4535 549 4588 ὥστε
600 4537 700 4588 οὐκ
750 4537 884 4587 εἰσὶν
933 4535 1183 4587 οὐδέποτε
1236 4536 1464 4599 οὐδενός.
1520 4537 1580 4590 El
1611 4538 1716 4608 γὰρ
1747 4541 1839 4592 καὶ
1874 4532 1916 4587 D

1835 4579 1839 4591 -
1874 4532 1916 4587 θ
1948 4557 2086 4610 alius
2121 4554 2296 4608 adhuc
2324 4562 2442 4623 post
2473 4554 2757 4617 alium,ita
2792 4562 2849 4608 ut
2884 4555 3088 4610 nullius
3113 4571 3351 4624 unquam
3392 4557 3503 4608 sint

268 4627 502 4690 πολλοὺς
551 4627 838 4696 ἀμείϐουσι
886 4628 1011 4689 τοὺς
1053 4627 1336 4692 δεσπότας,
1369 4627 1555 4681 οὐδένα
1601 4629 1708 4698 ἄρα
1754 4630 1842 4682 τὸν

269 4723 495 4790 γνήσιον
540 4719 720 4788 ἔχουσι
763 4719 1045 4789 δεσπότην.
1083 4721 1231 4772 Ἐπεὶ
1264 4715 1357 4773 οὖν
1406 4720 1705 4791 μεταϐῆναι
1739 4721 1843 4792 χρὴ

270 4813 369 4882 τῆς
426 4810 674 4864 ἐντεῦθεν
724 4811 986 4876 ἐξουσίας,
1018 4812 1341 4881 σπεύσωμεν
1388 4812 1719 4882 ἀμείψασθαι
1767 4813 1844 4865 δι’

269 4906 476 4971 ἀρετῆς
504 4903 602 4973 τὴν
627 4902 831 4956 ἐκεῖθεν
859 4903 1155 4970 βασιλείαν,
1187 4904 1308 4973 ἣτις
1341 4904 1474 4974 μόνη
1503 4903 1561 4956 τὸ
1583 4903 1845 4957 ἀθάνατον

271 4996 534 5063 κέκτηται
572 4995 665 5048 καὶ
713 4994 1020 5064 ἀδιάὅοχον·
1069 4996 1135 5049 τὰ
1164 4996 1218 5047 δὲ
1251 4995 1382 5048 ἄὶλα
1419 4995 1596 5048 πάντα
1641 4996 1723 5065 ῥεῖ
1753 4996 1844 5049 καὶ

273 5089 638 5158 παρέρχεται.
1693 5099 1697 5104 ’

759 5281 890 5349 Περὶ
927 5283 1166 5350 μνήμης
1204 5282 1369 5336 Θεοῦ.

347 5373 470 5426 Ἐὰν
499 5373 660 5440 νόμον
684 5371 912 5426 σεαυτοῦ
938 5373 1034 5443 τὴν
1063 5373 1364 5438 συνείδησιν
1392 5372 1519 5445 ἔχῃς
1543 5413 1558 5436 ,
1587 5373 1679 5425 καὶ
1709 5373 1851 5443 ἅπερ

277 5466 441 5527 αὐτὸς
473 5464 664 5517 παθεῖν
692 5464 792 5516 οὐκ
819 5462 1021 5526 ἐθέλεις
1041 5504 1056 5526 ,
1083 5464 1205 5516 οὐδὲ
1234 5462 1457 5533 ’ἑτέρους
1493 5461 1683 5518 παθεῖν
1728 5465 1849 5516 ὲπι-

277 5555 506 5626 τρέψῃς,
537 5555 789 5608 οὐδέποτε
818 5553 1028 5631 μέμψιν
1059 5553 1330 5631 ἁμαρτίαις
1360 5555 1641 5625 ὑποστήσῃ
1663 5570 1677 5584 ”
1716 5557 1764 5607 εἰ
1798 5555 1852 5607 δὲ

278 5648 375 5699 καὶ
398 5647 491 5698 τὸν
518 5646 650 5699 Θεὸν
675 5649 732 5700 ἐν
764 5629 908 5718 πάσῃ
943 5664 1033 5699 σου
1062 5646 1252 5717 πράξει
1279 5646 1521 5717 ἑπόπτην
1549 5648 1641 5699 καὶ
1673 5646 1850 5708 ἐξετα-

280 5737 435 5806 στὴν,
467 5737 655 5808 ὥσπερ
688 5737 853 5801 ἔστιν,
880 5737 1204 5809 ἀναλογίσῃ,
1237 5736 1360 5792 οὔτε
1404 5737 1652 5806 φανερῶς
1702 5753 1854 5799 ποτε,

279 5830 409 5885 οὔτε
444 5830 700 5898 κρυπτῶς
734 5832 1091 5901 ἁμαρτήσεις.
1128 5831 1245 5886 Κᾶν
1275 5829 1382 5899 γὰρ
1417 5831 1634 5898 ἐτέρους
1663 5829 1853 5882 λανθά-

1949 4645 2187 4715 propria.
2216 4641 2346 4696 Nam
2380 4643 2480 4696 etsi
2503 4642 2704 4697 multus
2731 4643 2968 4697 vicissim
2993 4653 3303 4712 permutant
3331 4643 3512 4697 domi-

1951 4751 2073 4801 nos,
2104 4745 2286 4789 tamen
2314 4735 2531 4803 proprie
2585 4733 2795 4788 nullum
2844 4749 3032 4789 verum
3066 4749 3132 4788 ac
3189 4750 3511 4804 germanum

1951 4827 2174 4882 habent.
2201 4826 2469 4891 Quoniam
2498 4840 2628 4894 ergo
2662 4825 3039 4880 dominatione
3063 4825 3166 4880 ista
3208 4826 3510 4880 cedendum

1952 4925 2055 4979 est,
2087 4914 2406 4970 studeamus
2436 4928 2555 4967 eam
2584 4929 2678 4982 per
2701 4913 2959 4968 virtutem
2993 4930 3117 4970 cum
3171 4917 3383 4970 coalein
3429 4932 3520 4971 re-

1954 5019 2060 5075 gno
2087 5009 2446 5066 commutare,
2467 5002 2610 5072 quod
2640 5003 2813 5058 solum
2835 5018 2934 5057 nec
2959 5005 3146 5070 morti,
3178 5019 3278 5059 nec
3305 5005 3515 5059 vicissi-

1957 5094 2129 5149 tudini
2165 5093 2465 5148 obnoxium
2507 5102 2612 5158 est,
2646 5108 2768 5147 cum
2803 5105 3001 5149 caetera
3054 5095 3236 5150 omnia
3277 5095 3516 5151 deﬂuant

1957 5202 2019 5243 ac
2047 5194 2386 5257 praetereant.

2485 5277 2557 5332 De
2592 5281 2841 5333 memoria
2875 5279 2992 5334 Dei.

2027 5369 2430 5425 Conscientiam
2459 5378 2606 5423 tuam
2641 5370 2688 5424 si
2725 5385 2822 5440 pro
2843 5371 2968 5441 lege
3015 5371 3294 5438 habueris,
3320 5381 3375 5428 et
3397 5388 3517 5442 qua:

1959 5463 2070 5532 pati
2116 5461 2234 5531 ipse
2283 5460 2444 5524 nolis,
2492 5475 2772 5530 nunquam
2833 5462 2970 5515 alios
3018 5461 3129 5531 pati
3161 5463 3515 5532 permiseris.

1961 5554 2166 5608 nullius
2191 5566 2428 5621 unquam
2460 5553 2671 5621 peccati
2703 5551 2823 5607 labe
2851 5551 3149 5608 fcedaberis
3170 5563 3252 5617 ;et
3277 5553 3322 5607 si
3349 5550 3515 5607 Deum

1961 5643 2204 5699 omnium
2264 5656 2383 5711 qua:
2438 5640 2574 5697 facis
2623 5642 2986 5711 inspecmrem
3041 5643 3517 5714 cognitoremque.

1964 5738 2106 5792 sicut
2144 5745 2245 5798 est.
2273 5751 2398 5792 esse
2459 5736 2555 5790 tibi
2609 5736 2972 5806 persuaseris,
3023 5749 3298 5805 nunquam
3343 5749 3520 5803 neque

1967 5829 2140 5898 palam
2169 5843 2342 5900 neque
2373 5829 2509 5886 clam
2531 5829 2806 5900 peccabis.
2842 5826 2974 5886 Nam
3018 5829 3122 5887 etsi
3167 5829 3301 5887 alios
3351 5829 3517 5885 latere
