4224 6444
727 408 847 446 \|.lll

2034 388 2530 444 1ῚὶοῌὲϋΟΜΙίΝ
2546 393 2581 444 Α
2596 435 2603 444 .

3817 395 3937 431 λιιισ

726 504 995 557 videberis
1052 517 1170 571 quae
1236 510 1450 553 secreto
1515 499 1722 560 lacics,
1775 509 1827 549 at
1874 499 2267 549 conscientiam
2301 499 2345 553 Α
2376 520 2394 549 ν

2301 499 2345 553 Α
2376 519 2485 551 νειν
2531 500 2704 569 δόξῃς,
2739 500 2880 568 ειπερ
2908 502 2963 549 ἐν
2998 499 3176 566 tego-gi";
3210 496 3455 565 πράξεις,
3489 496 3602 547 ἀλλ’
3634 498 3725 547 ουν
3755 513 3814 561 γε
3842 497 3940 562 τήν

720 606 865 649 certe
903 604 1070 655 tuam,
1108 602 1161 645 et
1196 591 1361 646 Deum
1399 594 1571 659 ipsum
1605 592 1695 658 qui
1754 606 1923 658 usque
1960 590 2013 640 in
2057 588 2271 639 abditos

716 686 880 737 animi
942 697 1194 736 recessus
1260 683 1529 741 ἰιιιιιιιιιτ,
1589 679 1942 732 rcVereberis.
2018 678 2273 729 llomines

714 775 994 841 enimquaa
1025 773 1269 841 corporis
1300 782 1429 823 sunt
1452 772 1666 835 vident;
1702 778 1754 821 at
1787 786 1903 838 qua'
1940 769 1992 821 in
2022 777 2273 834 pcnetra«

716 865 853 917 libus
888 865 1053 917 animi
1096 866 1283 924 latent,
1306 864 1455 915 solus
1490 861 1580 915 llei
1633 862 1843 918 oculus,
1906 875 2066 927 quem
2140 856 2273 911 nihil

713 957 863 1018 latet,
897 955 1262 1021 conspicatur.
1297 952 1451 1005 Sicut
1488 953 1632 1005 enim
1675 968 1797 1003 cum
1856 953 1937 1003 sol
1987 951 2129 1003 lueet
2174 949 2275 1002 sub

713 1048 804 1100 dio
832 1046 965 1099 nihil
993 1046 1267 1097 occultum
1300 1060 1422 1098 esse
1460 1052 1654 1113 potest,
1687 1044 1758 1094 ita
1793 1040 1900 1095 Deo
1953 1041 2276 1111 inspiciente

713 1138 895 1191 omnia
929 1136 1061 1190 nihil
1086 1138 1235 1189 illum
1271 1136 1438 1187 latere
1476 1144 1674 1203 potest.

1100 1225 1173 1277 De
1204 1228 1537 1291 corruptione
1589 1238 1889 1274 munerum.

784 1315 1016 1369 Venales
1045 1317 1365 1368 muneribus
1384 1315 1678 1380 dignitates
1712 1329 1839 1366 care
1861 1329 1926 1363 ne
1943 1308 2277 1371 babeas,sed

717 1409 896 1477 potius
936 1407 1105 1476 gratis
1153 1422 1244 1459 cas
1271 1405 1489 1472 largire.
1550 1406 1648 1469 Qui
1698 1406 1840 1456 enim
1901 1401 2277 1469 magistratum

717 1502 891 1566 pretio
943 1516 1005 1551 en
1032 1499 1091 1559 it,
1153 1497 1322 1548 multo
1374 1498 1546 1563 magis
1583 1497 1757 1546 eidem
1812 1493 2090 1559 subjectos
2124 1491 2277 1553 entit,

718 1598 775 1641 ut
806 1588 1123 1639 muneribus
1180 1601 1302 1653 qua:
1334 1586 1479 1637 dedit
1517 1588 1687 1635 l‘retus
1722 1583 1837 1649 ipse
1856 1580 2125 1633 audacius
2162 1594 2274 1631 tnu-

718 1694 843 1732 nera
862 1678 1062 1743 capiat.
1107 1675 1280 1727 Proba
1322 1676 1485 1743 igitur
1517 1685 1680 1742 atque
1716 1673 1939 1742 explora
1969 1672 2278 1739 diligenter,

716 1781 875 1838 atque
908 1771 978 1820 ita
1010 1768 1225 1819 demum
1266 1764 1331 1818 ad
1366 1769 1599 1819 honores
1625 1767 1857 1832 proveho
1902 1780 2020 1826 eos,
2060 1763 2151 1832 qui
2177 1762 2276 1815 do-

717 1877 843 1913 num
882 1860 983 1909 lnn:
1025 1857 1142 1909 sine
1185 1857 1511 1908 muneribus
1538 1858 1844 1914 audiit-unt,
1869 1856 1912 1907 si
1948 1854 2028 1905 vis
2059 1866 2275 1905 omnem

716 1970 744 2004 ει
784 1952 1057 2020 republica
1086 1948 1467 2002 roneussionis
1503 1948 1675 2000 labem
1704 1947 1976 1998 exsulare.
2008 1944 2141 1995 Nam
2184 1942 2279 2011 qui

715 2043 807 2095 dat
834 2051 889 2091 ut
921 2040 1297 2107 magistratum
1363 2036 1565 2104 capiat,
1596 2044 1864 2102 qiuestum
1896 2034 1997 2087 sibi
2047 2049 2076 2085 ιι
2106 2033 2279 2102 inagi-

721 2141 893 2187 stratu
921 2138 1102 2197 captat
1129 2145 1143 2192 ;
1179 2129 1268 2179 dat
1293 2127 1436 2181 cuitu
1473 2136 1528 2179 ut
1555 2128 1646 2195 jus
1669 2127 1918 2194 capiendi
1979 2125 2197 2184 habeat.
2228 2134 2283 2178 et

721 2224 1014 2276 violatione
1065 2221 1270 2289 jurium
1314 2219 1516 2285 jurium
1550 2218 1896 2270 violationem
1953 2217 2281 2285 negotietur.

716 2313 818 2376 Qui
860 2313 1003 2364 enim
1065 2313 1182 2363 sine
1235 2310 1407 2378 pretio
1444 2308 1818 2377 magistratum
1875 2309 2194 2369 obtinuerit,
2238 2307 2283 2360 is

723 2417 1000 2469 nunquam
1026 2401 1410 2453 rotn'tussionis
1442 2400 1573 2451 vitio
1620 2398 1920 2452 laborabit:
1957 2407 2011 2451 at
2046 2397 2139 2466 qui
2163 2411 2285 2465 pre-

724 2495 800 2545 tio
832 2492 1204 2559 magistratum
1239 2497 1508 2541 mercatus
1535 2486 1717 2550 fuerit,
1751 2489 1795 2541 is
1822 2503 2094 2554 nunquam
2119 2486 2183 2537 ad
2206 2483 2284 2536 fa-

717 2581 968 2635 ciendum
1020 2578 1224 2648 aliquid
1253 2580 1372 2633 siue
1402 2580 1648 2632 mercede
1688 2594 2005 2632 assuescere
2063 2576 2281 2645 poterit:

719 2685 772 2726 tc
814 2685 993 2726 autem
1022 2672 1406 2726 concussionis
1436 2678 1490 2724 et
1539 2670 1784 2723 sordium
1820 2669 2041 2723 habebit
2087 2667 2286 2735 inagis-

719 2776 887 2827 trum,
949 2780 1111 2832 quem
1174 2762 1446 2816 vindicem
1494 2762 1694 2815 habere
1738 2762 2040 2814 debuerat:
2112 2773 2289 2824 neque

722 2858 837 2924 ipse
871 2857 1047 2907 solum
1089 2854 1327 2921 captabit
1392 2868 1636 2915 munera,
1670 2853 1763 2905 sed
1821 2851 1982 2904 aiam
2016 2851 2153 2903 alios
2186 2848 2286 2903 sibi

720 2947 1002 3013 subjectos
1031 2945 1095 2995 ad
1124 2943 1266 2995 idem
1306 2942 1613 2995 faciendum
1664 2944 1974 3011 compellet.

1318 3034 1393 3086 De
1438 3035 1727 3102 injustt'tin.

795 3123 1223 3192 Haudquaquam
1257 3136 1366 3176 tam
1406 3125 1641 3193 graviter
1693 3131 1887 3192 peccat
1915 3124 2005 3192 qui
2044 3123 2171 3176 facit
2202 3127 2285 3176 in-

716 3215 940 3282 juriam,
966 3231 1128 3281 quam
1164 3215 1257 3281 (ιιιὶ
1290 3215 1474 3265 sciens
1504 3215 1618 3266 lieri
1650 3213 1807 3265 sinit.
1864 3212 2000 3265 Cum
2030 3226 2161 3279 ergo
2189 3214 2285 3265 ali-

718 3310 841 3376 quis
875 3322 1068 3375 passus
1107 3306 1363 3371 injuriam
1427 3304 1492 3356 ad
1543 3314 1594 3357 te
1627 3304 1941 3367 accesserit,
1976 3318 2044 3356 ne
2098 3303 2287 3371 queri-

720 3400 954 3451 moniam
981 3407 1036 3449 et
1094 3396 1438 3451 alllielionem
1470 3396 1615 3447 illius
1642 3406 1983 3457 contemnas,
2026 3411 2093 3447 nc
2124 3409 2284 3446 occa-

719 3491 926 3541 sionem
984 3488 1223 3555 praebeas
1282 3488 1348 3539 iis
1404 3487 1495 3553 qui
1560 3487 1740 3539 facere
1788 3488 2048 3553 injuriam
2105 3488 2281 3556 parati

717 3586 898 3632 erunt.
934 3578 1037 3642 Qui
1073 3578 1216 3627 euitn
1246 3576 1406 3627 la-sus
1433 3576 1631 3640 injuria
1667 3583 1771 3634 cst,
1815 3578 1864 3627 in
1905 3587 1953 3627 te
1996 3592 2105 3627 uno
2134 3591 2285 3644 spem

718 3684 870 3720 suam
910 3668 1079 3734 ponit,
1115 3675 1273 3731 teque
1315 3666 1492 3731 ipsum
1526 3664 1735 3731 injurize
1761 3683 1870 3717 Stttl‘
1906 3665 2171 3718 Vindicem
2204 3666 2286 3717 l'uo

720 3769 906 3810 turum
935 3774 1238 3825 opponens,
1267 3758 1611 3824 persequitur
1642 3773 1764 3808 cum
1798 3774 1825 3807 a
1852 3774 1960 3823 quo
1979 3769 2061 3809 est
2088 3757 2282 3821 injuria

719 3847 969 3899 violatus.
989 3846 1221 3898 Omnino
1257 3860 1386 3912 ergo
1414 3851 1630 3912 oportet
1665 3846 1995 3911 supplicem,
2018 3845 2107 3913 qui
2138 3845 2280 3913 apud

719 3948 768 3989 te,
794 3938 1171 4005 conqueritur;
1230 3938 1321 4001 jus
1383 3951 1542 3987 suum
1600 3936 1869 3997 obtinere,
1909 3953 2281 4003 cutuzequum

717 4025 787 4084 sit
820 4032 1076 4097 injuriam
1132 4028 1466 4094 propulsari.
1528 4026 1584 4078 Si
1635 4042 1763 4078 vero
1832 4028 2030 4095 ipsein
2082 4028 2282 4096 injuria

716 4122 1246 4186 contiivcliis,atqne
1283 4134 1406 4169 eum
1453 4118 1544 4185 qui
1590 4117 1751 4171 la-sus
1802 4119 1927 4179 erit,
1982 4119 2279 4188 despicies,

715 4229 836 4265 eum
871 4221 1047 4262 autem
1081 4210 1171 4277 qui
1223 4210 1443 4270 lzeserit,
1476 4224 1599 4261 eum
1657 4211 1811 4263 solus
1842 4211 2029 4262 ulcisci
2073 4213 2280 4274 valeas,

719 4305 920 4357 nullam
971 4304 1198 4368 justitia:
1241 4301 1507 4353 rationein
1564 4301 1785 4362 habeas,
1831 4302 1960 4367 quid
2010 4305 2276 4373 reliquum

717 4395 829 4461 spei
861 4395 957 4444 mit
1000 4392 1200 4444 misero
1222 4392 1299 4441 illi
1333 4405 1441 4457 quo
1470 4391 1673 4457 fugiat?
1708 4408 1735 4441 a
1763 4409 1870 4459 quo
1901 4395 2135 4461 amplius
2162 4397 2281 4449 vin-

2379 592 2599 641 σεαυτοῦ
2629 589 2929 656 συνείδησιν
2962 588 3052 639 καὶ
3083 586 3233 646 Θεὸν,
3263 588 3352 636 τὸν
3383 589 3475 637 καὶ
3500 586 3679 637 αὐτῶν
3710 588 3815 636 τῶν
3842 588 3939 651 τῆς

2374 682 2547 749 ψυχῆς
2580 680 2816 748 ταμείων
2861 680 3073 747 ἔφορον,
3110 678 3534 750 ὲπαισχυνθήσῃ.
3567 680 3646 731 Τὰ
3698 680 3795 746 μὲν
3836 680 3942 746 γὰρ

2375 774 2467 823 τοῦ
2501 773 2746 839 σώματος
2787 772 3053 839 ἐφορῶσιν
3078 771 3352 839 ἄνθρωποι
3372 811 3384 827 .
3417 771 3484 822 τὰ
3507 771 3563 823 δὲ
3595 772 3651 822 ὲν
3679 771 3756 838 τῷ
3788 772 3941 839 βάθει

2377 864 2471 931 τῆς
2501 862 2675 930 ψυχῆς
2707 864 2735 913 ὁ
2769 862 2926 930 μόνος
2950 862 3216 930 ἀλάθητος
3247 860 3522 930 ὀφθαλμὸς
3548 861 3641 913 τοῦ
3662 861 3796 913 Θεοῦ
3818 862 3939 931 ὁρᾷ.

2378 956 2585 1020 ’Ὠσπερ
2616 952 2763 1020 ἠλίου
2799 952 3104 1021 λάμποντος
3138 955 3195 1004 ἐν
3222 954 3409 1023 αἰθρίᾳ
3440 953 3822 1023 κεκρυμμένον
3854 954 3943 1004 οὑ-

2376 1044 2482 1103 δεν,
2514 1042 2654 1093 οὕτω
2682 1042 2774 1094 τοῦ
2802 1043 2935 1095 Θεοῦ
2963 1043 3354 1107 ἐποπτεύοντος
3375 1046 3471 1106 τὰς
3497 1045 3744 1115 πράξεις,
3763 1044 3943 1097 λαθεῖν

2378 1133 2597 1185 δυνατὸν
2620 1134 2794 1189 οὐδέν.

2882 1229 3019 1295 Περὶ
3058 1228 3457 1296 δωροληψίας.

2452 1322 2654 1390 Προῖκα
2695 1322 2919 1390 χαρίζου
2946 1322 3015 1373 τά
3047 1322 3330 1393 ἀξιώματα
3352 1364 3368 1387 ,
3396 1324 3489 1376 καὶ
3517 1325 3591 1392 μή
3620 1324 3811 1393 δώροις
3841 1326 3945 1376 ἀπ-

2381 1413 2611 1480 εμπὸλει
2652 1413 2748 1474 τὰς
2779 1412 2950 1475 ἀξίας.
2971 1412 3028 1465 Ὀ
3058 1416 3165 1483 γὰρ
3196 1416 3358 1483 τιμῆς
3390 1416 3487 1484 τήν
3511 1416 3682 1483 ἀρχὴν
3704 1416 3946 1483 divo-ipe—

2382 1520 2490 1563 νος,
2524 1503 2698 1571 πολλῷ
2745 1505 2906 1555 πλέον
2937 1507 3060 1563 τοὺς
3094 1505 3427 1573 ἀρχομένους
3472 1506 3738 1576 ὠνήσατο,
3769 1508 3855 1560 ἵνα
3882 1510 3947 1578 τῇ

2380 1594 2675 1663 δωροδοκία
2726 1594 2967 1665 θαρρῶν,
3019 1596 3155 1665 πρὸς
3204 1596 3545 1665 δωροκοπίαν
3592 1599 3764 1659 ἀδεῶς
3825 1599 3947 1667 ὁρᾷ.

2393 1686 2676 1755 ’Λναζήτει
2703 1682 2795 1738 οὖν
2824 1687 3120 1756 ἐπιμελῶς,
3156 1689 3251 1742 καὶ
3299 1687 3498 1759 ἐρώτα,
3534 1690 3818 1752 κάκείνους
3856 1690 3953 1740 ἐπὶ

2381 1776 2478 1838 τὰς
2522 1776 2697 1847 ἀρχὰς
2745 1776 3061 1842 ἀναδίὸαζε,
3092 1777 3146 1828 εἶ
3182 1794 3246 1845 γε
3282 1776 3460 1846 βούλει
3486 1778 3584 1848 τήν
3611 1777 3952 1848 δωροληψίαν

2381 1868 2618 1936 ἐξορίσαι
2660 1867 2760 1937 τῆς
2793 1868 3089 1931 πολιτείας,
3118 1869 3231 1921 ὅσοι
3263 1868 3472 1936 δωρεὰν
3511 1869 3628 1922 ἀλλ’
3653 1871 3714 1922 οὐ
3760 1870 3952 1937 δώροις

2379 1961 2549 2009 ταῦτα
2578 1958 2946 2027 ἐπιζητοῦσιν.
2967 1959 3025 2010 '0
3049 1959 3158 2027 γὰρ
3198 1958 3375 2020 διδούς
3418 1976 3472 2012 τι
3514 1958 3601 2012 διὰ
3632 1962 3730 2028 τήν
3756 1960 3951 2027 ἀρχην,

2383 2052 2572 2120 κέρδος
2621 2068 2674 2103 τι
2722 2051 2876 2119 ζητεί
2922 2052 3104 2103 λαϐεῖν
3136 2051 3289 2121 παρὰ
3314 2051 3412 2119 τῆς
3455 2052 3647 2120 ἀρχῆς,
3676 2052 3820 2104 δόσει
3855 2052 3956 2121 τὴν

2382 2143 2544 2211 λῆψιν
2584 2143 2912 2210 ὠνούμενος,
2950 2143 3044 2194 καὶ
3087 2143 3402 2213 παρανομίᾳ
3460 2142 3559 2213 τήν
3609 2143 3955 2212 παρανομίαν

2385 2233 3033 2301 πραγματευόμενος.”ος
3061 2234 3168 2302 γὰρ
3193 2232 3259 2285 ἂν
3283 2232 3511 2301 ἄμισθον
3538 2232 3637 2302 τὴν
3661 2233 3835 2301 ἀρχὴν
3862 2233 3955 2286 λά-

2385 2323 2489 2385 εοι,
2517 2323 2853 2391 δωροληψίας
2904 2324 2963 2375 οὗ
3012 2325 3390 2391 περιπεσεῖται
3438 2324 3759 2394 ἐγκλήματι.
3798 2324 3855 2376 '0
3899 2324 3956 2377 δὲ

2390 2415 2527 2481 μετά
2562 2413 2754 2482 μισθοῦ
2804 2413 2982 2466 λαϐὼν
3031 2415 3128 2484 τήν
3178 2408 3546 2484 ἀρχὴν,οὖτος
3590 2415 3739 2468 οὐδὲν
3788 2418 3958 2485 χωρὶς

2386 2504 2572 2573 δώρων
2607 2504 2810 2571 πρᾶξαί
2840 2522 2966 2557 ποτε
3000 2505 3303 2574 μεταμάθοι
3324 2521 3335 2533 ⁸
3374 2506 3465 2559 καὶ
3493 2507 3552 2558 σὲ
3576 2508 3675 2575 τῆς
3713 2506 3954 2575 δωρολη-

2386 2593 2513 2660 diu;
2539 2593 2855 2646 διδάσκαλον
2885 2592 3043 2661 ἔχων,
3070 2595 3161 2645 τὸν
3182 2593 3388 2661 ταύτην
3418 2596 3621 2663 κρίνειν
3646 2594 3957 2661 ὀφείλοντα,

2388 2686 2448 2734 οὐ
2486 2685 2643 2751 μόνον
2671 2684 2830 2745 αὐτὸς
2856 2684 3285 2752 δωροληπτήσει,
3315 2684 3450 2736 ἀλλά
3478 2685 3568 2737 καὶ
3591 2686 3810 2753 ἑτέρους
3831 2686 3959 2747 τοὺς

2391 2774 2482 2828 ὑπ’
2513 2777 2674 2827 αὑτὸν
2704 2777 2771 2829 τὰ
2806 2776 2947 2828 αὑτά
2979 2777 3239 2846 πράττειν
3269 2777 3687 2843 συναναγκάσει.

2968 3033 3103 3101 Περὶ
3144 3032 3394 3097 ἀδικίης.

2462 3131 2569 3197 Οὐχ
2594 3129 2761 3191 οὕτως
2798 3128 3100 3196 ἁμαρτάνει
3140 3128 3166 3178 ό
3197 3126 3428 3186 ἀδικῶν,
3457 3125 3531 3185 ὡς
3561 3126 3585 3175 ὁ
3618 3125 3715 3194 τὴν
3742 3123 3959 3176 ἀδικίαν

2396 3221 2936 3291 παραχωρ‹ἶ›ν.”οταν
2988 3220 3079 3271 οὖν
3132 3236 3212 3269 σοι
3243 3217 3516 3287 προσέλθῃ
3550 3215 3846 3287 ἀδικηθεὶς,
3882 3216 3957 3284 μὴ

2394 3312 2649 3380 ὑπερίδης
2695 3310 2859 3362 αὐτοῦ
2888 3310 2985 3378 τήν
3015 3308 3324 3377 συντριόἠν,
3367 3308 3453 3359 ἴνα
3503 3307 3579 3376 μὴ
3625 3306 3807 3378 χώραν
3853 3306 3959 3374 δῷς

2392 3404 2502 3463 τοῖς
2554 3399 2898 3469 βουλομένοις
2927 3399 3150 3451 ἀδικεῖν.
3172 3398 3229 3449 Ὀ
3264 3399 3371 3466 γαρ
3400 3396 3723 3465 ἠδικημένος
3752 3396 3843 3449 ἐπὶ
3877 3397 3960 3448 σοὶ

2396 3492 2540 3559 μόνη)
2567 3490 2666 3551 τὰς
2700 3488 2920 3550 ἐλπίδας
2952 3488 3186 3551 σαλεύει,
3226 3490 3318 3540 καὶ
3349 3487 3407 3538 σὲ
3438 3488 3533 3556 τῆς
3562 3487 3771 3549 ἀδικίας
3815 3488 3960 3540 ἐκδι-

2392 3582 2562 3649 κητὴν
2616 3580 3054 3649 προϐαλλόμενος
3087 3618 3101 3642 ,
3158 3579 3247 3631 τὸν
3315 3580 3613 3648 ἠδικηκότα
3666 3578 3952 3647 ἀμύνεται.

2396 3677 2612 3731 Ιιάντως
2641 3672 2693 3723 δὲ
2725 3670 2901 3741 χρεὼν
2926 3671 3073 3741 παρά
3104 3670 3197 3722 σοῦ
3220 3671 3309 3723 τὸν
3341 3670 3705 3739 προσελθόντα
3733 3670 3953 3724 δικαιω-

2392 3767 2569 3835 θῆναι,
2598 3764 2719 3815 ἐπεὶ
2750 3763 2957 3816 δίκαιον
3003 3763 3100 3832 τήν
3132 3762 3344 3817 ἀδικίαν
3375 3762 3762 3831 ἀνασταλήναι.
3798 3763 3858 3816 Ei
3902 3762 3958 3815 δὲ

2390 3856 2550 3918 αὐτὸς
2580 3856 2678 3921 τὴν
2708 3854 2923 3906 ἀδικίαν
2954 3856 3361 3923 παραχωρήσας
3405 3854 3482 3925 τῷ
3528 3854 3819 3917 ἀδικοῦντι,
3866 3855 3960 3906 τὸν

2392 3948 2716 4017 ἠδικημένον
2746 3947 3024 4015 ὑπερίδῃς,
3056 3948 3149 3997 καὶ
3192 3946 3486 4013 δυνάμενος
3537 3948 3694 4014 μόνος
3724 3946 3809 3997 τὸν
3846 3946 3958 4013 ἠδι-

2392 4040 2593 4107 κηκότα
2620 4037 2940 4105 ἀμύνεσθαι,
2970 4039 3066 4104 τῆς
3096 4036 3248 4104 δίκης
3283 4036 3488 4103 μηδένα
3522 4036 3752 4106 ποιήσῃς
3777 4036 3958 4102 λόγον,

2392 4131 2490 4182 ποῦ
2521 4132 2548 4180 ὁ
2575 4129 2799 4189 δείλαιος
2830 4129 3034 4189 ἐκεῖνος
3066 4125 3144 4177 ἔτι
3176 4128 3504 4193 καταφυγεῖν
3532 4124 3776 4191 ὲλπίσει;
3805 4127 3956 4194 παρά

2388 4222 2529 4281 τίνος
2561 4218 2894 4285 ἀπολήψεται
2917 4217 3013 4283 τήν
3039 4216 3336 4285 ἐκδίκησιν,
3366 4217 3413 4267 εἰ
3444 4216 3517 4285 μὴ
3552 4216 3701 4285 παρὰ
3723 4216 3879 4280 Θεοῦ,
3900 4218 3958 4279 ὃς

2388 4312 2482 4363 καὶ
2509 4311 2568 4361 σὲ
2596 4309 2690 4377 τῆς
2710 4308 2963 4376 ἀμελείας
2990 4308 3277 4383 ἀπαιτήσει
3312 4308 3409 4368 τὰς
3439 4307 3627 4370 δίκιςς
3660 4306 3959 4359 Δικαίωσον

2386 4403 2480 4455 οὖν
2512 4403 2601 4454 τὸν
2629 4400 2974 4469 ἠδικημένον,
3005 4401 3099 4451 καὶ
3134 4398 3339 4468 ἀμύνου
3385 4398 3475 4450 τὸν
3523 4399 3841 4467 ἠδικηκότα,
3872 4398 3959 4449 ἴνα

715 4487 918 4537 dictant
952 4481 1313 4549 exspei-tahit,
1346 4480 1449 4532 nisi
1492 4496 1520 4531 ιι
1574 4480 1702 4543 Deo,
1741 4484 1833 4549 qui
1868 4500 1895 4533 a
1929 4491 1980 4537 te
2014 4486 2277 4539 rationem
2312 4512 2358 4567 ο

2312 4512 2358 4567 ι)
2389 4494 2461 4560 μή
2492 4494 2557 4545 δι’
2586 4485 2661 4543 ὧν
2705 4491 2968 4562 παρορᾷς,
3003 4490 3162 4562 δόξῃς
3211 4492 3304 4541 καὶ
3350 4489 3510 4550 αὐτὸς
3546 4492 3659 4551 τοῖς
3710 4488 3955 4542 ἀδικοῦσι

716 4574 1210 4640 injuriacneglectze
1270 4572 1555 4639 ιυνυδοριῖ
1607 4570 1704 4624 Jus
1751 4572 1915 4639 igitur
1958 4575 2167 4629 reddito
2200 4578 2271 4643 ci,

713 4667 806 4733 qui
852 4666 1101 4731 injuriam
1127 4679 1321 4732 passus
1351 4673 1453 4726 est,
1482 4672 1642 4729 atque
1676 4664 1820 4715 illitis
1846 4675 2125 4719 auctorem
2154 4669 2275 4721 vin-

2385 4585 2707 4647 συναδικεῖν,
2766 4584 2859 4635 καὶ
2909 4582 3205 4650 ἀλλοτρίων
3258 4583 3671 4652 ἁμαρτημάτων
3732 4582 3957 4635 σεαυτὸν

2383 4674 2679 4746 ὑπεύθυνον
2712 4672 3090 4741 καταστήσεις.

714 4760 920 4816 «licam.
956 4775 1021 4811 ne
1060 4758 1404 4810 ευιιιιὶνυιιιίει
1462 4766 1550 4811 Illa
1583 4756 1819 4809 videaris
1852 4773 1973 4809 cum
2044 4760 2380 4823 facientibus
2458 4766 2715 4835 injuriam
2764 4765 3106 4834 conspirare,
3180 4772 3343 4833 atque
3389 4764 3551 4817 alieni
3623 4764 3850 4820 sceleris
3903 4773 3958 4819 te

716 4865 891 4918 Ipsum
925 4864 1073 4901 I‘Clllll
1099 4863 1280 4916 agere.

1000 4936 1069 4989 Dc
1100 4937 1425 4988 mortalitate
1494 4948 1542 4989 ct
1573 4939 1993 4993 inuitorlalitale.

784 5028 1027 5082 Mortalis
1070 5027 1290 5094 quidem
1344 5045 1405 5081 es
1468 5043 1720 5097 corpore,
1762 5032 1943 5082 anima
1996 5046 2127 5085 vero
2173 5034 2271 5086 itii-

712 5119 989 5172 mortalis;
1020 5118 1072 5169 in
1104 5118 1168 5169 iis
1197 5134 1328 5186 ergo
1356 5134 1475 5185 qua:
1512 5123 1699 5173 carnis
1724 5131 1849 5173 sunt
1887 5122 2104 5189 propria
2131 5138 2274 5176 mor—

714 5210 821 5262 tale
856 5208 1038 5275 sapias
1070 5223 1083 5269 ;
1118 5222 1237 5275 qtae
1292 5223 1420 5261 vero
1464 5209 1650 5271 animi,
1680 5210 2002 5263 immortale.
2054 5213 2272 5281 Ample-

711 5309 855 5352 ctcre
895 5298 1157 5349 mundum
1190 5299 1351 5350 istum
1395 5300 1802 5368 corruptibilem
1837 5317 2064 5369 corpore
2123 5319 2270 5356 mor-

713 5389 847 5451 tali;
874 5388 1056 5440 animo
1083 5405 1212 5441 vero
1255 5389 1647 5441 beatitudinem
1685 5400 1944 5442 aeternam
1980 5392 2135 5459 quasi
2170 5394 2271 5444 iiu-

712 5480 980 5533 mortalis.
1030 5478 1141 5533 Etsi
1176 5480 1319 5531 enim
1354 5481 1406 5532 in
1467 5480 1620 5547 regni
1668 5480 1866 5533 solium
1916 5489 2139 5533 evectus
2192 5498 2271 5545 es,

712 5581 831 5635 post
861 5570 1195 5634 alquantum
1226 5570 1482 5638 temporis
1511 5579 1688 5622 tamen
1723 5572 1790 5622 ab
1828 5588 1893 5622 eo
1926 5571 2227 5626 dcsCendes'
2257 5592 2268 5625 :

712 5661 1029 5712 etsitutum
1070 5671 1333 5715 terrarum
1378 5664 1563 5716 orbem
1612 5663 1778 5715 armis
1831 5664 2087 5731 subigere
2140 5681 2269 5717 eon-

714 5751 973 5817 lcinlct'is,
1008 5762 1131 5820 post
1162 5762 1385 5806 incitent
1418 5764 1596 5809 tamen
1646 5758 1777 5807 nilnl
1828 5756 2061 5824 amplius
2093 5771 2254 5824 quam

2642 4939 2781 5007 Περὶ
2820 4941 3179 5006 θνητότητος
3218 4939 3314 4991 καὶ
3352 4940 3703 5006 ἀθανασίας.

2451 5031 2655 5099 Θνητδς
2682 5032 2945 5100 ὑπάρχεις
2978 5031 3054 5099 τῷ
3087 5032 3320 5099 σώματι,
3342 5032 3604 5094 ἀθάνατος
3634 5032 3687 5085 δὲ
3710 5036 3775 5101 τῇ
3807 5034 3952 5103 ψυχῇ

2382 5125 2652 5191 διαμένεις
2679 5138 2689 5149 ·
2725 5122 2911 5191 φρόνει
2958 5120 3050 5173 οῦν
3104 5122 3273 5191 Θνητά
3308 5125 3372 5191 τῇ
3409 5124 3591 5193 σαρκὶ,
3624 5127 3688 5191 τῇ
3723 5124 3778 5176 δὲ
3806 5126 3950 5193 ψυχῇ

2381 5213 2642 5265 ἁοανατα.
2675 5212 2938 5282 [Ιερίϐαλε
2968 5213 3167 5280 κόσμον
3193 5213 3268 5281 τῷ
3298 5214 3527 5282 σώματι,
3554 5216 3625 5277 ὡς
3658 5215 3848 5283 θνητὸν
3876 5215 3953 5284 τῷ

2379 5302 2555 5370 θνητῴ
2576 5320 2587 5330 υ
2618 5301 2912 5365 περιϐαλοῦ
2968 5305 3059 5354 καὶ
3102 5304 3257 5356 δλϐον
3290 5304 3553 5357 ἀθάνατον
3580 5311 3644 5375 τῇ
3676 5307 3845 5377 ψυχῇ,
3874 5308 3952 5370 ὡς

2378 5392 2648 5461 ἀθανάτῳ.
2680 5394 2797 5445 Κάν
2818 5395 2923 5464 γὰρ
2945 5396 3036 5445 ἐπὶ
3068 5397 3254 5464 θρόνον
3286 5397 3526 5467 ὑψωοῇς,
3556 5398 3667 5450 ἀλλ’
3695 5398 3786 5451 οὖν
3811 5399 3953 5468 μετά

2380 5486 2568 5553 χρόνον
2608 5486 2923 5558 καταϐήσῃο
2962 5489 3053 5539 καὶ
3082 5491 3129 5539 εἰ
3159 5491 3255 5557 τῆς
3291 5490 3392 5557 γῆς
3428 5490 3642 5558 ἀπάσης
3673 5510 3949 5563 κατακρα-

2379 5579 2539 5643 τήσαι
2590 5579 2996 5649 φιλονεικήσῃς,
3033 5582 3143 5632 ἀλλ’
3175 5583 3235 5635 οῦ
3284 5584 3444 5636 πλέον
3484 5586 3793 5653 τριπήχεως
3846 5586 3947 5653 γῆς

2383 5669 2516 5735 μετὰ
2551 5667 2777 5720 θάνατον
2814 5671 3115 5743 κληρονομη
3127 5690 3251 5734 σεις.
3273 5675 3562 5743 Ἐπιμελοῦ
3586 5671 3679 5727 οὖν
3700 5675 3795 5742 τῆς
3819 5675 3948 5745 θνη-

2366 5762 2459 5829 τῇ,
2495 5760 2768 5828 final-.51;
2803 5764 2873 5827 ὼς
2908 5767 3099 5833 θνητός
3126 5785 3137 5795 δ
3180 5769 3464 5837 περιλοιοῦ
3490 5768 3543 5821 δὲ
3586 5767 3677 5821 καὶ
3710 5767 3823 5821 κτῶ
3851 5768 3951 5837 τὴν
