4224 6444
232 401 329 436 ην

1003 387 1269 442 BASISII
1311 385 1462 442 lMl'.
1501 381 1939 440 l‘Ali/ENESIS
1977 382 2073 438 Al)
2095 382 2397 441 LEONEM
2425 385 2713 442 l"ll.IU.\l.

3345 399 3464 437 τιν·

225 503 495 552 ἀθάνατον
531 497 804 566 βασιλειαν
827 498 912 550 ὁιά
939 498 1035 566 τῆς
1064 500 1169 549 τῶν
1199 497 1410 565 ἀρετῶν
1445 497 1706 563 κτήσεως,
1728 495 1801 555 ως
1832 499 1875 554 Α
1907 501 2018 546 tres

1916 501 2018 546 chs
2055 495 2204 546 humi
2254 495 2468 550 cubitos
2519 495 2833 562 occupabis.
2891 494 3128 548 Proinde
3187 503 3462 550 terrenum

225 592 494 651 ἀθάνατος
518 606 530 618 ⁸
581 592 672 642 διὰ
699 590 856 641 τοῦτο
883 589 992 656 γὰρ
1024 589 1122 656 τῆς
1153 588 1352 655 θνητῆς
1381 588 1617 655 ἠξιώθης
1657 586 1802 646 ἐξου-

229 682 376 741 σίας,
412 681 496 730 ἵνα
532 678 600 730 δι’
630 679 800 748 αὐτῆς
837 677 1155 747 ὲμπορεύσῃ
1203 679 1301 746 τὴν
1353 676 1619 730 ἀθάνατον
1652 675 1804 743 βασι-

228 772 400 822 λείαν.

781 1046 918 1115 Περὶ
957 1048 1281 1115 ἀρχόντων.

310 1140 414 1191 Ἦν
444 1139 582 1208 ἔχεις
615 1138 840 1208 γνώμην
863 1140 992 1209 περὶ
1020 1139 1269 1199 σεαυτοῦ,
1301 1141 1503 1207 ταύτην
1524 1139 1666 1206 ἔχειν
1692 1140 1807 1188 θέλε

237 1232 335 1283 καὶ
366 1232 496 1300 περὶ
520 1231 627 1284 τῶν
656 1231 761 1282 ὑπὸ
791 1231 871 1292 σὲ,
891 1231 984 1284 καὶ
1004 1231 1134 1300 περὶ
1158 1231 1359 1292 παντὸς
1387 1229 1564 1294 ποιοῦ,
1596 1229 1810 1297 ἀγαπη-

231 1323 344 1384 τῶς
375 1323 574 1384 αὐτοὺς
604 1323 750 1393 ἔχειν
779 1324 904 1391 περὶ
955 1322 1055 1392 τὴν
1105 1323 1202 1392 σὴν
1231 1323 1426 1391 ἀρχήν.
1446 1321 1669 1373 Ἐκεῖνοι
1703 1319 1811 1388 γὰρ

237 1410 470 1480 μάλιστα
495 1410 663 1480 ἡδέως
691 1410 1087 1480 βασιλεύουσιν,
1123 1409 1321 1472 οἵτινες
1346 1409 1406 1462 τὸ
1431 1410 1671 1476 ὑπήκοον
1691 1407 1811 1478 ἄρι-

237 1520 340 1554 στα
370 1503 752 1572 θεραπεύουσι,
773 1503 867 1556 καὶ
892 1504 1017 1564 τοὺς
1052 1504 1150 1570 μὲν
1179 1503 1363 1567 ἀξίους
1385 1502 1651 1572 τιμῶντες
1678 1503 1812 1567 ἀγα-

234 1595 636 1662 θοποιήσουσιν,
667 1595 791 1656 τοὺς
829 1593 874 1644 δ’
905 1594 1156 1657 ἀναξίους
1183 1595 1280 1645 οὐκ
1323 1594 1660 1661 ἀδικήσουσι.
1692 1592 1832 1644 Mdu

1504 1666 1519 1683 Ι

235 1685 393 1735 λιστα
424 1686 466 1737 δ’
495 1686 561 1738 ἂν
587 1685 987 1752 εὐδοκιμήσεις,
1019 1686 1067 1736 εἰ
1098 1685 1196 1754 τὴν
1226 1685 1440 1753 ἑκάστῳ
1471 1681 1653 1752 χώραν
1676 1684 1813 1735 ἀπο-

233 1776 413 1845 δώσῃς
434 1795 448 1809 ·
476 1778 573 1830 καὶ
607 1780 719 1838 τοῖς
750 1778 850 1846 μὲν
883 1777 1051 1842 ἀξίοις
1086 1778 1272 1846 ἄρχειν
1302 1775 1397 1838 τὰς
1441 1776 1613 1846 ἀρχὰς
1643 1792 1810 1828 κατα-

1909 586 2010 638 hoc
2052 599 2278 652 regnum
2314 594 2373 637 ut
2408 585 2676 648 mortalis,
2714 588 3068 653 administra;
3121 588 3330 641 enitere
3381 599 3462 640 ta-

1907 689 2030 728 men
2066 681 2124 726 ut
2145 673 2448 729 immortale
2473 689 2700 744 regnum
2730 689 2826 744 per
2843 677 3096 730 virtutem
3119 676 3466 747 adipiscaris,

1909 780 1968 818 ac
1997 776 2204 826 teneas,
2253 764 2407 833 quasi
2448 765 2804 829 immortalis;
2837 775 3124 835 propterea
3167 769 3314 822 enim
3361 777 3469 821 ter-

1912 871 2038 908 rcna
2060 856 2296 923 potentia
2328 855 2563 908 donatus
2594 871 2676 920 es,
2709 863 2769 909 ut
2794 871 2885 924 per
2918 870 3036 908 eam
3085 857 3359 911 euelcstem
3395 865 3477 908 at-

1911 962 2015 1015 que
2039 957 2295 1001 mternam
2320 948 2748 1001 dominationem
2778 948 3059 1017 acquiras.

2419 1041 2492 1095 De
2525 1026 2946 1110 magistratibus.

1985 1131 2089 1182 I-‘ac
2119 1133 2360 1184 eanulem
2390 1133 2591 1187 habeas
2625 1133 2692 1186 de
2727 1133 2996 1200 subjectis
3044 1135 3177 1195 tuis.
3212 1148 3376 1203 quam
3409 1133 3476 1188 de

1913 1232 1964 1274 tc
1993 1226 2110 1291 ipso
2170 1223 2334 1276 habes
2385 1226 2732 1287 sententiam,
2795 1233 2850 1276 et
2903 1221 2971 1277 da
3022 1237 3245 1291 operam
3299 1224 3478 1292 quoad

1912 1313 2030 1380 ejus
2071 1313 2184 1365 ﬁeri
2214 1313 2430 1380 poterit,
2459 1322 2516 1366 ut
2547 1322 2692 1366 tuam
2716 1313 2790 1366 illi
2819 1325 3002 1366 ament
3025 1313 3472 1367 dominationem.

1916 1401 1993 1453 llli
2024 1402 2166 1454 enim
2185 1402 2283 1455 soli
2306 1402 2549 1467 jucunde
2576 1412 2823 1470 regnant,
2857 1402 2948 1469 qui
3005 1400 3284 1470 subjectos
3335 1417 3467 1456 suos

1915 1493 2330 1560 diligentissime
2389 1501 2606 1555 curant,
2664 1493 2736 1544 ita
2769 1503 2828 1545 ut
2856 1507 2950 1546 eos
2989 1495 3082 1562 qui
3135 1492 3280 1560 digni
3328 1502 3480 1554 sunt,

1917 1585 2211 1637 honoribus
2240 1596 2293 1637 et
2345 1584 2626 1638 beneﬁciis
2688 1584 2989 1647 cumulent,
3038 1581 3295 1652 indignos
3351 1597 3481 1635 vero

1917 1675 2137 1728 minime
2161 1675 2380 1729 laedant.
2412 1676 2487 1728 Ita
2516 1685 2699 1729 autem
2728 1674 3074 1744 potissimum
3106 1671 3241 1725 bene
3271 1671 3484 1732 audies,

1917 1767 1962 1823 si
1997 1783 2156 1822 suum
2189 1768 2388 1834 cuique
2416 1769 2596 1822 locum
2619 1776 2671 1821 et
2699 1766 2926 1837 gradum
2954 1763 3298 1829 servaveris;
3332 1771 3384 1818 et
3419 1762 3487 1816 iis

236 1835 479 1935 στήσεις,
510 1870 620 1931 τοῖς
639 1868 696 1921 δὲ
712 1835 1034 1936 ἀρχομένοις
1062 1835 1222 1920 πάλιν
1266 1866 1391 1936 μήθ’
1430 1835 1670 1936 ὐέρῂίζειν
1689 1865 1812 1925 τοὺς
1843 1835 1884 1889 Β
1919 1860 2024 1928 ιιιιὶι

1919 1860 2134 1928 quidem
2161 1859 2252 1927 qui
2279 1859 2491 1913 caeteris
2527 1835 2760 1927 praeesse
2789 1858 2938 1927 digni
2969 1865 3151 1921 erunt,
3187 1853 3480 1924 prmleetu-

233 1960 526 2028 ἄρχοντας,
558 1959 686 2028 μήθ’
717 1959 1036 2029 ὐὸρίζεσθαι
1088 1959 1543 2026 παρασκευάσεις.
1576 1956 1813 2008 ι’ίνωσκε

233 2047 328 2102 οὖν
363 2051 756 2120 ἀναμανθάνων
777 2051 1027 2114 ἕκαστον,
1058 2052 1151 2102 καὶ
1170 2050 1312 2102 οὕτω
1341 2051 1724 2118 προσηκόντως
1748 2050 1815 2101 τά

236 2159 295 2194 τε
327 2143 456 2211 περὶ
485 2142 594 2194 τῶν
623 2143 1029 2211 ἀρχόντων,κα“ι
1053 2141 1161 2194 τῶν
1185 2143 1524 2210 ἀρχομένων,
1555 2156 1812 2208 πραγμα-

236 2233 417 2296 τεύου,
453 2233 540 2286 ἵνα
571 2233 645 2304 μὴ
676 2233 914 2304 ἄρχωσιν
950 2233 1136 2302 ἔλαφοι
1161 2233 1411 2292 λεόντων,
1440 2231 1574 2283 ἀλλὰ
1600 2231 1813 2290 λέοντες

237 2325 470 2391 ἐλάφων.

1919 1968 2004 2005 ras
2023 1952 2365 2005 commiseris
2408 1967 2422 2002 :
2465 1966 2559 2004 eos
2599 1957 2779 2003 autem
2812 1965 2904 2017 qui
2936 1962 3124 2006 parere
3156 1946 3381 2003 debent.
3412 1943 3484 1996 ita

1916 2043 2328 2110 teniperaveris,
2359 2049 2415 2093 ιιι
2446 2055 2622 2108 neque
2653 2038 2940 2106 praefectos
2997 2051 3130 2090 suos
3190 2035 3485 2096 oll'endere,

1916 2148 2095 2200 neque
2119 2132 2222 2200 ipsi
2258 2132 2500 2185 vicissim
2533 2131 2601 2184 ab
2627 2130 2698 2184 iis
2722 2129 2912 2182 violari
2941 2128 3175 2197 possint.
3210 2125 3283 2179 Da
3321 2126 3487 2194 igitur
3515 2188 3521 2192 .

1915 2238 2161 2291 operam,
2194 2231 2253 2275 ιιι
2283 2236 2728 2290 unumquemque
2789 2221 3129 2287 exploratum
3177 2227 3230 2270 et
3262 2231 3486 2285 perspe-

1918 2324 2066 2369 ctum
2093 2315 2315 2379 habeas,
2366 2325 2528 2386 atque
2561 2316 2634 2369 ita
2664 2321 2722 2368 ut
2746 2328 2842 2384 par
2869 2322 2974 2376 est,
3011 2313 3078 2367 de
3115 2311 3182 2365 iis
3232 2311 3324 2381 qui
3356 2324 3488 2378 praz'

236 2432 383 2479 esse,
405 2426 458 2471 et
495 2418 585 2486 qui
616 2417 836 2473 obedire
888 2418 1165 2473 debebunt
1228 2419 1504 2486 Sapienter
1565 2425 1797 2472 statuas.
1858 2431 1923 2466 ne
1985 2416 2127 2467 cervi
2186 2413 2454 2481 imperent
2519 2408 2817 2472 leonibus,
2881 2408 2973 2462 sed
3038 2407 3217 2476 potius
3305 2407 3489 2462 leones

238 2509 437 2563 cervis.

804 2602 945 2668 Περὶ
981 2601 1246 2668 εἰρήνης.

311 2690 594 2760 Μακάρων
628 2691 853 2743 σεαυτὸν
891 2692 986 2743 καὶ
1020 2692 1190 2743 κόπου
1223 2693 1385 2759 χωρὶς
1414 2691 1736 2755 ἀποδείξεις,
1764 2695 1809 2744 εἰ

240 2782 330 2834 τὰ.
368 2782 651 2851 μαχόμενα
717 2783 966 2847 σπεύδεις
1019 2787 1378 2855 εἰρηνοποιεῖν
1408 2826 1422 2846 ,
1475 2771 1567 2838 κοῖι
1630 2789 1808 2839 πᾶσαν

241 2874 441 2942 ἔχθραν
474 2876 566 2928 καὶ
601 2878 782 2932 πᾶσαν
810 2878 928 2949 ἔριν
957 2879 1056 2947 τῆς
1084 2879 1358 2941 πολιτείας
1389 2880 1648 2948 ὲξορίζεις
1667 2920 1680 2940 ,
1714 2882 1806 2932 καὶ

243 2973 420 3022 πᾶσαν
439 2971 704 3043 γαλήνην,
729 2973 825 3025 καὶ
853 2977 1033 3026 πᾶσαν
1053 2974 1273 3043 ἀγάπην
1295 2975 1354 3027 τὸ
1376 2976 1614 3042 ὑπήκοον
1637 2975 1810 3026 ἀσπά-

244 3060 433 3122 ζεσθαι
459 3061 709 3125 διδάξεις.
738 3064 831 3116 καὶ
859 3066 985 3127 τοὺς
1016 3066 1114 3133 μὲν
1133 3066 1231 3128 τὰς
1260 3065 1457 3134 ἔχθρας
1487 3065 1806 3133 γεννῶντας,

243 3151 584 3220 ἀποδλήτους
634 3149 792 3217 εἶναι,
830 3155 956 3217 τοὺς
994 3156 1051 3208 δὲ
1101 3157 1194 3224 τὴν
1240 3158 1462 3229 εἰρήνην
1503 3155 1805 3222 φιλοῦντας,

2575 2589 2647 2639 De
2676 2603 2823 2654 pace.

1993 2684 2212 2736 Beatum
2245 2688 2294 2733 te
2325 2693 2487 2748 pon‘o
2516 2691 2578 2729 ac
2614 2677 2734 2730 sine
2787 2689 2984 2743 magno
3017 2675 3217 2727 labore‘
3240 2673 3491 2728 reddide-

1918 2778 2014 2838 ris,
2046 2776 2088 2828 si
2115 2774 2236 2826 lites
2259 2784 2447 2822 omnes
2465 2781 2811 2836 componere,
2829 2781 3124 2834 omnesque
3170 2763 3486 2820 inimicitias

1918 2884 1981 2922 ac
2024 2866 2333 2921 simultates
2369 2877 2398 2915 e
2429 2859 2704 2930 republica
2762 2857 3050 2913 eliniinare
3099 2856 3398 2920 studueris,
3427 2863 3484 2911 et

1917 2959 2190 3025 subjectos
2219 2953 2336 3022 paci
2380 2951 2623 3016 studere,
2648 2963 2711 3004 ac
2737 2957 2924 3002 mutua
2951 2964 3010 3003 se
3038 2936 3305 3002 Charitate
3327 2961 3479 3000 coni-

1917 3049 2076 3117 plecti
2111 3045 2403 3101 docueris:
2437 3045 2483 3098 si
2528 3041 2786 3096 nimirum
2839 3054 2936 3095 eos
2995 3041 3089 3109 qui
3141 3039 3264 3093 lites
3305 3044 3495 3092 serunt

1914 3138 2162 3193 exsulare
2188 3133 2447 3203 jusseris,
2479 3131 2629 3202 pacis
2653 3139 2831 3184 autem
2854 3136 3101 3183 amantes
3117 3127 3216 3182 tibi
3233 3126 3495 3196 adjunxe-

246 3217 600 3296 οἰκειοῦσθαι.
659 3244 784 3309 Υἱὸς
837 3245 946 3315 γὰρ
1000 3217 1524 3316 ἐμοῦ-τοῦγηῒνουν
1559 3217 1887 3316 βασιλέωςε
1922 3230 2019 3282 l'is-

1922 3230 2019 3282 ris.
2052 3227 2222 3282 Filius
2246 3227 2389 3281 enim
2421 3239 2595 3288 meus,
2615 3221 2720 3276 hoc
2747 3229 2832 3275 est
2873 3221 3075 3273 terreni
3103 3217 3267 3286 regis.
3298 3228 3491 3270 natura

243 3335 508 3402 {utipme
540 3335 680 3388 κατά
713 3336 912 3407 σάρκα,
951 3339 1043 3392 καὶ
1073 3343 1186 3403 τοῖς
1223 3340 1352 3407 παρ’
1381 3339 1514 3408 ἐμοῦ
1555 3356 1635 3399 σοι
1666 3341 1820 3405 λεγο-

247 3425 430 3493 μένοις
461 3425 779 3492 πειθόμενος
807 3427 1006 3495 λόγοις,
1041 3431 1156 3492 uti);
1197 3431 1440 3502 κληθήσῃ
1474 3431 1688 3484 καὶτοῦ
1720 3433 1819 3485 srr-

241 3517 500 3583 ουρανξου
547 3518 858 3583 Βασιλέως,
904 3520 1002 3590 τὴν
1049 3520 1200 3575 θείαν
1253 3521 1464 3590 σεαυτῷ
1509 3522 1824 3589 συγγένειαν

245 3607 685 3676 ἐπιγραφόμενος
712 3611 851 3664 κατά
887 3613 1126 3680 πνεῦμα,
1158 3612 1251 3665 τοῦ
1283 3613 1458 3682 πράου
1491 3613 1585 3666 καὶ
1619 3614 1826 3682 εἰρηνιο

249 3696 348 3748 κοῦ
399 3699 635 3767 Χριστοῦ
685 3700 931 3769 μαθητὴς
986 3704 1276 3772 ὑπάρχων·
1333 3703 1642 3771 Μακάριοι,
1697 3705 1826 3773 γὰρ,

248 3789 439 3856 φησὶν,
469 3791 524 3842 οἱ
546 3793 930 3858 εὶρηνοποιοὶ,
959 3793 1047 3847 ὅτι
1075 3797 1245 3847 αὐτοὶ
1281 3794 1395 3848 υἱοὶ
1421 3794 1569 3849 Θεοῦ
1604 3796 1830 3862 κληθή-

247 3897 482 3936 vortat.

815 3977 952 4042 Περὶ
991 3975 1263 4030 ἐπαίνου.

322 4064 563 4116 Ἐπαίνει
592 4064 701 4117 τῶν
730 4066 1015 4131 συνόντων,
1052 4066 1124 4136 μὴ
1157 4069 1282 4130 τοὺς
1312 4068 1527 4123 ἅπαντα
1557 4070 1625 4124 τὰ
1652 4088 1830 4139 πρατ-

251 4154 458 4222 τόμενά
487 4171 568 4206 σοι
597 4154 951 4216 ἐπαινοῦντας
977 4195 992 4218 ,
1022 4156 1158 4212 ἀλλά
1181 4157 1306 4221 τούς
1336 4161 1450 4221 τοῖς
1477 4160 1834 4229 ἐσφαλμένοις

254 4243 457 4313 μᾶλλον
483 4245 848 4312 ἐπιτιμῶντας
873 4262 885 4276 ·
938 4247 1156 4311 τούτους
1185 4249 1292 4319 γὰρ
1325 4249 1435 4316 ἐγὼ
1458 4252 1835 4323 εὐνουστέρους

251 4334 346 4385 καὶ
373 4335 847 4404 σωφρονεστέρους
870 4331 988 4390 οἶδα
1037 4337 1147 4390 τῶν
1191 4339 1386 4394 ἀλλων.
1431 4341 1538 4394 Καὶ
1591 4343 1699 4410 γὰρ
1743 4343 1835 4396 τοῦ

250 4423 483 4492 ψεύδους
534 4425 568 4494 η
602 4425 828 4494 ἀλήθεια
885 4430 1245 4501 προτιμητὰι.
1292 4431 1451 4486 Ἀλλά
1484 4435 1578 4486 καὶ
1621 4438 1732 4497 τοῖς
1778 4431 1835 4489 εὖ

253 4513 535 4616 (ρρονοῦσι.
557 4517 870 4616 παρῤῃσίαν
901 4520 1144 4616 χαρίςου,
1183 4524 1269 4576 ἵνα
1318 4525 1445 4594 περὶ
1491 4520 1566 4579 ὦν
1596 4528 1830 4592 ἀγνοεῖς,
1867 4561 1909 4616 D

253 4603 385 4672 ἔχῃς
417 4603 535 4672 μεθ’
585 4597 660 4656 ὧν
692 4605 886 4675 ἄριστα
917 4607 1311 4681 συμϐουλεύσῃ.
1347 4612 1454 4664 Καὶ
1494 4612 1636 4666 οὕτω
1660 4615 1831 4666 διατεο

254 4694 393 4757 θεὶς,
411 4695 724 4765 σκοπήσεις,
740 4696 812 4760 ὡς
841 4699 901 4750 οὐ
915 4701 1018 4769 χρὴ
1046 4705 1158 4765 τοίς
1179 4702 1266 4756 διὰ
1286 4703 1480 4773 τέχνης
1509 4706 1830 4758 κολακεύου·

256 4802 364 4847 σιν,
395 4787 528 4840 ἀλλά
586 4789 698 4849 τοῖς
756 4788 871 4858 μετ’
893 4791 1106 4854 εὐνοίας
1141 4791 1503 4862 θεραπεύουσι
1537 4797 1824 4865 προσέχειν

251 4874 343 4930 ἀεί
363 4876 490 4944 ’τῆς
511 4877 622 4946 γάρ
647 4879 833 4950 ἑτέρου
852 4880 1118 4947 ὠφελείας
1148 4884 1234 4936 καὶ
1268 4884 1470 4954 βλάϐης
1501 4880 1558 4938 εὖ
1596 4886 1828 4956 μάλιστα

257 4969 646 5069 πειραθεὶςπίτὸ
678 4973 774 5041 μὲν
806 4975 1105 5047 ἀποφεύξῃ,
1132 4975 1226 5028 τοῦ
1255 4977 1310 5030 δὲ
1342 4977 1615 5046 ἐπιτεύξῃ.

533 5266 548 5292 ι
785 5236 923 5302 Περὶ
974 5227 1202 5305 προόνοχ
1213 5236 1245 5304 ἦ
1253 5257 1301 5302 ς.

330 5324 578 5392 Νεότητα
626 5326 932 5394 κόσμησον,
988 5326 1063 5396 μὴ
1114 5329 1227 5389 τοῖς
1277 5331 1558 5396 γυμνικοῖς
1601 5327 1828 5394 ἀγῶσιν,

256 5415 397 5467 ἀλλά
429 5416 541 5475 τοῖς
575 5417 865 5484 ὲναρὲτοις,
916 5417 1047 5485 μηδὲ
1095 5417 1340 5488 περιίδῃς
1389 5435 1482 5470 σου
1524 5417 1621 5487 τὴν
1669 5416 1828 5484 φύσιν

257 5504 379 5571 ἅμα
412 5506 586 5558 πᾶσαν
615 5507 926 5576 διαλυθῆναι
946 5525 960 5540 ⁶
1010 5507 1110 5562 κᾶν
1145 5509 1246 5579 γὰρ
1276 5509 1521 5578 σώματος
1565 5509 1827 5577 ὑπάρχεις

259 5595 479 5664 θνητοῦ,
515 5597 649 5650 ἀλλὰ
676 5599 767 5652 καὶ
794 5599 970 5670 ψυχῆς
1006 5601 1192 5671 ἔλαχες
1221 5601 1507 5655 ἀθανάτου.
1533 5600 1711 5670 llr.th
1735 5600 1827 5651 οὐν

345 5772 358 5801 ¹
394 5769 584 5826 Matth.
615 5787 667 5838 ν,
698 5775 749 5823 τι.

1923 3336 2046 3374 eum
2075 3318 2173 3381 sis,
2228 3315 2452 3371 monitis
2507 3313 2644 3368 meis
2690 3326 2753 3365 ac
2813 3309 3098 3380 praeceptis
3125 3308 3171 3362 si
3209 3309 3480 3379 parueris.

1925 3409 2165 3463 caelestis
2187 3419 2406 3477 quoque
2424 3403 2587 3474 Regis
2611 3401 2757 3455 ﬁlius
2782 3399 3088 3461 vocaberis,
3119 3397 3361 3451 divinam
3392 3396 3490 3450 tibi

1926 3498 2458 3566 consanguinitatem
2526 3508 2619 3563 per
2671 3492 2900 3560 gratiam
2950 3489 3283 3557 adipiscens,
3349 3503 3411 3541 ac
3443 3497 3496 3539 ιιι

1929 3607 2026 3658 pro
2063 3587 2271 3655 pacifici
2331 3601 2396 3640 ac
2426 3582 2699 3637 mitissimi
2729 3580 2932 3634 Christi
2962 3578 3232 3647 discipqu
3259 3593 3449 3645 gerens
3481 3596 3493 3629 :

1935 3681 2103 3742 Beati,
2137 3679 2304 3741 enim,
2340 3674 2768 3746 inquit,paciﬁci,
2801 3671 3052 3739 quoniam
3087 3669 3188 3734 ﬁlii
3214 3668 3312 3722 Dei
3341 3685 3498 3722 voca—

1932 3773 2175 3825 binum".

2587 3946 2659 3999 De
2680 3945 2862 3998 Imtdc.

2005 4043 2190 4096 Lauda
2241 4057 2304 4094 ex
2349 4037 2706 4091 familiaribus
2749 4049 2855 4088 non
2914 4049 3010 4087 eos
3068 4033 3161 4102 qui
3211 4033 3348 4086 laeta
3409 4039 3500 4086 tua

1936 4136 2114 4188 omnia
2173 4131 2503 4202 probabunt,
2556 4127 2647 4181 sed
2683 4127 2868 4196 potius
2914 4140 3008 4178 eos
3039 4124 3131 4193 qui
3167 4131 3388 4192 peccata
3420 4121 3502 4175 in-

1937 4225 2148 4280 terdum
2184 4231 2274 4275 tua
2311 4218 2741 4288 reprehendent;
2779 4231 2874 4271 eos
2903 4215 3045 4268 enim
3098 4229 3200 4284 ego
3237 4220 3290 4266 et
3309 4226 3500 4266 aman-

1937 4319 2106 4369 tiores
2130 4325 2180 4368 et
2209 4310 2569 4380 sapientiores
2611 4323 2734 4361 esse
2780 4306 2970 4373 judico
3032 4321 3045 4358 :
3098 4318 3314 4370 semper
3353 4302 3498 4356 enim

1939 4404 2140 4460 veritas
2167 4399 2447 4456 mendacio
2469 4395 2802 4466 praeferenda
2839 4403 2944 4449 est.
2970 4395 3038 4448 At
3067 4393 3205 4448 bene
3243 4391 3500 4446 animatis

1939 4511 2064 4565 erga
2098 4502 2150 4548 te
2196 4489 2449 4561 loquendi
2511 4488 2817 4542 libertatem
2865 4483 3152 4545 concedes,
3187 4490 3246 4536 ut
3294 4481 3497 4537 habeas

1937 4588 2262 4656 quibuscum
2282 4584 2347 4637 de
2379 4581 2545 4637 rebus
2583 4595 2721 4648 quas
2750 4579 2986 4649 ignoras,
3030 4576 3293 4644 optimum
3322 4573 3500 4629 consi-

1935 4681 2066 4733 lium
2095 4692 2290 4747 eapere
2324 4673 2501 4744 possis
2539 4690 2552 4725 :
2583 4678 2636 4724 et
2675 4669 2739 4722 ad
2783 4670 2928 4722 hunc
2954 4665 3174 4720 modum
3206 4665 3253 4720 si
3283 4670 3498 4718 tecom-

1935 4769 2231 4842 paraveris,
2263 4779 2585 4835 eognosces,
2616 4777 2722 4816 non
2744 4761 2813 4815 iis
2836 4755 3245 4829 quiiartiliciose
3267 4753 3496 4812 adulan-

1932 4872 2041 4926 tur,
2062 4860 2154 4916 sed
2183 4859 2289 4913 illis
2312 4857 2404 4926 qui
2423 4858 2639 4910 sincera
2654 4848 3024 4908 benevolentia
3042 4847 3138 4900 tibi
3157 4843 3494 4927 deserviunt,

1930 4949 2310 5006 adhaerendum
2355 4961 2478 5001 esse
2519 4964 2532 4999 :
2569 4945 2763 4999 horum
2816 4942 2963 4996 enim
3012 4937 3267 5001 utilitate,
3289 4943 3343 4992 et
3373 4935 3496 4988 illo-

1933 5058 2053 5098 rum
2081 5040 2322 5111 pernicie
2354 5039 2656 5107 cxplorata,
2702 5033 2770 5088 ab
2808 5031 2930 5087 istis
2968 5029 3188 5101 quidem
3247 5026 3491 5092 cavebis,

1934 5135 2055 5187 illos
2087 5146 2214 5185 vero
2250 5130 2345 5189 tibi
2383 5128 2666 5197 adjnnges.

2497 5218 2572 5271 De
2595 5217 2676 5270 sui
2710 5231 2858 5268 cura.

2010 5317 2358 5372 Juventntem
2387 5321 2533 5363 tuam
2565 5321 2768 5363 exorna
2801 5320 2908 5360 non
2945 5304 3194 5372 corporis
3220 5300 3488 5357 exercita-

1936 5383 2103 5472 tione,
2132 5409 2224 5463 scd
2239 5403 2454 5459 virtutis
2475 5419 2490 5467 ;
2511 5413 2685 5468 neque
2713 5406 2964 5452 naturam
2983 5403 3130 5448 tuam
3153 5394 3302 5448 sinas
3326 5389 3488 5445 simul

1936 5514 2101 5558 totam
2135 5498 2391 5559 interire,
2420 5495 2521 5549 etsi
2557 5491 2702 5546 cnim
2760 5489 2985 5544 mortale
3030 5499 3232 5553 corpus
3262 5482 3494 5538 sortitus

1932 5613 2012 5658 es,
2043 5604 2098 5648 at
2126 5591 2363 5646 animum
2427 5584 2775 5639 mortalitatis
2802 5588 3078 5650 expertem
3110 5575 3303 5630 habes.
3341 5571 3490 5626 Con~
