4224 6444
186 438 282 475 LIII

185 628 312 687 τοὺς
364 627 641 695 ὑπηκόους
700 628 914 696 βλάψει,
980 631 1074 682 καὶ
1127 630 1187 680 σὲ
1249 631 1413 699 μηδὲν
1483 632 1775 701 ὠφελήσει.

186 717 415 771 ι’λῶσσα
443 719 553 789 γάρ
582 718 755 780 δολία,
796 721 891 772 ἐάν
915 719 1016 792 ἔχῃ
1048 721 1140 774 τὸν
1180 725 1519 795 συνεργάτην
1545 727 1779 794 δυνάμε-

186 828 295 872 νον,
324 808 537 861 πολλῶν
570 810 756 863 κακῶν
788 811 936 864 αἰτία
978 815 1147 884 ἑαυτῇ
1180 832 1239 866 τε
1287 818 1520 880 καὶτοῖς
1573 818 1777 886 ἑπομέ-

186 918 323 963 νοις,
351 902 644 973 γενήσεται
670 919 686 931 ⁸
717 904 893 974 στόμα
920 905 977 957 δὲ
1002 904 1253 977 εὖφημον
1283 910 1381 961 σὺν
1415 910 1644 981 ἀληθείᾳ
1660 912 1778 964 δια-

187 992 507 1061 λεγόμενον,
563 995 737 1050 πολλά
773 997 901 1060 τούς
963 1016 1022 1051 τε
1058 1000 1472 1070 ἀκροωμένους,
1535 1004 1631 1058 καὶ
1686 1003 1777 1057 τὸν

188 1086 531 1153 κεκτημένον
578 1086 809 1156 ὀνίνησι.
850 1087 986 1140 Θέλε
1039 1085 1134 1143 οὖν
1188 1092 1263 1160 μὴ
1291 1094 1403 1154 τοῖς
1438 1096 1631 1156 κακοῖς
1654 1095 1774 1164 χαί-

190 1192 335 1243 ρειν,
360 1176 498 1231 ἀλλά
520 1179 645 1240 τοὺς
671 1179 907 1246 ἀγαθοὺς
925 1180 1312 1251 ἀποδέχεσθαι·
1354 1183 1446 1236 καὶ
1474 1185 1776 1253 εἰρηνεύειν

193 1270 293 1335 μὲν
321 1270 383 1320 τὸ
408 1269 668 1339 ὑπήκοον,
686 1270 820 1323 ἀλλά
848 1271 923 1340 μή
939 1272 1060 1325 κατ’
1075 1272 1318 1341 ἀλλήλων
1334 1273 1654 1343 ὀτρύνεσθαι
1680 1291 1693 1302 ·
1712 1270 1774 1329 οὗ

190 1359 300 1428 γάρ
352 1359 525 1428 μάχαι
565 1361 660 1412 καὶ
706 1360 901 1431 ἔριδες,
932 1361 1142 1416 ἐκεῖθεν
1185 1364 1519 1434 μακρύνεται
1544 1366 1573 1417 ὁ
1607 1366 1772 1431 Θεόςο

188 1444 251 1501 οὑ
275 1449 333 1501 δὲ
352 1451 547 1519 εἰρήνη
573 1452 667 1503 καὶ
688 1452 900 1519 ἀγάπη,
920 1453 1014 1504 καλ⁵
1031 1453 1270 1523 ὁμόνοια,
1295 1455 1511 1518 καὶτοῖς
1528 1458 1773 1526 εἰρηνεύ-

188 1560 365 1607 ουσιν,
391 1544 639 1596 εύῖλατον
667 1544 760 1597 καὶ
789 1544 955 1610 ἐγγὺς
976 1545 1035 1596 τὸ
1058 1546 1212 1597 θεῖον
1246 1547 1507 1617 παριστᾷ,
1539 1549 1633 1602 καὶ
1661 1552 1772 1613 τοῖς

192 1638 557 1705 εἰρηνοποιοῖς
577 1635 676 1705 τὴν
710 1636 982 1688 υἱοθεσίαν
1004 1636 1098 1688 τοῦ
1124 1635 1260 1688 Θεοῦ
1294 1636 1563 1707 προξενεῖ.

636 1726 775 1793 Περὶ
812 1726 1039 1793 ἀγαθοῦ
1079 1726 1322 1794 τρόπου.

266 1817 538 1885 Στέφανον
576 1816 855 1887 βασιλείας
898 1817 999 1888 τήν
1048 1818 1259 1888 ἀγαθήν
1301 1819 1483 1889 ὁρίζου
1524 1819 1769 1890 συνείδη-

192 1926 279 1960 σιν
305 1950 320 1971 ,
348 1908 419 1960 δι’
446 1904 515 1978 ἦς
545 1908 841 1977 κοσμήσεις
870 1909 1095 1962 σεαυτὸν
1128 1909 1329 1978 μᾶλλον
1359 1911 1391 1978 ἦ
1420 1915 1531 1974 τοῖς
1561 1913 1774 1982 μυρίοις

193 1999 374 2061 ἄλλοις
406 1999 945 2069 ἐγκαλλωπίσμασιν.
977 2000 1035 2051 ’0
1065 1999 1172 2070 γάρ
1210 2001 1435 2063 πλοῦτος
1462 2002 1686 2055 ἄπιστόν
1720 2021 1772 2055 τι

194 2089 385 2156 χρῆμα
425 2090 519 2140 καὶ
546 2088 818 2141 εὑόλισθον
840 2106 852 2117 ’
879 2092 913 2160 ή
943 2089 1000 2142 δὲ
1032 2089 1181 2154 δόξα,
1213 2093 1546 2161 παρέρχεται
1569 2110 1582 2124 ο
1627 2095 1689 2146 τὸ
1717 2095 1772 2147 δὲ

195 2181 399 2249 κράτος
442 2180 769 2249 ἀπέρχεται·
800 2182 891 2235 καὶ
920 2184 975 2233 αί
1010 2182 1191 2251 ήδοναλ¹
1235 2183 1577 2252 διαρρέουσι·
1614 2185 1772 2252 μόνος

192 2272 245 2323 δὲ
274 2276 303 2323 ό
334 2271 539 2338 ἀγαθὸς
586 2271 788 2341 τρόπος
838 2273 917 2334 είς
969 2273 1173 2334 αίῶνας
1219 2275 1771 2344 συμπαρεκτείνεται,

194 2362 290 2412 καὶ
337 2362 610 2415 ἀθάνατόν
636 2379 696 2414 σε
730 2364 950 2431 ποιήσει
980 2366 1046 2433 τῇ
1086 2364 1297 2433 μνήμῃ,
1331 2364 1774 2437 ἀλεξιφάρμακον

193 2454 385 2525 ὥσπερ
410 2456 511 2525 τὴν
542 2455 643 2527 σὴν
669 2456 872 2525 ἀρετὴν
894 2459 1005 2518 τοῖς
1039 2456 1177 2525 μετά
1206 2459 1264 2509 σὲ
1287 2457 1661 2526 χαριζόμενος,
1680 2459 1775 2510 καὶ

196 2549 405 2608 πάντας
456 2550 549 2599 καὶ
597 2550 888 2612 ἐπαινέτας
910 2586 926 2612 ,
956 2548 1050 2602 καὶ
1084 2548 1326 2620 μιμητάς
1352 2552 1453 2618 τῆς
1483 2548 1582 2616 σῆς
1631 2548 1777 2602 πολιο

193 2641 345 2703 τείας
383 2640 727 2710 ποιούμενος.

479 2816 621 2884 Περὶ
652 2815 761 2870 τοῦ
798 2816 1039 2884 κρατεῖν
1077 2813 1195 2869 τῶν
1231 2814 1487 2882 ἡδονῶν.

268 2904 434 2968 Ἰσθι,
464 2905 654 2957 τέκνον
679 2905 813 2974 ἐμὸν
832 2944 848 2967 ,
877 2905 953 2967 ὡς
986 2906 1108 2959 τότε
1141 2922 1200 2958 σε
1231 2908 1367 2959 κατά
1395 2905 1493 2976 τήν
1517 2906 1774 2975 ἀλήθειαν

197 2996 424 3066 βασιλέα
449 2997 746 3068 ὁρίσονται,
782 2998 910 3051 ὅταν
940 2997 1016 3068 μὴ
1049 2998 1211 3067 μόνον
1234 2996 1339 3048 τῶν
1360 2997 1614 3066 ὑπηκόων
1639 3015 1774 3066 κρα-

195 3094 317 3159 τῇς,
340 3089 475 3141 ἀλλά
505 3089 600 3143 καὶ
635 3089 743 3142 τῶν
768 3089 970 3160 ἡδονῶν
994 3089 1225 3142 ἁπασῶν
1259 3090 1777 3161 ἐπικρατῇς.“Εστω

196 3182 306 3248 γάρ
332 3195 415 3232 σοι
437 3179 722 3246 στέφανος,
746 3179 844 3249 τῆς
872 3178 1147 3247 βασιλείας
1174 3178 1236 3231 σύ
1246 3178 1441 3247 μϐολον
1461 3196 1473 3209 -
1500 3178 1616 3231 ἀλλ’
1637 3178 1776 3229 ἔστω

195 3274 291 3325 καὶ
346 3271 664 3340 δικαιοσύνη
711 3271 790 3341 τῷ
839 3274 1125 3341 πράγματι
1157 3271 1486 3340 σύνδρομος·
1518 3269 1776 3339 πορφύρα

192 3363 249 3416 δέ
283 3379 345 3414 σε
375 3364 662 3432 κοσμήσει,
692 3362 788 3416 ἐὰν
819 3363 852 3430 ή
885 3363 1208 3432 σωφροσύνη
1241 3363 1413 3431 ταύτῃ
1443 3362 1777 3431 συνεπανθή-

198 3472 283 3505 σει
301 3468 315 3480 ·
347 3455 442 3505 καὶ
471 3454 580 3506 τῶν
608 3454 785 3507 ποδῶν
815 3470 874 3505 σε
913 3456 971 3506 τὸ
999 3455 1227 3525 ἐρυθρὸν
1255 3456 1475 3524 τιμήσει
1500 3455 1775 3523 ὑπόδημα,

197 3548 295 3598 ἐὰν
359 3547 543 3609 αὑτοῖς
591 3547 690 3618 τὴν
738 3548 914 3615 φλόγα
979 3548 1074 3599 τοῦ
1131 3546 1302 3614 τύφου
1366 3549 1775 3617 καταπατήσῃς.

212 3640 429 3691 Ἐκεῖνα
466 3641 564 3708 μὲν
595 3641 701 3708 γάρ
732 3640 1068 3709 πρόσκαιρόν
1102 3657 1183 3691 σοι
1220 3639 1315 3706 τὴν
1366 3637 1644 3706 βασιλείαν
1678 3658 1777 3708 χαο

199 3730 526 3800 ρακτηρίζει
552 3748 565 3760 ’
598 3732 770 3784 ταῦτα
800 3733 857 3785 δὲ
880 3736 972 3785 καὶ
1002 3735 1100 3802 τῆς
1127 3734 1346 3785 αἰωνίου
1387 3731 1660 3794 κολάσεως
1693 3733 1781 3802 ῥύ-

202 3839 381 3887 σεται,
418 3822 512 3874 καὶ
533 3823 635 3891 τήν
662 3823 930 3877 ἀθάνατόν
965 3841 1045 3876 σοι
1084 3824 1332 3892 προξενεῖ
1360 3824 1655 3894 βασιλείαν.

667 3916 806 3983 Περὶ
844 3917 1029 3983 λόγου
1070 3917 1320 3969 τελείου.

271 4006 449 4074 Λόγου
480 4004 574 4057 τοῦ
603 4005 942 4059 τελειοτάτου
972 4007 1192 4058 πάντων
1222 4007 1280 4057 ἐν
1308 4006 1614 4077 ἀνθρώποις
1660 4006 1779 4057 λίαν

201 4097 465 4167 ἐπιμελοῦ
484 4113 495 4123 ·
537 4097 603 4148 δι’
643 4097 805 4150 αὑτοῦ
834 4097 940 4165 γάρ
970 4099 1003 4166 ή
1036 4096 1274 4164 ἐπίγειος
1308 4096 1553 4166 βασιλεία
1580 4095 1779 4160 ἐξεικο-

200 4190 337 4252 νίζει
368 4191 467 4258 τὴν
496 4189 818 4258 ἐπουράνιον
843 4187 1016 4252 τάξιν,
1042 4190 1134 4240 καὶ
1167 4190 1431 4259 ἁρμονίαν
1450 4205 1463 4219 ⁸
1492 4190 1644 4257 λόγος
1674 4189 1781 4257 γὰρ

202 4276 527 4346 ἡγεμονεύει
578 4277 684 4328 τῶν
718 4276 1073 4345 ἀνθρωπίνων
1118 4276 1479 4346 πραγμάτων,
1510 4270 1571 4328 οὑ
1623 4291 1780 4344 περι-

202 4366 514 4435 αιρεθέντος
546 4369 1021 4435 συμπεριαιρεῖται
1056 4364 1122 4417 τὰ
1150 4364 1411 4434 ἡμέτερα.
1445 4365 1660 4432 Κτήσαι
1689 4360 1781 4416 οὖν

202 4459 301 4510 τοῦ
346 4458 509 4523 λόγου
556 4457 616 4508 τὸ
648 4458 856 4527 χρῆμα,
892 4457 967 4526 μή
996 4456 1193 4521 ἐνδεὲς,
1223 4456 1360 4509 ἀλλά
1389 4457 1613 4511 τέλειον.
1649 4456 1781 4509 Οὐδὲ

204 4549 315 4617 γάρ
345 4550 654 4619 κυϐερνήτῃ
683 4550 998 4601 πιστευτέον
1042 4548 1133 4600 τοῦ
1183 4547 1425 4616 σκάφους
1472 4548 1570 4616 τήν
1609 4564 1782 4614 σωτη-

207 4641 353 4709 ρίαν,
390 4642 437 4692 εί
486 4640 557 4708 μὴ
605 4641 784 4701 καλῶς
819 4641 1085 4711 κυϐερνᾷν
1133 4640 1511 4704 ἐξεπίσταταιο
1544 4639 1667 4691 οὔτε
1722 4640 1779 4692 δὲ

205 4735 418 4801 βασιλεί
466 4733 860 4800 βασιλικώτατα
908 4734 1148 4801 κρατεῖν,
1180 4735 1228 4784 εί
1264 4734 1338 4801 μὴ
1368 4731 1460 4784 τοῦ
1494 4731 1651 4799 λόγου
1682 4732 1782 4799 τήν

202 4828 440 4895 ἄσκησιν
464 4825 560 4877 τοῦ
593 4823 1046 4893 πρακτικωτάτου
1075 4823 1427 4891 διεξέρχεται.
1459 4822 1646 4874 Λέοντι
1681 4821 1782 4888 μὲν

203 4920 315 4989 γάρ
350 4919 412 4970 τὸ
442 4918 667 4987 ἀρχικὸν
692 4919 749 4967 ἐν
778 4916 1007 4984 θηρίοις,
1040 4914 1114 4977 ὠς
1159 4917 1188 4967 ό
1232 4915 1417 4981 λόγος,
1447 4916 1480 4983 ή
1511 4912 1739 4979 δύναμις
1766 4926 1778 4938 ·

201 5012 351 5081 ἀετῷ
389 5012 445 5065 δὲ
489 5015 546 5065 ἐν
590 5012 878 5072 πετεινοῖς,
910 5009 969 5062 τὸ
997 5008 1255 5077 ὑψιπετὲς
1298 5009 1391 5060 καὶ
1420 5007 1743 5077 δραστήριον
1765 5019 1779 5034 ⁸

202 5105 483 5177 ἀνθρώπῳ
506 5104 562 5156 δὲ
590 5103 729 5157 κατά
757 5104 858 5173 γῆν
897 5103 926 5154 ὁ
963 5101 1119 5170 λόγος
1153 5100 1251 5171 τὴν
1281 5100 1528 5167 ἐξουσίαν
1561 5097 1782 5168 χαρίζε-

202 5215 318 5252 ται.

588 5373 723 5440 Περὶ
765 5372 871 5426 τοῦ
904 5372 990 5442 μὴ
1031 5372 1399 5439 ἐπαίρεσθαι.

278 5470 403 5522 Ἐπὶ
455 5468 631 5531 νίκαις
677 5464 1009 5519 ὑπεναντίων
1055 5462 1323 5532 μηδέποτε
1352 5460 1621 5530 ὲπαρθῇς,
1655 5459 1789 5528 μηδὲ

202 5560 303 5614 ἐπὶ
337 5560 613 5629 πολεμίων
642 5559 945 5629 συμφοραῖς
974 5557 1258 5625 γαυρίαμα
1285 5555 1478 5623 κτήσῃ,
1508 5552 1644 5622 μηδὲ
1668 5553 1786 5602 ὲπι-

206 5655 385 5723 χαρῇς
440 5651 538 5702 ἐπὶ
591 5648 794 5703 πτώσει
856 5648 1068 5719 ἐχθρῶν
1125 5662 1242 5710 σου,
1302 5646 1434 5714 μηδὲ
1490 5642 1791 5710 ἐγγελάσῃς

204 5742 501 5811 δυστυχίαν
549 5742 737 5810 ἑτέρου
766 5779 782 5805 ,
821 5740 956 5810 μηδὲ
1004 5737 1378 5807 ἐπικροτήσῃς
1427 5735 1513 5786 ἐπ’
1547 5733 1790 5801 ἀπωλείᾳ

205 5835 535 5905 ἀνθρώπου·
573 5834 724 5902 κοινὴ
756 5832 861 5904 γὰρ
888 5836 919 5902 ἡ
955 5832 1117 5902 φύσις
1144 5870 1157 5896 ,
1194 5830 1285 5883 καὶ
1314 5829 1374 5881 τὸ
1405 5827 1596 5897 μέλλον
1625 5827 1789 5895 ἀόρα-

912 429 1187 489 BASILII
1231 431 1381 489 1MP.
1422 432 1863 493 l‘Ali/ENESIS
1903 438 2004 496 AD
2034 440 2339 500 LI‘JUNEM
2385 445 2676 503 FILIUM.

186 536 453 603 ὑπηκόοις
483 536 638 589 οὐδὲν
676 537 997 606 λυμαίνεται
1017 557 1031 570 ν
1056 541 1403 609 ἀποστρέφου
1434 542 1513 607 δὲ,
1541 543 1643 595 ὅσα
1676 546 1768 595 καὶ

1812 549 1841 606 Α
1874 547 2095 602 minime
2134 552 2325 605 obesse
2379 567 2613 622 possunt

3351 465 3442 509 ιιν

2661 574 2675 608 :
2739 559 2904 625 rejice
2937 570 3121 615 autem
3152 577 3213 615 ea
3247 580 3365 632 qua:
3388 572 3442 618 et

1880 638 2157 706 subjectos
2181 640 2400 704 laedunt,
2419 652 2473 696 et
2503 645 2599 698 tibi
2631 638 3031 715 nihilprosunt.
3065 648 3273 719 Lingua
3296 653 3439 705 enim

1882 729 2250 792 fraudulenta.
2276 733 2321 786 si
2346 743 2612 800 potentem
2637 737 2942 805 adjutorem
2975 750 3133 794 nacta
3161 741 3354 806 fuerit,
3386 750 3461 803 et,

1879 817 1982 871 sibi
2010 827 2064 871 et
2088 821 2450 875 sectatoribus
2481 824 2598 876 suis
2622 825 2851 878 multum
2884 826 3076 880 all'erct
3101 828 3437 884 detrimenti.

1878 906 1953 961 0s
1985 917 2167 962 autem
2190 910 2655 978 sincerum,quod
2687 914 2761 966 nil
2794 915 2898 967 nisi
2932 930 3120 968 verum
3155 919 3439 987 proloqui-

1878 1007 1987 1063 tur,
2017 1010 2072 1053 et
2096 1000 2379 1057 dominum
2436 1017 2618 1065 suum,
2677 1013 2734 1057 et
2771 1019 2865 1058 eos
2894 1007 2987 1073 qui
3030 1006 3180 1060 illum
3211 1011 3442 1063 audiunt

1870 1090 2024 1156 juvat
2053 1091 2367 1160 plurimum.
2397 1095 2554 1150 Malis
2576 1111 2706 1165 ergo
2737 1112 2802 1149 ne
2842 1098 3104 1165 gaudeas,
3143 1100 3241 1155 sed
3269 1100 3442 1156 bonos

1876 1196 2097 1235 assume
2124 1199 2137 1235 :
2165 1197 2350 1250 pacem
2376 1186 2518 1240 inter
2547 1186 2777 1255 populos
2804 1187 2943 1249 fove,
2995 1205 3169 1259 neque
3205 1206 3301 1247 eos
3351 1192 3440 1245 in-

1879 1278 1964 1322 ter
1995 1287 2053 1325 se
2102 1273 2437 1328 committas.
2472 1273 2572 1329 Ubi
2613 1275 2759 1329 enim
2806 1276 2932 1329 lites
2980 1287 3112 1331 sunt
3135 1288 3185 1331 et
3224 1296 3439 1347 pugnze.

1878 1361 2066 1428 procul
2119 1362 2275 1416 abeSL
2350 1362 2495 1417 Deus
2529 1380 2542 1415 :
2577 1366 2665 1418 ubi
2689 1381 2818 1420 vero
2845 1381 2971 1435 pax,
3003 1374 3057 1420 et
3085 1368 3351 1433 eharitas,
3386 1379 3441 1423 et

1875 1454 2191 1518 concordia,
2212 1454 2452 1523 pacificis
2478 1471 2536 1511 se
2557 1467 2876 1526 prmsentem
2894 1466 2948 1513 et
2976 1459 3270 1528 propitium
3291 1462 3441 1516 exhi-

1875 1540 1966 1594 bet
2000 1551 2053 1594 et
2080 1542 2391 1611 adoptionis
2424 1544 2477 1598 in
2502 1546 2645 1600 ﬁlios
2670 1543 2763 1599 Dei
2798 1548 3007 1616 copiam
3038 1548 3120 1603 eis
3150 1549 3301 1604 facit.

2388 1714 2463 1768 De
2488 1716 2634 1770 bonis
2671 1716 2927 1771 moribus.

1946 1801 2320 1855 Lectissimam
2380 1820 2501 1859 esse
2552 1807 2705 1876 regni
2768 1808 2843 1861 tui
2908 1822 3170 1861 coronam
3213 1812 3442 1864 statuito

1810 1897 1850 1953 Β
1882 1892 2075 1946 bonam
2103 1896 2521 1961 conscientiam,
2557 1913 2664 1963 qua
2704 1908 2755 1951 te
2790 1901 2960 1967 magis
3015 1901 3322 1972 meliusque
3344 1918 3442 1957 cx-

1875 1984 2100 2038 ornabis
2127 2002 2291 2054 quam
2346 1989 2625 2043 sexcentis
2674 1990 2797 2044 aliis
2829 1994 3187 2049 ornamentis.
3232 1993 3443 2049 Divitiae

1874 2077 2018 2129 enim
2044 2077 2208 2130 inlida
2237 2079 2480 2147 quaedam
2512 2096 2599 2134 res
2628 2091 2731 2146 est,
2751 2093 2803 2135 et
2827 2098 2947 2151 qna-
2972 2084 3127 2138 facile
3158 2085 3438 2139 dilabitur.

1874 2165 2060 2217 Gloria
2085 2170 2385 2231 evanescit,
2415 2169 2583 2223 robur
2620 2176 2910 2225 marcescit
2937 2190 2950 2236 ;
3013 2174 3318 2244 voluptates
3339 2176 3442 2230 dif-

1877 2256 2089 2309 fluunt:
2129 2259 2242 2310 sola
2276 2260 2585 2314 innocentia
2641 2263 2877 2331 bonique
2936 2281 3114 2321 lllOl'CS
3157 2268 3213 2319 in
3246 2267 3445 2321 multas

1874 2355 2064 2402 wtates
2092 2351 2517 2418 protenduntur.
2546 2367 2611 2406 ac
2636 2363 2785 2407 tuum
2807 2371 3004 2410 noinen
3047 2357 3443 2412 immortalitati

1874 2440 2357 2507 commendabunt,
2387 2446 2755 2513 virtutemque
2788 2456 2936 2500 tuam
2973 2449 3129 2517 quasi
3177 2449 3441 2503 adversus

1876 2529 2017 2582 mala
2047 2533 2226 2585 omnia
2259 2532 2611 2601 pharmacum
2644 2536 2878 2603 posteris
2928 2536 3245 2592 imitandam
3274 2537 3443 2593 relin-

1876 2635 2031 2689 ques,
2081 2637 2282 2690 cosqne
2308 2631 2361 2676 et
2384 2623 2694 2678 laudatores
2761 2634 2815 2679 et
2852 2626 3148 2681 imitatores
3200 2634 3307 2682 tua:
3343 2628 3441 2681 ad-

1877 2710 2301 2767 ministrationis
2330 2712 2578 2769 habebis.

2229 2801 2305 2855 De
2339 2806 2691 2869 voluptatibus
2731 2806 3066 2874 superandis.

1950 2894 2122 2958 Scito,
2141 2894 2210 2947 mi
2233 2894 2326 2956 lili,
2347 2911 2533 2948 verum
2557 2904 2608 2950 te
2632 2911 2812 2965 regem
2840 2896 3444 2967 hominesjudicaturos

1877 3000 2001 3038 cum
2034 3002 2141 3038 non
2188 2988 2363 3040 solum
2418 2986 2667 3042 subditos
2703 2988 2757 3042 in
2796 3004 2957 3043 manu
2989 2989 3246 3055 habebis,
3289 2992 3384 3046 scd
3410 3008 3441 3046 a

1879 3078 2249 3147 voluptatibus
2269 3079 2432 3134 etiam
2470 3080 2726 3135 omnibus
2776 3082 3131 3152 temperabis.
3178 3080 3261 3137 Sit
3314 3098 3446 3151 ergo

1879 3171 1977 3224 tibi
2008 3186 2209 3225 corona
2246 3185 2344 3239 pro
2368 3171 2524 3242 signo
2548 3172 2783 3241 imperii,
2812 3172 2907 3226 sed
2947 3187 3173 3226 coronze
3230 3188 3447 3243 semper

1878 3264 2133 3331 adjuncta
2164 3262 2239 3317 sit
2291 3277 2477 3317 comes
2526 3263 2757 3331 iustitia.
2818 3263 3063 3335 Purpura
3094 3265 3311 3334 quidem
3346 3264 3444 3318 tibi

1878 3362 2206 3407 ornamento
2250 3351 2376 3419 erit,
2436 3354 2484 3409 si
2538 3354 2894 3424 temperantia
2949 3356 3093 3409 illam
3137 3355 3443 3410 comitetur.

1878 3446 2058 3500 Calcei
2108 3446 2261 3500 rubri
2320 3447 2578 3501 decenter
2614 3446 2778 3516 pedes
2822 3456 2947 3503 tuos
2980 3449 3280 3511 ornabunt,
3317 3448 3444 3502 siin

1880 3538 2016 3607 ipsis
2043 3538 2312 3607 superbia:
2338 3538 2538 3593 fastum
2572 3538 2946 3607 proculcabis.
2989 3538 3083 3593 llla
3124 3540 3269 3593 enim
3305 3539 3447 3607 peri—

1881 3634 1987 3681 turi
2011 3628 2221 3696 imperii
2244 3628 2337 3682 tibi
2372 3638 2499 3683 nota
2529 3640 2693 3682 erunt
2720 3644 2784 3683 ac
2812 3630 3026 3698 signum
3062 3646 3076 3682 :
3101 3629 3203 3684 ista
3233 3643 3359 3682 vero
3380 3629 3449 3681 ab

1879 3730 1967 3774 a-to.
1987 3739 1997 3769 ι
2016 3735 2084 3773 uo
2118 3720 2388 3790 supplicio
2412 3720 2855 3783 tevindicabunt.
2876 3729 2931 3775 et
2953 3720 3245 3774 immortali
3280 3734 3449 3788 regno

1879 3814 2184 3867 dunabunt.

2220 3902 2294 3957 De
2324 3903 2556 3971 perfecta
2579 3900 2786 3955 dicendi
2816 3900 3091 3969 (acnuam.

1953 3995 2330 4064 Eloquentiam
2384 4010 2567 4050 rerum
2620 3994 2869 4049 omnium
2925 3994 3287 4045 humanarum
3324 4005 3447 4060 per.

1882 4090 2238 4144 fectissimam
2263 4088 2553 4158 diligenter
2584 4101 2818 4141 exerce:
2855 4100 2951 4154 per
2986 4099 3107 4138 eam
3158 4084 3303 4137 enim
3344 4092 3451 4135 ter-

1883 4179 1998 4232 reni
2022 4178 2169 4247 regni
2190 4178 2526 4247 principatus
2543 4176 2708 4231 refert
2724 4171 3126 4245 quodammodo
3145 4171 3450 4225 caelestium

1882 4286 2062 4323 rerum
2116 4270 2362 4323 ordinem
2405 4278 2458 4321 et
2514 4266 2946 4321 convenientiam
2998 4281 3011 4317 :
3059 4263 3238 4318 oratio
3287 4262 3452 4314 rebus

1880 4361 2134 4413 omnibus
2166 4359 2419 4412 humanis
2450 4366 2666 4427 prmest,
2699 4370 2860 4426 quam
2890 4354 2935 4409 si
2968 4353 3150 4418 tollas,
3207 4352 3371 4407 simul
3397 4359 3453 4404 et

1880 4453 2063 4506 omnia
2119 4459 2308 4505 nostra
2365 4449 2543 4504 tollas.
2587 4447 2661 4501 Da
2704 4462 2835 4516 ergo
2897 4459 3121 4516 operam
3154 4452 3212 4498 ut
3245 4442 3340 4498 tibi
3372 4442 3454 4496 di-

1814 4565 1856 4620 ι)
1885 4547 2042 4603 cendi
2099 4546 2409 4599 facultatem
2439 4560 2618 4615 pares,
2648 4559 2757 4597 non
2788 4556 2908 4597 eam
2948 4539 3168 4609 quidem
3200 4552 3449 4591 mancam

1885 4646 1980 4694 aut
2016 4638 2363 4701 diminutum,
2406 4636 2499 4691 sed
2523 4634 2839 4704 perfeCtam.
2871 4631 3057 4701 Neque
3079 4631 3224 4685 enim
3255 4629 3454 4698 guber-

1886 4730 2064 4784 natori
2105 4727 2303 4797 navigii
2334 4727 2485 4781 salus
2525 4726 2908 4787 committitur,
2932 4722 3039 4777 nisi
3080 4724 3216 4777 bene
3252 4721 3453 4790 guber-

1888 4838 2019 4876 nare
2043 4820 2296 4873 didicerit
2343 4834 2358 4871 :
2388 4833 2565 4885 neque
2625 4818 2735 4886 regi
2769 4814 2999 4884 imperio
3029 4812 3178 4882 regio
3207 4811 3307 4874 uti,
3346 4810 3451 4863 nisi

1890 4915 2197 4967 facultatem
2229 4909 2443 4964 dicendi
2467 4910 2533 4964 ad
2569 4924 2654 4962 res
2680 4908 2948 4979 gerendas
2986 4902 3444 4960 accommodatis-

1889 5006 2081 5060 simam
2100 5002 2384 5071 diligenter
2401 4997 2902 5056 exercuerit.Leoni
2927 4995 3194 5065 siquidem
3225 5007 3451 5064 regnum

1890 5099 1944 5151 in
1977 5095 2179 5149 bestias
2219 5094 2313 5147 dat
2370 5092 2536 5145 robur
2558 5089 2724 5143 animi
2752 5096 2807 5142 et
2840 5087 3090 5156 corporis
3124 5103 3137 5138 :
3175 5083 3372 5153 aquila:
3396 5082 3449 5135 iu

1888 5206 2015 5243 aves
2051 5188 2264 5240 volatus
2292 5184 2543 5240 sublimis
2593 5191 2645 5235 et
2679 5180 2834 5236 velox
2862 5196 2876 5233 :
2907 5178 3112 5233 homini
3142 5187 3321 5232 autem
3356 5192 3451 5231 sn-

1891 5297 1986 5351 per
2008 5289 2208 5335 terram
2248 5276 2533 5345 imperium
2576 5273 2669 5326 dat
2688 5271 2887 5327 oratio.

2345 5365 2465 5418 Non
2495 5379 2607 5417 esse
2638 5361 2997 5432 gloriandum.

1963 5461 2188 5529 Propter
2242 5460 2465 5512 relatam
2492 5455 2560 5510 de
2597 5454 2848 5508 hostibus
2910 5449 3198 5504 victoriam
3251 5446 3452 5518 gaudio

1894 5568 1961 5607 ne
2014 5550 2275 5610 cﬂ‘eraris,
2320 5561 2420 5601 nec
2461 5545 2898 5599 adversariorum
2936 5537 3341 5595 calamitatibus
3372 5536 3453 5588 in-

1894 5645 2086 5707 sultes,
2142 5654 2316 5708 nequc
2341 5639 2409 5693 ob
2444 5639 2659 5691 ruinam
2726 5634 3072 5687 inimicorum
3109 5628 3324 5686 laeteris.
3353 5641 3454 5679 nec

1894 5736 2117 5789 alterius
2170 5731 2444 5785 miseriam
2501 5727 2697 5788 rideas,
2749 5740 2847 5778 nec
2902 5722 2973 5777 ob
3010 5721 3175 5774 ullius
3223 5716 3458 5772 hominis

1896 5826 2177 5881 intentum
2214 5822 2467 5877 manile
2502 5819 2729 5889 plaudas
2759 5832 2772 5871 :
2801 5824 2996 5871 natura
3021 5813 3163 5867 enim
3209 5821 3453 5865 commu-
