4224 6444
221 369 326 413 LVII

229 517 596 540 ._—r————._
392 519 772 543 ...ψ-,π

798 535 1192 548 W

1195 541 1541 550 ————.

797 366 1080 426 BASILH
1114 368 1266 428 IMP.
1315 371 1756 430 PAREN’ESIS
1789 374 2084 432 ALTERA
2117 376 2216 433 AD
2256 377 2560 436 LEONEM
2593 378 2886 438 FILIUM.

3352 397 3480 438 ΙΛἸΙΊ

789 521 3482 568 mm

1032 899 1848 1022 ΒΑΣΙΛΕΙΟΥ
1939 913 2123 1022 BA
2143 907 2683 1028 ΣΙΛΕΩΣ

1476 1132 1698 1185 ΕΤΕΡΑ
1741 1135 2154 1187 ΠΑΡΛΙΝΕΣΙΣ

687 1307 855 1392 ΕΙΣ
930 1307 1154 1390 ΤΟΝ
1224 1305 1601 1394 ΑΥΤΟΥ
1675 1308 1948 1394 ΥΙΟΝ
2024 1311 2470 1397 ΛΕΟΝΤΛ
2545 1316 3036 1403 ΒΑΣΙΛΕΑ.

1818 1540 1880 1550 .-

1080 1713 1591 1828 BASILII
1659 1717 2629 1833 IMPERATOBIS

1441 1950 1740 2009 ALTERA
1783 1950 2274 2010 EXHORTATIO

474 2135 622 2206 AD
730 2122 1161 2211 FILIUM

1263 2121 1586 2214 SUUM
1701 2119 2196 2213 LEONEM
2295 2123 3223 2216 IMPERATOREM.

291 2456 355 2508 'Il
397 2455 519 2508 θεία
569 2457 666 2510 καὶ
702 2459 943 2528 παναγία
977 2459 1148 2531 Τρίας
1196 2462 1229 2530 ἠ
1279 2462 1686 2533 παντοδύναμος
1716 2465 1808 2518 καὶ

1985 2465 2174 2519 Divina
2209 2473 2261 2518 et
2283 2467 2630 2519 sanctissima
2664 2465 2775 2518 Tr'n
2803 2475 2928 2527 ttas.
2961 2482 3084 2535 qua!
3119 2477 3201 2520 est
3235 2467 3492 2536 omnipo-

207 2547 471 2612 ζωοποιδς
500 2547 799 2618 ἀγαθότης,
843 2553 875 2620 ἡ
906 2553 964 2604 ὲν
988 2552 1170 2621 τρισὶν
1223 2553 1587 2607 ύποστὰσεσιν
1615 2558 1810 2624 ὁμοου-

207 2642 336 2702 σίως
375 2640 733 2710 δοξαζομένη,
783 2642 846 2694 τὸ
881 2643 1223 2713 ὑπερϐάλλον
1255 2646 1521 2712 ἐπιδεῖξαι
1551 2648 1810 2716 βουλομέ-

207 2749 272 2799 νη
328 2734 434 2802 τῆς
469 2733 681 2798 οἰκείας
719 2733 1075 2803 ἀγαθότητος,
1103 2738 1198 2791 καὶ
1240 2737 1298 2790 ἓν
1349 2740 1485 2791 πᾶσι
1541 2741 1638 2809 μὲν
1699 2744 1812 2804 τοῖς

205 2821 350 2888 οὖσι,
381 2826 764 2898 κατεξαίρετον
787 2828 843 2880 δὲ
863 2827 958 2880 τοῦ
987 2828 1278 2899 ἀνθρώπου
1308 2830 1564 2898 πρόνοιαν
1624 2833 1812 2884 ποιού-

209 2919 371 2986 μένη,
406 2921 524 2970 κατ’
557 2919 744 2972 είκόνα
782 2920 922 2973 ίδίαν
943 2920 1004 2973 τὸ
1034 2920 1221 2991 νοερὸν
1248 2920 1439 2974 τούτου
1462 2922 1525 2991 δη
1537 2923 1806 2993 μιουργή-

211 3025 374 3068 σασα,
404 3009 530 3079 δόξῃ
555 3026 615 3060 τε
647 3009 740 3062 καὶ
768 3012 901 3080 τιμῇ
955 3009 1371 3078 στεφανώσασα,
1425 3012 1619 3081 σοφίαν
1660 3013 1811 3082 αὐτῷ

207 3101 544 3168 ἐδωρήσατο,
568 3102 637 3154 δι’
659 3096 726 3172 ἦς
742 3102 882 3154 κατὰ
913 3101 974 3154 τὸ
1018 3102 1236 3156 δυνατὸν
1257 3103 1389 3156 Θεὸν
1416 3104 1681 3173 γνωρίσαι
1716 3106 1810 3156 δυο

206 3191 462 3259 νάμενος,
492 3190 704 3254 δοξάςοι
754 3191 842 3245 διὰ
894 3192 1092 3254 παντὸς
1130 3191 1221 3244 τὸν
1266 3193 1370 3245 τῶν
1406 3193 1662 3246 ἁπάντων
1690 3194 1810 3246 κτί-

207 3301 344 3352 στην
373 3301 386 3314 ·
447 3285 478 3352 ὴ
527 3284 689 3350 σοφία
727 3284 905 3336 τοίνυν
950 3285 1014 3337 ὲκ
1045 3283 1145 3351 τῆς
1171 3285 1340 3354 αὐτῆς
1397 3285 1810 3355 μεγαλειότητος

202 3379 319 3438 τοῖς
376 3376 684 3446 ἀνθρώποις
735 3375 972 3438 δοθεῖσα,
1034 3375 1314 3446 προδήλως
1374 3375 1465 3428 καὶ
1537 3376 1674 3446 καλὴ
1719 3379 1811 3430 καὶ

203 3469 412 3536 τερπνὴ
437 3467 510 3528 ὡς
554 3466 688 3518 Θεοῦ
720 3465 893 3535 δῶρον
925 3466 1254 3537 καθέστηκε.
1288 3468 1398 3520 Καὶ
1429 3470 1491 3521 σὺ
1545 3467 1658 3530 οὖν,
1721 3468 1808 3519 τὲ-

204 3579 334 3615 τινον
359 3563 494 3630 ἐμὸν
539 3561 930 3628 θεοφύὶακτον,
983 3561 1144 3631 σοφία
1199 3561 1598 3632 ἐκτρεφὸμενος
1651 3561 1809 3628 γενοῦ

205 3655 497 3722 φιλόσοφος
532 3656 612 3724 ('2)
647 3656 710 3706 ἐκ
739 3654 833 3706 τοῦ
867 3655 958 3706 τὸν
989 3653 1122 3705 Θεδν
1151 3653 1441 3722 φοϐεῖσθαι
1477 3671 1490 3684 ο
1532 3653 1675 3723 ἀρχὴ
1702 3653 1811 3723 γὰρ

1917 2567 2034 2610 lens
2083 2557 2477 2625 rivilicansque
2537 2557 2776 2621 bonitas,
2815 2558 2989 2612 trilms
3045 2559 3492 2613 consubstantia-

1915 2649 2058 2702 libus
2105 2650 2156 2701 in
2212 2648 2462 2716 personis
2499 2648 2841 2708 honoranda,
2876 2648 3004 2700 dum
3042 2665 3307 2702 summam
3336 2664 3493 2704 suam

1918 2739 2304 2810 benignitatem
2359 2741 2520 2805 gestit
2577 2740 2979 2802 demonstrare,
3032 2752 3192 2809 atque
3249 2742 3493 2795 omnium

1915 2847 2120 2894 rerum,
2146 2829 2236 2882 sed
2266 2832 2499 2884 hominis
2526 2831 2821 2898 prtecipne,
2861 2847 3050 2884 curam
3089 2847 3199 2901 pne
3231 2849 3287 2884 se
3318 2831 3492 2897 ferre;

1916 2919 2078 2988 hujus
2110 2919 2326 2989 quidem
2358 2921 2594 2973 animam
2636 2919 2701 2972 ad
2727 2921 3020 2989 imaginem
3049 2921 3134 2975 sui
3171 2923 3401 2983 creavit.
3442 2931 3496 2976 et

1914 3012 2087 3080 gloria
2112 3025 2277 3080 atque
2310 3011 2517 3064 honore
2544 3010 2848 3073 exornavit,
2874 3010 3312 3079 sapientiamth
3345 3012 3490 3064 indi-

1913 3105 1991 3158 dit
2026 3105 2233 3172 ;cujns
2267 3116 2371 3171 Ope
2408 3101 2597 3164 Deum,
2635 3111 2907 3170 quatenus
2937 3101 3050 3155 ﬁeri
3096 3111 3292 3169 pote5t,
3327 3117 3496 3169 agno-

1914 3205 2110 3261 sceret,
2146 3205 2466 3263 naturzeqne
2517 3194 2786 3246 universa:
2823 3193 3162 3246 conditorem
3213 3208 3490 3262 nunquam

1914 3305 2019 3344 non
2056 3289 2370 3341 honoraret.
2424 3283 2610 3353 Itaque
2663 3285 2934 3352 sapientia
2974 3298 3039 3336 ex
3066 3282 3254 3336 eoden
3302 3299 3494 3352 super-

1915 3397 1995 3433 na:
2026 3379 2375 3433 liberalitatis
2439 3377 2590 3430 fonte
2618 3376 2927 3440 dimanans,
2966 3377 3085 3430 sine
3109 3375 3275 3428 «hab‘o
3308 3384 3362 3429 et
3396 3377 3494 3428 de-

1912 3486 2039 3525 cora
2076 3478 2161 3525 est
2199 3478 2251 3524 et
2289 3469 2558 3538 jucunda,
2595 3467 2849 3521 videlicet
2881 3468 3006 3536 quia
3038 3466 3238 3521 donum
3267 3464 3357 3519 Dei
3386 3475 3491 3522 est.

1912 3564 1992 3616 Tu
2032 3577 2255 3631 quoque
2283 3562 2468 3630 igitur,
2499 3560 2572 3613 [ili
2608 3559 2679 3612 mi
2710 3559 2820 3628 (cui
2859 3559 3000 3612 Deus
3035 3559 3239 3611 utinam
3277 3573 3494 3626 semper

1916 3655 2176 3721 favezttt),
2215 3653 2498 3721 sapientiae
2534 3651 2672 3703 lacte
2701 3651 2965 3713 nutritus,
3015 3651 3397 3719 philosophum
3442 3659 3495 3702 te

206 3746 402 3812 σοφίας
424 3744 590 3812 φόϐος
624 3744 833 3814 Κυρίου
869 3761 882 3773 ’
934 3742 1155 3806 σύνεσις
1186 3744 1242 3797 δὲ
1272 3744 1474 3814 ἀγαθὴ,
1528 3745 1660 3797 πᾶσι
1701 3747 1811 3806 τοῖς

1917 3749 2158 3802 timendo
2193 3745 2359 3800 Deum
2387 3747 2642 3814 proiitere
2674 3762 2687 3797 :
2725 3745 2939 3797 initium
2967 3744 3170 3812 quippe
3213 3743 3493 3810 sapientia:

203 3811 456 3888 ποιοῦσιν
485 3835 677 3902 αὑτήν.
716 3811 946 3900 ν’Λγάπα
979 3833 1158 3886 τοίνυν
1183 3834 1275 3886 τὸν
1324 3811 1531 3904 Κύριον
1596 3833 1654 3898 ἐξ
1682 3832 1808 3902 ὅλης

1914 3841 2076 3894 timor
2129 3837 2342 3890 Domini
2368 3811 2401 3902 ς-
2452 3845 2599 3890 recte
2652 3845 2829 3886 autem
2896 3811 3118 3901 Sapinnt
3175 3832 3493 3901 quicunque

202 3927 382 3996 ψυχῆς
403 3927 496 3978 καὶ
526 3926 756 3994 καρδίας
789 3941 882 3976 σου
909 3925 1004 3978 καὶ
1029 3925 1180 3993 αύτῷ
1207 3924 1460 3995 λάτρευε,
1509 3925 1605 3976 καὶ
1643 3925 1805 3978 αὑτὸν

207 4021 372 4089 μόνον
395 4019 581 4082 δόξαζε
607 4018 952 4087 Δημιουργὸν
1000 4016 1231 4085 ούρανοῦ
1265 4019 1358 4069 καὶ
1405 4019 1510 4085 γῆς
1565 4016 1659 4068 καὶ
1719 4016 1807 4068 θα.

203 4109 438 4177 λάσσης,
466 4108 688 4161 πάντων
711 4124 771 4159 τε
796 4105 1010 4177 ὁρατῶν
1040 4105 1134 4158 καὶ
1163 4105 1434 4176 ἀοράτων,
1471 4103 1529 4168 ὂς
1570 4104 1661 4156 καὶ
1712 4122 1805 4170 γε-

202 4199 430 4268 νήσεταί
457 4215 540 4250 σοι
575 4197 768 4267 βοηθὸς
793 4198 851 4250 ἐν
870 4197 1067 4259 πάσαις
1101 4197 1221 4258 ταῖς
1256 4195 1489 4266 ἡμέραις
1518 4194 1616 4264 τῆς
1640 4210 1806 4264 προσ-

202 4292 404 4361 καίρου
453 4288 616 4358 τῆσδε
652 4286 802 4355 ζωῆς
838 4303 954 4350 σου,
981 4287 1075 4340 καὶ
1121 4287 1178 4338 ὲν
1204 4285 1366 4339 αίῶνι
1392 4283 1470 4354 τῷ
1520 4283 1801 4354 μέλλοντι·

203 4381 468 4449 σχόλασον
496 4381 559 4448 τῇ
594 4378 922 4447 θεοδιδάκτῳ
953 4378 1116 4447 σοφίᾳ
1146 4377 1223 4445 (3)
1254 4391 1267 4402 '
1309 4375 1507 4446 ἀρίστη
1560 4375 1668 4444 γάρ
1711 4375 1804 4442 ᾖδε

205 4473 548 4541 ὑπάρχουσα,
568 4471 689 4524 δυσὶ
717 4470 943 4541 τρόποις
967 4471 1024 4523 ὲν
1053 4468 1131 4540 τῷ
1179 4467 1454 4539 ἀνθρώπῳ
1517 4468 1803 4538 θεωρεῖταί

200 4581 262 4617 τε
300 4566 395 4616 καὶ
429 4562 780 4632 γνωρίζεται,
813 4561 1093 4615 τουτέστιν
1125 4563 1183 4613 ὲν
1216 4560 1395 4628 λόγοις
1429 4560 1523 4612 καὶ
1574 4562 1631 4612 ὲν
1672 4561 1799 4629 ἀρε-

203 4658 348 4718 ταῖς.
395 4655 544 4708 Αὑτὰ
571 4654 637 4706 τὰ
669 4653 806 4723 βάθη
841 4653 950 4706 τῶν
980 4652 1320 4723 πραγμάτων
1374 4651 1618 4722 ἐναργῶς
1664 4652 1771 4704 ἀπο

202 4743 546 4808 δεικνύουσα,
577 4746 670 4796 καὶ
703 4747 760 4796 ὲν
784 4745 955 4813 σεμνῇ
983 4743 1229 4814 διαγωγῇ
1262 4742 1358 4795 καὶ
1387 4742 1568 4811 ἔργοις
1615 4742 1799 4808 ἁγνοῖς

205 4840 301 4890 καὶ
351 4836 662 4904 θεαρὲστοις
683 4851 696 4865 ⁸
748 4835 814 4888 δι’
843 4829 918 4889 ὧν
960 4835 1185 4888 δύναταί
1217 4852 1300 4898 τις
1328 4834 1505 4888 πάντα
1539 4834 1801 4904 πράττειν

204 4930 504 5002 ἁρμοδίως,
537 4929 677 4982 ὥστε
709 4930 800 4984 καὶ
828 4929 958 4981 Θεὸν
985 4927 1332 4998 θεραπεύειν,
1362 4929 1457 4980 καὶ
1493 4925 1800 4996 ἀνθρώποις

207 5025 383 5091 μέγας
431 5023 526 5075 καὶ
572 5020 778 5085 ἔνδοξος
821 5019 1262 5075 άναδείκνυσθαι.
1315 5020 1464 5088 Τίμα
1515 5020 1677 5088 ἱερεῖς
1709 5019 1800 5070 καὶ

205 5113 542 5184 πρεσϐύτας,
579 5112 831 5182 καθάπερ
857 5114 1054 5180 γονεῖς,
1089 5112 1239 5174 ὅπως
1270 5111 1366 5164 καὶ
1392 5111 1556 5172 αὐτὸς
1608 5109 1791 5162 κελεύ-

1911 3933 2058 3988 illam
2111 3937 2386 3985 exercent.
2438 3927 2576 3997 Ergo
2608 3926 2893 3979 Dominum
2947 3934 3062 3975 toto
3107 3939 3172 3976 ex
3223 3923 3406 3975 animo
3439 3934 3493 3975 et.

1909 4025 2074 4080 corde
2138 4037 2283 4080 ama.
2347 4021 2531 4090 illique
2573 4021 2782 4073 cultum
2816 4017 3010 4071 exhibe
3039 4031 3053 4068 :
3081 4025 3244 4084 atque
3279 4025 3336 4069 ut
3359 4017 3483 4069 uni-

1909 4131 2032 4170 cum
2068 4113 2218 4176 caeli,
2274 4122 2433 4166 terra:
2469 4114 2746 4178 marisque
2779 4108 3075 4161 visibilium
3104 4105 3490 4159 invisibilinm-

1907 4222 2014 4277 que
2042 4204 2396 4259 Conditorem
2432 4202 2661 4262 honera,
2705 4199 2796 4267 qui
2849 4197 3089 4250 vicissim
3139 4196 3234 4249 tibi
3285 4205 3398 4250 tuin
3434 4196 3490 4250 in

1907 4300 2053 4354 omni
2079 4299 2177 4351 hac
2210 4297 2494 4366 temporali
2521 4297 2647 4358 vita,
2689 4303 2801 4346 tum
2837 4293 2888 4345 in
2920 4293 3104 4344 iuturo
3127 4291 3326 4344 sarculo
3355 4288 3491 4342 favi-

1909 4400 1997 4444 tor
2033 4389 2162 4444 erit.
2197 4388 2380 4442 Sacrae
2428 4385 2729 4456 praesertim
2779 4384 3045 4436 doc-trime
3097 4381 3338 4434 studium
3389 4381 3490 4432 im-

1907 4481 2083 4551 pende
2109 4495 2126 4541 ;
2163 4478 2302 4532 hanc
2331 4478 2477 4530 enim
2515 4484 2570 4529 et
2593 4491 2704 4545 pra:
2733 4472 2949 4526 t-mteris
2979 4481 3032 4525 et
3072 4469 3362 4538 dupliciter
3391 4470 3491 4520 ho-

1905 4568 2039 4623 mini
2096 4585 2219 4623 esse
2289 4568 2474 4621 utilem
2532 4572 2875 4634 compertum
2941 4569 3048 4622 est,
3103 4560 3230 4629 quia
3283 4557 3494 4611 scilicet

1905 4679 2027 4718 eum
2058 4662 2258 4715 litteris
2310 4660 2472 4714 simul
2517 4670 2569 4710 et
2616 4656 2915 4709 virtutibus
2946 4653 3188 4707 instruit.
3245 4649 3378 4703 Nam
3406 4664 3492 4702 re-

1906 4767 2025 4805 rum
2055 4751 2128 4804 illi
2167 4758 2417 4803 naturam
2449 4748 2691 4801 intimam
2725 4745 3018 4815 perspicue
3057 4743 3259 4797 reVelat
3283 4783 3297 4804 ,
3341 4757 3491 4796 emn-

1905 4847 2141 4913 ilemque
2171 4846 2400 4896 honesta
2425 4842 2558 4903 vita,
2580 4840 2734 4909 puris
2767 4838 2986 4905 Deoque
3009 4838 3179 4908 gratis
3208 4835 3488 4904 operibus,

1905 4935 2186 4990 ﬂorentem
2229 4933 2391 4987 cﬂieit
2425 4952 2438 4986 :
2475 4947 2538 4986 ex
2581 4947 2689 5000 quo
2750 4929 3125 4999 consequitur.
3185 4935 3242 4979 ut
3296 4937 3489 4979 cuncta

1905 5034 2049 5077 recte
2107 5023 2174 5074 ab
2232 5022 2451 5074 homine
2504 5019 2669 5081 (iant,
2741 5018 2846 5071 lico
2898 5019 3079 5070 cultus
3143 5017 3487 5076 exhibeatur,

1904 5116 2124 5184 ipseque
2163 5127 2388 5181 magnus
2419 5112 2560 5165 inter
2591 5111 2741 5164 cives
2772 5125 2903 5163 suos
2935 5118 2986 5161 et
3027 5109 3325 5177 praeclarus
3353 5123 3482 5158 eva-

207 5223 294 5258 σει
324 5204 461 5258 Θεοῦ
493 5205 731 5274 τιμηθῇς
766 5206 832 5258 ὲκ
861 5204 1067 5258 παίδων
1111 5202 1223 5256 τῶν
1251 5203 1466 5255 οἰκείων
1502 5203 1596 5255 καὶ
1633 5202 1788 5254 ἀλλο-
1820 5184 1833 5203 ’

1904 5207 2004 5260 tlat.
2046 5208 2264 5258 Honora
2293 5205 2606 5259 sacerdotes
2633 5214 2686 5257 et
2715 5219 2896 5267 senes,
2931 5213 3218 5270 parentum
3283 5204 3484 5259 instar,

202 5299 396 5366 τρίων.
435 5293 676 5364 Πτωχοῖς
705 5297 800 5349 καὶ
838 5295 1042 5348 ὲνδεέσι
1069 5296 1164 5350 καὶ
1208 5296 1266 5348 ὲν
1312 5294 1579 5360 ἀνάγκαις
1611 5293 1790 5363 ὑπάρ-

204 5405 362 5455 χουσι
395 5387 677 5458 μεταδίδου
709 5388 1004 5459 προθύμως
1031 5406 1045 5421 ο
1083 5386 1369 5457 γινώσκων
1403 5387 1486 5439 ὅτι
1521 5386 1584 5439 δι’
1615 5387 1794 5437 αὐτῶν

1897 5308 1956 5350 ιιι
1992 5309 2045 5349 ιιι
2090 5297 2331 5350 vicissim
2374 5296 2634 5349 honorem
2694 5309 2723 5346 a
2774 5294 2882 5346 Deo
2929 5293 3224 5360 liberisque
3281 5293 3390 5344 tuis
3439 5295 3492 5342 et

1901 5391 2092 5445 alienis
2124 5388 2503 5458 consequaris.
2569 5387 2852 5456 lnopibus,
2899 5384 3262 5446 calamitosis,
3303 5392 3354 5436 et
3397 5396 3492 5433 ne-

1745 5522 1974 5582 ΝΟΤᾸΞ.

285 5636 360 5706 t2)
405 5635 630 5692 Scilicet
669 5634 988 5706 Philosophi
1037 5653 1131 5691 seu
1197 5635 1472 5706 Sapientis
1523 5651 1788 5706 agnomen

205 5720 402 5829 reitpse
459 5706 568 5763 Leo
625 5707 828 5763 virtute
875 5722 972 5762 sua
1032 5708 1396 5776 doctrinaque
1452 5720 1791 5762 consecutus

205 5789 266 5830 es
298 5815 313 5830 .

1976 5643 2051 5710 (3)
2111 5641 2315 5696 Revera
2370 5639 2569 5694 Leonis
2616 5637 2892 5707 Sapientis
2941 5636 3141 5706 scripta
3195 5632 3380 5689 multis
3435 5631 3490 5687 in

1905 5714 2241 5782 argumentis
2270 5712 2444 5767 sacris
2486 5721 2792 5766 versantur.
