4224 6444
725 412 845 449 \l.lll

2031 392 2527 448 l'liUlJSUUMEN
2544 398 2602 449 Α.

3814 400 3935 436 λιιιν

724 508 992 561 videberis
1049 521 1167 574 qua:
1234 513 1448 556 secreto
1513 503 1719 563 iacies,
1772 512 1823 553 at
1871 502 2265 553 conscientiam
2299 502 2343 557 A
2374 524 2392 553 ν

2299 502 2343 557 Α
2374 523 2483 555 νειν
2528 505 2702 573 δόξῃς,
2736 504 2877 572 ειπερ
2906 505 2961 553 ἐν
2996 503 3173 570 κρυφῇ
3208 500 3453 569 πράξεις,
3487 501 3599 551 ἀλλ’
3631 502 3723 551 ουν
3752 518 3811 566 γε
3839 502 3938 566 τὴν

717 609 863 653 certe
901 607 1067 659 tuam,
1105 605 1158 649 et
1194 595 1359 649 Deum
1397 597 1569 663 ipsum
1603 596 1693 661 qui
1751 610 1921 661 usque
1958 595 2010 644 in
2055 592 2269 643 abditos

714 689 878 741 animi
939 700 1191 739 reCessus
1257 686 1526 744 intuetur,
1586 683 1939 735 revereberis.
2016 681 2271 733 llomincs

711 778 854 830 enim
874 792 992 845 qua!
1022 777 1267 845 corporis
1297 785 1427 827 sunt
1449 775 1663 838 vident;
1699 782 1752 825 at
1785 790 1900 842 quac
1936 773 1989 825 in
2019 781 2271 838 penetra-

714 868 850 921 libus
886 868 1051 921 animi
1094 869 1280 927 latent,
1303 867 1453 919 solus
1488 864 1578 919 Ι)ρὶ
1630 866 1840 922 oezilus,
1904 880 2064 932 quem
2138 860 2271 915 nihil

712 961 861 1022 latet,
895 958 1259 1024 conspicatur.
1294 956 1448 1009 Sicut
1486 957 1629 1009 enim
1672 971 1793 1007 eum
1854 956 1934 1007 sol
1984 956 2127 1007 lueet
2172 954 2273 1006 sub

710 1052 802 1103 dio
830 1050 962 1103 nihil
990 1050 1264 1101 occultum
1297 1064 1419 1101 esse
1457 1056 1652 1116 potest,
1684 1048 1755 1098 ita
1790 1045 1897 1099 Deo
1950 1045 2273 1115 inspiciente

710 1142 893 1195 omnia
926 1140 1059 1194 nihil
1084 1142 1233 1192 illum
1268 1139 1436 1191 latere
1474 1148 1671 1207 pntcst.

1098 1228 1170 1281 De
1202 1231 1534 1295 corruptione
1586 1242 1886 1278 numerum.

781 1318 1013 1373 Venales
1042 1320 1362 1372 muneribus
1381 1319 1675 1385 dignitates
1709 1333 1837 1369 cave
1858 1333 1923 1368 ne
1940 1312 2275 1375 liabeas,sed

715 1413 894 1481 potius
933 1410 1102 1480 gratis
1150 1425 1242 1463 eas
1268 1409 1487 1475 largire.
1548 1410 1645 1473 Qui
1696 1410 1837 1461 enim
1898 1405 2275 1473 magistratum

714 1505 889 1570 pretio
940 1521 1002 1554 eu
1029 1503 1089 1562 it,
1150 1500 1319 1552 multo
1371 1501 1543 1567 magis
1580 1501 1754 1550 eidem
1810 1497 2088 1564 subjectos
2121 1496 2274 1557 emit,

716 1602 773 1645 ut
804 1591 1120 1643 muneribus
1178 1605 1299 1657 qua:
1332 1590 1476 1641 dedit
1515 1592 1685 1639 l‘retus
1719 1587 1835 1654 ipse
1853 1584 2122 1638 audacius
2160 1598 2271 1635 niu-

715 1698 840 1736 nera
860 1682 1059 1747 capiat.
1104 1679 1277 1732 Proba
1320 1680 1483 1747 igitur
1515 1689 1677 1746 atque
1714 1677 1937 1746 explora
1966 1676 2275 1743 diligenter,

713 1785 873 1841 atque
906 1775 976 1823 ita
1007 1772 1222 1823 demum
1263 1768 1328 1821 ad
1363 1772 1597 1823 honores
1623 1772 1854 1836 proveho
1899 1784 2018 1831 eos,
2057 1768 2149 1836 qui
2174 1766 2273 1819 do-

715 1881 840 1916 num
879 1864 981 1913 lioe
1022 1861 1139 1913 sine
1182 1861 1508 1912 muneribus
1536 1862 1842 1918 ambit-unt,
1867 1860 1910 1911 si
1946 1858 2025 1909 vis
2057 1870 2273 1909 onmem

714 1973 741 2008 a
782 1955 1055 2024 republica
1084 1952 1464 2006 roncussionis
1501 1951 1671 2003 labem
1702 1950 1973 2002 exsulare.
2006 1948 2138 2000 Nam
2181 1947 2276 2015 qui

713 2047 804 2099 dat
832 2054 886 2095 ut
918 2044 1295 2110 magistratum
1360 2041 1563 2107 capiat,
1593 2048 1862 2106 quaestum
1893 2038 1994 2091 sibi
2044 2053 2073 2089 a
2103 2037 2277 2106 magi-

719 2145 891 2190 stratn
918 2142 1099 2201 captat
1127 2149 1140 2194 ;
1176 2132 1265 2183 dat
1291 2132 1433 2185 enim
1470 2140 1525 2183 ut
1553 2132 1643 2199 jus
1667 2131 1915 2198 capiendi
1976 2130 2194 2188 habeat.
2226 2138 2280 2183 et

718 2228 1011 2279 violatione
1063 2224 1267 2293 jurinm
1311 2223 1513 2289 jiirium
1548 2222 1893 2274 violationein
1950 2221 2278 2289 negotietur.

713 2317 815 2380 Qui
858 2317 1001 2367 enim
1062 2317 1181 2367 sine
1233 2313 1405 2382 pretio
1442 2312 1815 2381 magistratum
1872 2312 2191 2373 obtinuerit,
2235 2311 2281 2364 is

721 2421 997 2473 nunquam
1023 2404 1408 2457 i-uiieussioriis
1439 2404 1570 2455 vitio
1618 2402 1918 2456 laborabit:
1954 2412 2009 2455 at
2043 2401 2137 2470 qui
2159 2416 2283 2469 pre-

721 2498 798 2549 tio
830 2496 1201 2563 magistratum
1236 2501 1505 2545 mercatus
1532 2490 1715 2554 fuerit,
1748 2492 1792 2545 is
1819 2506 2091 2558 nunquam
2116 2490 2180 2541 ad
2203 2487 2281 2540 la-

714 2585 966 2639 cienduni
1017 2582 1222 2652 aliquid
1251 2584 1369 2636 sine
1399 2584 1645 2636 mercede
1686 2596 2003 2636 assuescere
2060 2580 2279 2649 poterit;

717 2688 770 2730 te
811 2688 991 2730 autem
1020 2675 1404 2730 roncussionis
1433 2682 1487 2728 et
1536 2674 1781 2727 sordium
1817 2674 2039 2728 habebit
2084 2671 2283 2739 magis-

716 2780 885 2831 trum,
947 2784 1109 2836 quem
1171 2766 1444 2820 vindicem
1491 2766 1691 2819 habere
1735 2766 2036 2818 debuerat:
2109 2777 2286 2828 neque

719 2862 834 2928 ipse
869 2861 1044 2911 solum
1086 2858 1325 2925 captabit
1389 2871 1634 2919 munera,
1667 2857 1761 2908 sed
1818 2856 1979 2909 etiam
2014 2855 2150 2907 alios
2183 2851 2283 2908 sibi

717 2950 999 3017 subjectos
1028 2949 1093 2999 ad
1123 2947 1264 2999 idem
1302 2946 1610 2999 faciendum
1662 2948 1971 3016 compellet.

1314 3038 1390 3091 De
1435 3039 1725 3106 iiijitstizia.

792 3127 1220 3195 Haudquaquam
1254 3140 1364 3180 tam
1403 3129 1639 3197 graviter
1689 3135 1884 3197 peccat
1912 3129 2002 3196 qni
2041 3128 2168 3180 facit
2200 3130 2282 3180 iii-

712 3219 938 3286 juriani,
963 3235 1125 3285 quam
1161 3220 1254 3285 qui
1287 3219 1471 3269 sciens
1501 3219 1615 3270 Iieri
1648 3217 1803 3269 sinit.
1861 3217 1997 3269 Cum
2028 3231 2158 3284 ergo
2185 3217 2283 3269 ali-

715 3314 838 3380 quis
872 3326 1066 3379 passus
1104 3309 1361 3375 injuriam
1425 3308 1489 3360 ad
1540 3318 1591 3361 te
1624 3308 1939 3371 accesserit,
1973 3323 2041 3361 ne
2095 3307 2284 3374 queri-

718 3404 951 3454 moniam
978 3411 1033 3452 et
1091 3400 1435 3455 alllietionem
1466 3400 1612 3451 illius
1639 3410 1980 3461 contemnas,
2024 3415 2090 3451 nc
2121 3414 2281 3451 occa-

716 3495 923 3545 sionem
981 3492 1221 3559 prtelieas
1280 3493 1345 3543 iis
1401 3492 1492 3558 qui
1556 3492 1737 3543 facere
1786 3492 2045 3558 injuriam
2101 3492 2278 3560 parati

713 3589 895 3635 erunt.
932 3580 1033 3646 Qui
1070 3582 1213 3631 enim
1242 3580 1403 3631 la'stls
1430 3580 1629 3644 injuria
1663 3588 1768 3639 est,
1812 3582 1861 3631 iu
1902 3590 1950 3631 te
1992 3596 2101 3631 uno
2131 3596 2282 3649 spem

715 3687 867 3724 suam
907 3671 1076 3738 ponit,
1112 3678 1271 3735 teque
1312 3670 1488 3735 ipsnin
1522 3668 1732 3735 injurize
1757 3686 1867 3721 διςιυ
1903 3670 2168 3722 νιιιάίρυιιι
2200 3670 2283 3722 l'u-

717 3772 903 3814 turum
932 3777 1235 3829 opponens,
1264 3763 1608 3827 persequitur
1639 3777 1761 3812 eum
1796 3778 1822 3811 a
1849 3778 1957 3827 quo
1976 3773 2059 3813 est
2084 3762 2279 3825 iniuria

716 3851 965 3903 \‘iolatus.
986 3850 1218 3902 Omnino
1254 3865 1383 3916 ergo
1411 3855 1627 3916 oportet
1662 3850 1991 3916 supplicem,
2014 3849 2104 3916 qui
2136 3850 2277 3917 apud

716 3952 765 3994 te
790 3942 1168 4010 conqueritur;
1227 3942 1318 4005 jus
1380 3956 1539 3991 suum
1597 3940 1866 4002 obtinere,
1906 3957 2277 4007 eummquuin

714 4039 783 4089 sit
816 4036 1073 4101 iujnriam
1129 4032 1463 4098 propulsari.
1525 4030 1581 4082 Si
1632 4046 1759 4082 vero
1829 4032 2027 4098 ipsein
2079 4032 2279 4100 injuria

712 4126 1243 4190 connivebis,atqu.-
1280 4138 1403 4174 eum
1450 4122 1541 4189 qui
1586 4121 1748 4175 laesus
1798 4123 1924 4183 erit,
1978 4123 2276 4192 despicies,

711 4233 832 4269 eum
868 4226 1043 4267 autem
1078 4215 1168 4282 qui
1220 4214 1440 4274 hcserit,
1474 4228 1596 4265 etilli
1654 4214 1807 4267 Solus
1839 4215 2025 4266 ulcisci
2070 4217 2277 4278 valcas,

715 4310 916 4361 nullam
967 4308 1195 4372 jnstitia:
1238 4306 1504 4358 rationein
1562 4305 1782 4367 habeas,
1827 4307 1957 4371 quid
2006 4309 2273 4377 reliquum

714 4399 825 4465 spei
857 4399 952 4448 t'ill
997 4397 1197 4448 misero
1218 4396 1295 4446 illi
1330 4410 1438 4461 quo
1467 4394 1670 4461 fugiat?
1704 4412 1731 4445 a
1759 4414 1867 4463 quo
1898 4399 2132 4465 amplius
2159 4401 2278 4453 vin-

2376 595 2597 645 σεαυτού
2627 593 2927 660 συνείδησιν
2958 592 3050 643 καὶ
3080 591 3231 650 Θεὸν,
3260 593 3349 641 τὸν
3379 593 3473 641 καὶ
3497 590 3676 642 αὐτῶν
3708 592 3813 640 των
3839 592 3936 656 τῆς

2371 686 2545 753 ψυχῆς
2578 685 2813 752 ταμείων
2858 685 3071 751 ἔφορον,
3107 682 3532 755 ἐπαισχυνθήσῃ.
3565 684 3644 735 Τά
3696 684 3792 750 μὲν
3833 684 3940 750 γὰρ

2372 777 2465 828 τοῦ
2499 777 2743 843 σώματος
2784 776 3050 843 ἐφορῶσιν
3076 776 3349 844 ἄνθρωποι
3370 816 3382 832 ,
3414 775 3482 826 τὰ
3504 775 3560 826 δὲ
3592 777 3649 826 ἐν
3676 776 3753 843 τῷ
3785 776 3938 843 βάθει

2374 868 2469 935 τῆς
2498 866 2672 933 ψυχῆς
2704 868 2733 917 ὁ
2766 866 2924 935 μόνος
2948 866 3213 934 ἀλάθητος
3244 865 3519 934 ὀφθαλμὸς
3546 865 3639 917 τοῦ
3660 866 3794 918 Θεοῦ
3816 867 3936 935 όρᾷ.

2376 960 2583 1025 Ὥσπερ
2614 957 2760 1024 ἡλίου
2796 957 3101 1025 λάμποντος
3135 959 3193 1008 ἐν
3219 958 3406 1027 αἰθρία
3437 958 3820 1027 κεκρυμμένον
3851 959 3941 1009 οὐ-

2374 1048 2479 1107 δὲν,
2511 1046 2651 1098 οὕτω
2680 1047 2772 1099 τοῦ
2800 1047 2932 1099 Θεοῦ
2960 1047 3351 1112 ἐποπτεύοντος
3373 1050 3469 1111 τὰς
3494 1050 3741 1119 πράξεις,
3761 1048 3941 1101 λαθεῖν

2376 1138 2595 1189 δυνατὸν
2618 1139 2791 1194 οὐδέν.

2879 1233 3016 1299 Περὶ
3055 1233 3454 1301 δωροληψιας.

2450 1326 2651 1394 [Ιροίκα
2692 1326 2916 1394 χαρίζου
2944 1327 3012 1378 τὰ
3045 1328 3327 1397 ἀξιώματα
3349 1368 3365 1392 ,
3393 1328 3487 1380 καὶ
3515 1329 3589 1397 μὴ
3617 1329 3809 1398 δώροις
3839 1330 3943 1381 ἀπ-

2378 1417 2608 1485 εμπόλει
2650 1417 2745 1478 τάς
2776 1416 2948 1480 ἀξίας.
2968 1417 3026 1470 Ὀ
3056 1420 3163 1487 γὰρ
3193 1421 3355 1487 τιμῆς
3388 1420 3484 1488 τὴν
3508 1420 3679 1488 ἀρχὴν
3701 1420 3944 1488 ὠνούμεκ

2379 1525 2487 1568 νος,
2522 1507 2695 1576 πολλῷ
2742 1509 2904 1560 πλέον
2934 1511 3059 1569 τοὺς
3092 1510 3424 1578 ἀρχομένους
3468 1511 3735 1580 ὠνήσατο,
3766 1512 3853 1565 ἵνα
3879 1515 3945 1582 τῇ

2377 1598 2672 1667 δωροδοκίᾳ.
2724 1598 2964 1669 θαρρῶν,
3017 1600 3152 1670 πρὸς
3201 1601 3542 1669 δωροκοπίαν
3589 1603 3761 1664 ἀδεῶς
3822 1604 3945 1672 ὁρᾷ.

2390 1690 2673 1759 Ἀναζήτει
2701 1686 2792 1743 οὖν
2820 1692 3117 1760 ἐπιμελῶς,
3155 1694 3248 1746 καὶ
3296 1692 3496 1763 ἐρώτα,
3532 1694 3815 1756 κάκείνους
3855 1694 3949 1745 ἐπὶ

2378 1780 2475 1842 τὰς
2520 1781 2693 1851 ἀρχὰς
2742 1780 3058 1847 ἀναϐίόαζε,
3090 1782 3143 1833 εί
3180 1798 3243 1849 γε
3279 1781 3457 1851 βούλει
3483 1782 3582 1852 τὴν
3609 1781 3949 1853 δωροληψίαν

2378 1872 2615 1940 ἐξορίσαι
2658 1872 2757 1941 τῆς
2791 1872 3087 1936 πολιτείας,
3116 1873 3229 1925 ὅσοι
3261 1872 3469 1940 δωρεὰν
3508 1874 3625 1927 ἀλλ’
3650 1876 3711 1927 οὐ
3757 1874 3948 1941 δώροις

2377 1965 2545 2014 ταῦτα
2576 1962 2943 2031 ἐπιζητοῦσιν.
2964 1963 3022 2014 Ὀ
3046 1964 3155 2031 γὰρ
3196 1962 3372 2024 διδούς
3415 1980 3469 2016 τι
3511 1962 3598 2016 διὰ
3629 1966 3727 2032 τὴν
3754 1965 3947 2032 ἀρχὴν,

2380 2056 2569 2125 κέρδος
2618 2072 2671 2107 τι
2719 2055 2873 2122 ζητεῖ
2919 2056 3101 2108 λαϐεῖν
3134 2055 3286 2126 παρά
3311 2056 3409 2123 τῆς
3452 2057 3644 2125 ἀρχῆς,
3673 2057 3817 2108 δῦσει
3853 2057 3953 2126 τὴν

2379 2147 2541 2216 λῆψιν
2582 2148 2909 2214 ὠνούμενος,
2947 2147 3041 2199 καὶ
3085 2148 3400 2217 παρανομία
3457 2146 3555 2217 τὴν
3607 2147 3952 2217 παρανομίαν

2382 2236 3030 2306 πραγματευόμενος.”ος
3058 2238 3165 2306 γὰρ
3190 2236 3257 2289 ἂν
3280 2237 3509 2306 ἄμισθον
3536 2236 3634 2306 τὴν
3658 2238 3832 2306 ἀρχὴν
3860 2237 3951 2290 λά-

2382 2327 2486 2389 εοι,
2514 2327 2850 2396 δωροληψίας
2901 2328 2960 2379 οὐ
3009 2329 3387 2396 περιπεσεῖται
3436 2328 3756 2398 ἐγκλήματι.
3796 2328 3852 2380 ’0
3896 2329 3952 2382 δὲ

2388 2419 2524 2485 μετά
2559 2418 2752 2486 μισθοῦ
2800 2417 2979 2470 λαϐὼν
3028 2419 3125 2488 τὴν
3175 2412 3543 2488 ἀρχὴν,οὗτος
3587 2420 3737 2473 οὐδὲν
3786 2423 3955 2489 χωρὶς

2383 2509 2569 2577 δώρων
2604 2508 2807 2576 πρᾶξαί
2836 2527 2963 2561 ποτε
2998 2508 3299 2579 μεταμάθοι
3320 2525 3333 2537 ⁸
3371 2511 3461 2562 καὶ
3490 2512 3549 2562 σὲ
3574 2513 3671 2580 τῆς
3710 2510 3951 2579 δωρολη-

2384 2597 2510 2665 diu;
2537 2597 2852 2650 διδάσκαλον
2882 2596 3040 2665 ἔχων,
3067 2599 3158 2649 τὸν
3180 2597 3385 2665 ταύτην
3414 2601 3618 2667 κρίνειν
3643 2599 3953 2666 ὀφείλοντα,

2386 2690 2445 2739 οὐ
2484 2689 2641 2755 μόνον
2668 2688 2828 2751 αὐτὸς
2853 2688 3282 2756 δωροληπτήσει,
3312 2688 3447 2741 ἀλλά
3475 2690 3565 2741 καὶ
3588 2690 3807 2757 ἑτέρους
3828 2690 3956 2751 τοὺς

2388 2778 2479 2832 ὑπ’
2511 2781 2671 2831 αὑτὸν
2701 2780 2768 2833 τὰ
2803 2780 2943 2831 αὐτὰ
2976 2782 3236 2850 πράττειν
3266 2781 3684 2848 συναναγκάσει.

2965 3037 3099 3105 Περὶ
3141 3037 3391 3101 ἀδικίας.

2459 3135 2567 3201 Οὐχ
2592 3133 2759 3195 οὕτως
2796 3132 3098 3200 ἁμαρτάνει
3137 3132 3163 3182 ό
3194 3130 3394 3182 ἀδικῶν
3414 3170 3425 3189 ,
3454 3130 3528 3190 ὡς
3558 3131 3583 3180 ὁ
3616 3129 3712 3199 τὴν
3739 3128 3957 3180 ἀδικίαν

2392 3226 2933 3295 παραχωρ‹ῑ›ν.“υταν
2985 3224 3077 3275 οὖν
3129 3240 3209 3274 σοι
3240 3222 3514 3291 προσέλθῃ
3547 3220 3843 3291 ἀδικηθεὶς,
3878 3220 3955 3289 μὴ

2391 3316 2647 3384 ὑπερίδῃς
2692 3314 2856 3366 αὐτοῦ
2886 3314 2982 3383 τὴν
3012 3312 3321 3382 συντριϐὴν,
3364 3312 3450 3363 ἴνα
3500 3311 3576 3380 μὴ
3622 3310 3803 3383 χώραν
3849 3310 3956 3378 δῷς

2389 3408 2499 3467 τοῖς
2552 3403 2895 3473 βουλομένοις
2924 3403 3147 3455 ἀδικεῖν,
3169 3402 3225 3453 '0
3262 3403 3368 3470 γὰρ
3398 3400 3719 3469 ἠδικημένος
3749 3401 3840 3453 ἐπὶ
3874 3402 3958 3453 σοὶ

2394 3496 2537 3563 μόνην
2564 3493 2663 3555 τὰς
2697 3492 2917 3554 ἐλπίδας
2950 3493 3183 3555 σαλεύει,
3224 3494 3315 3545 καὶ
3346 3491 3404 3543 σὲ
3435 3492 3531 3561 τῆς
3560 3492 3767 3554 ἀδικίας
3812 3492 3957 3544 ἐκδι-

2390 3585 2559 3653 κητὴν
2613 3584 3051 3653 προϐαλλόμενος
3085 3623 3099 3646 ν
3154 3584 3244 3635 τὸν
3312 3584 3610 3652 ἠδικηκότα
3663 3582 3949 3651 ἀμύνεται,

2393 3681 2609 3735 Ιιάντως
2638 3677 2691 3727 δὲ
2722 3674 2898 3745 χρεὼν
2923 3675 3070 3745 παρὰ
3102 3674 3194 3727 σοῦ
3217 3675 3306 3728 τὸν
3337 3674 3701 3743 προσελθόντα
3730 3675 3949 3728 δικαιωο

2389 3771 2566 3838 θῆναι,
2594 3768 2715 3819 ἐπεὶ
2748 3767 2955 3820 δίκαιον
3000 3767 3098 3835 τὴν
3128 3766 3341 3821 ἀδικίαν
3372 3767 3759 3835 ἀνασταλῆναι.
3795 3768 3855 3820 Εἰ
3899 3766 3955 3819 δὲ

2388 3860 2547 3922 αὐτὸς
2576 3861 2675 3925 τὴν
2705 3858 2920 3910 ἀδικίαν
2951 3860 3357 3928 παραχωρήσας
3402 3859 3479 3929 τῷ
3525 3858 3817 3921 ἀδικοῦντι,
3863 3859 3957 3910 τὸν

2389 3952 2713 4020 ἠδικημένον
2744 3951 3021 4019 ὑπερίδῃς,
3053 3952 3145 4002 καὶ
3190 3950 3483 4017 δυνάμενος
3534 3951 3691 4018 μόνος
3720 3951 3806 4001 τὸν
3844 3951 3955 4017 ἠδι-

2389 4044 2590 4111 κηκότα
2617 4040 2937 4110 ἀμύνεσθαι,
2968 4043 3063 4109 τῆς
3093 4040 3245 4108 δίκης
3280 4040 3485 4107 μηδένα
3518 4040 3749 4109 ποιήσῃς
3774 4040 3955 4107 λόγον,

2388 4135 2488 4185 ποῦ
2517 4136 2545 4184 ὁ
2572 4133 2796 4193 δείλαιος
2827 4134 3031 4193 ἐκεῖνος
3063 4130 3140 4181 ἔτι
3173 4132 3501 4197 καταφυγεῖν
3530 4127 3773 4195 ὲλπίσει;
3802 4131 3954 4199 παρά

2385 4226 2526 4286 τίνος
2558 4222 2891 4289 ἀπολήψεται
2914 4221 3010 4288 τὴν
3037 4220 3333 4289 ἐκδίκησιν,
3364 4221 3410 4271 εί
3441 4220 3515 4289 μὴ
3550 4220 3698 4289 παρά
3720 4220 3876 4284 Θεοῦ,
3897 4222 3955 4283 ὃς

2386 4316 2479 4368 καὶ
2506 4315 2565 4365 σὲ
2592 4313 2688 4381 τῆς
2707 4311 2961 4381 ἀμελείας
2987 4312 3274 4388 ἀπαιτήσει
3310 4312 3405 4372 τὰς
3436 4311 3624 4374 δίκις;
3657 4311 3956 4363 Δικαίωσον

2383 4407 2477 4459 οὐν
2510 4407 2598 4457 τὸν
2626 4404 2971 4474 ἠδικημένον,
3002 4405 3096 4455 καὶ
3130 4402 3336 4471 ἀμύνου
3382 4402 3472 4455 τὸν
3521 4403 3837 4471 ἠδικηκότα,
3869 4402 3956 4453 ἵνα

711 4491 913 4541 dictam
948 4486 1310 4553 exspui'tabit,
1342 4484 1445 4536 nisi
1488 4500 1517 4536 a
1570 4484 1699 4547 Deo,
1738 4488 1829 4554 qui
1865 4504 1891 4537 a
1926 4495 1977 4541 te
2011 4491 2274 4543 rationem
2309 4516 2355 4572 υ

2309 4516 2355 4572 υ
2385 4498 2458 4565 μὴ
2490 4497 2554 4548 δι’
2584 4489 2658 4547 ὧν
2702 4495 2965 4565 παρορᾷς,
3000 4494 3159 4566 δόξῃς
3208 4495 3301 4546 καὶ
3346 4494 3508 4554 αὐτὸς
3543 4496 3655 4556 τοῖς
3707 4493 3952 4546 ἀδικοῦσι

713 4579 924 4644 injuriae
950 4579 1206 4645 neglecta:
1267 4576 1551 4643 iepnscct?
1604 4574 1701 4628 Jns
1747 4576 1912 4644 igitur
1954 4579 2164 4633 reddito
2197 4582 2268 4647 ei,

710 4671 803 4736 qui
848 4670 1098 4735 injuriam
1122 4683 1318 4736 passus
1348 4678 1450 4729 est,
1479 4676 1638 4733 atque
1673 4668 1816 4719 illitis
1842 4679 2122 4723 auctorem
2150 4673 2271 4725 vin-

2382 4589 2704 4651 συναδικεῖν,
2763 4588 2856 4639 καὶ
2906 4585 3202 4654 ἀλλοτρίων
3255 4587 3668 4656 ἁμαρτημάτων
3729 4586 3954 4640 σεαυτὸν

2380 4678 2677 4750 ὑπεύθυνον
2709 4676 3087 4745 καταστήσεις.

710 4764 916 4820 dicato.
952 4779 1017 4815 nc
1056 4762 1401 4813 conniventia
1459 4770 1547 4815 tua
1579 4761 1816 4813 videaris
1848 4777 1970 4813 cum
2041 4764 2376 4827 facientibus
2456 4770 2712 4840 injuriam
2760 4769 3103 4838 conspirare,
3177 4776 3339 4837 atque
3386 4768 3548 4821 alieni
3620 4768 3847 4824 sceleris
3900 4778 3955 4824 te

713 4868 887 4921 ipsum
921 4868 1069 4905 I‘Clllll
1095 4867 1277 4920 agere.

996 4940 1065 4992 De
1097 4940 1422 4991 uwrmlitulc
1490 4951 1539 4993 ct
1570 4942 1990 4997 iumwrlalilale.

780 5032 1023 5085 Mortalis
1066 5031 1286 5099 quidem
1340 5049 1401 5085 es
1464 5047 1717 5101 corpore,
1759 5036 1939 5086 anima
1992 5050 2123 5089 vero
2169 5037 2267 5089 ini-

708 5124 985 5176 mortalis;
1016 5122 1068 5173 in
1100 5123 1164 5173 iis
1194 5138 1324 5190 ergo
1352 5138 1471 5189 qua:
1508 5127 1695 5177 carnis
1720 5135 1845 5177 sunt
1883 5125 2100 5193 propria
2127 5142 2271 5179 inor—

710 5214 817 5266 talc
853 5212 1034 5279 sapias
1066 5228 1079 5273 ;
1114 5227 1233 5279 qua:
1289 5227 1416 5265 vero
1460 5213 1647 5275 animi,
1677 5214 1998 5267 immortale.
2049 5216 2269 5285 Ample-

708 5313 852 5357 clere
892 5302 1153 5353 mundum
1186 5303 1347 5354 istum
1391 5305 1799 5372 corruptibilein
1833 5321 2060 5372 corpore
2119 5323 2266 5361 mor-

709 5394 843 5454 tali;
871 5392 1052 5444 animo
1079 5409 1207 5445 vero
1251 5393 1643 5445 beatitudinem
1682 5403 1940 5445 ietcrnam
1977 5396 2131 5462 quasi
2166 5398 2267 5448 iiii-

708 5484 976 5538 mortalis.
1025 5482 1137 5537 Etsi
1172 5484 1315 5535 enim
1350 5485 1402 5536 in
1464 5484 1616 5551 regni
1664 5484 1862 5536 solium
1912 5493 2136 5537 evectus
2188 5503 2267 5549 cs,

708 5585 828 5639 post
857 5574 1191 5638 alquantum
1222 5574 1479 5642 temporis
1507 5583 1684 5626 tamen
1719 5575 1786 5626 ab
1824 5591 1890 5625 eo
1922 5575 2223 5629 descendes
2253 5596 2264 5629 :

708 5664 828 5716 etsi
855 5672 1026 5716 totum
1066 5675 1329 5719 terrarum
1374 5668 1560 5719 orbem
1608 5666 1775 5719 armis
1828 5667 2083 5735 subigere
2136 5685 2265 5721 con-

710 5755 969 5822 tendens,
1005 5766 1127 5824 post
1158 5765 1381 5809 mortem
1414 5767 1591 5813 tamen
1642 5760 1773 5811 nihil
1825 5760 2057 5827 amplius
2089 5774 2250 5828 quam

2638 4944 2777 5011 Περὶ
2816 4945 3176 5010 θνητότητος
3215 4943 3311 4995 καί
3348 4943 3700 5010 ἀθανασίας.

2448 5034 2651 5103 Θνητδς
2679 5035 2942 5104 ὑπάρχεις
2974 5035 3050 5103 τῷ
3084 5035 3316 5103 σώματι,
3339 5036 3602 5098 ἀθάνατος
3630 5037 3684 5089 δὲ
3708 5040 3772 5106 τῇ
3804 5038 3949 5108 ψυχῇ

2378 5128 2649 5195 διαμένεις
2675 5142 2687 5153 ·
2722 5126 2907 5195 φρόνει
2954 5125 3047 5177 οὖν
3101 5126 3269 5195 θνητά
3305 5129 3369 5196 τῇ
3406 5129 3588 5198 σαρκὶ,
3620 5131 3685 5196 τῇ
3720 5128 3775 5181 δὲ
3803 5129 3947 5197 ψυχῇ

2377 5216 2639 5269 ἀθάνατα.
2672 5215 2935 5285 [ιερίϐαλε
2964 5217 3163 5284 κόσμον
3190 5217 3264 5285 τῷ
3295 5219 3524 5286 σώματι,
3551 5220 3622 5281 ὡς
3655 5219 3845 5287 θνητὸν
3872 5220 3950 5288 τῷ

2375 5306 2583 5375 θνητῷ·
2615 5304 2909 5369 περιϐαλοῦ
2964 5309 3055 5358 καὶ
3099 5308 3254 5360 ὄλϐον
3287 5309 3550 5362 ἀθάνατον
3577 5316 3641 5379 τῇ
3674 5312 3842 5381 ψυχῇ,
3871 5313 3948 5374 ὡς

2374 5396 2644 5465 ἀθανάτῳ.
2677 5398 2794 5449 Κᾶν
2816 5398 2920 5468 γὰρ
2942 5400 3033 5449 ἐπὶ
3065 5401 3250 5468 θρόνον
3284 5401 3523 5471 bonum,
3552 5402 3665 5455 ἀλλ’
3692 5403 3783 5455 οὖν
3808 5404 3949 5472 μετά

2376 5490 2565 5558 χρόνον
2605 5490 2920 5562 καταϐήσῃ·
2959 5493 3050 5542 καὶ
3079 5494 3126 5543 εἰ
3155 5494 3251 5561 τῆς
3288 5495 3389 5561 γῆς
3424 5495 3639 5562 ἀπάσης
3670 5514 3946 5568 κατακρα-

2375 5583 2536 5647 τῆσαι
2586 5583 2993 5653 φιλονεικήσῃς,
3030 5586 3140 5636 ἀλλ’
3172 5587 3231 5638 οὐ
3281 5587 3441 5641 πλέον
3481 5591 3789 5658 τριπήχεως
3843 5590 3943 5658 γῆς

2379 5674 2513 5739 μετὰ
2547 5671 2774 5724 θάνατον
2811 5675 3247 5747 κληρονομήσας.
3270 5679 3558 5747 Ἐπιμελοῦ
3583 5676 3675 5732 οὖν
3696 5680 3792 5746 τῆς
3815 5679 3944 5749 θνη-

2362 5766 2455 5833 τὴξ
2491 5764 2765 5832 {infit-i1;
2800 5770 2871 5831 ως
2906 5771 3095 5837 θνηιός
3124 5788 3133 5799 ·
3177 5773 3461 5841 περιποιοῦ
3487 5772 3539 5825 δὲ
3583 5772 3673 5825 καὶ
3707 5772 3820 5826 κτῶ
3848 5772 3947 5841 τὴν
