4224 6444
231 396 331 432 XLV

1005 383 1271 439 BASISII
1315 381 1464 438 IMl’.
1502 377 1941 437 l‘AIi/ENESIS
1979 379 2075 434 Al)
2098 379 2399 438 LEUNEM
2427 383 2715 440 1"ll.IU.\l.

3346 397 3464 435 τιν·

226 499 496 548 ἀθάνατον
532 494 806 562 βασιλειαν
828 495 913 546 ὀιὰ
941 494 1036 562 τῆς
1066 497 1171 546 τῶν
1201 493 1412 561 ἀρετῶν
1446 494 1708 559 κτήσεως,
1730 493 1802 552 ὡς
1835 496 1876 551 Α
1909 498 2020 544 tres
2057 493 2147 543 httl

1917 498 2020 544 chs
2057 492 2206 543 humi
2255 493 2470 547 cubitos
2521 493 2835 560 occupabis.
2893 492 3130 546 l‘roinde
3188 501 3463 548 terrenum

226 588 494 646 ἀθάνατος
519 603 531 614 ·
583 589 674 638 διὰ
701 587 858 637 τοῦτο
885 585 993 652 γὰρ
1026 586 1123 652 τῆς
1155 585 1354 652 θνητῆς
1383 585 1618 652 ήξιὼοης
1659 583 1804 642 ἐξου-

228 678 378 736 σίας,
414 677 498 726 ἶνα
535 674 601 727 δι’
633 675 802 744 αὐτῆς
839 673 1156 744 ἐμπορεύσῃ
1204 675 1303 743 τὴν
1355 674 1620 726 ἀθάνατον
1654 672 1806 740 βασι-

228 785 401 817 Αειαν.

783 1043 920 1111 Περὶ
958 1044 1282 1112 ἀρχόντων.

310 1136 416 1187 Ἦν
446 1135 584 1204 ἔχεις
616 1135 842 1205 γνώμην
866 1136 993 1205 περὶ
1022 1136 1270 1197 σεαυτοῦ,
1302 1137 1504 1204 ταύτην
1525 1135 1667 1202 ἔχειν
1694 1137 1810 1186 θέλε

235 1228 337 1278 καὶ
367 1228 497 1297 περὶ
523 1228 628 1280 τῶν
658 1227 762 1278 ὑπὸ
793 1227 873 1289 σὲ,
892 1227 1136 1297 καὶπερὶ
1159 1227 1360 1289 παντὸς
1388 1225 1566 1290 ποιοῦ,
1598 1227 1811 1294 ἀγαπη-

230 1319 345 1380 τῶς
378 1319 575 1380 αὐτοὺς
605 1319 751 1388 ἔχειν
780 1320 906 1388 περὶ
957 1318 1056 1389 τὴν
1107 1320 1204 1388 σὴν
1232 1319 1428 1388 ἀρχήν.
1447 1318 1670 1370 Ἐκεῖνοι
1705 1317 1813 1385 γὰρ

236 1407 472 1476 μάλιστα
497 1406 665 1476 ήδέως
692 1406 1088 1476 βασιλεύουσιν,
1125 1405 1322 1468 οἵτινες
1348 1405 1407 1458 τὸ
1433 1407 1673 1474 ὑπήκοον
1693 1405 1811 1474 ἄριο

235 1516 342 1550 στα
370 1499 754 1568 θεραπεύουσι,
775 1499 868 1553 καὶ
894 1501 1018 1560 τοὺς
1053 1500 1151 1566 μὲν
1181 1500 1364 1563 ἀξίους
1387 1499 1652 1568 τιμῶντες
1679 1499 1813 1564 ἀγα-

233 1590 638 1658 θοποιήσουσιν,
669 1591 793 1652 τοὺς
830 1590 875 1640 δ’
906 1591 1157 1654 ἀναξίους
1184 1592 1280 1641 οὐκ
1324 1590 1660 1658 ἀδικήσουσι.
1693 1589 1832 1641 Μά-.

1505 1662 1520 1679 I

235 1681 393 1732 λιστα
425 1681 468 1733 δ’
496 1682 562 1734 ἂν
589 1681 988 1748 εὐδοκιμήσεις,
1020 1683 1068 1733 εἰ
1099 1681 1196 1750 τὴν
1228 1681 1441 1750 ἑκάστῳ
1472 1678 1654 1748 χώραν
1677 1681 1814 1732 άπο-

232 1772 414 1841 δώσῃς
436 1790 450 1805 ο
477 1774 573 1827 καὶ
609 1776 720 1834 τοῖς
752 1774 852 1843 μὲν
884 1774 1052 1838 ἀξίοις
1087 1775 1273 1842 ἄρχειν
1303 1773 1398 1834 τὰς
1441 1772 1614 1843 ἀρχὰς
1644 1789 1810 1824 κατα-

1910 583 2013 636 hoc
2054 597 2278 649 regnum
2316 591 2375 634 ut
2410 583 2678 647 mortalis,
2717 585 3070 650 administra;
3123 587 3331 638 enitere
3383 597 3463 638 ta-

1909 686 2031 725 men
2067 678 2126 724 ut
2147 671 2449 726 inmortale
2475 687 2702 741 regnum
2732 687 2828 742 per
2845 675 3097 728 virtutem
3121 674 3468 744 adipiscaris,

1911 777 1971 814 ac
1999 773 2205 823 teneas,
2254 763 2408 830 quasi
2450 763 2805 827 immortalis;
2838 773 3125 832 propterea
3169 767 3315 820 enim
3362 775 3470 818 ter-

1914 868 2039 906 rena
2061 853 2298 920 potentia
2330 853 2565 905 donatus
2595 868 2678 917 es,
2710 862 2771 907 ut
2795 869 2887 922 per
2920 868 3038 906 eam
3087 855 3360 909 caelestem
3397 863 3479 906 at-

1912 959 2016 1012 que
2040 954 2296 998 mtcrnam
2322 945 2749 998 dominationem
2779 946 3061 1015 acquiras.

2420 1039 2494 1092 De
2527 1023 2948 1107 magistratibus.

1987 1128 2089 1180 I-‘ac
2119 1129 2362 1182 eaiiidem
2391 1130 2592 1184 habeas
2627 1131 2693 1183 de
2728 1130 2997 1196 subjectis
3045 1133 3178 1192 tuis,
3213 1146 3377 1201 quant
3410 1131 3477 1187 de

1914 1229 1965 1271 te
1995 1223 2112 1288 ipso
2172 1221 2336 1272 habes
2387 1223 2733 1284 sententiain,
2796 1229 2851 1273 et
2903 1219 2971 1274 da
3024 1234 3245 1288 operam
3299 1222 3480 1290 quoad

1913 1310 2031 1377 ejus
2073 1309 2185 1362 ﬁeri
2216 1311 2431 1377 poterit,
2460 1319 2517 1363 ut
2548 1319 2694 1363 tuam
2717 1310 2791 1363 illi
2820 1322 3003 1363 ament
3027 1310 3472 1365 dominationem.

1917 1398 1994 1450 Illi
2026 1399 2168 1450 enim
2187 1400 2284 1451 soli
2307 1398 2550 1464 jucunde
2576 1409 2824 1467 regnant,
2859 1399 2949 1467 qui
3006 1398 3285 1468 subjectos
3336 1415 3468 1453 suos

1915 1489 2332 1557 diligentissime
2390 1498 2607 1552 curant,
2666 1491 2737 1541 ita
2770 1501 2829 1542 nt
2857 1505 2951 1544 eos
2989 1492 3083 1560 qui
3135 1491 3280 1557 digni
3329 1499 3480 1552 sunt,

1918 1581 2213 1634 honoribus
2241 1594 2294 1634 et
2347 1581 2628 1636 beneﬁciis
2689 1581 2989 1644 cumulent,
3039 1579 3296 1649 indignos
3351 1594 3482 1632 vero

1918 1671 2138 1725 minime
2162 1672 2380 1726 laedant.
2413 1673 2488 1725 Ita
2517 1681 2700 1726 autem
2729 1670 3074 1741 potissimum
3106 1669 3242 1723 bene
3272 1669 3484 1729 audies.

1918 1764 1964 1820 si
1998 1779 2157 1819 suum
2189 1765 2388 1832 cuique
2417 1765 2596 1818 locum
2619 1774 2672 1819 et
2700 1764 2927 1834 gradum
2955 1761 3298 1826 servaveris;
3333 1769 3385 1816 et
3420 1761 3488 1814 iis

234 1831 480 1931 στήσεις,
511 1866 622 1926 τοῖς
640 1831 1223 1932 δὲ’άρχομένοιςπάλῖν
1267 1831 1392 1932 μήθζ
1431 1831 1671 1933 ὐέρίζειν
1690 1861 1813 1922 τοὺς
1845 1831 1885 1885 Β
1920 1856 2135 1925 quidem

1920 1856 2135 1925 quidem
2162 1856 2252 1924 qui
2279 1831 2492 1910 caneris
2528 1831 2760 1924 przeesse
2790 1855 2938 1924 digni
2970 1862 3151 1918 erunt,
3187 1851 3481 1922 praefectu-

231 1956 528 2024 ἄρχοντας,
559 1955 687 2024 μήθ’
718 1955 1037 2025 ὑϐρίζεσθαι
1088 1956 1544 2023 παρασκευάσας.
1577 1953 1814 2004 ι’ἰνωσκε

233 2043 330 2099 οὖν
363 2047 756 2116 ἀναμανθάνων
779 2048 1028 2110 ἕκαστον,
1059 2048 1152 2098 καὶ
1171 2046 1313 2098 οὕτω
1342 2047 1726 2114 προσηκόντως
1749 2047 1816 2098 τά

235 2155 295 2190 τε
328 2139 457 2207 περὶ
485 2139 595 2190 τῶν
623 2139 1030 2208 ἀρχόντων,καὶ
1055 2138 1162 2190 τῶν
1186 2138 1525 2207 ἀρχομένων,
1556 2152 1813 2205 πραγμα-

234 2229 419 2292 τεύου,
455 2229 541 2282 ἵνα
572 2229 646 2300 μὴ
675 2230 915 2300 ἄρχωσιν
950 2229 1136 2298 ἔλαφοι
1162 2229 1411 2288 λεόντων,
1440 2227 1575 2280 ἀλλὰ
1602 2228 1814 2286 λέοντες

237 2321 472 2388 ἐλάφων.

1920 1965 2004 2001 ras
2024 1949 2366 2002 commiseris
2409 1964 2422 2000 :
2466 1963 2559 2001 eos
2600 1953 2779 2000 autem
2813 1962 2904 2014 qui
2937 1959 3124 2004 parere
3157 1944 3382 2001 debent,
3413 1941 3486 1993 ita

1917 2039 2329 2107 teniperavcris,
2359 2047 2415 2089 ut
2447 2053 2622 2105 neque
2654 2035 2940 2104 prml'ectos
2997 2049 3131 2088 suos
3190 2033 3486 2094 olfenderc,

1917 2145 2096 2197 neque
2120 2129 2222 2196 ipsi
2258 2129 2501 2182 vicissim
2532 2129 2601 2182 ab
2628 2128 2698 2182 iis
2723 2127 2911 2180 violari
2943 2125 3175 2194 possint.
3211 2123 3283 2176 Da
3322 2124 3487 2191 igitur
3516 2185 3522 2190 ν

1916 2235 2161 2288 operam,
2195 2228 2254 2272 ut
2284 2233 2728 2287 unumquemque
2789 2218 3129 2285 exploratum
3177 2224 3229 2268 et
3262 2229 3486 2282 perspe-

1919 2321 2067 2366 ctum
2095 2312 2316 2378 habeas,
2367 2321 2529 2383 atque
2561 2314 2633 2366 ita
2665 2319 2722 2365 ut
2746 2326 2842 2380 par
2869 2320 2974 2374 est,
3011 2311 3078 2364 de
3115 2309 3182 2363 iis
3232 2309 3324 2378 qui
3357 2321 3488 2376 pra:-

235 2428 384 2474 esse,
406 2422 458 2466 et
497 2414 586 2483 qui
617 2414 837 2470 obedire
890 2415 1165 2470 debebunt
1229 2415 1505 2483 sapienter
1566 2423 1798 2468 statuas.
1859 2428 1924 2463 ne
1985 2413 2128 2464 cervi
2187 2410 2454 2478 imperent
2520 2405 2817 2469 leonibus,
2881 2405 2973 2459 sed
3038 2405 3216 2473 potius
3306 2404 3490 2459 leones

237 2505 438 2559 cervis.

805 2598 946 2664 Περὶ
982 2597 1246 2664 εἰρήνης.

312 2686 594 2757 Μακάριόν
629 2687 854 2739 σεαυτὸν
892 2688 986 2739 καὶ
1020 2688 1190 2739 κόπου
1223 2689 1386 2755 χωρὶς
1414 2688 1736 2752 ἀποδείξεις,
1764 2691 1810 2741 εἰ

240 2777 332 2830 τὰ.
371 2779 652 2847 μαχόμενα
717 2780 967 2844 σπεύδεις
1019 2784 1378 2852 εἰρηνοποιεῖν
1408 2823 1422 2842 ,
1475 2767 1567 2835 καὶ
1631 2785 1809 2836 πᾶσαν

241 2869 443 2938 ἔχθραν
475 2872 566 2923 καὶ
601 2875 782 2928 πᾶσαν
811 2875 929 2945 ἔριν
958 2875 1057 2944 τῆς
1084 2876 1358 2938 πολιτείας
1389 2877 1648 2945 ὲξορίζεις
1668 2917 1681 2937 ,
1715 2878 1807 2929 καὶ

242 2969 422 3017 πᾶσαν
441 2967 704 3038 γαλήνην,
729 2969 824 3021 καὶ
854 2973 1034 3023 πᾶσαν
1053 2971 1273 3040 ἀγάπην
1294 2972 1354 3023 τὸ
1375 2972 1614 3040 ὑπήκοον
1637 2972 1811 3023 άσπάο

245 3055 435 3118 ζεσθαι
461 3057 709 3121 διδάξεις,
738 3061 831 3112 καὶ
859 3062 985 3123 τοὺς
1015 3062 1114 3130 μὲν
1134 3062 1231 3124 τὰς
1260 3062 1458 3131 ἔχθρας
1487 3062 1806 3130 γεννῶντας,

243 3147 585 3216 ἁποελήτους
633 3145 792 3213 εἶναι,
831 3151 956 3213 τοὺς
995 3152 1051 3204 δὲ
1100 3153 1195 3222 τὴν
1241 3154 1461 3227 εἰρήνην
1502 3152 1805 3219 φιλοῦντας,

2576 2586 2648 2636 De
2677 2600 2824 2651 pace.

1993 2681 2212 2733 Beatum
2245 2685 2294 2729 te
2325 2690 2487 2744 pon'o
2516 2688 2579 2726 ac
2614 2675 2734 2727 sine
2787 2687 2984 2740 magno
3016 2672 3217 2724 labore‘
3241 2670 3491 2725 reddide-

1917 2774 2014 2835 ris,
2046 2772 2088 2825 si
2115 2770 2236 2824 lites
2260 2781 2447 2820 omnes
2465 2779 2810 2833 componere,
2829 2778 3124 2832 omnesque
3169 2761 3486 2817 inimicitias

1918 2881 1982 2919 ac
2024 2863 2334 2918 simultates
2370 2874 2399 2912 e
2429 2856 2704 2927 republica
2763 2855 3050 2910 eliniinare
3099 2854 3398 2918 studueris,
3427 2861 3483 2909 et

1917 2956 2190 3022 subjectos
2219 2950 2335 3020 paci
2380 2948 2623 3013 studere,
2648 2960 2711 3002 ac
2737 2954 2923 3000 mutua
2952 2961 3009 2999 se
3038 2944 3304 2999 cbaritatc
3327 2958 3479 2999 com-

1917 3047 2076 3114 plecti
2111 3042 2403 3098 docueris:
2437 3042 2482 3096 si
2527 3039 2786 3093 nimirum
2838 3051 2935 3092 eos
2994 3038 3088 3106 qui
3141 3037 3265 3091 lites
3306 3042 3495 3090 serunt

1914 3135 2162 3190 exsulare
2188 3130 2446 3200 jnsscris,
2479 3128 2629 3199 pacis
2653 3137 2830 3182 autem
2854 3133 3102 3180 amantes
3117 3124 3215 3179 tibi
3234 3124 3495 3193 adjunxe-

247 3215 600 3293 οἰκειοῦσθαι.
657 3241 784 3305 Υἱὸς
837 3241 946 3312 γὰρ
999 3215 1523 3312 ἐμοῦ-τοῡυγηλίνου⁷
1558 3215 1818 3314 βασιλέως
1843 3225 1887 3286 C
1921 3227 2019 3280 τίεν
2052 3224 2150 3279 Fili

1921 3227 2019 3280 ris.
2052 3224 2222 3279 Filius
2247 3224 2388 3278 enim
2420 3236 2595 3285 meus,
2615 3219 2721 3274 hoc
2747 3226 2832 3272 est
2873 3218 3074 3271 terreni
3101 3215 3267 3284 regis.
3297 3226 3490 3268 natura

244 3331 510 3398 ὑπάρχων
541 3331 680 3384 κατὰ
713 3333 912 3403 σάρκα,
952 3336 1044 3388 καὶ
1073 3339 1186 3399 τοῖς
1223 3337 1351 3404 παρ’
1380 3337 1513 3405 ἐμοῦ
1554 3353 1634 3396 σοι
1665 3338 1820 3402 λεγο-

247 3420 432 3489 μένοις
463 3421 779 3488 πειθόμενος
808 3423 1006 3491 λόγοις,
1041 3428 1155 3489 uio;
1197 3427 1440 3499 κληθήσῃ
1472 3429 1567 3481 καὶ
1593 3428 1688 3481 τοῦ
1719 3430 1818 3482 ἐπ-

243 3513 501 3579 ουρανίου
548 3513 858 3580 Βασιλέως,
904 3516 1002 3586 τὴν
1049 3517 1200 3571 θείαν
1253 3517 1463 3587 σεαυτῷ
1509 3519 1824 3587 συγγένειαν

245 3603 685 3672 ἐπιγραφόμενος
712 3608 851 3660 κατὰ
887 3608 1126 3676 πνεῦμα,
1159 3608 1251 3661 τοῦ
1283 3611 1458 3678 πράου
1491 3611 1584 3663 καὶ
1619 3611 1826 3679 εἰρηνι-

249 3692 348 3744 κοῦ
399 3694 635 3763 Χριστοῦ
685 3696 931 3765 μαθητὴς
986 3701 1276 3769 ὑπάρχων·
1333 3700 1642 3767 Μακάριοι,
1696 3702 1826 3770 γὰρ,

248 3784 438 3852 φησιν,
469 3787 525 3838 οὶ
546 3789 930 3854 ειρηνοποιοὶ,
958 3790 1048 3843 ὅτι
1075 3793 1244 3844 αὐτοὶ
1281 3791 1395 3844 υἱοὶ
1421 3790 1568 3846 Θεοῦ
1604 3793 1829 3858 κληθή-

247 3893 481 3932 σονται.

815 3973 952 4038 Περὶ
991 3971 1262 4026 ἐπαίνου.

322 4061 562 4113 Ἐπαίνει
591 4061 700 4114 τῶν
729 4062 1014 4127 συνόντων,
1051 4063 1124 4133 μὴ
1157 4065 1282 4127 τοὺς
1312 4064 1526 4120 ἅπαντα
1557 4067 1624 4120 τὰ
1651 4084 1830 4135 πρατ-

252 4150 457 4219 τόμενά
486 4167 567 4203 σοι
597 4150 951 4213 ἐπαινοῦντας
977 4192 993 4214 ,
1022 4152 1157 4208 ἀλλὰ
1180 4154 1305 4218 τούς
1335 4157 1449 4217 τοῖς
1476 4156 1834 4226 ἐσφαλμένοις

255 4239 457 4309 μᾶλλον
483 4241 848 4309 ἐπιτιμῶντας
872 4259 885 4272 °
937 4243 1156 4307 τούτους
1184 4246 1291 4316 γὰρ
1324 4245 1434 4312 ἐγὼ
1458 4248 1834 4319 εὐνουστέρους

253 4330 346 4381 καὶ⁵
373 4330 847 4400 σωφρονεστέρους
870 4328 988 4387 οἶδα
1037 4334 1146 4387 τῶν
1190 4335 1385 4391 ἄλλων.
1431 4337 1538 4390 Καὶ
1590 4340 1698 4406 γὰρ
1742 4339 1834 4392 τοῦ

251 4419 482 4487 ψεύδους
533 4422 567 4490 ή
601 4421 828 4490 ἀλήθεια
885 4427 1243 4497 πῳτιμητέα.
1291 4428 1450 4483 Ἀλλὰ
1483 4432 1576 4482 καὶ
1620 4435 1731 4494 τοῖς
1778 4427 1834 4486 εὖ

253 4510 534 4612 ξρρονοῦσι.
556 4514 870 4612 παρρησίαν
901 4517 1144 4612 χαρίςου,
1182 4520 1268 4572 ἵνα
1317 4522 1444 4591 περὶ
1490 4516 1564 4575 ὦν
1594 4525 1830 4590 ἀγνοεῖς,
1866 4558 1908 4612 D

255 4599 384 4668 ἔχῃς
417 4599 534 4668 μεθ’
584 4593 658 4653 ὧν
691 4601 885 4671 ἄριστα
916 4603 1310 4678 συμϐουλεύσῃ.
1345 4609 1452 4661 Καὶ
1492 4609 1635 4662 οὕτω
1659 4611 1830 4662 διατε-

256 4690 393 4753 θεὶς,
411 4691 722 4762 σκοπήσεις,
739 4693 812 4756 ὼς
841 4695 900 4747 οὐ
914 4697 1017 4766 χρὴ
1046 4701 1158 4761 τοῖς
1179 4699 1264 4752 διὰ
1285 4700 1478 4769 τέχνης
1507 4702 1829 4755 κολακεύου-

258 4797 364 4843 σιν,
393 4782 527 4835 άλλὰ
585 4786 697 4846 τοῖς
755 4785 871 4854 μετ’
892 4787 1105 4851 εὐνοίας
1140 4788 1501 4859 θεραπεύουσι
1535 4794 1823 4862 προσέχειν

254 4870 344 4926 ἀεί
363 4872 490 4940 ’τῆς
511 4872 621 4943 γὰρ
646 4875 832 4946 ἑτέρου
851 4877 1117 4943 ὠφελείας
1147 4881 1234 4932 καὶ
1267 4880 1469 4950 βλάϐης
1500 4878 1557 4935 εὖ
1595 4883 1827 4953 μάλιστα

260 4965 644 5064 πειραθεὶςϋὸ
677 4969 773 5038 μὲν
804 4971 1104 5044 citro-19555;},
1132 4973 1225 5026 τοῦ
1254 4973 1309 5026 δὲ
1341 4975 1614 5044 ἐπιτεύξῃ.

532 5262 546 5287 ι
784 5233 922 5298 Περὶ
974 5225 1201 5301 aperio;
1212 5232 1300 5300 ἧς.

331 5319 576 5387 Νεότητα
625 5321 932 5390 κόσμησον,
988 5322 1062 5391 μὴ
1113 5325 1226 5385 τοῖς
1275 5328 1556 5392 γυμνικοῖς
1600 5324 1826 5390 ἀγῶσιν,

259 5410 397 5462 am
429 5412 540 5471 τοῖς
574 5412 865 5481 ἑναρὲτοις,
915 5413 1045 5481 μηδὲ
1094 5414 1338 5485 περιίδῃς
1387 5431 1480 5466 σου
1523 5413 1620 5483 τὴν
1667 5413 1826 5480 φύσιν

260 5500 378 5566 ἃμα
412 5502 585 5554 πᾶσαν
615 5503 959 5572 διαλυθῆναιο
1009 5504 1109 5558 κᾶν
1144 5506 1245 5576 γὰρ
1275 5506 1518 5576 σώματος
1563 5505 1826 5574 ὑπάρχεις

261 5590 478 5659 θνητοῦ,
514 5593 648 5646 ἀλλὰ
674 5595 766 5648 και
793 5595 970 5667 ψυχῆς
1005 5598 1190 5668 ἔλαχες
1219 5597 1505 5652 ἀθανάτου.
1531 5597 1710 5667 uago
1734 5596 1825 5648 οὐν

343 5767 356 5798 ⁸
393 5764 583 5821 Matth.
614 5784 666 5834 τ,
696 5771 746 5818 9.

1923 3332 2046 3370 cum
2075 3315 2173 3378 sis,
2227 3312 2451 3368 monitis
2506 3310 2643 3365 meis
2690 3323 2753 3362 ac
2813 3307 3098 3377 prmeeptis
3125 3306 3170 3360 si
3208 3307 3479 3376 parueris.

1925 3406 2164 3460 caelestis
2187 3417 2405 3474 quoque
2424 3400 2586 3471 Regis
2610 3399 2757 3453 ﬁlius
2782 3396 3088 3458 vocaberis,
3119 3395 3360 3449 divinam
3392 3394 3490 3448 tibi

1925 3495 2458 3564 eonsangninitatem
2525 3506 2619 3561 per
2670 3489 2900 3558 gratiam
2949 3487 3282 3555 adipiscens,
3348 3501 3410 3539 ac
3443 3495 3495 3536 te

1929 3604 2026 3655 pm
2063 3584 2270 3652 paciﬁci
2331 3599 2395 3637 ac
2425 3579 2699 3635 mitissimi
2729 3577 2932 3632 Christi
2962 3576 3232 3645 discipulo
3257 3591 3448 3643 gerens
3480 3594 3492 3627 :

1934 3678 2102 3739 Beati,
2137 3676 2304 3738 enim,
2339 3671 2768 3744 inquit,paciftci,
2801 3669 3052 3736 quoniam
3087 3667 3187 3732 ﬁlii
3213 3666 3310 3720 Dei
3340 3683 3497 3720 voca-

1932 3771 2123 3822 bmunr
2139 3772 2175 3821 '.

2585 3944 2658 3997 De
2679 3943 2860 3995 laude.

2006 4040 2190 4093 Lauda
2241 4054 2303 4091 ex
2348 4035 2705 4088 familiaribus
2749 4047 2854 4086 non
2913 4047 3008 4084 eos
3067 4031 3160 4100 qui
3210 4031 3346 4084 facta
3407 4037 3499 4083 tua

1935 4132 2112 4185 omnia
2172 4129 2503 4198 probabunt,
2556 4125 2646 4179 sed
2682 4125 2866 4193 potius
2913 4137 3007 4176 eos
3038 4121 3130 4191 qui
3165 4128 3386 4190 peccata
3418 4119 3500 4173 in-

1937 4222 2147 4276 terdum
2183 4228 2274 4272 tua
2311 4215 2740 4285 reprehendent;
2778 4229 2872 4269 cos
2902 4213 3044 4266 enim
3097 4227 3198 4282 ego
3235 4218 3288 4264 ct
3308 4223 3498 4264 aman-

1937 4316 2105 4366 tiores
2129 4321 2179 4364 el
2209 4307 2568 4378 sapientiores
2611 4321 2733 4359 esse
2779 4304 2968 4371 judico
3030 4319 3044 4356 :
3097 4315 3312 4368 semper
3351 4299 3497 4354 enim

1938 4401 2140 4457 veritas
2167 4396 2447 4452 mendacio
2469 4393 2801 4464 praeferenda
2838 4401 2942 4447 est.
2969 4392 3036 4445 At
3066 4391 3204 4446 bene
3242 4389 3499 4444 animatis

1938 4508 2063 4562 erga
2097 4498 2149 4544 te
2195 4486 2448 4558 loquendi
2510 4485 2815 4539 libertatem
2863 4481 3152 4543 concedes,
3186 4488 3244 4534 ut
3293 4479 3495 4535 habeas

1936 4584 2261 4652 quibuscum
2281 4581 2346 4634 de
2379 4578 2545 4634 rebus
2583 4592 2721 4645 quas
2749 4576 2985 4646 ignoras,
3028 4574 3292 4642 optimum
3320 4571 3497 4627 consi-

1933 4677 2065 4730 lium
2095 4688 2289 4743 capere
2323 4670 2500 4741 possis
2539 4687 2552 4722 :
2582 4675 2636 4721 et
2674 4666 2738 4720 ad
2782 4667 2927 4720 hunc
2952 4663 3172 4718 modum
3204 4663 3251 4717 si
3281 4668 3497 4716 tecom-

1933 4765 2230 4839 paraveris,
2263 4776 2585 4832 cognosces,
2615 4773 2722 4813 non
2743 4757 2812 4812 iis
2835 4753 3243 4827 quiiartiliciose
3265 4751 3494 4810 adulan-

1931 4869 2040 4923 tur,
2060 4857 2153 4912 sed
2183 4856 2289 4910 illis
2311 4854 2403 4924 qui
2421 4855 2638 4907 sincera
2653 4846 3024 4904 benevolentia
3041 4845 3136 4898 tibi
3155 4841 3492 4924 deserviunt,

1929 4946 2309 5003 adhaerendum
2354 4957 2477 4998 esse
2519 4961 2531 4996 :
2569 4941 2762 4996 horum
2815 4939 2962 4993 enim
3011 4935 3265 4999 utilitate,
3287 4941 3342 4990 et
3371 4933 3493 4986 illo-

1932 5055 2051 5094 rum
2080 5037 2320 5108 pernicie
2353 5036 2656 5104 explorata,
2701 5030 2769 5084 ab
2807 5029 2928 5084 istis
2967 5027 3186 5099 quidem
3245 5023 3488 5090 cavebis,

1933 5131 2054 5184 illos
2085 5143 2212 5182 vero
2249 5127 2343 5187 tibi
2381 5125 2666 5193 adjnnges.

2497 5215 2571 5268 De
2595 5214 2675 5267 sui
2709 5228 2858 5265 cura.

2008 5313 2356 5370 Juventntem
2386 5318 2532 5360 tuam
2564 5318 2767 5360 exorna
2801 5317 2908 5357 non
2945 5302 3192 5369 corporis
3218 5298 3486 5354 exercita-

1934 5409 2102 5469 tione,
2131 5407 2223 5460 sed
2238 5401 2453 5456 virtutis
2474 5417 2489 5464 ;
2510 5411 2684 5466 neque
2712 5404 2963 5449 naturam
2983 5401 3129 5446 luant
3152 5391 3300 5446 sinas
3324 5387 3486 5443 simul

1935 5511 2100 5555 telam
2133 5495 2389 5555 interire,
2419 5492 2520 5546 clsi
2555 5488 2700 5544 enim
2759 5487 2984 5541 mortale
3029 5497 3230 5550 corpus
3260 5480 3492 5535 sortitus

1931 5611 2010 5655 es,
2043 5602 2096 5646 at
2125 5589 2361 5644 animum
2425 5582 2774 5637 mortalitatis
2801 5586 3077 5647 expertem
3108 5572 3300 5628 habes.
3339 5569 3488 5624 Con-
