4224 6444
759 419 904 462 ιινιι

2087 409 2381 469 PROLEG
2391 409 2668 473 OMENA.

3835 424 3994 463 λινιιι

760 526 937 580 nitere
966 530 1025 577 ut
1050 537 1144 592 per
1170 519 1293 574 boni
1324 522 1562 578 nominis
1582 523 1898 577 memoriam
1933 523 2315 577 itnmorlalita-
2346 526 2390 580 Α
2420 524 2428 572 ἑ

2346 526 2390 580 Α
2420 523 2508 576 διὰ
2558 527 2656 593 τῆς
2704 524 2911 594 ἀγαθῆς
2967 525 3184 594 μνήμης
3224 524 3525 594 κτήσασθαι
3575 524 3634 575 τδ
3685 523 3997 576 ἀθάνατον·

759 625 870 670 tem
929 611 1303 680 consequaris.
1350 611 1654 665 Gloriosam
1705 621 1886 666 autem
1953 614 2032 666 tui
2087 615 2325 668 nominis

761 706 1077 762 memoriam
1099 703 1398 774 relinques,
1419 703 1462 757 si
1488 718 1603 768 eos,
1637 704 1728 772 qui
1755 703 1916 759 talem
1956 704 2279 773 reliquerint
2308 745 2323 770 ,

760 798 1094 861 imitaberis;
1135 806 1193 849 ιιι
1229 793 1508 850 mediteris
1531 793 1750 862 quidem
1776 801 1831 849 et
1864 798 2092 848 honesta
2117 795 2322 860 dicere,

758 899 811 944 et
857 891 1058 945 similia
1112 891 1290 944 facere
1339 902 1694 952 consuescas,
1733 897 1786 942 et
1834 903 1955 956 qua-
2003 893 2057 941 te
2118 889 2325 941 sentire

755 985 922 1039 dictis
950 984 1301 1046 iudicaveris.
1343 983 1532 1036 eadem
1599 996 1764 1049 Opere
1810 977 2038 1048 implere
2089 992 2324 1032 curave-

755 1079 850 1134 ris.

1249 1164 1323 1221 De
1357 1166 1832 1220 conuuiscratione.

827 1256 897 1311 Ut
947 1256 1197 1326 corporis
1270 1258 1448 1310 omnis
1482 1256 1672 1308 umbra
1731 1271 1946 1325 semper
1985 1266 2068 1311 est
2115 1272 2320 1319 comes,

757 1349 829 1401 ita
861 1364 1077 1418 semper
1106 1348 1380 1402 hominem
1420 1359 1702 1416 peccatum
1730 1349 2092 1414 consequitur
2119 1365 2133 1400 :
2163 1357 2324 1401 natu-

758 1456 816 1492 ra
852 1441 996 1495 enim
1035 1439 1270 1492 humana
1304 1439 1457 1491 vaide
1483 1439 1549 1490 ad
1575 1438 1865 1491 labentium
1917 1448 2002 1492 est
2035 1438 2320 1506 proclivis,

754 1543 808 1586 et
837 1532 900 1583 ad
923 1531 1224 1585 czulendum
1248 1545 1436 1599 prona.
1473 1530 1600 1584 Esto
1626 1531 1790 1598 igitur
1818 1529 2131 1583 errantibus
2154 1529 2315 1594 lenis,

753 1636 805 1678 et
832 1624 1060 1689 justitiae
1086 1625 1326 1677 admisce
1356 1623 1778 1674 humanitatem.
1821 1622 1875 1674 Si
1902 1626 2046 1674 enim
2098 1621 2214 1690 ipse
2252 1621 2322 1672 ab

753 1715 1071 1770 errantibus
1102 1715 1271 1784 exigis
1310 1713 1602 1775 rationem,
1653 1718 1867 1764 tuorum
1919 1711 2036 1780 ipse
2065 1721 2319 1780 peccato-

754 1821 876 1860 rum
909 1821 1194 1861 censorem
1229 1803 1399 1858 liahes
1431 1803 1600 1857 Deum
1641 1820 1655 1857 :
1684 1803 1911 1873 proinde
1943 1804 2180 1872 quotidie
2221 1805 2316 1857 tibi

753 1895 872 1964 ipse
895 1895 1198 1958 denuntia;
1229 1905 1286 1947 ut
1315 1896 1437 1948 aliis
1465 1903 1688 1963 peccata
1718 1893 2111 1957 remiseris,ita
2141 1909 2170 1946 a
2210 1891 2318 1946 lleo

752 1985 1045 2039 remissum
1079 1986 1142 2038 iri
1168 1985 1260 2038 tibi
1296 2000 1476 2052 spera.
1507 1985 1641 2036 Cum
1677 1997 1807 2052 ergo
1836 1981 2210 2050 ium-judicium
2247 1984 2313 2034 ti-

753 2069 804 2122 bi
837 2070 951 2136 ipse
981 2068 1172 2132 facias,
1203 2067 1419 2120 remitte
1441 2065 1768 2119 debentibus
1797 2065 2000 2126 debita,
2045 2077 2102 2118 ut
2139 2074 2192 2118 et
2219 2066 2313 2118 tibi

752 2160 1096 2211 remittantur
1124 2170 1212 2210 tua
1241 2175 1254 2210 :
1291 2171 1413 2226 qua:
1436 2157 1579 2210 cnim
1614 2155 1898 2210 conservis
1943 2157 2051 2209 tuis
2099 2154 2312 2217 feceris,

749 2249 936 2303 cadem
975 2263 1002 2300 a
1034 2249 1309 2302 communi
1339 2247 1567 2302 Domino
1605 2247 1860 2315 recipies,
1897 2255 1951 2300 et
1984 2245 2317 2315 quojudicio

749 2343 886 2398 alios
908 2341 965 2412 ju
992 2341 1264 2407 licaveris,
1287 2339 1475 2395 eodem
1504 2349 1558 2393 ct
1597 2340 1712 2409 ipse
1743 2337 2100 2408 judicaberis.

1344 2511 1418 2566 De
1450 2513 1712 2581 (equitate.

818 2606 1004 2661 l’ra-be
1048 2605 1237 2659 faciles
1289 2620 1449 2659 aures
1475 2603 1736 2671 precanti,
1774 2603 1934 2672 eique
1973 2602 2182 2672 placide
2229 2617 2312 2655 re-

747 2697 975 2766 sponde.
1036 2694 1150 2750 Etsi
1215 2706 1435 2763 prepter
1489 2695 1689 2748 terreni
1749 2693 1898 2764 regni
1934 2693 2313 2747 celsitudinem

745 2787 898 2840 aditu
969 2785 1144 2840 facilis
1199 2799 1418 2847 nones,
1471 2791 1525 2836 at
1579 2795 1799 2852 propter
1861 2787 2012 2854 regni
2073 2785 2314 2838 caelestis

744 2892 896 2944 Spem
947 2890 1205 2930 accessus
1265 2873 1333 2927 ad
1373 2882 1427 2928 te
1483 2885 1664 2943 pateat
1706 2874 1984 2929 omnibus.
2017 2873 2313 2929 Consolare

745 2977 1043 3023 nuerentcs
1087 2969 1129 3023 si
1182 2983 1288 3021 non
1338 2967 1684 3031 muneribus,
1719 2976 1775 3020 at
1825 2966 2020 3020 saltem
2076 2967 2308 3020 verbis:

743 3077 868 3114 nam
893 3062 973 3116 vel
1006 3077 1172 3116 unum
1209 3061 1435 3116 verbum
1460 3074 1624 3128 quam
1662 3059 1830 3112 multa
1863 3073 2093 3112 munera
2127 3059 2302 3128 pluris

2433 617 2652 684 μνήμην
2697 615 2753 667 δὲ
2802 617 3103 687 καταλίπῃς
3144 615 3374 682 ἀγαθὴν,
3406 615 3497 666 ἐὰν
3539 615 3630 664 καὶ
3674 615 3834 675 αὐτὸς
3872 613 3995 672 τοὺς

2428 706 2637 773 ἀγαθὴν
2665 706 3062 769 καταλιπόντας
3111 708 3334 773 μνήμην
3365 705 3541 773 ζηλοῖς
3562 721 3578 736 ο
3614 705 3698 754 ἵνα
3729 703 3869 755 καλά
3899 701 3997 770 μὲν

2430 801 2798 872 ἐκμελετήσῃς
2843 799 3040 866 λέγειν,
3075 801 3142 852 τὰ
3172 801 3331 868 ὃμοια
3376 799 3431 851 δὲ
3469 796 3782 866 συνεθισθῇς
3827 797 3997 865 πράτ-

2427 907 2566 955 τειν,
2601 891 2694 943 καὶ
2741 891 2778 944 ἃ.
2833 894 3051 960 φρονεῖν
3103 890 3471 958 ἐπιτηδεύσεις
3515 890 3603 942 δια
3649 888 3755 940 τῶν
3800 887 3995 956 λόγων,

2426 982 2598 1035 ταῦτα
2631 985 2804 1036 ποιεῖν
2831 984 3149 1052 ἐπιμελήτει
3178 982 3264 1033 διὰ
3295 983 3402 1033 τῶν
3433 981 3627 1048 ἔργων.

2924 1157 3059 1224 Περὶ
3089 1157 3484 1222 συμπαθείας.

2497 1251 2704 1319 ’Ὥσπερ
2727 1249 2826 1302 οὐκ
2853 1249 2929 1302 ενι
2963 1248 3120 1318 σῶμα
3156 1242 3200 1314 ᾧ
3220 1248 3281 1299 οὑ
3313 1249 3620 1315 παρέπεται
3652 1243 3798 1303 σκιὰ,
3823 1243 3998 1305 οὕτως

2423 1341 2542 1395 οὐδὲ
2596 1340 2879 1410 ἄνθρωπος
2934 1333 2978 1407 ᾧ
3006 1341 3066 1392 οὐ
3101 1336 3408 1408 παρέπεται
3454 1335 3716 1404 ἁμαρτία.
3757 1334 3819 1386 Ἦ
3887 1334 3996 1404 γὰρ

2424 1433 2584 1500 φύσις
2611 1429 2768 1499 ἡμῶν
2791 1429 3066 1482 εὺόλισϐόν
3112 1445 3164 1482 τι
3201 1428 3385 1497 χρῆμα
3420 1427 3514 1479 καὶ
3543 1428 3677 1494 πρὸς
3703 1426 3762 1478 τὸ
3781 1426 3996 1478 πταίειν

2423 1523 2816 1591 εὐκατάφορον.
2853 1520 2984 1572 "Eoo
3012 1515 3107 1572 οὖν
3138 1520 3251 1580 τοῖς
3298 1518 3704 1588 ἁμαρτάνουσιν
3734 1516 3993 1584 εὐμενὴς,

2423 1615 2515 1666 καὶ
2541 1613 2617 1682 τῷ
2638 1613 2830 1682 δικαίῳ
2853 1613 3014 1680 κίρνα
3041 1610 3102 1663 τὸ
3144 1610 3544 1680 φιλάνθρωπον.
3581 1610 3694 1660 Κᾶν
3729 1608 3838 1676 γὰρ
3874 1605 3996 1659 ἐτέ-

2424 1722 2551 1775 ρους
2579 1705 2871 1766 πταίοντας
2894 1703 3220 1770 λογοθετεῐς,
3245 1700 3378 1755 ἀλλά
3399 1702 3492 1752 καὶ
3517 1700 3677 1762 αὐτὸς
3697 1699 3806 1750 τῶν
3829 1715 3997 1751 σεαυ-

2419 1794 2513 1847 cui
2549 1794 2885 1863 σφαλμάτων
2917 1793 3209 1861 λογοϐἐτῃν
3234 1791 3380 1862 ἔχεις
3405 1791 3496 1843 τὸν
3541 1790 3691 1845 θεόν.
3728 1791 3835 1842 Καὶ
3868 1788 3994 1842 καθ’

2420 1887 2657 1954 ἑκάστην
2688 1885 2865 1953 ἑαυτῷ
2903 1885 3190 1956 παρεγγύα
3214 1885 3314 1953 τὴν
3366 1884 3599 1953 ἡμέραν,
3638 1883 3713 1942 ὡς
3762 1883 3996 1949 ἀφήσεις

2419 1979 2513 2031 καὶ
2538 1979 2699 2040 αὐτὸς
2725 1977 2990 2048 ἀφεθῆναί
3032 1993 3115 2029 σοι
3176 1975 3306 2044 παρ’
3363 1975 3556 2027 ἑαυτοῦ
3587 1974 3791 2035 ἔλπιζε.
3839 1973 3991 2024 Ἐπεὶ

2417 2069 2509 2122 οὖν
2541 2071 2747 2138 σεαυτῷ
2774 2067 2872 2136 τὴν
2905 2070 3090 2137 κρίσιν
3119 2065 3444 2135 ἐπιψηφίζῃ,
3475 2066 3607 2132 ἄφες
3633 2065 3739 2125 τοῖς
3775 2062 3991 2129 ὀφειλέ-

2417 2178 2534 2223 ταις
2562 2160 2630 2213 τά
2662 2159 3021 2229 ὀφειλήματα,
3055 2163 3148 2211 καὶ
3206 2157 3537 2226 ἀφεοήσεταί
3596 2173 3677 2208 σοι
3709 2154 3778 2206 τε
3812 2156 3995 2223 ἁμαρ-

2416 2253 2656 2320 τήματα.
2696 2251 2762 2301 Ἃ
2801 2249 2910 2316 γὰρ
2953 2249 3018 2301 ἂν
3049 2251 3162 2310 τοῖς
3198 2247 3503 2307 συνδούλοις
3531 2247 3793 2312 ποιήσεις,
3819 2242 3993 2294 ταῦτα

2420 2337 2672 2406 παράτοῦ
2704 2336 2884 2388 κοινοῦ
2917 2337 3188 2388 Δεσπότον
3221 2334 3575 2404 ἀνταποδέξῃ,
3599 2335 3677 2386 ὅτι
3718 2335 3774 2386 ὲν
3803 2327 3847 2399 ᾧ
3871 2332 3993 2404 κρί-

2420 2445 2549 2498 ματι
2585 2428 2811 2496 κρίνεις,
2838 2430 2896 2480 ὲν
2933 2428 3106 2496 τούτῳ
3134 2428 3227 2480 καὶ
3251 2427 3508 2498 κριθήσῃ.

2946 2520 3081 2586 Περὶ
3113 2519 3454 2583 ἐπιεικείας.

2500 2610 2817 2664 ’Υπόκλινον
2867 2609 2927 2661 τὸ
2957 2606 3049 2672 οὖς
3081 2625 3172 2661 σου
3213 2611 3290 2678 τῷ
3329 2609 3593 2679 δεομένῳ,
3632 2610 3724 2661 καὶ
3757 2609 3990 2676 ἀποκρί-

2415 2705 2537 2774 θητι
2576 2703 2726 2772 αὐτῷ
2757 2703 2828 2755 τὰ
2854 2701 3127 2772 εἰρηνικά.
3165 2701 3283 2753 Κᾶν
3337 2701 3445 2770 γὰρ
3477 2701 3770 2770 ἀπρόσιτος
3809 2699 3991 2767 ὑπάρ-

2414 2813 2514 2866 χῃς
2545 2795 2634 2847 διὰ
2657 2795 2757 2864 τὴν
2789 2794 2938 2848 κάτω
2958 2792 3296 2856 δυναστείαν,
3316 2791 3429 2844 ἀλλ’
3457 2792 3774 2859 εὐπρόσιτος
3828 2786 3989 2856 γενοῦ

2413 2891 2500 2942 διὰ
2533 2888 2630 2956 τὴν
2677 2888 2790 2940 ἀνω
2819 2885 3087 2951 ἐξουσίαν.
3122 2883 3523 2952 Παραμύοησαι
3555 2882 3682 2942 τοὺς
3714 2877 3989 2946 ὀδυνωμέ-

2411 2997 2558 3046 νους,
2593 2980 2641 3032 εί
2672 2977 2766 3031 καὶ
2797 2977 2872 3046 μὴ
2901 2976 3114 3046 δώροις,
3137 2975 3252 3028 ἀλλ’
3280 2974 3372 3027 οὖν
3403 2977 3514 3035 τοῖς
3546 2973 3745 3040 λόγοις·
3775 2971 3990 3024 πολλῶν

2413 3072 2521 3141 γὰρ
2549 3068 2769 3139 δωρεῶν
2797 3062 2912 3119 οἴδα
2946 3067 3042 3118 καί⁵
3071 3065 3230 3133 λόγον
3255 3064 3350 3117 ἕνα
3381 3064 3694 3132 ὑπεράξιον,
3740 3063 3834 3116 καὶ
3885 3079 3989 3129 μυ-

743 3167 866 3208 esse
894 3151 1038 3216 novi,
1097 3160 1152 3206 et
1173 3152 1378 3206 dictum
1411 3154 1630 3204 unicum
1671 3149 1736 3203 ad
1756 3148 2149 3206 consolandum
2200 3148 2313 3202 eiii-
2335 3189 2379 3251 C

2335 3189 2379 3251 C
2416 3163 2546 3230 ρίων
2589 3160 2764 3213 ἄλλων
2816 3157 3163 3228 πραγμάτων
3211 3157 3363 3227 ῥῆμα
3415 3156 3474 3208 ἓν
3525 3158 3603 3218 εἰς
3658 3152 3988 3224 παραψυχὴν

743 3245 932 3298 cacius
963 3257 1088 3298 esse
1141 3259 1305 3310 quam
1349 3257 1436 3296 res
1491 3243 1628 3297 alias
1675 3248 1985 3298 sescentas.
2015 3239 2132 3294 Non
2166 3241 2308 3294 enim

742 3342 953 3386 tantum
985 3334 1127 3387 valet
1156 3333 1398 3402 pecuniae
1417 3332 1573 3402 copia
1605 3330 1672 3385 ad
1701 3331 1989 3386 levandum
2015 3331 2177 3383 animi
2212 3331 2309 3383 do-

744 3425 936 3485 lorem,
968 3434 1232 3491 quantum
1275 3423 1471 3477 blanda
1519 3431 1572 3476 et
1607 3423 1743 3477 lenis
1778 3424 1958 3477 oratio
1994 3422 2258 3491 principis
2294 3441 2306 3474 :

744 3517 845 3569 hac
873 3516 1042 3585 igitur
1067 3515 1282 3568 ratione
1305 3514 1656 3568 subditorum
1709 3516 1803 3569 tibi
1855 3515 2179 3584 populorum
2215 3515 2309 3567 be-

739 3607 1101 3660 nevolentiam
1122 3607 1242 3662 sine
1295 3607 1406 3659 ullo
1440 3615 1663 3675 sumptu
1707 3605 1803 3659 tibi
1834 3605 2175 3669 conciliabis,
2213 3606 2307 3674 qui

739 3713 802 3749 ex
834 3713 898 3751 co
954 3706 1006 3751 te
1036 3706 1240 3765 patrem
1285 3699 1466 3766 potius
1503 3712 1664 3765 quam
1713 3697 1990 3751 dominum
2046 3697 2306 3766 praedica-

739 3789 894 3841 bunL

1233 3877 1305 3932 De
1335 3877 1608 3943 referenda
1632 3879 1827 3946 gratia.

807 3971 950 4034 Quot
983 3985 1009 4021 a
1056 3970 1162 4022 Deo
1188 3970 1445 4036 accepisti
1485 3968 1770 4029 beneficia,
1807 3975 1886 4020 tot
1912 3969 2054 4021 scito
2107 3968 2307 4022 debere

737 4068 791 4114 te
827 4059 1032 4128 gratias
1058 4058 1106 4111 ei
1144 4057 1368 4122 referre,
1402 4059 1492 4126 qui
1523 4058 1700 4110 debita
1739 4073 1843 4110 non
1898 4069 2156 4126 tanquam
2213 4058 2306 4112 dc-

741 4149 850 4203 bita
896 4147 1166 4217 excipiat,
1213 4147 1305 4202 sed
1363 4147 1519 4214 quasi
1582 4162 1679 4214 pro
1711 4149 1888 4215 gratia
1917 4147 2084 4215 duplo
2121 4148 2304 4215 plures

738 4241 942 4310 gratias
996 4239 1208 4294 reddat.
1259 4237 1425 4309 igitur
1476 4238 1721 4307 largitori
1778 4240 2046 4293 bonorum
2105 4242 2302 4294 bonam

736 4330 967 4401 gratiam
1011 4330 1196 4389 redde.
1259 4340 1313 4383 et
1356 4344 1518 4398 quam
1562 4329 1630 4382 ab
1666 4344 1730 4381 eo
1757 4330 2021 4397 accepisti
2057 4330 2304 4386 domina-

737 4423 964 4484 tionem,
1006 4437 1125 4474 cam
1175 4420 1454 4475 beneficiis
1516 4419 1570 4472 in
1632 4430 1756 4474 tuos
1805 4422 2154 4478 conferendis
2201 4425 2303 4478 im-

2417 3251 2797 3323 ἰσχνρώτερον.
2833 3251 2908 3303 Οὐ
2951 3249 3205 3302 τοσοῦτον
3255 3248 3364 3316 γὰρ
3407 3248 3706 3316 χρημάτων
3761 3247 3988 3299 δύναται

2411 3344 2721 3415 περιουυία.
2747 3342 2824 3404 ὡς
2859 3339 3122 3408 βασιλέως
3156 3340 3309 3408 ῥῆμα
3337 3339 3599 3398 ἐπιεικὲς,
3653 3335 3986 3406 παραμυθή-

2413 3453 2468 3488 σε
2479 3435 2602 3488 σθαι
2623 3432 2803 3502 ψυχὴν
2823 3429 3114 3496 ἀλγοῦσαν.
3131 3427 3318 3489 Οὕτως
3348 3424 3628 3493 ἀγαπητὸς
3645 3425 3846 3492 γενήσῃ
3873 3424 3988 3485 τοῖς

2411 3529 2514 3582 ὑπὸ
2538 3529 2696 3597 χεῖρα
2731 3523 2989 3594 μάλιστα,
3021 3519 3114 3572 καὶ
3140 3519 3385 3586 δαπάνης
3416 3517 3580 3585 χωρὶς
3611 3516 3708 3586 τὴν
3725 3516 3985 3568 ἀπάντων

2411 3617 2624 3670 εὔνοιαν
2645 3613 2952 3684 κερδήσεις,
2985 3610 3079 3663 καὶ
3116 3608 3330 3676 πατέρα
3359 3625 3412 3660 σε
3441 3607 3639 3677 μᾶλλον
3663 3606 3696 3676 ἧ
3719 3605 3986 3676 δεσπότην

2411 3703 2838 3776 ἀνακηρύξουσι.

2897 3878 3034 3946 Περὶ
3073 3879 3206 3932 ἀντι
3214 3877 3476 3946 χάριτος.

2483 3972 2622 4026 Ἴσθι
2656 3973 2731 4034 ὡς
2757 3972 2838 4040 ἐφ’
2874 3973 2996 4024 ὅσον
3021 3970 3263 4039 ὴξιὼθης
3289 3970 3436 4039 παρά
3462 3967 3596 4022 Θεοῦ
3620 3967 3727 4022 τῶν
3742 3967 3981 4036 ἀγαθῶν,

2408 4065 2502 4120 ἐπὶ
2527 4061 2780 4115 τοσοῦτον
2806 4060 3043 4128 ὀφείλεις
3076 4059 3225 4128 αὐτῷ
3244 4058 3566 4111 ἀντιδιδόναι
3589 4058 3686 4120 τὰς
3731 4060 3982 4126 χάριτας,

2406 4155 2486 4225 τῷ
2519 4154 2594 4225 μὴ
2629 4153 2705 4214 ὼς
2731 4153 2892 4222 χρέος
2926 4153 3202 4222 δεχομένῳ
3238 4151 3336 4214 τάς
3383 4150 3628 4218 ὀφειλάς,
3683 4150 3799 4202 ἀλλ’
3831 4151 3983 4202 ἀντι-

2405 4246 2620 4307 διδόντι,
2652 4243 2842 4312 ὥσπερ
2878 4244 2998 4296 ἀντί
3039 4242 3281 4312 χαρίτων
3336 4241 3681 4303 διπλασίονας
3730 4241 3979 4310 χάριτας.

2409 4338 2676 4407 Ἀμειψαι
2696 4332 2789 4389 οὖν
2808 4335 2887 4405 τῷ
2911 4335 3173 4406 εὐεργέτῃ
3187 4335 3297 4388 τῶν
3313 4333 3535 4401 ἀγαθῶν
3555 4334 3713 4404 χάριν
3746 4333 3980 4404 ἀγαθὴν,

2405 4431 2500 4482 καὶ
2562 4428 2629 4498 ἣν
2662 4425 2853 4486 ἔλαϐες
2906 4425 3036 4494 παρ’
3076 4425 3239 4478 αὑτοῦ
3279 4424 3530 4487 ἐξουσίαν
3575 4425 3778 4495 χρῆσαι
3806 4423 3979 4495 ταύτῃ

737 4513 932 4583 pende.
975 4511 1078 4567 Sed
1116 4527 1210 4566 eos
1260 4519 1439 4564 tamen
1474 4513 1537 4564 ad
1571 4511 2022 4566 benefaciendum
2058 4516 2290 4571 ditiores
2325 4522 2405 4578 D‘

2325 4522 2368 4578 D
2395 4524 2515 4581 ταῖς
2564 4521 2641 4581 εἰς
2690 4519 2815 4580 τοὺς
2855 4517 3081 4586 πλησίον
3125 4516 3486 4587 εὐεργεσίαις.
3543 4516 3982 4585 Πλουσιωτέρους

735 4615 788 4660 te
826 4619 950 4660 esse
985 4610 1194 4673 putato,
1225 4602 1315 4671 qui
1347 4612 1400 4656 te
1425 4610 1554 4656 sunt
1579 4603 1819 4658 minores
1845 4605 1986 4672 quod
2021 4607 2086 4658 ad
2116 4607 2290 4676 impc-

736 4693 802 4746 rii
841 4693 1137 4761 potentiam
1182 4692 1399 4744 attinet.
1433 4689 1547 4744 Non
1591 4693 1733 4745 enim
1786 4709 1904 4748 eam
1945 4697 2202 4764 accepisti
2244 4707 2304 4752 ut

735 4784 1020 4844 retineres,
1081 4781 1174 4837 sed
1231 4784 1518 4852 suscepisti
1581 4793 1638 4838 ut
1678 4785 2114 4851 administrares,
2153 4799 2207 4843 et
2237 4791 2303 4845 ab

733 4889 817 4932 co.
853 4875 945 4944 qui
973 4889 1090 4928 eam
1154 4874 1250 4927 tibi
1310 4876 1550 4939 tradidit,
1586 4879 1768 4946 proba:
1803 4879 2302 4940 administrationis

735 4967 1036 5020 mercedem
1089 4981 1154 5020 ac
1217 4981 1316 5036 pro
1348 4976 1567 5022 terreno
1629 4987 1854 5039 regnum
1904 4974 2129 5029 cmleste
2161 4979 2301 5031 reci-

734 5071 910 5128 peros.

1119 5150 1196 5206 De
1223 5154 1613 5220 pulchritudine
1646 5158 1909 5222 corporis.

801 5237 1061 5309 Corporis
1115 5240 1285 5295 forma
1340 5243 1614 5298 hominem
1675 5245 1853 5300 reddit
1888 5246 2165 5313 idoneum,
2199 5247 2296 5320 qui

734 5333 787 5384 in
818 5331 942 5383 aula
970 5331 1081 5400 regi
1114 5339 1330 5387 terreno
1360 5336 1583 5389 assistat
1609 5354 1621 5401 ;
1661 5338 1757 5392 sed
1784 5338 1950 5390 animi
1985 5341 2298 5408 pulchritu-

731 5422 802 5476 do
829 5423 978 5477 illum
1007 5425 1214 5477 cmfesti
1247 5427 1358 5496 regi
1393 5427 1618 5480 charum
1643 5439 1967 5499 gratumque
1992 5434 2164 5488 reddit
2200 5454 2212 5488 :
2242 5445 2297 5489 et

733 5514 824 5566 illa
888 5514 1104 5581 quidem
1141 5523 1200 5568 ut
1254 5521 1652 5574 momentancis
1706 5520 2010 5578 honoribus
2045 5525 2296 5594 perfrua-

734 5617 855 5656 mur
885 5602 1012 5657 facit
1052 5618 1068 5658 :
1107 5606 1220 5658 haec
1271 5622 1397 5660 vero
1430 5619 1686 5662 aeternam
1734 5611 1893 5666 nobis
1934 5612 2025 5667 Dei
2082 5631 2145 5669 ac
2188 5615 2293 5669 Do.

736 5692 864 5745 mini
922 5693 1215 5748 amicitiam
1270 5694 1807 5768 familiaritatemque
1865 5703 2136 5757 conciliat.
2213 5705 2292 5758 Tu

735 5796 864 5836 vero
899 5784 1104 5840 nullum
1131 5786 1299 5842 habes
1326 5793 1378 5843 te
1405 5791 1742 5859 superiorem
1781 5793 1866 5846 cui
1909 5795 2158 5863 corporis
2183 5797 2295 5865 pul-

2407 4612 2464 4663 δέ
2487 4628 2576 4662 σου
2602 4608 2802 4680 μᾶλλον
2823 4607 3010 4678 νόμιζε
3036 4606 3179 4660 κατὰ
3206 4607 3306 4675 τὴν
3335 4605 3606 4667 εὐποιίαν,
3643 4608 3758 4659 ὅσοι
3788 4609 3982 4675 μικρό-

2405 4703 2554 4772 τεροί
2577 4717 2670 4752 σου
2693 4699 3019 4766 τυγχάνουσι
3038 4696 3125 4748 διὰ
3143 4696 3240 4765 τὴν
3257 4696 3525 4761 ἐξουσίαν.
3548 4696 3622 4748 Οὐ
3641 4695 3749 4765 γὰρ
3766 4694 3976 4760 ἔλαϐες,

2407 4792 2494 4843 ἵνα
2539 4790 2796 4860 κατέχῃς,
2830 4788 2942 4840 ἀλλ’
2970 4786 3156 4851 ἐδέξω,
3187 4787 3276 4840 ἵνα
3308 4787 3696 4857 οἱκονομήσῃς,
3756 4786 3850 4840 καὶ
3879 4787 3976 4854 τῆς

2405 4883 2576 4951 καλῆς
2616 4882 2931 4954 διοικήσεως
2971 4878 3226 4946 παρὰτοῦ
3257 4879 3547 4941 δεδωκότος
3592 4880 3716 4940 τοὺς
3752 4877 3976 4948 μισθοὺς

2405 4973 2683 5046 ἀπολήψῃ,
2709 4975 2802 5025 καὶ
2826 4972 2942 5024 ἀντὶ
2965 4971 3064 5038 τῆς
3090 4971 3358 5038 ὲπικήρου
3389 4968 3684 5037 βασιλείας,
3716 4968 3812 5038 τὴν
3838 4967 3965 5022 ἀθά·

2405 5085 2582 5120 ναῖον.

2820 5159 2955 5225 Περὶ
2983 5158 3247 5223 κάλλους
3269 5156 3558 5226 σώματος.

2487 5249 2770 5319 Ὠραιότης
2816 5249 3068 5318 σώματος
3097 5249 3246 5313 ἄξιον
3280 5249 3370 5301 τὸν
3399 5248 3971 5320 κεκτημένονὲποίησε

2404 5339 2769 5407 παρίστασθαι
2811 5339 2888 5407 τῷ
2926 5341 3153 5409 ἐπιγείῳ
3183 5339 3421 5408 βασιλεῖ’
3463 5340 3733 5408 ὡραιότης
3786 5340 3842 5393 δὲ
3866 5339 3969 5409 ψυ-

2403 5429 2504 5498 χῆς
2530 5429 2811 5496 ἀγαπητὸν
2837 5430 3229 5498 ὲργάζεταιτδν
3259 5431 3542 5502 ἄνθρωπον
3559 5431 3637 5500 τῷ
3661 5433 3971 5501 ἐπουρανίῳ

2402 5519 2634 5573 Βασιλεῖ.
2671 5520 2812 5572 Ἀλλ’
2838 5524 2870 5590 ἡ
2914 5521 3011 5590 μὲν
3046 5522 3380 5592 πρόσκαιρον
3402 5522 3514 5590 ἔχει
3547 5524 3642 5592 τὴν
3664 5523 3772 5575 τῶν
3805 5522 3968 5587 ἀξιω-

2403 5612 2589 5680 μάτων
2615 5610 2944 5664 ἀπόλαυσιν·
2978 5613 3010 5681 ἠ
3062 5611 3118 5663 δὲ
3150 5613 3373 5665 αίωνίαν
3406 5614 3648 5683 εὑρίσκει
3678 5613 3777 5682 τὴν
3830 5614 3964 5681 πρὸς

2399 5704 2488 5755 τὸν
2516 5703 2649 5756 Θεὸν
2693 5703 2785 5756 καὶ
2819 5705 3094 5773 Δεσπότην
3119 5705 3412 5758 οἱκεὶωσιν.
3459 5705 3596 5757 Ἀλλ’
3652 5705 3811 5765 αὐτὸς
3866 5704 3963 5769 μὲν

2397 5795 2494 5847 οὐκ
2523 5794 2662 5865 ἔχεις
2694 5795 2877 5864 ἕτερον
2907 5796 3046 5866 ὑπὲρ
3071 5795 3154 5862 σὲ,
3188 5789 3233 5863 ᾧ
3255 5795 3331 5866 τῷ
3350 5796 3442 5850 τοῦ
3478 5793 3728 5866 σώματος
3775 5793 3958 5847 κάλλει
