4224 6444
268 425 396 464 XLIX

1019 410 1299 470 BASILII
1344 411 1496 471 IMP.
1540 412 1977 471 PARASNESIS
2009 416 2106 472 AD
2133 418 2436 482 LEONEM
2471 424 2762 483 FlLIUM.
3482 444 3513 487 ι.

261 533 508 601 ἀρέσεις,
539 530 651 584 ἀλλ’
685 531 827 598 ἔχεις
849 529 998 590 Θεὸν,
1036 530 1093 592 ὂς
1132 530 1193 582 οὐ
1223 529 1414 593 κάλλος
1463 531 1710 599 σώματος
1743 533 1830 582 ὲκ-

1940 533 2249 586 chritudinc
2314 537 2550 603 placeas,
2601 538 2696 593 sed
2757 537 2928 591 Deum
2981 539 3148 596 babes
3204 541 3524 612 Dominum,

261 626 438 692 ζητεῖ,
482 622 616 675 ἀλλά
667 623 845 690 ψυχῆς
893 622 1190 688 εὐγένειαν.
1229 623 1414 674 Τούτω
1460 621 1552 675 οῦν
1586 622 1843 691 ἀρέσκειν

263 715 463 765 σπεῦδε
487 714 576 766 διὰ
598 715 818 775 παντὸς,
857 714 955 782 τὴν
991 716 1155 767 αὐτοῦ
1184 715 1370 768 εἰκόνα
1407 715 1619 783 σεαυτῴ
1667 715 1839 766 καθα-

263 805 364 872 ρᾶν
397 809 487 857 κιι
546 805 846 873 ἀμόλυντον
894 805 1194 874 φυλάττων,
1230 806 1318 860 διὰ
1355 806 1455 876 τῆς
1478 805 1840 876 σωφροσύνης

259 899 356 949 καὶ
387 897 738 966 ἀγαθότητος.

830 1076 968 1142 Περὶ
997 1075 1254 1142 ἰατρείας

331 1170 499 1232 Κενδς
558 1169 765 1224 ἐκεῖνός
794 1171 941 1222 ἐστιν
988 1171 1015 1222 ὁ
1047 1169 1138 1222 τοῦ
1196 1167 1384 1240 ἰατροῦ
1418 1170 1599 1233 πόνος,
1631 1169 1725 1222 ὲάν
1774 1170 1836 1223 τὸ

256 1267 388 1330 παρ’
425 1261 586 1312 αὐτοῦ
617 1262 903 1330 φάρμακον
930 1261 991 1312 τὸ
1015 1267 1174 1327 σώμα
1197 1260 1272 1329 μὴ
1305 1259 1582 1330 ἱατρεύσῃ·
1619 1262 1712 1313 καὶ
1731 1261 1837 1329 μάο

252 1367 406 1411 ταιος
437 1351 637 1411 ἐκεῖνος
659 1350 686 1400 ό
721 1349 813 1401 τοῦ
859 1349 1149 1415 φιλοσόφου
1191 1347 1370 1414 λόγος,
1405 1349 1470 1401 ἂν
1494 1348 1569 1418 μὴ
1611 1348 1832 1417 δύνηται

253 1458 326 1492 τα
356 1441 502 1508 πάθη
538 1441 634 1507 τῆς
666 1439 844 1509 ψυχῆς
867 1439 1218 1506 θεραπεῦσαι.
1250 1441 1460 1510 Ὥσπερ
1480 1439 1589 1508 γὰρ
1619 1441 1833 1508 ίατρούς

255 1535 387 1603 mp!
425 1534 690 1600 σωμάτων
720 1531 1052 1600 φιλοσοφεῖν,
1085 1530 1226 1584 οὔτω
1255 1532 1350 1584 καὶ
1377 1531 1695 1598 φιλοσόφους
1731 1531 1828 1599 ψυο

251 1627 354 1694 xi;
382 1626 652 1694 ίατρεύειν
703 1625 999 1691 ἀναγκαῖόν
1027 1626 1196 1676 ἐστιν.
1243 1623 1512 1685 Ἐκείνους
1541 1622 1668 1689 γοῦν
1695 1622 1829 1692 ήγοῦ

255 1719 476 1784 ἰατροὺς
504 1716 741 1781 ἀληθεῖς,
797 1718 910 1770 ὅσοι
939 1716 1048 1768 ἀπὸ
1079 1715 1346 1783 σωμάτων
1384 1715 1482 1777 τὰς
1529 1715 1716 1778 νόσους
1763 1717 1828 1784 τῇ

249 1809 418 1878 τέχνη
439 1807 726 1862 διώκουσι·
765 1807 1051 1869 κάκείνους
1083 1806 1265 1876 ὁρίζου
1302 1806 1624 1874 φιλοσόφους
1660 1805 1826 1873 ἀψευ-

249 1905 384 1965 δεῖς,
419 1904 531 1955 ὅσοι
564 1902 672 1954 ἀπὸ
696 1901 803 1953 τῶν
828 1901 1016 1970 ψυχῶν
1057 1901 1124 1952 τὰ
1167 1899 1313 1969 πάθη
1357 1901 1469 1960 τοῖς
1508 1900 1688 1966 λόγοις
1734 1900 1819 1964 ἐξ-

248 1996 544 2061 ορῖςουσιν·
566 1996 616 2046 εῖ
639 2011 703 2061 γε
736 1994 1045 2063 πειθηνίους
1073 1992 1289 2062 ἔχουσιν
1312 1997 1436 2054 τους
1467 1992 1824 2054 ἀσθενοῦντας

248 2091 316 2142 δι’
342 2089 489 2142 ὅλου.

730 2177 867 2242 Περὶ
909 2175 1329 2243 συκοφαντῶν.

340 2271 530 2339 Ἀκοὴν
583 2269 818 2339 ματαίαν
849 2266 922 2336 μή
955 2266 1280 2337 παραδέχου,
1339 2266 1471 2335 μηδὲ
1512 2266 1636 2327 τούς
1667 2282 1830 2317 συκο-

250 2362 588 2431 φαντοῦντας
643 2359 1019 2426 ἑναγκαλίζου,
1057 2357 1190 2427 μηδὲ
1246 2357 1468 2425 φαύλοις
1520 2355 1829 2425 ἀνθρώποις

250 2457 375 2524 εἱκῆ
400 2455 641 2506 πίστευε.
671 2450 736 2506 Οἱ
763 2452 862 2519 μὲν
901 2451 1010 2518 γὰρ
1041 2448 1296 2510 πολλάκις
1328 2448 1451 2505 τούς
1478 2445 1713 2512 ἀγαθοὺς
1737 2445 1830 2498 ἀν·

248 2549 382 2616 δρας
405 2547 491 2598 διά
517 2545 713 2607 κακίας
762 2545 1029 2610 ὑπόληψιν
1053 2542 1360 2605 ἀπώλεσαν,
1398 2541 1446 2593 οἱ
1491 2540 1549 2592 δὲ
1580 2541 1706 2601 τοὺς
1747 2540 1826 2590 οῖ-

248 2651 307 2685 κε
320 2637 431 2696 ίους
454 2633 556 2700 τῆς
581 2633 779 2693 κακίας
808 2631 1010 2698 θυμοὺς
1043 2632 1324 2698 ἐμοῦντες,
1374 2630 1553 2683 ἀθώου
1601 2629 1829 2697 αἵματος

247 2723 550 2776 ὑπεύθυνόν
591 2739 650 2774 σε
679 2724 1125 2790 καταστήσουσιν,
1157 2723 1206 2774 οἱ
1230 2722 1286 2774 δὲ
1313 2721 1549 2772 ὕποπτόν
1581 2737 1640 2771 σε
1673 2719 1831 2787 ποιή-

248 2832 470 2879 σουσιν,
533 2814 610 2876 ὼς
670 2814 926 2881 χαίροντα
989 2815 1100 2874 τοῖς
1159 2812 1366 2873 κακοῖς.
1421 2808 1555 2863 Μεθ’
1607 2801 1684 2861 ὧν
1723 2808 1831 2877 γὰρ

246 2904 610 2972 ἀναστρέφειν
646 2902 851 2964 ποθεῖς,
891 2901 985 2955 καὶ
1024 2896 1106 2962 οἷς
1141 2900 1422 2952 πιστεύειν
1483 2898 1830 2966 φιλονεικεῖς,

245 2997 341 3045 καὶ
398 2995 462 3045 σύ
523 2993 652 3054 τοῦς
704 2991 881 3044 αὐτῶν
939 2990 1174 3060 τρόπους
1240 2989 1478 3055 εὐλόγως
1533 2988 1833 3056 κεκτῆσθαι

243 3084 442 3149 δόξεις.

663 3173 801 3241 Περὶ
819 3174 967 3241 μελέ
975 3191 1078 3240 της
1116 3171 1376 3242 γραφῶν.

330 3267 594 3337 Ἱστορίας
623 3267 854 3336 ἀρχαίας
879 3264 1195 3333 ὲξέρχεσθαι
1231 3265 1304 3334 μὴ
1341 3269 1594 3317 κατόκνει
1613 3279 1626 3293 ο
1653 3263 1710 3314 ὲν
1732 3261 1830 3314 αὐο

241 3361 367 3420 ταῖς
427 3359 534 3427 γὰρ
584 3358 836 3426 εὑρήσεις
881 3357 1102 3417 ἀκὸπως
1161 3354 1305 3426 άπερ
1365 3356 1541 3424 ἕτεροι
1596 3353 1830 3422 συνῆξαν

243 3448 518 3516 ὲγκόπως.
556 3449 666 3500 Καὶ
703 3446 896 3516 μάθοις
928 3446 1136 3500 ἐκεῖθεν
1159 3447 1257 3509 τάς
1289 3464 1346 3498 τε
1396 3446 1505 3498 τῶν
1529 3447 1829 3499 σπουδαίων

245 3543 472 3610 ἀρετάς,
502 3541 598 3592 καὶ
631 3541 728 3602 τὰς
757 3540 865 3591 τῶν
896 3539 1114 3605 φαύλων
1149 3538 1364 3602 κακίας,
1395 3539 1492 3600 τάς
1513 3555 1572 3591 τε
1595 3537 1688 3590 τοῦ
1713 3537 1826 3605 βίου

246 3632 619 3702 πολυτρόπους
651 3631 974 3700 μεταϐολὰς,
1010 3632 1104 3682 καὶ
1135 3631 1243 3682 τῶν
1275 3632 1330 3683 ὲν
1391 3630 1539 3699 αὐτῷ
1569 3629 1828 3701 πραγμά-

244 3741 356 3775 των
383 3724 481 3784 τάς
504 3722 824 3788 ὲναλλαγάς,
862 3721 1072 3773 καὶτοῦ
1111 3721 1316 3790 κόσμου
1348 3722 1408 3773 τὸ
1445 3721 1696 3786 ἄστατον,
1730 3721 1825 3773 καὶ

243 3815 307 3866 τὸ
335 3817 433 3882 τῆς
454 3814 630 3882 ἀρχῆς
662 3813 1100 3881 εὐμετάπτωτον,
1136 3815 1230 3866 καὶ
1263 3813 1447 3876 ἁπλῶς
1480 3816 1674 3876 εἰπεῖν,
1715 3816 1824 3867 τῶν

247 3907 350 3974 μὲν
381 3904 598 3972 φαύλων
627 3904 725 3965 τὰς
753 3902 1010 3972 ἀμοιϐὰς,
1041 3904 1149 3955 τῶν
1170 3902 1226 3954 δὲ
1251 3902 1553 3955 σπουδαίων
1577 3903 1823 3971 πράξεων

243 3997 344 4057 τὰς
373 3995 689 4058 ἀντιδόσεις,
716 3988 790 4045 ὧν
843 3995 939 4057 τάς
973 3995 1070 4063 μὲν
1101 3994 1299 4063 φύγῃς,
1351 3996 1436 4045 ἵνα
1471 3997 1566 4062 τῆς
1613 3993 1823 4046 ἐκεῖθεν

241 4088 401 4156 δίκης
429 4089 621 4154 πεῖραν
652 4085 728 4156 μὴ
748 4087 936 4156 λάϐῃς,
966 4087 1061 4146 τὰς
1095 4086 1150 4138 δὲ
1190 4085 1575 4155 κατορθώσεις,
1601 4085 1686 4138 ῖνα
1714 4084 1821 4136 τῶν

242 4177 496 4230 ἐντεῦθεν
520 4177 768 4231 ἐπάθλων
797 4177 1162 4248 καταξιωθῇς.

773 4357 912 4425 Περὶ
939 4357 1308 4425 εὐεργεσίας.

307 4449 480 4515 Σοφόν
503 4447 557 4499 τί
584 4463 644 4499 σε
679 4447 1006 4516 νουθετήσω,
1039 4447 1134 4498 καὶ
1168 4446 1334 4516 ἀηθες
1366 4447 1494 4508 ῐσως
1515 4448 1627 4509 τοῖς
1672 4463 1811 4517 συμ-

1946 627 2038 693 qui
2072 626 2320 694 corporis
2354 626 2581 682 formam
2609 645 2716 683 non
2746 631 2999 698 requirit,
3033 631 3127 686 sed
3168 635 3337 686 animi
3365 638 3520 690 nobio

1948 721 2172 771 litatem.
2245 717 2379 772 Hui:
2433 721 2594 788 igitur
2639 724 2692 775 in
2727 723 2982 776 omnibus
3029 725 3244 792 placere
3269 727 3516 787 studeas.

1947 810 2091 863 illius
2145 809 2433 878 imaginem
2499 828 2688 879 puram
2745 815 3231 882 incorruptamque
3258 833 3352 886 per
3386 826 3514 871 tem-

1945 903 2244 970 perantiam
2284 917 2350 957 ac
2405 918 2623 958 morum
2646 906 2939 973 puritatem
2973 905 3026 958 in
3053 914 3105 959 te
3137 906 3258 974 ipso
3292 922 3519 963 conser‘

1946 1009 2101 1047 vans.

2535 1087 2609 1141 De
2640 1089 2923 1141 medicina.

2011 1174 2204 1229 Medici
2252 1176 2406 1230 labor
2463 1178 2645 1233 inanis
2664 1187 2768 1240 est.
2815 1181 2860 1233 si
2889 1195 3009 1248 qua:
3033 1181 3099 1234 ab
3129 1195 3194 1234 eo
3226 1180 3519 1234 exhibetur

1939 1267 2204 1320 medicma
2238 1282 2438 1336 corpus
2467 1284 2572 1322 non
2600 1277 2756 1323 curat
2777 1287 2790 1298 ο
2819 1269 2891 1321 ita
2937 1284 3074 1322 vana
3100 1279 3182 1323 est
3209 1269 3520 1338 philosophi

1941 1360 2144 1421 oratio,
2175 1374 2297 1428 quae
2335 1375 2443 1413 non
2473 1369 2651 1429 potest
2681 1363 2845 1415 animi
2878 1362 3389 1429 perturbationilms
3414 1379 3521 1414 me-

1937 1448 2073 1503 deri.
2116 1450 2268 1504 Sicut
2309 1452 2454 1504 enim
2507 1451 2734 1506 medicis
2767 1454 3046 1521 proprium
3076 1461 3160 1508 est
3187 1453 3255 1506 de
3277 1454 3522 1522 corpori-

1937 1540 2040 1594 bus
2069 1542 2457 1608 philosophari,
2501 1545 2574 1596 ita
2627 1551 2679 1596 et
2729 1544 3093 1612 philosophos
3178 1559 3408 1598 necesse
3438 1557 3520 1597 est

1935 1633 2102 1687 animi
2139 1635 2344 1688 morbis
2394 1635 2717 1690 medicinam
2773 1635 2976 1689 facere.
3035 1634 3140 1689 Eos
3172 1636 3333 1706 igitur
3363 1650 3520 1690 veros

1935 1726 2178 1780 medicos
2233 1729 2504 1791 existima,
2536 1729 2629 1797 qui
2687 1739 2802 1781 arte
2832 1743 2930 1781 sua
2963 1729 3183 1782 morbos
3206 1743 3236 1780 e
3264 1728 3516 1794 corpori-

1941 1813 2046 1868 bus
2104 1816 2406 1884 expellum,
2440 1825 2493 1870 et
2531 1817 2883 1885 phil050phos
2928 1832 3033 1871 non
3076 1818 3233 1871 ﬁctos
3261 1818 3510 1885 quicum-

1933 1923 2038 1976 que
2068 1909 2422 1976 persuasione
2447 1923 2543 1962 sua
2576 1909 2908 1978 cupiditates
2950 1925 3013 1961 er.
3061 1909 3350 1963 hominum
3393 1908 3515 1962 ani-

1932 2015 2036 2052 mis
2086 1999 2344 2063 evellant,
2404 2002 2449 2053 si
2515 2001 2685 2056 modo
2720 2003 3087 2072 obsequentes
3145 2001 3248 2056 sibi
3285 2001 3511 2056 omnino

1934 2087 2168 2140 habeant
2199 2088 2471 2149 inﬁrmos.

2430 2180 2501 2232 De
2533 2183 3038 2236 calumniatoribus.

2003 2268 2120 2321 Noli
2189 2285 2350 2323 aures
2404 2270 2654 2325 futilibus
2711 2274 2950 2340 praebere
3000 2273 3373 2342 sermonibus,
3423 2282 3517 2326 aut

1935 2359 2374 2415 Calumniator-es
2404 2361 2609 2425 fovere,
2639 2373 2735 2416 aut
2771 2361 3037 2431 improbis
3079 2362 3400 2417 hominibus
3434 2371 3514 2418 te-

1932 2463 2078 2500 mere
2123 2449 2369 2504 credere.
2426 2448 2507 2503 llli
2539 2451 2683 2504 enim
2731 2465 3108 2520 saepenumero
3153 2453 3299 2506 viros
3344 2453 3515 2506 bonos

1931 2548 2152 2607 propter
2211 2540 2576 2608 improbitatis
2625 2540 2995 2609 suSpicionem
3059 2541 3386 2606 atilixeruut,
3451 2543 3507 2597 hi

1931 2642 2063 2681 vero
2094 2631 2329 2697 propria:
2359 2630 2724 2697 improbitatis
2755 2633 2866 2684 iras
2897 2638 3211 2684 evomentes
3237 2631 3497 2688 innocen-

1939 2716 2010 2769 tis
2039 2718 2326 2784 sanguinis
2359 2732 2510 2770 reum
2573 2727 2627 2773 te
2663 2721 3022 2782 constituent,
3063 2728 3156 2772 aut
3186 2729 3502 2788 suspectum

1939 2806 2168 2860 reddent
2203 2809 2360 2874 quasi
2400 2807 2772 2875 improborum
2807 2808 3206 2862 consuetudine
3248 2810 3506 2877 gaudeas.

1933 2899 2278 2964 Quibuscum
2311 2904 2456 2955 enim
2500 2917 2653 2956 amas
2699 2917 3079 2965 consuescere,
3113 2911 3165 2956 et
3209 2901 3408 2969 quibus
3445 2901 3510 2952 ti—

1934 2988 2057 3042 dem
2091 2989 2289 3044 habere
2321 2991 2488 3055 soles,
2521 3005 2628 3044 non
2661 2990 2940 3046 immerito
2966 3007 3157 3046 eorum
3198 3006 3378 3045 mores
3424 2991 3509 3043 in-

1935 3077 2118 3134 duisse
2157 3080 2514 3149 judicaberis.

2306 3171 2380 3226 De
2409 3174 2591 3228 studio
2626 3174 2827 3244 legendi
2849 3176 3123 3230 historias.

2009 3265 2281 3321 Historias
2304 3273 2544 3319 veterum
2574 3268 2823 3321 evolvere
2849 3284 2916 3320 ne
2943 3278 2994 3321 te
3029 3269 3203 3337 pigeat
3233 3283 3245 3318 ι
3272 3266 3342 3320 ibi
3361 3268 3504 3321 enim

1935 3361 2058 3416 sine
2121 3358 2306 3412 labore
2337 3358 2577 3426 reperies
2617 3375 2738 3427 qua:
2772 3359 2862 3412 alii
2911 3375 3108 3428 magno
3154 3375 3277 3412 cum
3321 3359 3506 3413 labore

1935 3453 2352 3514 congesserunt.
2411 3448 2584 3514 Atque
2653 3447 2777 3500 inde
2835 3448 3105 3501 bonorum
3149 3447 3402 3507 virtutes.
3447 3457 3501 3501 et

1935 3537 2308 3606 improborum
2329 3536 2461 3589 vitia
2486 3551 2809 3605 cognosces,
2833 3549 2886 3591 et
2915 3539 3093 3590 varias
3115 3538 3365 3591 humana:
3387 3539 3505 3591 vita:

1934 3630 2285 3693 mutationes,
2324 3639 2377 3684 et
2404 3645 2586 3682 rerum
2615 3645 2735 3698 quae
2767 3630 2817 3682 in
2858 3630 2972 3698 ipsa
3029 3629 3160 3682 ﬁunt
3219 3631 3502 3684 vicissitn.

1933 3725 2112 3782 dines,
2144 3735 2265 3772 cum
2303 3735 2480 3771 rerum
2513 3720 2874 3772 humanarum
2915 3720 3355 3782 instabilitatem,
3387 3732 3497 3772 tum

1932 3809 2142 3877 imperii
2184 3809 2250 3861 ad
2292 3809 2596 3863 cadendum
2630 3811 3063 3878 proclivitatem,
3105 3819 3265 3879 atque
3301 3820 3358 3863 ut
3394 3826 3502 3862 uno

1930 3900 2097 3953 verbo
2116 3901 2312 3962 dicam,
2333 3900 2721 3953 maleﬁciorum
2755 3900 2970 3968 quidem
2999 3915 3207 3968 pcenas,
3236 3901 3496 3952 virtutum

1929 4006 2059 4044 vero
2095 3992 2314 4060 praemia
2354 3992 2536 4059 leges;
2565 4007 2795 4060 quorum
2831 3993 2918 4044 illa
2957 3993 3176 4061 quidem
3197 3991 3487 4055 devitabis,

1930 4099 1998 4139 ne
2052 4085 2296 4148 ultionis,
2338 4100 2459 4155 qua:
2492 4085 2583 4138 illa
2620 4088 2990 4154 persequitur,
3025 4087 3370 4140 severitatem
3404 4103 3502 4156 pa-

1930 4175 2118 4238 tiaris;
2152 4177 2285 4228 istas
2317 4191 2444 4229 vero
2471 4177 2819 4245 amplecteris
2853 4185 2909 4229 ut
2943 4177 3124 4231 debita
3145 4176 3252 4231 illis
3276 4177 3497 4246 prazmia

1929 4266 2186 4336 consequi
2221 4281 2398 4321 merea
2409 4267 2501 4321 ris.

2491 4359 2565 4412 De
2594 4360 2947 4426 beneﬁcentia.

1999 4447 2262 4518 Regulam
2299 4450 2397 4503 tibi
2435 4452 2758 4519 sapientem.
2797 4452 2920 4505 licet
2973 4451 3039 4506 ab
3068 4468 3169 4506 usu
3201 4453 3500 4507 consulen-

246 4541 581 4603 ϐουλεύουσι,
612 4539 751 4608 πλὴν
783 4539 877 4591 καὶ
909 4539 1112 4608 πατρὸς
1149 4539 1243 4591 καὶ
1276 4539 1506 4608 στοργῆς
1530 4539 1630 4592 οὐκ
1690 4538 1819 4592 ἀνά-

1936 4539 2060 4593 Lium
2095 4540 2346 4595 fortassis
2395 4541 2648 4601 alienam,
2692 4542 2788 4605 ﬁli,
2817 4557 3105 4610 suggeram
3156 4551 3380 4611 paterno
3419 4552 3499 4595 ta-

246 4630 378 4693 ξιον.
412 4631 628 4684 Μᾶλλον
687 4630 974 4698 ἀποδέχου,
1005 4629 1214 4693 τέκνον,
1246 4630 1370 4691 τοὺς
1401 4629 1553 4700 παρὰ
1585 4629 1678 4682 σοῦ
1717 4630 1821 4682 δω-

245 4722 375 4790 ρεάς
413 4721 793 4785 ἐξαιτοῦντας,
836 4721 868 4790 ἢ
913 4722 1039 4784 τούς
1083 4720 1230 4790 δῶρα
1277 4737 1359 4773 σοι
1415 4719 1821 4790 φιλοτιμότερον

245 4815 732 4882 προσκομίζοντας.
749 4814 887 4876 Τοὺς
915 4813 1014 4882 μὲν
1035 4813 1142 4882 γὰρ
1162 4813 1443 4883 χρεώστας
1460 4815 1822 4882 καταστήσεις

242 4905 567 4973 εὐχομένους
604 4921 685 4957 σοι
715 4905 784 4956 τὰ
813 4904 994 4971 ἀγαθά
1025 4903 1174 4972 παρά
1208 4901 1302 4955 τοῦ
1329 4902 1496 4956 Θεοῦ’
1529 4903 1822 4955 κάντεῦθεν

243 4996 339 5046 καὶ
370 4997 528 5046 αὐτὸν
560 4996 650 5046 τὸν
681 4995 813 5047 Θεὸν
844 4993 1127 5063 ὀφειλέτην
1165 4995 1433 5058 ποιήσεις,
1464 4994 1562 5056 τὰς
1590 4993 1821 5061 ἀμοιϐάς

242 5101 325 5138 σοι
358 5087 702 5158 χρεωστικῶς
729 5087 1072 5155 ἀπονέμοντα
1097 5104 1107 5114 ’
1131 5086 1238 5138 τῶν
1258 5086 1312 5138 δὲ
1337 5085 1621 5155 χρεώστης
1653 5085 1824 5152 ὐπάρ.

241 5179 375 5245 ξεις,
409 5179 500 5228 καὶ
528 5177 600 5238 di;
637 5177 930 5246 εὐεργέτας
963 5176 1143 5238 αἰδοῦς
1175 5176 1526 5245 ἀνελευθέρου
1549 5175 1819 5240 καταξιώο

242 5286 376 5331 σεις.
413 5268 598 5330 Θὲλοις
628 5267 720 5321 οὖν
742 5269 1050 5337 εὐεργετεῖν
1076 5269 1172 5337 μὲν
1193 5268 1441 5330 ἅπαντας
1473 5267 1815 5338 ἀνθρώπους,

241 5359 644 5430 εὐεργετεῖσθαι
670 5359 726 5410 δὲ
760 5358 888 5428 παρ’
921 5359 1134 5420 οὐδενὸς
1166 5359 1272 5411 τῶν
1320 5359 1646 5428 ἀνθρώπων,
1699 5359 1821 5411 ἀλλ’

240 5450 271 5515 ἦ
311 5452 463 5516 παρά
497 5448 659 5516 μόνου
678 5447 844 5500 Θεοῦο
863 5450 1019 5499 τοῦτο
1048 5448 1155 5516 γὰρ
1185 5450 1355 5511 ὅντως
1389 5449 1642 5520 ἁρμόδιον
1665 5450 1817 5501 ἐλευ-

240 5535 382 5606 θέρῳ
418 5535 511 5588 καὶ
541 5535 732 5604 ἀληθεῖ
755 5535 1008 5604 τυγχάνει
1046 5536 1271 5604 βασιλεῖ.
1315 5538 1428 5590 Καὶ
1455 5541 1564 5600 τοῖς
1594 5537 1694 5604 μὲν
1726 5539 1814 5590 αἰ-

236 5625 390 5678 τοῦσι
422 5626 588 5689 δίδου,
646 5626 740 5679 καὶ
790 5626 984 5696 στέργε
1018 5627 1241 5690 τούτους
1262 5647 1273 5656 ·
1309 5631 1432 5691 τούς
1465 5630 1521 5682 δὲ
1573 5631 1812 5691 διδόντας

239 5714 401 5786 ἧττον
435 5718 722 5787 ἀποδέχου.
743 5719 966 5780 Τούτοις
993 5719 1090 5788 μὲν
1119 5720 1226 5791 γὰρ
1256 5721 1374 5783 ὅλος
1399 5722 1426 5772 ό
1464 5722 1660 5783 σκοπὸς
1714 5723 1811 5790 τήν

239 5816 398 5880 χάριν
437 5809 774 5864 ἀντιλαϐεῖν·
838 5810 1065 5874 ἐκείνοις
1122 5810 1176 5864 δὲ
1209 5811 1394 5865 ἅπασα
1449 5813 1650 5884 σπουδὴ
1710 5817 1806 5883 τήν

1927 4647 2047 4686 men
2081 4647 2264 4686 amore
2295 4647 2400 4686 non
2436 4633 2710 4701 indignam
2732 4673 2744 4685 .
2783 4633 2888 4688 Eos
2921 4633 3184 4702 approba,
3241 4635 3336 4697 ﬁli,
3395 4649 3492 4702 po-

1927 4723 2059 4786 tius,
2096 4721 2186 4789 qui
2221 4735 2249 4772 a
2290 4729 2344 4774 te
2374 4736 2602 4774 munera
2637 4723 3016 4789 postulabunt,
3051 4737 3211 4791 quam
3247 4722 3338 4791 qui
3377 4736 3496 4773 am-

1926 4812 2121 4867 bitiose
2149 4827 2245 4866 sua
2271 4812 2366 4866 tibi
2397 4811 2539 4866 dona
2569 4813 2880 4866 obtrudent.
2921 4812 3044 4867 Illos
3087 4813 3232 4867 enim
3283 4811 3495 4866 obtera-

1927 4913 2011 4956 tos
2054 4902 2145 4956 tibi
2172 4904 2489 4964 constitues,
2523 4905 2614 4970 qui
2651 4903 2796 4956 tibia
2837 4903 2948 4957 Deo
3001 4904 3138 4958 bona
3190 4903 3494 4970 precabun?

1926 5003 2035 5058 tur,
2070 5004 2125 5049 et
2173 4994 2348 5062 ipsum
2416 4995 2579 5048 etiam
2635 4995 2799 5048 Deum
2833 4995 3134 5048 debitorem
3175 4993 3364 5057 facies,
3402 4992 3493 5059 qui

1925 5087 2332 5142 benefactorum
2401 5089 2895 5141 remunerationem
2980 5086 3275 5155 persolvet,
3337 5085 3494 5153 quasi

1927 5177 2204 5246 obligatus
2241 5196 2254 5229 :
2289 5177 2410 5231 istis
2437 5186 2616 5230 autem
2675 5177 2888 5230 debitor
2919 5179 3032 5243 ipse
3067 5175 3416 5243 obligaberis,
3445 5185 3498 5227 et

1925 5271 2080 5340 quasi
2101 5269 2473 5323 benefactores
2507 5269 2807 5323 reverentia
2836 5270 3069 5336 quadam
3096 5267 3340 5321 illiberali
3373 5280 3498 5334 pro-

1925 5363 2192 5432 sequeris.
2244 5362 2390 5415 Velis
2430 5376 2558 5430 ergo
2608 5362 2786 5429 potius
2818 5376 3008 5414 omnes
3063 5359 3313 5412 homines
3346 5358 3488 5410 obli-

1925 5467 2052 5519 gare
2099 5451 2192 5504 tibi
2232 5451 2534 5510 beneﬁciis,
2587 5451 2700 5516 ipse
2745 5457 2926 5501 autem
2991 5447 3189 5500 nemini
3260 5445 3492 5511 obligari

1925 5542 2030 5594 nisi
2072 5541 2163 5593 uni
2223 5549 2276 5594 ct
2317 5540 2419 5594 soli
2471 5539 2598 5593 Deo.
2643 5541 2753 5592 Hoc
2798 5539 2942 5591 enim
3009 5537 3253 5606 profecto
3309 5538 3486 5605 magis

1921 5649 2219 5701 congruum
2267 5641 2350 5686 est
2404 5648 2668 5701 generoso
2713 5641 2766 5685 ct
2801 5633 3085 5699 magniﬁco
3143 5630 3483 5698 imperatori.

1923 5723 2142 5792 Largirc
2168 5725 2330 5792 igitur
2354 5724 2684 5792 petentibus,
2719 5733 2878 5790 atque
2909 5722 3043 5774 istos
3082 5723 3441 5788 complectere
3476 5738 3488 5771 :

1921 5831 2013 5869 cos
2085 5823 2264 5869 autem
2317 5817 2404 5884 qui
2475 5816 2570 5869 tibi
2621 5814 2848 5868 oﬁercnt
2881 5812 3051 5883 magis
3095 5811 3352 5881 rcproba.
3419 5810 3490 5863 lts
