4224 6444
206 424 303 461 LIII

203 614 333 674 τοὺς
384 614 661 683 ὑπηκόους
720 616 934 684 βλάψει,
1000 621 1095 671 καὶ
1148 620 1207 671 σὲ
1268 621 1433 689 μηδὲν
1504 624 1795 694 ὠφελήσει.

206 703 435 757 Γλῶσσα
464 707 573 776 γάρ
602 706 775 769 δολία,
816 710 912 761 ἐὰν
936 709 1036 782 ἔχῃ
1068 711 1160 764 τὸν
1199 715 1539 786 συνεργάτην
1565 718 1799 787 δυνάμεο

205 814 316 859 νον,
345 796 557 849 πολλῶν
590 798 776 851 κακῶν
808 801 955 853 αἰτία
997 804 1166 874 ἑαυτῇ
1200 822 1259 857 τε
1306 809 1540 872 καὶτοῖς
1593 811 1796 879 ἑπομέ-

204 904 344 949 νοις,
372 889 663 959 γενήσεται
690 906 705 919 ·
737 892 911 963 στόμα
939 894 996 946 δὲ
1020 894 1272 967 εῠφημον
1303 900 1400 952 σὺν
1434 901 1664 974 ἀληθείᾳ
1680 904 1797 957 δια-

204 978 526 1047 λεγόμενον,
582 983 756 1037 πολλὰ
792 986 919 1048 τούς
982 1005 1041 1040 τε
1077 990 1491 1061 ἀκροωμένους,
1554 996 1650 1049 καὶ
1705 996 1796 1049 τὸν

205 1072 550 1140 κεκτημένον
597 1073 828 1143 ὀνίνησι.
868 1076 1004 1129 Θέλε
1057 1074 1153 1132 οὖν
1206 1082 1281 1151 μὴ
1310 1085 1421 1145 τοῖς
1456 1088 1649 1147 κακοῖς
1673 1088 1792 1156 χαί-

208 1178 354 1227 ρειν,
378 1164 517 1218 ἀλλὰ
540 1166 664 1227 τοὺς
689 1167 925 1233 ἀγαθοὺς
943 1170 1330 1239 ἀποδέχεσθαι·
1371 1174 1463 1227 καὶ
1492 1177 1794 1245 εἰρηνεύειν

210 1255 313 1321 μὲν
340 1255 401 1306 τὸ
426 1255 685 1325 ὑπήκοον,
704 1258 838 1310 άλλά
865 1260 940 1328 μὴ
957 1262 1077 1313 κατ’
1092 1261 1336 1331 ἀλλήλων
1351 1264 1672 1335 ὀτρύνεσθαι
1697 1283 1711 1295 ·
1730 1262 1792 1321 οὗ

207 1345 318 1414 γάρ
370 1345 542 1414 μάχαι
583 1348 678 1399 καὶ
723 1347 917 1419 ἔριδες,
949 1350 1159 1404 ἐκεῖθεν
1202 1354 1590 1424 μακρύνεταιό
1624 1358 1789 1423 Θεόςο

204 1430 268 1487 οὗ
292 1436 351 1487 δὲ
370 1437 563 1506 εἰρήνη
590 1439 684 1490 καὶ
704 1439 917 1508 ἀγάπη,
938 1442 1031 1493 καὶ⁵
1048 1443 1286 1512 ὁμόνοια,
1312 1446 1405 1498 καὶ
1419 1449 1527 1509 τοῖς
1545 1450 1790 1518 εἰρηνεύ-

204 1546 382 1592 ουσιν,
407 1530 656 1582 εύῖλατον
684 1532 776 1585 καὶ
804 1533 971 1597 ἐγγὺς
993 1534 1052 1585 τὸ
1074 1536 1228 1587 Θείον
1263 1538 1523 1608 παριστᾷ,
1556 1541 1649 1593 καὶ
1677 1545 1788 1606 τοῖς

207 1624 572 1690 εἰρηνοποιοῖς
593 1622 693 1692 τὴν
726 1623 998 1676 υἱοθεσίαν
1021 1625 1115 1676 τοῦ
1141 1625 1277 1678 Θεοῦ
1310 1627 1579 1698 προξενεῖ.

651 1713 791 1781 Περὶ
828 1714 1055 1780 ἀγαθοῦ
1096 1716 1337 1783 τρόπου.

281 1802 553 1870 Στέφανον
591 1803 870 1873 βασιλείας
914 1806 1015 1877 τὴν
1063 1807 1275 1879 ἀγαθὴν
1316 1810 1498 1880 όρίζου
1539 1811 1784 1882 συνείδη-

207 1911 295 1945 σιν
318 1935 334 1957 ,
363 1894 434 1945 δι’
461 1890 530 1964 ἦς
560 1896 856 1965 κοσμήσεις
885 1898 1110 1951 σεαυτὸν
1144 1899 1344 1967 μᾶλλον
1375 1902 1405 1969 ἢ
1434 1906 1545 1965 τοῖς
1576 1905 1788 1974 μυρίοις

206 1984 389 2046 ἄλλοις
420 1985 960 2055 ὲγκαλλωπίσμασιν.
992 1989 1051 2039 Ὀ
1080 1989 1187 2059 γάρ
1225 1991 1450 2054 πλοῦτος
1477 1994 1701 2047 ἄπιστόν
1733 2014 1787 2047 τι

207 2074 399 2141 χρῆμα
438 2076 533 2127 καὶ
559 2075 833 2128 εύόλισθον
854 2094 866 2105 ·
893 2080 927 2148 η
957 2078 1014 2130 δὲ
1046 2078 1195 2144 δόξα,
1228 2084 1560 2152 παρέρχεται
1583 2102 1596 2115 ο
1641 2086 1703 2138 τὸ
1730 2087 1786 2139 δὲ

208 2166 411 2234 κράτος
456 2167 784 2235 ἀπέρχεται·
814 2170 905 2223 καὶ
934 2172 990 2222 αί
1024 2171 1206 2239 ἡδοναὶ
1250 2173 1589 2243 διαρρέουσι·
1627 2177 1785 2243 μόνος

204 2257 259 2309 δὲ
288 2261 316 2309 ό
348 2257 552 2324 ἀγαθὸς
598 2258 803 2329 τρόπος
852 2262 931 2323 είς
983 2262 1187 2324 αίῶνας
1232 2267 1784 2334 συμπαρεκτείνεται,

207 2348 303 2398 καὶ
350 2348 622 2402 ἀθάνατόν
650 2367 710 2401 σε
743 2352 963 2419 ποιήσει
993 2355 1059 2421 τῇ
1099 2353 1310 2422 μνήμῃ,
1344 2354 1787 2429 ἀλεξιφάρμακον

202 2440 398 2511 ὥσπερ
423 2442 524 2512 τὴν
554 2442 655 2513 σὴν
682 2444 885 2514 ἀρετὴν
907 2448 1018 2507 τοῖς
1052 2446 1190 2514 μετὰ
1218 2450 1277 2499 σὲ
1300 2448 1673 2516 χαριζόμενος,
1692 2451 1787 2502 καὶ

207 2535 416 2595 πάντας
468 2536 561 2585 καὶ
608 2536 900 2601 ἐπαινέτας
921 2573 938 2600 ,
968 2538 1061 2590 καὶ
1096 2539 1338 2609 μιμητὰς
1364 2542 1465 2609 τῆς
1495 2539 1595 2607 σῆς
1643 2540 1789 2594 πολι-

204 2628 358 2690 τείας
395 2626 739 2697 ποιούμενος.

491 2803 631 2871 Περὶ
664 2803 771 2857 τοῦ
809 2804 1050 2872 κρατεῖν
1088 2803 1206 2857 τῶν
1242 2804 1497 2871 ἡδονῶν.

278 2890 445 2955 Ἰσθι,
473 2892 664 2945 τέκνον
689 2893 823 2962 ἐμὸν
842 2931 859 2955 ,
887 2893 963 2956 ὡς
997 2895 1119 2948 τότε
1151 2911 1211 2947 σε
1242 2898 1378 2949 κατᾶ
1406 2896 1503 2967 τὴν
1527 2897 1785 2966 ἀλήθειαν

206 2983 435 3052 βασιλέα
459 2984 755 3054 όρίσονται,
792 2986 919 3039 ὅταν
950 2985 1025 3057 μή
1059 2988 1221 3055 μόνον
1244 2986 1349 3039 τῶν
1370 2987 1624 3056 ὑπηκόων
1650 3007 1784 3057 κρα-

203 3080 328 3145 τῇς,
350 3076 485 3129 ἀλλὰ
515 3077 609 3130 καὶ
644 3077 753 3130 τῶν
778 3078 980 3148 ἡδονῶν
1004 3078 1235 3132 ἁπασῶν
1269 3081 1593 3151 ὲπικρατῇς.
1606 3082 1788 3134 Ἔστω

204 3168 316 3234 γάρ
343 3182 425 3219 σοι
448 3167 730 3234 στέφανος,
755 3168 853 3238 τῆς
881 3167 1156 3237 βασιλείας
1183 3168 1449 3238 σύμϐολον
1470 3187 1483 3200 ·
1510 3169 1626 3222 ἀλλ’
1646 3170 1786 3222 ἔστω

204 3224 301 3311 καί
355 3224 672 3328 δικαιοσύνη
690 3224 1460 3331 ττῷνπράγματινσύνδρομος
1482 3277 1495 3290 ·
1528 3262 1785 3331 πορφύρα
1811 3224 1855 3284 c

200 3349 259 3401 δέ
294 3365 354 3400 σε
384 3351 671 3419 κοσμήσει,
701 3350 796 3404 ἐὰν
827 3352 859 3419 ἡ
892 3352 1217 3421 σωφροσύνη
1250 3353 1422 3423 ταύτῃ
1451 3354 1786 3423 συνεπανθή-

206 3458 291 3491 σει
311 3455 324 3466 ·
356 3441 450 3492 καὶ
479 3441 588 3493 τῶν
616 3443 793 3494 ποδῶν
822 3459 882 3494 σε
920 3445 979 3495 τὸ
1007 3445 1236 3515 ἐρυθρὸν
1263 3446 1483 3515 τιμήσει
1509 3447 1783 3515 ὑπόδημα,

204 3534 304 3584 ἐὰν
368 3534 551 3597 αὐτοῖς
599 3535 698 3606 τὴν
745 3536 921 3604 φλόγα
986 3538 1081 3589 τοῦ
1138 3537 1309 3605 τύφου
1374 3541 1782 3609 καταπατήσῃς.

219 3626 437 3677 Ἐκεῖνα
474 3628 571 3695 μὲν
603 3628 708 3696 γὰρ
739 3630 1076 3698 πρόσκαιρόν
1109 3647 1190 3682 σοι
1227 3629 1322 3697 τὴν
1374 3627 1651 3697 βασιλείαν
1686 3651 1784 3700 χαο

206 3717 532 3787 ρακτηρίζει
559 3736 571 3747 ·
605 3720 777 3773 ταῦτα
807 3722 863 3773 δὲ
886 3726 979 3774 καὶ
1009 3725 1107 3792 τῆς
1134 3725 1353 3776 αἰωνίου
1394 3722 1667 3786 κολάσεως
1699 3726 1787 3795 ῥύ-

208 3825 388 3874 σεται,
425 3809 519 3861 καὶ
540 3811 641 3879 τὴν
669 3811 935 3866 ἀθάνατόν
970 3831 1052 3865 σοι
1090 3814 1339 3882 προξενεῖ
1366 3816 1660 3884 βασιλείαν.

674 3905 812 3971 Περὶ
850 3907 1035 3972 λόγου
1076 3908 1325 3961 τελείου.

277 3992 455 4061 Λόγου
486 3992 581 4045 τοῦ
609 3993 947 4049 τελειοτάτου
978 3996 1197 4049 πάντων
1227 3998 1285 4047 ὲν
1313 3997 1620 4068 ἀνθρώποις
1666 3998 1784 4050 λίαν

206 4084 501 4153 ἐπιμελοῦ⁴
542 4085 610 4136 δι’
648 4086 810 4138 αὐτοῦ
839 4086 945 4154 γὰρ
975 4088 1008 4156 ή
1041 4086 1279 4154 ἐπίγειος
1312 4088 1559 4157 βασιλεία
1585 4087 1785 4153 ἐξεικο-

204 4176 343 4238 νίζει
374 4177 472 4245 τὴν
502 4177 822 4246 ἐπουράνιον
848 4177 1020 4242 τάξιν,
1046 4180 1139 4231 καὶ
1172 4180 1436 4249 ἁρμονίαν
1455 4197 1468 4211 ·
1497 4181 1649 4249 λόγος
1679 4182 1786 4250 γάρ

206 4264 531 4332 ἡγεμονεύει
584 4265 689 4316 τῶν
723 4265 1077 4334 ἀνθρωπίνων
1122 4267 1483 4337 πραγμάτων,
1515 4262 1576 4320 οὗ
1628 4284 1785 4336 περι-

205 4352 517 4421 αιρεθέντος
550 4358 1025 4423 συμπεριαιρείται
1060 4354 1126 4407 τὰ
1154 4356 1415 4425 ἡμέτερα.
1450 4357 1664 4425 Κτήσαι
1693 4352 1785 4409 οὖν

207 4445 305 4496 τοῦ
352 4445 513 4510 λόγου
561 4445 621 4495 τὸ
654 4446 861 4515 χρῆμα,
896 4446 971 4515 μὴ
1001 4446 1197 4511 ἐνδεὲς,
1226 4447 1363 4500 ἀλλὰ
1392 4449 1617 4503 τέλειον.
1653 4450 1785 4501 Οὐδὲ

934 419 1207 478 BASILH
1251 422 1402 480 1MP.
1444 424 1884 485 I‘ARIENESIS
1924 430 2025 489 AD
2057 434 2360 495 LEUNEM
2406 440 2697 499 FILIUM.

206 523 474 590 ὑπηκόοις
504 524 659 576 οὐδὲν
696 525 1018 594 λυμαίνεται
1038 547 1051 559 ·
1076 531 1425 599 ἀποστρέφου
1454 533 1534 598 δὲ,
1563 534 1664 587 ὅσα
1696 539 1789 587 καὶ

1854 568 1862 598 ι
1894 541 2117 595 minime
2155 546 2347 600 obesse
2400 562 2633 617 possunt

3372 464 3462 508 ων

2682 570 2696 605 :
2761 556 2925 622 rejice
2958 567 3141 613 autem
3173 575 3233 613 ea
3267 579 3386 631 qua:
3408 571 3462 617 et

1901 631 2177 699 subjectos
2202 634 2493 699 la:duut,ct
2524 640 2619 694 tibi
2651 636 3052 712 nilnilprosunt.
3085 646 3293 717 Lingua
3316 652 3459 703 enim

1902 722 2270 787 fraudulenta.
2296 728 2341 780 si
2365 738 2632 794 potentem
2656 733 2963 801 adjutorem
2995 747 3153 791 nacta
3181 739 3375 805 fuerit,
3406 750 3461 795 et

1898 811 2001 864 sibi
2030 821 2083 864 et
2107 815 2469 870 sectatoribus
2501 820 2617 872 suis
2642 822 2870 874 multum
2904 823 3096 878 aﬂ‘eret
3121 826 3456 883 detrimenti.

1896 898 1971 955 Os
2004 910 2185 956 autem
2209 904 2674 975 sincerum,quod
2706 910 2781 963 nil
2813 912 2918 964 nisi
2952 927 3140 966 verum
3174 918 3458 987 proloqui-

1897 1000 2005 1057 tur,
2036 1004 2090 1046 et
2115 994 2397 1051 dominum
2455 1012 2637 1061 suum,
2696 1010 2753 1053 et
2790 1016 2883 1055 eos
2912 1004 3005 1071 qui
3049 1004 3199 1059 illum
3229 1009 3461 1062 audiunt

1888 1083 2043 1149 juvat
2071 1085 2385 1153 plurimum.
2416 1089 2572 1145 Malis
2594 1106 2725 1161 ergo
2755 1108 2821 1146 ne
2861 1096 3122 1161 gaudeas,
3162 1098 3258 1153 sed
3288 1099 3460 1155 bonos

1893 1188 2114 1229 assume
2142 1193 2155 1229 :
2184 1192 2367 1245 pacem
2394 1181 2536 1234 inter
2565 1183 2795 1251 populos
2822 1184 2961 1245 fove.
3012 1203 3186 1257 neque
3222 1205 3318 1245 eos
3368 1190 3458 1244 in-

1896 1271 1982 1315 ter
2012 1280 2070 1318 se
2118 1267 2455 1323 committas.
2489 1268 2591 1323 Ubi
2631 1271 2778 1325 enim
2824 1273 2949 1326 lites
2998 1285 3130 1328 sunt
3152 1286 3203 1329 et
3242 1295 3457 1345 pagum.

1895 1354 2083 1421 procul
2135 1356 2292 1409 abest
2367 1357 2511 1412 Deus
2547 1375 2560 1410 :
2594 1362 2682 1414 ubi
2707 1377 2836 1417 vero
2863 1378 2989 1432 pax,
3020 1372 3074 1418 et
3102 1366 3367 1432 cltaritas,
3403 1378 3457 1423 et

1891 1447 2208 1512 concordia,
2229 1449 2469 1517 paciﬁcis
2494 1466 2553 1506 se
2574 1463 2893 1521 praesentem
2911 1464 2965 1510 et
2993 1456 3286 1525 pr0pitium
3308 1461 3458 1515 exhi-

1891 1533 1982 1587 bet
2015 1544 2069 1587 et
2096 1536 2407 1605 adoptionis
2439 1540 2493 1594 in
2518 1541 2661 1596 ﬁlios
2687 1540 2781 1595 Dei
2814 1545 3024 1613 copiam
3054 1546 3136 1601 eis
3166 1548 3317 1603 facit.

2403 1708 2479 1763 De
2504 1713 2651 1766 bonis
2688 1714 2943 1768 moribus.

1962 1794 2335 1850 Lectissimam
2395 1814 2516 1854 esse
2567 1804 2721 1872 regni
2783 1806 2859 1858 tui
2923 1820 3185 1860 coronam
3228 1811 3457 1863 statuito

1824 1890 1865 1945 Β
1896 1885 2089 1940 bonam
2118 1891 2536 1956 conscientiam,
2573 1909 2679 1959 qua
2719 1904 2769 1947 te
2805 1899 2975 1964 mags
3030 1900 3336 1971 meliusque
3358 1918 3457 1957 ex-

1889 1978 2114 2031 ornabis
2141 1995 2304 2047 quam
2360 1986 2639 2039 sexcentis
2688 1987 2812 2041 aliis
2844 1993 3201 2047 ornamentis.
3246 1992 3458 2048 Divitiae

1888 2070 2031 2121 enim
2058 2071 2222 2124 inlida
2250 2075 2494 2142 quaedam
2526 2092 2613 2130 res
2642 2087 2745 2142 cst,
2765 2090 2817 2132 et
2842 2096 2961 2148 qua-
2986 2082 3142 2137 l'acile
3172 2083 3452 2139 dilabitur.

1888 2158 2073 2211 Gloria
2099 2164 2398 2226 evanescit,
2428 2164 2596 2218 robur
2633 2172 2923 2222 marcescit
2951 2187 2964 2234 ;
3027 2173 3331 2242 voluptates
3353 2175 3456 2229 dif-

1890 2249 2102 2303 ﬂuunt:
2142 2254 2255 2305 sola
2288 2255 2599 2309 innocentia
2655 2259 2890 2328 bonique
2950 2279 3127 2319 mores
3170 2266 3225 2318 in
3259 2266 3458 2321 multas

1886 2348 2077 2396 aetates
2104 2346 2530 2412 protenduntur,
2559 2364 2623 2402 ac
2650 2360 2798 2403 tuum
2820 2368 3017 2408 nomen
3060 2354 3455 2411 immortalitati

1887 2434 2369 2502 commendabunt,
2399 2442 2767 2510 virtutemque
2801 2453 2949 2497 tuam
2986 2447 3141 2515 quasi
3189 2448 3453 2502 adversus

1889 2522 2030 2575 mala
2059 2526 2238 2579 omnia
2270 2527 2623 2596 pharmacum
2656 2533 2890 2599 posteris
2940 2534 3257 2590 imitandam
3286 2536 3455 2591 relin-

1887 2628 2043 2681 ques,
2093 2631 2294 2684 eosque
2319 2625 2373 2671 et
2396 2618 2705 2674 laudatores
2773 2631 2827 2676 et
2863 2623 3159 2679 imitatores
3210 2632 3318 2681 tua:
3355 2627 3452 2681 ad-

1888 2703 2312 2761 ministrationis
2341 2707 2590 2765 habebis.

2242 2795 2317 2850 De
2350 2801 2703 2865 voluptatibus
2741 2804 3076 2871 superandis.

1960 2886 2133 2953 Scito,
2152 2889 2220 2941 lui
2244 2890 2337 2951 lili,
2358 2906 2544 2943 verum
2567 2901 2618 2946 te
2642 2908 2822 2962 regem
2851 2894 3454 2965 lioniincsjudieaturos

1887 2993 2011 3031 eum
2044 2996 2152 3032 non
2198 2982 2373 3035 solum
2428 2982 2678 3039 subditos
2713 2985 2767 3039 in
2806 3002 2968 3040 manu
2999 2987 3255 3054 habebis,
3299 2991 3394 3046 sed
3420 3007 3451 3045 a

1888 3072 2259 3140 voluptatibus
2279 3074 2442 3129 etiam
2479 3076 2736 3131 omnibus
2785 3080 3140 3149 temperabis.
3187 3079 3270 3135 Sit
3324 3096 3455 3151 ergo

1888 3164 1985 3217 tibi
2018 3180 2218 3219 corona
2256 3180 2353 3234 pro
2378 3166 2533 3237 signo
2557 3168 2792 3237 imperii,
2822 3169 2917 3224 sed
2956 3185 3181 3225 corona:
3239 3186 3456 3241 semper

1888 3257 2142 3324 adjuncta
2174 3257 2247 3312 sit
2300 3272 2485 3313 comes
2534 3259 2765 3327 iustitia.
2828 3260 3072 3333 Purpura
3102 3264 3318 3332 quidem
3354 3264 3452 3318 tibi

1886 3356 2214 3401 ornamento
2258 3346 2384 3414 erit,
2444 3349 2492 3404 si
2546 3352 2902 3420 temperantia
2957 3354 3101 3407 illam
3145 3354 3450 3409 comitetur.

1886 3439 2067 3494 Calcei
2116 3440 2267 3494 rubri
2329 3442 2586 3496 decenter
2622 3443 2785 3511 pedes
2830 3454 2955 3500 tuos
2988 3448 3287 3509 ornabant,
3326 3447 3370 3501 si
3398 3447 3451 3499 in

1888 3530 2023 3600 ipsis
2051 3533 2319 3602 superbia:
2345 3532 2545 3587 fastum
2580 3536 2955 3603 proculcabis.
2997 3536 3091 3591 Illa
3131 3538 3276 3590 enim
3312 3538 3453 3606 peri-

1888 3633 1995 3675 turi
2019 3622 2228 3691 imperii
2251 3623 2344 3677 tibi
2379 3634 2507 3678 nota
2536 3636 2700 3679 erunt
2727 3641 2791 3681 ac
2819 3628 3033 3696 signum
3069 3645 3082 3680 :
3108 3628 3210 3682 ista
3240 3643 3366 3681 vero
3386 3629 3455 3681 ab

1886 3723 2091 3768 atauo
2125 3715 2394 3784 supplicio
2420 3717 2863 3779 tevindicabunt,
2883 3726 2938 3773 et
2960 3718 3251 3773 immortali
3286 3734 3455 3788 regno

1885 3808 2190 3862 dunabunt.

2225 3897 2300 3952 De
2329 3899 2562 3966 perfecta
2585 3897 2791 3952 dicendi
2821 3898 3097 3966 lacunam.

1959 3989 2337 4058 Eloquentiam
2388 4006 2572 4045 rerum
2626 3991 2874 4045 omnium
2930 3991 3292 4043 humanarum
3329 4004 3425 4059 per

1888 4083 2243 4137 lectissimam
2269 4083 2558 4152 ddigcnter
2590 4098 2823 4137 exerce:
2860 4098 2956 4151 per
2991 4097 3112 4136 eam
3163 4082 3308 4135 enim
3349 4090 3455 4135 ter-

1888 4173 2003 4225 reni
2027 4173 2174 4241 regni
2195 4173 2530 4242 principatus
2547 4172 2712 4226 refert
2729 4169 3130 4242 quodammodo
3150 4169 3455 4224 caelestium

1887 4280 2066 4317 rerum
2121 4264 2366 4318 ordinem
2409 4273 2462 4316 et
2518 4263 2951 4317 convenientiam
3002 4279 3015 4315 :
3063 4261 3242 4315 oratio
3292 4261 3456 4314 rebus

1884 4354 2139 4407 omnibus
2171 4354 2423 4407 humanis
2453 4363 2670 4422 praeest,
2702 4367 2863 4423 quam
2894 4352 2939 4407 si
2972 4351 3154 4416 tollas,
3211 4351 3375 4405 simul
3402 4358 3457 4404 et

1884 4447 2066 4499 omnia
2123 4453 2311 4499 nostra
2369 4445 2547 4499 tollas.
2590 4443 2665 4497 Da
2707 4458 2838 4513 ergo
2900 4457 3124 4514 operam
3158 4451 3216 4496 ut
3249 4442 3344 4497 tibi
3375 4442 3457 4495 di-
3508 4520 3509 4523 η

207 4536 320 4604 γάρ
350 4537 658 4607 κυϐερνήτῃ
687 4538 1002 4590 πιστευτέον
1046 4538 1137 4589 τοῦ
1186 4538 1428 4607 σκάφους
1475 4540 1573 4608 τὴν
1613 4556 1786 4606 σωτη-

1854 4570 1860 4601 ι
1888 4540 2045 4596 cendi
2102 4539 2412 4593 facultatem
2442 4555 2621 4610 pares,
2651 4555 2759 4592 non
2791 4553 2911 4593 eam
2951 4537 3170 4607 quidem
3203 4551 3452 4591 mancam

210 4628 357 4696 ρίαν,
393 4629 441 4679 εἰ
489 4628 562 4696 μὴ
609 4629 787 4690 καλῶς
822 4629 1088 4700 κυδερνᾷν
1136 4631 1513 4694 ἐξεπίσταταιο
1546 4631 1669 4684 οὔτε
1725 4632 1782 4685 δὲ

208 4722 421 4788 βασιλεί
469 4721 864 4787 βασιλικώτατα
911 4724 1151 4791 κρατεῖν,
1183 4726 1231 4775 εί
1266 4725 1339 4791 μὴ
1371 4722 1462 4775 τοῦ
1496 4723 1654 4791 λόγου
1684 4724 1784 4791 τὴν

205 4814 443 4881 ἄσκησιν
468 4813 562 4865 τοῦ
595 4814 1049 4881 πρακτικωτάτου
1078 4813 1428 4882 διεξέρχεται.
1461 4814 1648 4866 Λέοντι
1683 4815 1784 4881 μὲν

206 4906 318 4976 γὰρ
353 4906 415 4958 τὸ
444 4906 668 4975 ἀρχικὸν
694 4907 751 4956 ὲν
780 4905 1009 4974 θηρίοις,
1041 4904 1116 4967 ὡς
1161 4908 1190 4958 ὁ
1234 4906 1418 4972 λόγος,
1448 4908 1480 4975 ή
1513 4904 1741 4972 δύναμις
1767 4920 1779 4931 ·

205 4998 355 5068 ἀετῴ
392 5000 447 5052 δὲ
491 5003 549 5053 ἐν
592 5002 879 5061 πετεινοῖς,
911 4999 971 5051 τὸ
1000 4998 1256 5067 ύψιπετὲς
1300 5000 1393 5051 καὶ
1421 4999 1744 5069 δραστήριον
1766 5012 1780 5027 ⁸

206 5092 484 5163 ἀνθρώπῳ
507 5091 564 5144 δὲ
591 5092 730 5145 κατὰ
758 5094 860 5161 γῆν
899 5092 927 5143 ό
964 5091 1121 5159 λόγος
1154 5090 1252 5162 τὴν
1282 5091 1529 5157 ἐξουσίαν
1562 5090 1782 5160 χαρίζε-

206 5201 321 5238 ται.

588 5361 723 5427 Περὶ
766 5360 872 5414 τοῦ
904 5362 991 5431 μὴ
1031 5363 1398 5429 ἐπαίρεσθαι.

280 5456 403 5509 Ἐπὶ
455 5455 632 5518 νίκαις
678 5453 1009 5507 ὑπεναντίων
1054 5452 1323 5522 μηδέποτε
1352 5451 1620 5521 ὲπαρθῇς,
1654 5452 1787 5520 μηδὲ

206 5547 303 5601 ἐπὶ
336 5547 613 5616 πολεμίων
641 5548 945 5617 συμφοραῖς
974 5547 1256 5616 γαυρίαμα
1284 5545 1477 5613 κτήσῃ,
1507 5543 1642 5613 μηδὲ
1667 5545 1785 5595 ἐπι-

208 5642 383 5709 χειρῇς
439 5639 536 5690 ἐπὶ
590 5637 793 5691 πτώσει
856 5637 1066 5707 ἐχθρῶν
1123 5653 1240 5701 σου,
1300 5636 1432 5705 μηδὲ
1488 5634 1789 5702 ἐγγελάσῃς

206 5729 500 5798 δυστυχίαν
547 5730 736 5798 ἐτέρου
764 5767 781 5793 ,
820 5728 955 5797 μηδὲ
1003 5727 1375 5797 ἑπικροτήσῃς
1425 5726 1512 5777 ἐπ’
1545 5725 1787 5794 ἀπωλείᾳ

206 5821 503 5891 ἀνθρώπου
522 5839 533 5850 ·
570 5822 721 5891 κοινὴ
754 5820 860 5891 γάρ
886 5824 918 5890 ἡ
954 5820 1114 5891 φύσις
1141 5860 1154 5885 ,
1192 5821 1283 5873 καὶ
1312 5820 1372 5872 τὸ
1402 5818 1593 5887 μέλλον
1622 5819 1786 5887 ἀόρα-

1887 4640 1983 4687 aut
2018 4632 2365 4696 diminutam,
2408 4631 2502 4686 sed
2525 4629 2841 4699 perfeCtam.
2873 4628 3059 4699 Neque
3080 4630 3226 4684 enim
3258 4628 3457 4697 guber-

1889 4724 2065 4777 natori
2107 4722 2306 4792 navigii
2336 4722 2487 4776 salus
2527 4723 2909 4785 committitur,
2935 4720 3040 4775 nisi
3082 4722 3218 4775 bene
3254 4720 3455 4789 guber-

1890 4832 2021 4870 nare
2045 4815 2297 4867 didicerit
2346 4829 2360 4867 :
2391 4828 2568 4881 neque
2627 4814 2737 4882 regi
2771 4812 3000 4881 imperio
3030 4811 3179 4880 regio
3209 4810 3309 4873 uti,
3349 4809 3454 4863 nisi

1891 4909 2199 4961 facultatem
2231 4904 2444 4959 dicendi
2468 4906 2535 4959 ad
2570 4920 2656 4957 res
2682 4905 2949 4975 gerendas
2987 4902 3446 4958 accommodatis~

1890 5000 2082 5053 simam
2101 4996 2386 5065 diligenter
2401 4994 2903 5051 exercuerit.Leoni
2928 4993 3195 5062 siquidem
3226 5006 3452 5063 regnum

1891 5092 1945 5144 in
1978 5090 2179 5143 bestias
2219 5088 2314 5141 dat
2370 5087 2537 5140 robur
2558 5086 2724 5139 animi
2752 5093 2807 5138 et
2840 5085 3091 5153 corporis
3124 5101 3138 5137 :
3176 5083 3373 5152 aquila:
3397 5082 3451 5135 in

1889 5200 2015 5236 aves
2051 5182 2264 5233 volatus
2292 5179 2543 5235 sublimis
2593 5187 2645 5231 et
2678 5176 2835 5232 velox
2863 5193 2876 5230 ι
2907 5176 3113 5231 homini
3142 5186 3321 5230 autem
3357 5191 3452 5230 su-

1892 5290 1985 5345 per
2008 5283 2208 5328 terram
2248 5272 2533 5340 imperium
2576 5270 2669 5323 dat
2688 5268 2888 5323 oratio.

2344 5360 2465 5413 Non
2494 5376 2607 5413 esse
2636 5358 2997 5429 gloriandum.

1962 5454 2187 5523 Propter
2241 5454 2465 5507 relatam
2491 5451 2559 5505 de
2597 5450 2847 5505 hostibus
2910 5447 3197 5501 victoriam
3250 5445 3452 5517 gaudio

1893 5561 1959 5600 ne
2013 5545 2274 5605 eﬂ'eraris.
2319 5556 2418 5596 nec
2460 5542 2897 5595 adversariorum
2935 5536 3340 5591 calamitatibus
3372 5536 3452 5588 in-

1893 5639 2085 5700 sultes,
2140 5649 2314 5703 neque
2339 5634 2407 5688 ob
2443 5635 2658 5686 ruinam
2725 5632 3071 5684 inimicorum
3107 5627 3323 5685 laeteris.
3352 5640 3453 5679 nec

1892 5729 2115 5783 alterius
2167 5726 2442 5779 miseriam
2499 5723 2696 5785 rideas,
2747 5738 2845 5775 ucc
2900 5719 2970 5774 ob
3008 5718 3173 5772 ullius
3221 5716 3457 5771 hominis

1895 5819 2175 5874 lltlctlttllll
2212 5818 2465 5872 manibus
2500 5815 2726 5885 plaudas
2757 5829 2769 5867 :
2798 5821 2993 5867 natura
3019 5811 3161 5865 enim
3206 5820 3451 5864 commu-
