4224 6444
205 374 316 419 Lvtt

214 520 768 547 mu:
779 522 1596 548 π

788 366 1071 426 BASILH
1104 367 1256 427 IMP.
1305 367 1747 427 PARENESIS
1779 366 2075 426 ALTERA
2106 368 2206 425 AD
2245 366 2551 425 LEONEM
2582 367 2877 426 FILIUM.

3342 380 3469 421 LVIII

3156 521 3351 531 w

779 521 3474 551 mm

1024 896 1842 1017 ΒΑΣΙΛΕΙΟΥ
1933 904 2119 1015 BA
2138 896 2677 1017 ΣΙΑΕΩΣ

1471 1128 1694 1181 ΕΤΕΡΑ
1736 1127 2150 1181 ΠΑΡΑΙΝΕΣΙΣ

683 1307 853 1393 ΕΙΣ
927 1306 1151 1391 ΤΟΝ
1220 1304 1599 1390 ΑΥΤΟΥ
1671 1302 1946 1389 ΥΙΟΝ
2020 1303 2469 1389 ΛΕΟΝΤΑ
2541 1302 3033 1390 ΒΑΣΙΛΕΑ.

1816 1533 1879 1544 —-

1080 1711 1591 1825 BASlLII
1659 1708 2629 1825 IMPERATORIS

1442 1945 1744 2005 ALTERA
1784 1941 2276 2003 EXHORTATIO

478 2137 626 2209 AD
733 2120 1164 2211 FILIUM
1266 2118 1590 2211 SUUM
1704 2112 2199 2207 LEONEM
2298 2108 3227 2203 IMPERATOREM.

296 2460 362 2514 Ἠ
402 2458 525 2513 θεία
573 2458 672 2514 καὶ
706 2459 950 2529 παναγία
982 2459 1154 2531 Τρίας
1202 2460 1235 2529 ἠ
1283 2458 1691 2529 παντοδύναμος
1721 2458 1851 2519 καὶ,

1990 2457 2180 2511 Divina
2214 2464 2267 2509 et
2289 2456 2635 2509 sanctissima
2668 2452 2934 2514 Trixuttas.
2967 2466 3090 2521 qua!
3124 2460 3207 2506 est
3241 2450 3498 2520 omnipo-

210 2550 478 2618 ζωοποιδς
506 2550 806 2620 ἀγαθότης,
849 2554 882 2621 ἠ
912 2554 970 2605 ὲν
994 2550 1177 2621 τρισὶν
1229 2551 1593 2604 ὑποστάσεσιν
1621 2552 1817 2620 ὀμοου-

211 2647 345 2708 σίως
381 2642 741 2713 δοξαζομένη,
789 2643 853 2696 τὸ
887 2643 1230 2713 ὑπερδάλλον
1262 2643 1528 2709 ἐπιδεῖξαι
1557 2642 1818 2713 βουλομέ-

212 2755 281 2805 νη
336 2738 442 2808 τῆς
475 2736 689 2800 οἰκείας
726 2734 1083 2805 ἀγαθότητος,
1110 2735 1206 2790 καὶ
1247 2735 1306 2788 ἐν
1356 2736 1493 2788 πᾶσι
1548 2736 1646 2805 μὲν
1706 2738 1819 2799 τοῖς

210 2826 360 2894 οὖσι,
389 2829 772 2901 κατεξαίρετον
795 2829 852 2881 δὲ
871 2827 967 2881 τοῦ
995 2826 1286 2899 ανθρώπου
1315 2826 1572 2896 πρόνοιαν
1632 2826 1821 2879 ποιού-

216 2924 379 2992 μὲνη,
414 2924 533 2975 κατ’
566 2921 754 2975 εἰκόνα
790 2920 931 2974 ίδίαν
952 2920 1014 2973 τὺ
1043 2918 1230 2990 νοερὸν
1256 2917 1448 2972 τούτου
1471 2918 1815 2989 δημιουργή-

218 3029 385 3073 σασα,
413 3012 540 3083 δόξῃ
563 3029 625 3064 τε
655 3011 750 3065 καὶ
777 3012 911 3081 τιμῇ
965 3008 1381 3078 στεφανώσασα,
1434 3008 1629 3078 σοφίαν
1668 3007 1820 3077 αὐτῷ

215 3107 555 3174 ἐδωρήσατο,
578 3105 647 3157 δι’
669 3098 737 3175 ἦς
752 3103 893 3156 κατὰ
922 3102 985 3155 τὸ
1028 3101 1247 3156 δυνατὸν
1267 3100 1399 3155 Θεὸν
1426 3099 1692 3170 γνωρίσαι
1726 3101 1821 3151 δυ-

216 3196 472 3265 νάμενος.
502 3194 715 3258 δοξάζοι
764 3193 854 3247 διὰ
903 3192 1104 3254 παντὸς
1140 3190 1233 3243 τὸν
1276 3190 1381 3243 τῶν
1417 3190 1672 3243 ἁπάντων
1700 3188 1820 3241 κτί-

218 3306 355 3358 στην
383 3305 398 3319 ·
456 3289 489 3357 ὴ
538 3286 701 3355 σοφία
738 3285 916 3338 τοίνυν
961 3286 1025 3337 ὲκ
1056 3282 1157 3351 τῆς
1182 3282 1352 3352 αὐτῆς
1408 3280 1822 3351 μεγαλειότητος

214 3383 333 3443 τοῖς
388 3379 697 3450 ἀνθρώποις
746 3376 985 3439 δοθεῖσα,
1045 3374 1326 3445 προδήλως
1386 3372 1477 3426 καὶ
1548 3370 1687 3442 καλὴ
1730 3373 1824 3424 καὶ

217 3472 427 3543 τερπνὴ
448 3471 523 3532 ὡς
566 3468 701 3521 Θεοῦ
732 3467 906 3537 δῶρον
936 3465 1268 3536 καθέστηκε.
1300 3465 1412 3518 Καὶ
1440 3466 1504 3518 σὺ
1557 3462 1671 3527 οὖν,
1734 3461 1821 3514 τέ-

219 3584 348 3621 εινον
372 3566 508 3634 ἐμὸν
552 3563 943 3632 θεοφύλακτον,
997 3560 1158 3631 σοφίᾳ
1212 3558 1612 3629 ἐκτρεφόμενος
1663 3555 1822 3624 γενοῦ

219 3660 512 3729 φιλόσοφος
546 3658 627 3728 (‘2)
660 3658 725 3709 ὲκ
753 3655 847 3708 τοῦ
880 3655 973 3707 τὸν
1003 3652 1136 3705 Θεὸν
1165 3650 1455 3721 φοδεῖσθαι
1490 3667 1504 3681 ο
1546 3648 1689 3719 ἀρχὴ
1715 3648 1825 3718 γὰρ

1923 2559 2040 2604 lens
2088 2547 2484 2615 viviﬁcansque
2542 2545 2782 2609 bonitas,
2820 2544 2996 2598 tribus
3051 2542 3499 2597 consubstantia-

1920 2641 2065 2695 libus
2112 2642 2164 2693 in
2218 2637 2469 2708 personis
2504 2635 2849 2695 honoranda,
2882 2634 3011 2687 dum
3048 2648 3315 2688 summam
3344 2646 3500 2687 suam

1924 2731 2313 2803 benignitatem
2366 2729 2528 2796 gestit
2584 2728 2987 2788 demonstrare,
3039 2736 3200 2794 atque
3256 2724 3501 2778 onmium

1922 2839 2129 2886 rerum,
2154 2820 2245 2874 sed
2273 2821 2508 2874 hominis
2534 2819 2830 2888 praecipue,
2868 2833 3059 2871 curam
3096 2831 3208 2886 pne
3238 2832 3296 2869 se
3326 2814 3501 2879 ferre;

1924 2912 2087 2981 hujus
2119 2910 2334 2981 quidem
2366 2910 2603 2963 animam
2644 2906 2710 2960 ad
2736 2907 3030 2976 imaginem
3058 2905 3143 2961 sui
3179 2905 3411 2966 creavit,
3450 2913 3506 2959 et

1923 3004 2097 3073 gloria
2122 3016 2287 3071 atque
2319 3001 2527 3054 honore
2553 2997 2858 3061 exornavit,
2883 2995 3322 3065 sapientiamque
3354 2993 3501 3047 indi-

1922 3097 2001 3151 dit
2036 3095 2243 3165 ;enjus
2277 3106 2382 3162 ope
2418 3091 2608 3153 Deum,
2644 3098 2918 3159 quatenus
2946 3086 3060 3140 ﬁeri
3105 3094 3303 3154 petest,
3337 3100 3507 3153 agno-

1924 3196 2122 3253 sceret,
2156 3195 2478 3253 naturaeque
2528 3182 2797 3235 universae
2834 3178 3173 3233 conditorem
3223 3190 3502 3245 nunquam

1925 3297 2031 3337 non
2067 3280 2382 3333 honoraret.
2435 3272 2622 3341 Itaque
2673 3271 2946 3340 sapientia
2986 3284 3051 3322 ex
3077 3266 3266 3321 eode'u
3314 3282 3506 3335 super-

1926 3389 2008 3427 na:
2038 3368 2387 3426 liberalitatis
2450 3365 2602 3419 fonte
2630 3364 2939 3427 dimanans,
2978 3361 3098 3415 sine
3120 3358 3287 3413 ilub‘o
3320 3368 3375 3413 et
3408 3359 3506 3412 de-

1924 3478 2052 3518 cora
2088 3470 2174 3517 est
2212 3469 2264 3515 et
2301 3457 2572 3528 jucunda,
2606 3455 2863 3509 videlicet
2893 3453 3019 3522 quia
3050 3450 3251 3506 donum
3278 3448 3370 3503 Dei
3399 3458 3505 3505 est.

1924 3557 2005 3610 Tu
2045 3567 2269 3624 quoque
2295 3551 2482 3621 igitur,
2512 3548 2585 3602 [ili
2621 3546 2694 3600 mi
2723 3545 2834 3615 (cui
2872 3545 3014 3598 Deus
3048 3544 3254 3596 utinam
3290 3556 3508 3609 semper

1929 3646 2190 3713 faveati),
2229 3642 2512 3711 sapientia!
2547 3640 2687 3692 lacte
2715 3637 2980 3699 nutritus,
3029 3635 3411 3704 phil050phuiu
3456 3640 3508 3684 te

222 3725 614 3817 oozpiastpwoe
638 3746 847 3817 Κυρίου
883 3761 896 3775 ·
948 3742 1171 3805 σύνεσις
1201 3742 1257 3795 δὲ
1287 3740 1489 3811 ἀγαθὴ,
1542 3741 1675 3793 πᾶσι
1715 3742 1827 3801 τοῖς

1932 3741 2173 3795 timendo
2206 3736 2374 3792 Deum
2401 3736 2657 3805 protitere
2688 3749 2702 3785 :
2739 3731 2955 3785 initium
2982 3728 3186 3798 quippe
3228 3725 3508 3794 sapientia:

218 3805 472 3895 «oio-Sam
500 3805 693 3905 αὑτήν.
730 3805 962 3902 ”Αγάπα
994 3833 1174 3886 τοίνυν
1198 3831 1291 3884 τὸν
1335 3805 1547 3902 Κύριον
1611 3829 1669 3894 ἐξ
1697 3827 1824 3897 ὅλης

1929 3834 2091 3888 timor
2143 3827 2399 3892 Domini;
2467 3833 2615 3879 recte
2668 3833 2845 3875 autem
2911 3819 3133 3888 sapiunt
3190 3815 3509 3885 quicunque

219 3931 399 4002 ψυχῆς
418 3930 514 3982 καὶ
542 3928 773 3997 καρδίας
805 3942 899 3978 σου
925 3924 1021 3979 καὶ
1044 3923 1197 3992 αύτῷ
1223 3922 1477 3993 λάτρευε,
1525 3920 1622 3973 καὶ⁸
1659 3919 1822 3974 αὑτὸν

224 4026 391 4095 μόνον
412 4021 599 4086 δόξαζε
624 4018 969 4090 Δημιουργδν
1017 4014 1249 4085 ούρανοῦ
1282 4015 1376 4067 καὶ
1422 4014 1527 4083 γῆς
1581 4011 1676 4065 καὶ
1735 4011 1825 4063 θα.

221 4114 455 4182 λάσσης,
484 4111 706 4165 πάντων
728 4125 789 4162 τε
813 4105 1027 4178 ὁρατῶν
1056 4104 1152 4159 καὶ
1181 4103 1453 4175 ἀοράτων,
1488 4100 1547 4164 ὃς
1586 4098 1678 4153 καὶ
1729 4116 1823 4166 γεο

222 4203 448 4273 νήσεταί
474 4219 558 4255 σοι
594 4198 787 4270 βοηθὸς
811 4199 870 4251 ὲν
888 4197 1086 4259 πάσαις
1119 4196 1239 4257 ταῖς
1274 4192 1508 4263 ἡμέραις
1535 4189 1635 4260 τῆς
1657 4205 1825 4259 προσ-

222 4296 422 4365 καίρου
472 4291 636 4362 τῆσδε
671 4287 821 4357 ζωῆς
857 4304 973 4351 σου,
1000 4285 1095 4339 καὶ
1140 4285 1198 4337 ὲν
1224 4282 1384 4337 αίῶνι
1410 4280 1488 4351 τῷ
1538 4279 1782 4350 μέλλοντι
1806 4292 1820 4307 '

225 4385 489 4455 σχόλασον
514 4384 580 4452 τῇ
613 4379 941 4448 θεοδιδάκτῳ
972 4376 1137 4446 σοφίᾳ
1165 4375 1243 4444 (3)
1274 4389 1287 4401 '
1328 4372 1527 4444 ἀρίστη
1579 4370 1688 4440 γὰρ
1730 4369 1824 4438 ᾖδε

228 4478 569 4546 ὑπάρχουσα,
588 4474 711 4527 δυσὶ⁵
738 4471 963 4543 τρόποις
986 4470 1045 4523 ὲν
1073 4466 1152 4539 τῷ
1200 4464 1475 4536 ἀνθρώπῳ
1536 4462 1823 4533 θεωρεῖταί

223 4586 285 4623 τε
322 4569 418 4622 καὶ
450 4565 801 4636 γνωρίζεται,
833 4562 1115 4617 τουτέστιν
1145 4562 1205 4612 ὲν
1238 4558 1417 4626 λόγοις
1450 4557 1544 4609 καὶ
1594 4558 1652 4608 ὲν
1692 4555 1819 4624 ἁρε-

227 4663 372 4723 ταῖς.
417 4658 566 4713 Ᾱύτὰ
592 4656 661 4709 τὰ
691 4655 829 4725 βάθη
862 4653 972 4706 τῶν
1001 4649 1343 4723 πραγμάτων
1395 4647 1641 4719 ἐναργῶς
1685 4647 1793 4699 ἀπο

226 4748 569 4813 δεικνύουσα,
599 4748 693 4800 καὶ
724 4748 782 4799 ὲν
806 4745 978 4814 σεμνῇ
1005 4742 1253 4813 διαγωγῇ
1285 4738 1381 4793 καὶ
1410 4738 1591 4808 ἔργοις
1637 4736 1822 4803 ἅγνοῖ,

230 4845 327 4897 καὶ
376 4840 684 4909 θεαρὲστοις
706 4853 720 4867 ·
770 4836 837 4890 δι’
865 4830 942 4891 ὧν
983 4833 1208 4888 δύναταί
1240 4849 1323 4896 τις
1351 4831 1528 4885 πάντα
1561 4829 1825 4900 πράττειν

231 4934 529 5007 ἁρμοδίως,
560 4932 701 4985 ὥστε
732 4931 825 4986 καὶ
850 4929 982 4982 Θεὸν
1008 4925 1356 4997 θεραπεύειν,
1384 4924 1482 4977 καὶ
1516 4920 1825 4992 ἀνθρώποις

234 5031 409 5097 μέγας
456 5026 552 5103 καὶ
596 5023 802 5087 ἔνδοξος
845 5016 1286 5077 ἀναδείκνυσθαι.
1339 5016 1488 5085 Τίμα
1538 5016 1702 5085 ἱερεῖς
1733 5012 1826 5065 καὶ

1926 3926 2074 3981 illam
2126 3927 2402 3977 exercent.
2453 3916 2593 3987 Ergo
2623 3913 2910 3968 Dominum
2963 3919 3078 3961 toto
3123 3922 3189 3961 ex
3239 3906 3423 3959 animo
3455 3914 3509 3957 et

1925 4017 2091 4073 corde
2154 4027 2300 4072 ama.
2363 4011 2549 4080 illique
2590 4008 2799 4062 cultum
2833 4003 3027 4058 exhibe
3055 4016 3071 4053 :
3097 4010 3261 4069 atque
3295 4008 3352 4052 ut
3374 3999 3500 4051 uui-

1926 4124 2050 4164 cum
2085 4105 2236 4168 caeli,
2291 4113 2450 4157 terra:
2486 4102 2764 4166 marisque
2796 4093 3093 4148 visibilimn
3120 4088 3507 4143 invisibilium—

1926 4214 2032 4271 que
2060 4195 2414 4251 Conditorem
2449 4192 2680 4252 honera,
2722 4186 2815 4255 qui
2866 4182 3107 4237 vicissim
3157 4180 3253 4233 tibi
3303 4188 3416 4233 tum
3451 4178 3508 4233 in

1925 4292 2073 4347 omni
2097 4291 2196 4344 hac
2228 4286 2513 4357 temporali
2538 4285 2666 4347 vita,
2708 4291 2821 4334 tum
2856 4279 2907 4332 in
2939 4278 3123 4330 laturo
3146 4274 3345 4329 saeculo
3373 4270 3509 4325 favi-

1929 4393 2017 4438 tor
2051 4381 2181 4437 erit.
2215 4379 2400 4434 Sacra:
2446 4373 2748 4446 prazsertim
2798 4369 3065 4424 doctrinae
3116 4364 3357 4418 studium
3407 4364 3510 4415 ira-

1926 4473 2103 4544 pende
2129 4487 2147 4534 ;
2182 4469 2322 4524 hanc
2351 4467 2497 4521 enim
2534 4472 2589 4519 et
2612 4478 2725 4533 pra:
2753 4458 2969 4513 caneris
2998 4466 3053 4510 et
3092 4453 3383 4523 dupliciter
3410 4452 3511 4503 ho—

1926 4540 2060 4617 inini
2116 4576 2239 4615 esse
2308 4557 2495 4611 utilem
2552 4559 2896 4623 compertum
2962 4554 3069 4608 est,
3123 4544 3251 4614 quia
3303 4540 3515 4594 scilicet

1925 4671 2048 4711 eum
2078 4652 2280 4707 litteris
2330 4648 2494 4705 simul
2538 4658 2591 4700 et
2638 4644 2937 4697 virtutibus
2967 4638 3210 4693 instruit.
3266 4632 3399 4687 Nam
3426 4646 3513 4685 re-

1928 4760 2047 4799 rum
2076 4742 2151 4796 illi
2189 4749 2439 4795 naturam
2470 4736 2714 4791 intimam
2746 4730 3040 4803 perspicue
3078 4728 3319 4787 revelat,
3362 4740 3512 4779 eum-

1927 4840 2163 4906 ilemque
2192 4837 2423 4887 honesta
2448 4831 2581 4892 vita,
2602 4828 2758 4898 puris
2789 4824 3009 4892 Deoque
3031 4822 3202 4893 gratis
3230 4817 3511 4888 operibus,

1928 4929 2210 4983 ﬂorentem
2251 4923 2415 4979 cﬂicit
2448 4941 2461 4976 :
2498 4936 2563 4975 ex
2604 4934 2713 4990 quo
2772 4914 3149 4985 consequitur.
3207 4918 3265 4963 ut
3318 4918 3513 4963 cuncta

1928 5026 2073 5070 recte
2130 5014 2198 5067 ab
2255 5012 2475 5065 homine
2527 5009 2693 5070 ﬁant,
2763 5006 2871 5059 beo
2921 5004 3104 5056 cultus
3167 5000 3511 5058 cxhibeatur,

233 5092 568 5190 σερεσϐύτας,
603 5114 855 5183 καθάπερ
880 5113 1079 5182 γονεῖς,
1114 5111 1265 5173 ὅπως
1294 5107 1392 5162 καὶ
1417 5106 1581 5169 αὐτὸς
1632 5103 1817 5157 κελεύ-
1845 5153 1851 5191 1

1929 5108 2149 5178 ipseque
2187 5118 2413 5173 magnus
2442 5102 2585 5155 inter
2615 5099 2766 5152 cives
2796 5111 2928 5151 suos
2959 5103 3010 5147 et
3050 5092 3350 5162 pra-clarus
3377 5105 3507 5142 eva-

236 5229 323 5264 σει
352 5208 488 5263 Θεοῦ
519 5207 757 5278 τιμηθῇς
791 5207 857 5260 ix
886 5204 1093 5260 παίδων
1136 5200 1248 5256 τῶν
1275 5200 1492 5253 οίκείων
1527 5198 1622 5252 καὶ
1658 5196 1814 5250 ἁλλο-

232 5303 425 5373 τρίων.
461 5297 703 5367 Πτωχοῖς
731 5298 826 5351 καὶ
864 5295 1069 5350 ινδεέσι
1095 5294 1190 5350 καὶ
1234 5295 1292 5347 ὲν
1338 5290 1606 5358 ἀνάγκαις
1638 5287 1819 5358 ὑπάρ-

235 5409 391 5462 χουσι
423 5390 705 5462 μεταδίδου
735 5389 1032 5460 προθύμως
1058 5406 1073 5422 ·
1110 5385 1396 5457 γινώσκων
1429 5383 1513 5437 ὅτι
1547 5382 1612 5435 δι’
1642 5381 1822 5434 αὐτῶν

1920 5200 2030 5254 dat.
2071 5200 2289 5251 Honora
2318 5194 2631 5249 sacerdotes
2658 5201 2711 5245 et
2738 5204 2922 5255 senes,
2954 5197 3243 5257 parentum
3307 5185 3509 5242 instar,

1923 5300 1984 5344 ut
2018 5301 2072 5342 tu
2116 5288 2357 5342 vicissim
2399 5286 2660 5339 honorem
2719 5296 2749 5335 a
2799 5281 2908 5334 Deo
2954 5278 3250 5344 liberisque
3306 5275 3416 5328 tuis
3464 5276 3518 5325 et

1928 5384 2120 5439 alienis
2150 5378 2531 5450 consequaris.
2593 5374 2879 5445 lnopibus,
2925 5367 3289 5431 calamitosis,
3329 5374 3381 5419 et
3423 5378 3519 5416 ne-

1772 5517 2003 5575 NOTAE.

316 5640 391 5711 (2)
436 5638 660 5711 scilicet
693 5635 1017 5711 Philosophi
1066 5652 1161 5711 seu
1224 5633 1501 5711 _Sapientis
1551 5646 1817 5702 agnomen

236 5706 435 5834 reiipse
488 5708 598 5768 Leo
654 5709 858 5765 virtute
905 5722 1003 5763 sua
1062 5706 1425 5774 doctrinaque
1481 5714 1820 5779 consecutus

236 5794 300 5836 es
330 5820 345 5835 .

2005 5634 2081 5705 ('5)
2140 5632 2344 5688 Revera
2398 5629 2598 5705 Leonis
2644 5624 2921 5695 Sapientis
2968 5621 3170 5692 scripta
3222 5614 3408 5673 multis
3462 5614 3519 5669 in

1933 5702 2271 5775 argumentis
2299 5702 2473 5758 sacris
2516 5708 2820 5756 versantur.
