4224 6444
152 388 182 445 ἴ)
448 406 451 408 ·
1003 395 1282 456 ORATIO
1319 395 1365 455 Ι.
1397 420 1463 431 --
1498 396 1579 455 ΙΝ
1616 396 1680 458 Β.
1723 397 1984 457 ΜΛΒΙᾹΞ
2027 400 2564 467 ΝᾹΤΙΥΙΤΛΤΕΜ.
3385 413 3422 474 6

152 497 241 548 καὶ
263 499 576 569 προσευχῆς
601 500 696 555 καὶ
719 502 1055 572 συντριμμοῦ
1078 504 1304 574 καρδίας
1333 506 1719 574 πεποιημένην

1842 509 2000 562 terim
2042 510 2117 562 illi
2148 511 2358 565 meliori
2400 513 2516 580 spei
2558 511 2802 567 animum
2831 513 3175 578 adhibentes,
3214 520 3417 574 scalam

150 589 241 640 καὶ
295 590 436 660 πρὸς
469 593 561 643 τὸν
608 593 826 662 Πατέρα
859 593 967 646 τῶν
1013 595 1316 664 οἰκτιρμῶν
1360 597 1608 650 άνίασιν·
1649 613 1719 650 κα

1844 601 1994 654 illam
2027 601 2080 654 in
2113 602 2309 656 caelum
2362 618 2535 672 usque
2580 612 2896 674 protensam
2932 609 3180 674 erigunt,
3211 609 3421 679 jejunio

149 682 324 754 τούτῳ
356 686 497 754 μετὰ
521 688 768 754 κραυγῆς
794 688 1042 758 ἰσχυρᾶς,
1061 690 1154 742 καὶ
1176 689 1304 760 πρὶν
1329 690 1520 759 βοῆσαι
1540 689 1725 751 εἰδότι,

147 774 256 826 τῶν
309 794 370 829 τε
417 778 741 847 ὀνειδισμῶν
780 780 878 843 τὰς
911 779 1090 849 βολὰς,
1114 783 1207 835 καὶ
1238 781 1299 840 τὸ
1327 780 1492 856 ἄλγος
1521 780 1614 834 καὶ
1643 781 1741 851 τὴν

149 866 342 936 ὀδύνην
390 868 574 921 αὐτῶν
629 871 1023 940 ἐμφανίζουσι·
1058 873 1151 924 καὶ
1195 871 1344 924 λύειν
1388 873 1489 943 μὲν
1541 871 1641 944 τὴν
1681 871 1741 937 ἐξ

148 957 458 1027 ἀνθρώπων
517 961 760 1032 χαλεπὴν
789 963 1046 1032 νέμεσιν,
1091 963 1237 1017 λύειν
1281 965 1339 1017 δὲ
1399 966 1494 1018 καὶ
1519 965 1640 1035 τὴν,
1676 967 1725 1018 εἰ

150 1053 343 1120 μηδεὶς
366 1052 526 1116 ἄλλος
558 1055 920 1128 ἐπέπληττεν,
949 1057 1321 1128 ὲπιφυομένην
1354 1056 1566 1110 οἴκοθεν
1598 1074 1722 1110 στε-

148 1146 420 1214 νοχωρίαν
450 1147 698 1218 ᾐτοῦντο.

1840 697 1894 744 et
1924 691 2194 756 oratione,
2215 708 2278 746 ac
2304 695 2541 748 contrito
2563 704 2911 752 constantem
2935 699 3122 763 corde,
3156 715 3330 771 eaque
3354 705 3420 758 aal

1840 782 2349 838 misericordiarum
2389 786 2603 842 Patrem
2641 789 2947 842 ascendunt
2981 808 2992 842 :
3024 802 3187 862 atque
3226 795 3272 848 ei
3306 796 3420 850 cla-

1840 889 1992 929 more
2018 875 2219 939 valido,
2247 877 2338 944 qui
2382 879 2694 932 antectiam
2733 880 3030 936 clamorem
3068 895 3278 948 noscet,
3322 901 3422 955 op-

1838 969 2063 1038 probria
2111 969 2313 1036 quibus
2374 979 2785 1039 appeterentur,
2833 974 3187 1045 ipsorumque
3249 979 3416 1032 animi

1839 1060 2148 1129 angustiam
2175 1070 2339 1131 atque
2369 1062 2636 1125 dolorem,
2672 1065 3000 1122 declarant.:
3043 1083 3108 1124 ac
3146 1078 3261 1124 tum
3297 1072 3419 1140 qui—

1761 1152 1763 1154 ’
1837 1151 1959 1206 dem
2003 1151 2284 1206 hominum
2328 1167 2548 1220 gravem
2605 1153 2754 1207 illam
2807 1157 3258 1226 indignationem.
3303 1169 3417 1213 tum

149 1253 282 1292 vero
317 1239 760 1306 ipsum,tametsi
791 1258 952 1297 nemo
977 1243 1118 1299 alius
1159 1246 1490 1314 increparet,
1532 1245 1601 1299 ab
1632 1244 1881 1316 ipsismct
1935 1253 2254 1300 nascentem
2335 1260 2595 1317 angorem
2674 1261 2740 1301 ac
2793 1250 3109 1305 mtestitiam
3206 1254 3421 1310 solvere

148 1329 418 1398 ﬂagitant.

233 1425 452 1479 Ἀκούει
490 1426 536 1479 δ’
563 1428 592 1480 ὁ
618 1427 728 1481 τῶν
745 1429 1078 1499 -θαυμασίων
1108 1434 1240 1496 Θεὸς
1281 1436 1379 1504 τῆς
1426 1434 1536 1488 τῶν
1565 1436 1730 1504 θερα-

149 1516 362 1569 πόντων
387 1517 648 1584 δεήσεως,
684 1518 780 1571 καὶ
824 1519 992 1584 νεύει,
1025 1524 1119 1576 καὶ
1167 1523 1419 1590 δίδωσιν,
1469 1525 1591 1578 ἀντὶ
1631 1525 1732 1590 τῆς

147 1607 522 1676 προσενέξεως
550 1610 659 1662 τῶν
697 1611 947 1683 ὀδυρμῶν
977 1614 1072 1668 καὶ
1108 1616 1166 1668 ὲν
1197 1616 1329 1686 εὐχῇ
1379 1618 1730 1686 προσεδρίας,

146 1699 322 1769 δῶρον
359 1702 573 1767 ἐλπίδος
599 1707 846 1774 κρεῖττον
865 1722 878 1736 ·
906 1706 1099 1777 δῶρον,
1123 1703 1234 1760 οἷον
1263 1709 1439 1773 οὐδεὶς
1457 1711 1514 1774 ἐξ
1536 1710 1734 1774 αἰῶνος

144 1791 302 1863 ὤφθη
334 1795 535 1850 λαϐὼν.
567 1798 760 1850 Δίδωσι
809 1798 919 1869 γὰρ
959 1801 1191 1870 καρπὸν,
1224 1799 1282 1864 ὃς
1313 1802 1375 1854 οὑ
1432 1803 1591 1872 μόνον
1633 1804 1733 1874 τὴν

1912 1429 2145 1484 Exaudit
2175 1443 2303 1485 vero
2339 1429 2669 1484 mirabilium
2714 1430 2857 1485 Deus
2886 1433 3189 1486 orationem
3226 1449 3420 1488 servo-

1840 1537 1960 1575 rum
1995 1536 2243 1585 suorum,
2273 1522 2572 1592 annuitque
2604 1538 2667 1577 ac
2719 1524 2930 1587 tribuit,
2969 1540 3067 1594 pro
3097 1527 3298 1581 oblatis
3327 1544 3420 1596 ge-

1841 1614 2085 1676 mitilms,
2125 1629 2187 1667 ac
2219 1628 2305 1676 ea,
2339 1630 2500 1685 quam
2553 1616 2605 1669 in
2635 1617 2886 1672 oratione
2915 1618 3298 1673 exhibuissent
3331 1636 3419 1674 as-

1840 1704 2122 1768 siduitate,
2171 1721 2370 1768 munus
2412 1723 2563 1777 spem
2612 1724 2830 1763 omnem
2890 1711 3117 1765 vincens
3159 1731 3172 1765 :
3217 1728 3419 1768 munus

1838 1800 2001 1869 quale
2027 1815 2188 1854 nemo
2221 1814 2249 1854 a
2275 1801 2474 1855 saeculo
2503 1800 2655 1855 visus
2693 1808 2778 1856 est
2810 1803 3103 1872 accepisse.
3135 1803 3236 1858 Dat
3263 1821 3420 1858 nam-

147 1889 446 1957 φέρουσαν,
470 1891 607 1944 ἀλλὰ
638 1893 736 1945 καὶ
761 1893 858 1959 τὴν
911 1893 1149 1966 ἀρχαίαν
1193 1894 1289 1947 τοῦ
1337 1895 1528 1963 γένους
1559 1897 1719 1950 ἀπαλ-

1838 1908 1946 1961 que
1976 1892 2235 1956 fructum,
2267 1893 2359 1962 qui
2389 1894 2584 1948 nedum
2615 1895 2786 1963 ipsam
2812 1911 2934 1964 quae
2964 1895 3192 1966 profert,
3229 1915 3416 1953 verum

145 1981 330 2036 λὶττει
363 1985 690 2054 προμήτορα
724 1984 834 2038 τῶν
865 1986 1335 2056 ὀνειδισμῶν.Καὶ
1355 1989 1512 2058 φέρει
1542 1991 1732 2059 χερσὶν

145 2076 178 2142 ὴ
218 2075 390 2128 Ἀννα
443 2077 678 2136 παιδίον,
727 2077 757 2130 ὂ
811 2077 901 2130 τὸν
949 2079 1340 2149 δωρησάμενον
1389 2081 1482 2134 τὸν
1527 2081 1732 2150 ταύτης

144 2167 304 2219 τόκον
367 2167 470 2234 τῆς
519 2171 956 2238 γεννησαμένης,
991 2166 1078 2226 οἷα
1115 2172 1178 2242 δὴ
1221 2174 1382 2226 τόκον
1427 2173 1627 2226 οἰκεῖον
1674 2175 1732 2228 ἐν

145 2261 300 2328 χερσὶ
347 2259 630 2328 βαστάσει.
667 2262 909 2327 Παιδίον,
944 2264 972 2316 ὂ
1007 2265 1114 2318 τὸν
1157 2265 1255 2318 ἐπὶ
1291 2266 1533 2320 πάντων
1583 2267 1732 2321 Θεὸν

143 2350 437 2419 παιδοποιή
450 2368 548 2405 σει.
583 2353 743 2423 Φέρει
772 2353 998 2421 βλαστὸν
1021 2357 1053 2424 ἡ
1081 2356 1334 2426 ἄκαρπος
1361 2357 1562 2422 δόξασα
1592 2361 1730 2422 τέως

146 2443 332 2511 μήτρα
369 2443 470 2512 τῆς
499 2446 716 2511 Ἀννης,
747 2442 815 2518 ἧς
838 2445 934 2500 τοῦ
967 2450 1160 2513 ἄνθους
1205 2450 1238 2519 ἡ
1276 2450 1472 2504 εὐωδία
1510 2452 1728 2522 μυρίσει

142 2531 214 2583 τὰ
239 2533 480 2602 πέρατα.
504 2535 835 2605 Προέρχεται
851 2537 1038 2591 πυλῶν
1056 2541 1461 2610 κεκλεισμένων
1480 2543 1728 2613 ἀτεκνίᾳ,

141 2624 174 2692 ἡ
213 2625 629 2696 ἐσφραγισμένη
666 2628 810 2698 πύλη
859 2632 926 2700 τῇ
973 2631 1264 2703 παρθενίᾳ,
1311 2635 1406 2686 καὶ
1459 2635 1604 2704 μόνῳ
1652 2634 1731 2704 τῷ

143 2715 360 2784 βασιλεῖ
386 2717 522 2787 πρὸς
552 2719 722 2773 δίοδον
756 2723 1068 2793 τηρουμένη
1090 2739 1105 2754 ³
1135 2717 1204 2795 ἧς
1246 2724 1525 2795 προελθὼν
1551 2728 1730 2798 ἀρρή-

140 2825 249 2872 τως
298 2810 394 2863 καὶ
440 2810 754 2882 ὑπερφυῶς,
801 2813 938 2887 πρὸς
987 2815 1181 2872 ἐαυτὸν
1231 2817 1550 2889 ἐπιστρέψει
1600 2819 1730 2883 τοὺς

143 2898 336 2963 κακῶς
365 2900 572 2955 ἁπονεύ
582 2919 806 2968 σαντας.

209 3167 389 3222 Πάλαι
445 3168 567 3238 μέν,
608 3169 906 3240 Ίωακεὶμ,
948 3172 1406 3242 ἐσκυθρώπαζες·
1455 3177 1516 3230 οὑ
1566 3179 1726 3247 μόνον

1833 1986 1996 2038 etiam
2030 1995 2266 2039 veterem
2309 1986 2454 2038 illam
2483 1989 2700 2056 generis
2739 1988 2970 2058 primum
3014 2001 3316 2059 parentem,
3350 1993 3419 2044 ah

1833 2075 2136 2144 opprobrio
2199 2077 2396 2132 liberet
2447 2095 2460 2132 :
2514 2087 2802 2150 portatque
2861 2083 3117 2137 manibus
3180 2085 3415 2153 puellam

1833 2167 2011 2230 Anna,
2045 2183 2166 2236 qua:
2214 2169 2418 2237 ipsum.
2460 2171 2552 2238 qui
2604 2173 2923 2240 parentibus
2952 2173 3175 2228 donavit
3204 2183 3263 2228 ut
3295 2191 3416 2230 eam

1833 2267 2112 2328 parerent,
2153 2259 2207 2312 in
2247 2260 2503 2315 manibus
2549 2263 2689 2331 ipsa,
2743 2271 2929 2334 utpote
2977 2269 3255 2334 propriam
3286 2283 3415 2336 pro-

1832 2353 1960 2413 lem.
2011 2362 2294 2421 portatura
2349 2362 2516 2410 esset.
2579 2353 2861 2420 Puellam,
2920 2358 3161 2427 iuquam,
3213 2361 3414 2429 ipsum.

1830 2443 1921 2510 qui
1965 2452 2042 2497 est
2088 2458 2247 2510 super
2300 2444 2499 2506 omnia,
2549 2443 2759 2498 Deum'
2806 2446 3132 2514 genituram.
3169 2447 3412 2504 Germen

1831 2534 2041 2604 profert
2076 2535 2346 2591 hactenus
2396 2537 2602 2591 sterilis
2650 2537 2962 2592 existimata
3013 2543 3183 2595 Anum
3227 2543 3412 2607 vulva,

1829 2626 1989 2693 cujus
2013 2627 2165 2682 ﬂoris
2213 2642 2382 2682 suave
2423 2627 2676 2698 fragrans
2723 2629 2860 2684 odor
2895 2632 3046 2686 orbis
3091 2640 3251 2689 terra:
3283 2635 3417 2692 lines

1831 2719 2160 2788 perﬂaturus
2189 2727 2292 2774 est.
2339 2719 2599 2774 Procedit
2627 2721 2832 2777 clausis
2881 2725 3173 2781 sterilitate
3239 2730 3416 2798 portis

1829 2811 2120 2880 obsignata
2150 2810 2239 2865 illa
2267 2811 2586 2882 virginitate
2613 2814 3018 2881 porta,solique
3039 2820 3148 2885 regi
3175 2829 3414 2886 servata,

1830 2910 1888 2958 ut
1936 2917 2035 2972 per
2063 2917 2183 2956 eam
2229 2903 2558 2966 transeat‘;
2593 2917 2660 2957 ex
2691 2919 2798 2974 qua
2845 2905 3104 2962 ineffabili
3148 2909 3415 2981 planeque

1828 2994 2065 3048 mirabili
2099 2994 2313 3048 ratione
2339 2994 2665 3063 procedens,
2696 3009 2790 3049 eos
2818 3000 2910 3066 qui
2946 2999 3084 3055 male
3117 3002 3412 3059 aberrave-

1827 3093 1953 3140 rant
1988 3100 2052 3140 ac
2085 3085 2514 3150 declinaverant,
2544 3087 2610 3140 ad
2636 3103 2695 3141 se
2725 3097 3026 3144 convertet.

1896 3174 2037 3231 Olim
2088 3178 2307 3246 quidem
2367 3187 2587 3244 llNBSlO,
2617 3176 2887 3244 Joachim,
2923 3183 3075 3236 vultu
3105 3198 3270 3241 eras:
3301 3204 3412 3245 non

136 3260 355 3314 οἴκοθεν
378 3261 539 3314 τοῦτο
578 3263 888 3331 ὑπομένων,
912 3259 995 3324 οἷς
1042 3282 1102 3317 τε
1151 3266 1251 3337 τὴν
1285 3268 1483 3321 Ἅνναν
1521 3268 1719 3339 ἐώρας,

1831 3269 1882 3325 id
1911 3278 2120 3324 tantum
2157 3286 2187 3325 a
2216 3279 2268 3326 te
2291 3272 2410 3341 ipso
2445 3273 2778 3341 perpetiens,
2808 3288 2871 3326 ac
2895 3283 3012 3330 tum
3037 3279 3165 3347 quia
3197 3280 3412 3338 Annam

139 3352 306 3420 γονῆς
330 3351 668 3424 ἀποροῦσαν,
701 3356 796 3407 καὶ
835 3355 924 3409 διὰ
952 3356 1112 3410 τοῦτο
1157 3359 1385 3427 στυγνὸν
1431 3359 1586 3430 δμμα
1631 3362 1724 3414 καὶ⁸

136 3442 384 3508 κατηφὲς
417 3443 692 3512 φέρουσαν
713 3459 726 3473 °
756 3440 837 3505 οἷς
859 3462 918 3498 τε
946 3445 1058 3500 οὐδ’
1099 3447 1259 3512 αὑτὸς
1304 3446 1448 3520 εἶχες
1479 3453 1536 3505 ἐν
1569 3456 1724 3524 χερσὶ

137 3533 332 3604 φέρειν
378 3534 491 3589 τῶν
519 3535 698 3589 πόνων
746 3535 1040 3609 γεώργιον.
1072 3540 1137 3592 Τί
1167 3541 1213 3594 δ’
1256 3541 1322 3595 ἂν
1361 3542 1504 3596 οὕτω
1550 3545 1722 3613 γλυκὺ

133 3626 318 3696 θέαμα
352 3630 466 3691 τοῖς
493 3630 858 3698 κοινωνήσασι
884 3632 1102 3702 γάμων,
1128 3632 1204 3696 ὡς
1237 3636 1270 3703 ή
1302 3637 1366 3688 ἐκ
1396 3637 1723 3707 σπλάγχνων

133 3719 246 3790 φυὴ
274 3719 483 3787 γένοιτι
508 3738 524 3782 ;
545 3719 704 3774 Ἀλλά
721 3723 814 3776 καὶ
837 3723 957 3786 ταῖς
981 3723 1180 3788 ἔξωθεν
1207 3726 1531 3792 ἐπιπλήξεσι
1559 3730 1721 3783 πλέον

129 3813 232 3880 τῆς
271 3811 574 3879 κατηφείας
602 3813 636 3882 η
666 3812 862 3883 ὀμίχλη
909 3817 1156 3885 συνεῖχεν
1176 3831 1190 3845 ⁸
1222 3817 1288 3870 δι’
1316 3810 1392 3872 ὧν
1417 3820 1476 3873 τὸ
1514 3821 1721 3893 ἇσπερ-

134 3919 234 3972 μον
268 3903 365 3954 καὶ
386 3903 612 3956 ἄτεκνον
638 3905 686 3957 οἱ
719 3905 1060 3974 συμφυλέται
1089 3906 1363 3971 ὠνείδιζον
1383 3926 1398 3940 ·
1440 3910 1556 3964 ἀλλ’
1585 3914 1719 3982 ὁρᾷς

127 3994 255 4063 ἄρτι
309 3992 577 4063 φαιδρῶς,
626 3994 862 4065 φαιδρὰν
919 3996 1028 4050 τῶν
1080 3998 1191 4052 σῶν
1241 4002 1574 4070 σπερμάτων
1619 4004 1718 4073 τὴν

127 4087 435 4159 γεωργίαν,
479 4086 548 4140 δι’
577 4083 646 4160 ἦς
690 4088 723 4158 ἠ
770 4090 1044 4157 κατήφεια
1088 4091 1311 4146 πάντων
1333 4094 1564 4164 ηλάσοαι
1608 4096 1716 4150 τῶν

126 4174 450 4244 ὀφθαλμῶν.
517 4177 680 4247 Ὁρᾷς
739 4178 866 4248 ἄρτι
914 4179 1015 4250 τὴν
1071 4183 1272 4238 ’Δνναν
1325 4187 1549 4254 σεμνὴν,
1631 4205 1718 4242 σε·

129 4263 282 4332 μνῶς
315 4264 411 4317 ἐπὶ
468 4263 548 4333 τῷ
582 4266 780 4336 καρπῷ
805 4267 905 4336 τῆς
950 4268 1156 4333 κοιλίας
1207 4271 1710 4345 καλλωπιζομένην.

136 4355 410 4426 ᾘσχύνου
451 4356 621 4412 πάλαι
649 4359 934 4429 ἀνάστομα
982 4360 1094 4416 τῶν
1123 4362 1400 4432 ὁμογενῶν
1452 4365 1712 4436 θρυλλου-

128 4447 300 4516 μένης
347 4447 452 4515 τῆς
499 4450 790 4515 ἀτεκνίας·
825 4452 960 4507 ἀλλὰ
1008 4453 1101 4508 νῦν
1151 4456 1392 4521 άπάσαις
1437 4458 1711 4527 γλώσσαις

122 4539 360 4608 τερπνὸν
392 4540 660 4610 ὑπάρχεις
683 4541 937 4610 ἄκουσμα
964 4545 1057 4598 καὶ
1089 4545 1355 4616 διήγημα,
1388 4549 1709 4620 περιλαλού-

1828 3362 1980 3430 prole
2026 3362 2378 3425 destitutam,
2426 3363 2660 3433 ideoque
2716 3367 2981 3422 tetricoso
3033 3383 3098 3424 ac
3144 3371 3411 3444 depressa

1827 3453 2050 3506 tristitia
2095 3454 2245 3507 vultu
2286 3454 2534 3520 videres;
2591 3465 2706 3511 tum
2739 3459 2867 3528 quia
2918 3475 3018 3516 nec
3056 3462 3172 3532 ipse
3217 3480 3316 3534 pos
3348 3481 3410 3521 es

1826 3543 2076 3598 laborum
2124 3543 2340 3600 fructus
2385 3545 2440 3599 in
2485 3549 2744 3604 manibus
2775 3549 2938 3606 ferre.
2982 3553 3125 3619 Quid
3170 3570 3412 3627 namque

1825 3636 2142 3690 connubiali
2160 3638 2644 3705 societatejunctis
2669 3641 2736 3695 ad
2763 3645 3138 3712 spectaculum
3162 3647 3406 3715 dulcius,

1822 3742 1986 3796 quam
2047 3737 2106 3780 ut
2149 3737 2370 3782 enatum
2417 3744 2482 3784 ex
2526 3746 2587 3786 se
2631 3732 2856 3788 videant
2905 3738 3170 3805 germen?
3215 3755 3406 3794 verum

1820 3820 1984 3873 etiam
2025 3820 2094 3874 ab
2128 3823 2405 3877 extraneis
2437 3822 2850 3895 increpantibus
2881 3831 3100 3897 gravior
3127 3832 3406 3890 mmstitize

1820 3915 1987 3968 animi
2028 3915 2204 3986 caligo
2228 3917 2560 3988 occupabat,
2593 3920 2737 3990 quod
2771 3923 3001 3990 gentiles
3033 3925 3108 3980 tui
3142 3935 3403 3998 tanquam

1820 4007 2060 4062 sterilem
2093 4022 2157 4062 ac
2191 4010 2386 4063 orbum
2431 4011 2585 4080 prole
2626 4015 2840 4080 probris
2872 4025 3227 4085 appeterent:
3259 4036 3404 4077 nunc

1820 4100 2103 4154 enimvero
2132 4100 2271 4156 laetis
2299 4103 2536 4171 gaudiis,
2571 4103 2753 4158 laetum
2785 4107 2861 4160 tui
2887 4109 3114 4166 seminis
3145 4122 3403 4182 aspectas

1819 4188 2078 4255 fructum,
2110 4208 2221 4262 quo
2250 4195 2475 4250 tristitia
2502 4211 2818 4269 mmrorque
2841 4201 2909 4254 ab
2937 4205 3182 4259 omnium
3208 4207 3400 4278 depul-

1816 4295 1912 4336 sus
1938 4290 2023 4335 est
2051 4284 2244 4340 oculis.
2274 4283 2436 4339 Vides
2459 4285 2621 4342 modo
2652 4291 3018 4345 venerabilem
3050 4295 3285 4362 Annam,
3313 4301 3399 4353 sui

1815 4372 1997 4426 fructu
2048 4374 2188 4428 uteri
2233 4376 2495 4444 praeclare
2544 4379 2916 4436 honestatam.
2972 4381 3221 4442 Pudebat
3265 4389 3399 4443 olim

1813 4467 2124 4523 sterilitatis
2158 4469 2442 4537 gentilium
2481 4479 2700 4526 tuorum
2728 4478 3004 4530 communi
3041 4480 3396 4549 orejactatae;

1816 4568 1870 4612 at
1907 4575 2049 4614 nunc
2077 4561 2321 4614 ninnium
2347 4576 2442 4616 ore
2472 4563 2651 4619 dulcis
2681 4568 2906 4623 exsistis
2936 4571 3144 4626 auditio
3176 4589 3240 4628 ac
3269 4590 3399 4629 nar-

126 4632 296 4704 μένης
339 4633 442 4698 τῆς
501 4635 776 4699 ἀτεκνίας.
805 4637 912 4690 Καὶ
939 4637 1108 4692 πάλαι
1144 4640 1265 4709 μὲν,
1296 4640 1371 4704 ὼς
1408 4643 1575 4708 εἰκὸς,
1616 4643 1710 4697 καὶ

1817 4651 1991 4713 ratio,
2043 4648 2158 4719 ipsa
2205 4653 2496 4709 sterilitate
2543 4657 2747 4725 ubique
2794 4661 3089 4716 celebrata.
3142 4664 3218 4719 Ac
3263 4667 3395 4722 olim

121 4723 295 4794 αὑτὴν
324 4724 660 4779 ὑπεστέλλου
690 4729 790 4798 τὴν
823 4728 883 4793 ἐξ
919 4730 1097 4794 οἰκίας
1131 4732 1376 4800 πρόοδον,
1416 4735 1512 4788 καὶ
1552 4736 1714 4804 μόνον

1817 4743 2056 4813 quidem,
2099 4753 2154 4798 ut
2180 4745 2292 4799 veri
2333 4750 2458 4816 quis
2489 4751 2671 4818 specie
2700 4751 2996 4817 existimet,
3027 4755 3190 4810 etiam
3231 4756 3395 4811 domn

119 4814 356 4885 ὀφθῆναι
388 4816 867 4889 διευλαϐούμενοςο
895 4820 988 4874 νῦν
1018 4822 1074 4876 δὲ
1110 4824 1328 4894 σύμπας
1353 4828 1381 4879 ὁ
1411 4826 1519 4880 τῶν
1544 4829 1715 4898 ἁγίων

1817 4837 2111 4907 procedere
2164 4837 2469 4903 verebaris,
2530 4850 2780 4898 metuens
2838 4845 2919 4898 vel
2971 4847 3137 4902 etiam
3181 4850 3392 4915 videri;

118 4910 304 4978 χορὸς,
344 4911 438 4983 καὶ
467 4909 577 4964 τῶν
605 4911 852 4980 ἀγγέλων
889 4915 939 4968 οι
968 4915 1154 4985 δῆμοι,
1177 4917 1253 4981 ὡς
1281 4920 1449 4991 πατρὶ
1484 4921 1708 4991 Μητρὸς

117 4999 254 5054 Θεοῦ
305 5004 806 5073 συνευφρανόμενοί
851 5022 934 5058 σοι
979 5005 1448 5079 περιχορεύουσιν.
1485 5012 1707 5080 Ἐγένου

114 5093 312 5147 τέκνου
343 5094 552 5165 πατὴρ,
591 5096 626 5168 ἡ
651 5096 712 5150 τὸ
736 5097 895 5167 χρέος
935 5099 1206 5154 ἀποδώσει
1251 5102 1330 5172 τῷ
1362 5105 1699 5178 προπάτορι,

112 5185 252 5256 ὅπερ
284 5187 352 5238 ὲκ
388 5184 628 5256 πλευρᾶς
676 5189 756 5250 εἰς
801 5189 1090 5245 διάπλασιν
1141 5192 1340 5262 ἔχρησε
1374 5198 1439 5266 τῇ
1485 5198 1703 5268 προμή-

112 5295 257 5346 τορι.
295 5277 585 5348 Πληρώσει
609 5279 771 5334 τοῦτο
797 5283 928 5339 ἄνευ
964 5287 1172 5355 σπορᾶς
1195 5287 1303 5340 τῶν
1330 5289 1501 5360 αὑτῆς
1532 5291 1699 5360 αἱμά-

109 5385 222 5424 των
253 5370 438 5443 σάρκα
467 5371 786 5437 δανείζουσα
824 5374 902 5444 τῷ
936 5375 1042 5446 νέῳ
1084 5377 1273 5448 Ἀδὰμ.
1313 5381 1409 5433 καὶ
1456 5381 1554 5434 τοῦ
1595 5400 1701 5435 παο

108 5459 266 5514 λαιοῦ
330 5461 712 5535 πλαστουργῷ.
763 5465 1096 5537 Ἐὀράδυνας
1159 5470 1427 5542 κληθῆναι
1478 5476 1699 5546 πατήρ·

108 5556 229 5608 ἀλλ’
289 5556 437 5625 ἐχεις
481 5560 540 5611 ἐν
586 5562 828 5633 πατράσι
881 5563 949 5616 τὰ
1005 5565 1301 5636 πρεσσεῖα·
1347 5568 1462 5622 ἀλλ’
1515 5570 1700 5636 ἔτεκες

109 5649 331 5720 μητέρα
381 5649 479 5704 τοῦ
513 5651 730 5708 πάντων
776 5655 1009 5726 Πατρός.
1064 5658 1246 5714 Τίκτει
1291 5664 1384 5716 καὶ
1450 5664 1700 5735 Ἁϐραάμ

179 5829 391 5889 'Bom.
439 5849 516 5902 Ix,
563 5834 598 5892 5
694 5834 938 5894 ‘Ezecb.
981 5853 1125 5908 xm,
1170 5844 1216 5897 Ι.

1809 4944 1958 4984 nunc
1985 4938 2168 4983 autem
2202 4931 2498 4987 universus
2523 4944 2840 4990 sanctorum
2875 4938 3102 5004 chorus,
3137 4957 3201 4996 ac
3229 4959 3405 5014 ηυδε--

1808 5021 1984 5077 lorum
2017 5022 2498 5096 populi,tanquam
2531 5026 2618 5081 Dei
2643 5027 2831 5082 Matris
2854 5033 3063 5098 parenti
3097 5046 3394 5101 congratu-

1811 5113 2008 5180 lantes,
2034 5116 2172 5173 lautis
2198 5121 2639 5189 circumcingunt
2663 5121 2900 5177 choreis.
2932 5121 3133 5180 Factus
3174 5141 3233 5182 es
3273 5118 3394 5181 li‘izr

1811 5216 1984 5274 pater,
2022 5223 2144 5277 qua:
2189 5211 2368 5280 primo
2420 5211 2629 5280 parenti
2676 5210 2920 5268 debitum
2978 5215 3253 5269 redditura
3286 5230 3389 5284 est;

1810 5297 1956 5365 quod
1995 5300 2251 5355 nimirum
2288 5303 2476 5371 primae
2521 5302 2890 5358 commodavit
2935 5308 3167 5375 parenti,
3205 5317 3260 5362 ut
3299 5309 3390 5363 illa

1807 5407 1873 5446 ex
1921 5391 2041 5462 ejus
2093 5394 2263 5449 latere
2307 5393 2664 5451 formarelur.
2721 5395 2891 5452 Porro
2942 5414 3055 5452 rem
3111 5403 3391 5470 pr:r.~tabt

1808 5483 1960 5536 nullo
1994 5487 2204 5540 semine
2245 5501 2309 5541 ex
2352 5487 2466 5544 suis
2494 5490 2857 5560 sanguinibus
2898 5506 3039 5546 novo
3069 5493 3198 5548 Ada:
3233 5493 3386 5550 fene-

1805 5587 1932 5629 rans
1966 5589 2223 5639 carnem,
2279 5592 2339 5630 ac
2393 5593 2503 5648 quo
2554 5580 2815 5651 antiquus
2869 5581 2958 5637 ille
2989 5584 3243 5640 conditus
3278 5598 3384 5641 est.

1804 5664 1982 5722 Tarde
2005 5680 2154 5739 pater
2185 5671 2488 5740 appellatus
2517 5688 2610 5742 cs;
2645 5683 2697 5728 at
2722 5675 2926 5747 primas
2952 5674 3176 5733 honoris
3203 5689 3383 5749 partes
