4224 6444
805 432 837 493 7
2036 426 2230 488 LEON
2245 427 2317 487 IS
2349 428 2808 490 PIIILOSOPUI
4042 437 4077 498 8

806 537 971 591 babes
1002 536 1146 590 inter
1190 541 1372 603 patres
1403 552 1413 587 :
1459 542 1514 588 at
1555 534 1934 588 universorum
1967 532 2148 590 Patris
2184 537 2376 604 genui-

2490 541 2574 610 ιψὲ
2623 543 2721 610 τῆς
2759 540 2976 610 ἡλικίας
3029 541 3162 612 παρ’
3207 540 3396 593 ἐλπίδα
3447 541 3539 593 τὸν
3582 542 3919 614 κληρονόμον
3961 545 4077 598 τῶν

809 628 877 679 sti
913 637 1161 678 matrem.
1193 623 1466 677 Abraham
1492 638 1710 694 quoque
1740 633 1996 693 provecta
2023 624 2133 694 jam
2168 636 2326 682 a‘tate
2348 629 2391 694 ⁵,

803 729 992 771 contra
1019 733 1168 785 spem
1201 715 1473 772 limredem
1504 717 1675 786 gignit
1701 716 2155 786 protttissionutn,
2187 735 2251 772 ex
2280 735 2392 789 quo

805 812 950 862 velut
981 810 1174 872 stcllm,
1211 824 1273 863 ac
1306 809 1449 863 sicut
1474 822 1639 863 arena
1671 809 1839 864 maris
1867 817 2097 882 augetur
2129 811 2384 880 populus,

805 915 1111 971 magnaque
1149 909 1302 969 parte
1335 909 1496 954 terra:
1529 899 1815 969 imperium
1847 902 2148 970 protrahit;
2177 916 2389 963 verum,

804 993 936 1062 quid
969 993 1072 1046 huc
1095 994 1160 1044 ad
1191 1001 1346 1045 tuum
1379 992 1640 1061 partum?
1670 991 1803 1046 Eam
1836 993 1982 1048 enim
2013 995 2298 1065 peperisti,
2323 1009 2391 1049 cx

811 1100 920 1154 qua
953 1086 1062 1138 non
1093 1085 1268 1138 solum
1310 1083 1493 1152 populi
1539 1084 1968 1141 immortalitatis
2003 1097 2160 1156 partu
2186 1103 2392 1158 augen-

806 1186 916 1238 tur,
964 1183 1059 1228 aut
1103 1184 1301 1228 terrain
1358 1175 1744 1244 possidendam
1794 1176 2111 1246 accipiunt;
2151 1179 2246 1232 sed
2279 1192 2388 1248 qua

805 1268 930 1322 cmli
969 1266 1173 1320 adeunt
1209 1267 1608 1330 liaareditatetu,
1640 1267 1817 1322 effecti
1859 1267 1952 1322 ﬁlii
1988 1269 2284 1325 Altissimi.

876 1360 1120 1429 Agedum
1149 1374 1298 1425 vero,
1324 1368 1380 1413 tu
1411 1361 1540 1413 tnilii
1571 1361 1780 1412 Annam
1817 1376 1974 1428 voca,
2003 1363 2389 1431 prioruniqttc,

805 1453 1041 1504 lamenta
1082 1450 1450 1512 canticorum,
1496 1464 1618 1518 quze
1665 1449 1754 1501 illa
1801 1448 1913 1504 Deo
1943 1451 2189 1505 solitaria
2223 1466 2390 1506 cane-

803 1541 916 1602 bat,
949 1541 1094 1594 velut
1126 1540 1294 1609 lyram
1321 1539 1614 1608 quamdam
1648 1539 1935 1594 li'armonia
1967 1541 2294 1596 concinnam
2329 1543 2382 1594 in

805 1629 970 1684 fausti
1001 1629 1208 1682 ominis
1236 1626 1606 1682 laudationem
1638 1637 2046 1694 convertentes,
2075 1631 2390 1700 personatiti

805 1717 933 1770 milii
985 1723 1231 1770 vestrum
1291 1715 1558 1786 inclytum
1617 1728 1870 1786 partum,
1925 1721 2134 1775 auxilio
2181 1722 2389 1776 adeste.

806 1807 1057 1862 Vestrum
1116 1824 1351 1879 namque
1411 1817 1532 1874 est,
1587 1819 1646 1864 ιιι
1690 1818 1746 1865 ct
1803 1813 2064 1883 condigni
2114 1813 2390 1868 sermonis

2493 630 2838 699 ἐπαγγελιῶν
2857 646 2870 660 ·
2895 630 2953 694 ἐξ
2977 624 3038 684 οὐ
3057 630 3132 694 ὡς
3163 632 3230 684 τὰ
3262 632 3436 700 ἄστρα
3464 631 3556 684 τοῦ
3581 634 3838 701 οὐρανοῦ,
3871 637 3967 688 καὶ
3996 637 4074 700 ὡς

2491 723 2742 794 ήᾶμμος
2790 723 2888 791 τῆς
2941 721 3217 790 θαλάσσης
3255 721 3587 791 πληθύνεται
3642 724 3789 788 λαὸς,
3831 727 3925 779 καὶ
3970 727 4080 796 γῆς

2493 811 2787 865 πολλοστοῦ
2820 812 3064 883 κυριεύει
3089 815 3289 882 μέρους
3306 830 3318 842 ·
3350 813 3486 866 ἀλλὰ
3511 815 3562 867 τί
3581 815 3738 869 τοῦτο
3762 818 3898 888 πρὸς
3919 819 4082 872 τόκον

2490 901 2582 956 τὸν
2617 901 2708 954 σόν
2739 918 2754 967 ;
2783 900 3010 964 Ἕτεκες
3037 903 3166 971 γὰρ,
3193 901 3254 962 ἐξ
3301 897 3368 974 ἧς
3401 904 3460 956 ού
3498 905 3658 974 μόνον
3716 907 3834 960 λαοὶ
3895 909 4083 960 ὠδῖσιν

2490 991 2803 1060 ἀφθαρσίας
2855 989 3240 1061 πληϐύνονται,
3301 992 3422 1045 οὐδὲ
3484 993 3588 1062 γῆς
3641 996 3858 1066 ἁπάσης
3903 999 4078 1052 κατά-

2495 1101 2700 1153 σχεσιν,
2729 1081 2843 1136 ἀλλ’
2866 1083 3102 1153 οὐρανοῦ
3147 1083 3516 1156 κληρονομίαν
3546 1085 3939 1156 λαμϐάνουσιν,
3973 1092 4083 1142 υἱοὶ

2504 1176 2758 1245 Ὑψίστου
2783 1175 3082 1246 γινόμενοι.

2567 1354 2702 1423 Ἀγε
2732 1354 2796 1425 δή
2834 1371 2925 1424 μοι
2994 1353 3147 1407 κάλει
3201 1355 3302 1427 τὴν
3347 1357 3568 1420 Ἄνναν,
3602 1357 3696 1410 καὶ
3747 1356 3856 1408 τῶν
3907 1357 4082 1411 πάλαι

2492 1445 2712 1516 θρήνων
2750 1447 2820 1498 τὰ
2879 1445 3120 1516 ᾄσματα,
3157 1445 3193 1499 ἃ
3241 1447 3383 1500 κατὰ
3437 1449 3607 1518 μόνας
3670 1448 3868 1517 ἑπῇδεν
3933 1451 4080 1516 Θεῷ,

2491 1539 2681 1610 ὥσπερ
2703 1538 2825 1592 τινὰ
2863 1538 3034 1606 λύραν
3070 1538 3409 1609 εὐάρμοστον
3461 1540 3822 1595 ἀνακινοῦσαν
3861 1542 3946 1604 είς
3993 1541 4084 1594 εὖ·

2493 1632 2710 1702 φημίαν
2746 1631 3164 1702 μεταϐαλόντες,
3203 1632 3557 1704 περιηχοῦντί
3592 1651 3684 1704 μοι
3711 1635 3811 1706 τὴν
3832 1634 4083 1702 ἀοίδιμον

2491 1725 2646 1796 ὐμῶν
2685 1724 2922 1794 λοχείαν,
2975 1725 3404 1793 συνεφάπτεσθε.
3443 1725 3740 1797 ’Υμέτερον
3789 1727 3897 1797 γάρ
3926 1727 4082 1779 ἐστιν

2492 1819 2746 1886 εὐπορεῖν
2774 1817 3194 1887 παρασκευάσαι
3223 1816 3318 1871 καὶ
3339 1817 3498 1887 λόγον
3519 1817 3690 1883 ἄξιον,
3714 1812 3790 1870 ὧν
3805 1817 4078 1888 ἐμαιεύοη

811 1899 1026 1970 rapiam
1075 1899 1312 1967 faciatis,
1341 1919 1371 1957 e
1403 1903 1604 1972 quibus
1635 1906 1838 1958 editum
1873 1914 1955 1960 est
1985 1906 2389 1961 sanctissimum

2493 1909 2556 1964 τὸ
2593 1908 2856 1977 πανάγιον
2879 1909 3145 1978 γέννημα.
3183 1909 3319 1981 Φέρε
3349 1909 3452 1979 τῆς
3491 1909 3702 1972 κοιλίας
3729 1909 3823 1961 τὸν
3859 1908 4078 1976 καρπὸν

806 2009 1048 2062 germen.
1080 1995 1322 2063 Agedum
1357 1996 1496 2050 uteri
1527 1995 1761 2050 fructum
1798 1998 2050 2063 ostende,
2087 2014 2208 2070 qua:
2238 1999 2390 2069 abjc-

805 2086 945 2140 ceris
985 2085 1338 2155 ignominiam
1385 2096 1658 2151 veteretn,
1693 2091 1898 2159 quibus
1939 2089 2096 2145 nunc
2132 2093 2187 2146 in
2216 2093 2390 2163 gloria

805 2174 992 2242 gestis.
1048 2171 1194 2227 Uteri
1239 2173 1531 2229 infecunda
1579 2176 1739 2231 tellus
1789 2177 1842 2232 in
1887 2179 2118 2234 fertilem
2193 2195 2384 2252 agrum

806 2266 1043 2319 transiit.
1091 2265 1335 2320 Tristitia
1383 2266 1480 2320 tibi
1523 2272 1576 2322 in
1619 2269 1878 2339 gaudium
1926 2275 2131 2335 cessit,
2176 2275 2388 2342 qualia

803 2359 1006 2412 szeculo
1048 2359 1228 2412 nullus
1267 2359 1582 2414 exsultavit.
1618 2360 1693 2414 Ex
1760 2362 1845 2416 bis
1885 2365 2102 2433 probris
2143 2366 2384 2422 indisso-

806 2453 990 2504 lubilis
1024 2450 1210 2520 gloria:
1240 2465 1440 2504 corona
1480 2453 1634 2521 plexa
1672 2452 1796 2508 fuit.
1829 2454 2073 2511 Tardum
2115 2457 2215 2512 fuit
2235 2459 2390 2530 geni-

805 2545 911 2596 tale
938 2558 1180 2612 germen,
1215 2551 1271 2596 at
1297 2552 1506 2598 natura:
1542 2545 1710 2599 totius
1735 2561 1958 2617 germen
1985 2549 2161 2620 gloria
2187 2554 2389 2606 obscu-

803 2637 963 2687 ravit.
996 2633 1175 2688 lli-fuit
1203 2649 1335 2688 arvo
1371 2634 1504 2698 tios,
1537 2643 1593 2688 at
1631 2639 1950 2693 universum
1987 2645 2177 2697 orbem
2211 2657 2391 2699 messe

803 2725 1067 2793 implevit.
1116 2725 1360 2795 Lugebas
1398 2726 1652 2782 orbitatis
1698 2743 1828 2798 ergo
1871 2730 2126 2786 lacessita
2177 2748 2380 2804 oppro-

805 2819 972 2884 briis;
1001 2827 1056 2871 at
1099 2833 1219 2886 qua:
1261 2833 1500 2886 unquam
1551 2819 1632 2874 sic
1679 2822 1846 2889 proba
1904 2825 2192 2894 amplaque
2240 2827 2391 2894 prole

803 2911 1070 2964 delectata
1095 2909 1234 2963 fuit?
1262 2907 1505 2963 Pucllant
1550 2913 1749 2975 nutris,
1781 2913 1941 2980 cujus
1970 2927 2136 2982 opera
2167 2917 2388 2970 univer-

804 3017 899 3056 sus
917 3002 1154 3056 tuundus
1172 3001 1373 3055 laetitia.-
1393 3001 1620 3057 divitias
1633 3002 1871 3057 habebit.
1889 3002 2087 3059 Matres
2101 3005 2390 3062 universas

805 3108 1162 3163 supergressa
1192 3109 1273 3148 es.

878 3184 1026 3239 Parit
1071 3201 1291 3256 quoque
1333 3186 1436 3240 alia
1478 3187 1725 3256 quaedam
1772 3189 1930 3242 Anna
1953 3190 1997 3256 ⁸,
2025 3205 2147 3245 cum
2187 3199 2240 3244 ct
2269 3191 2384 3260 ipsa

804 3279 1071 3333 orationis
1097 3294 1296 3334 munus
1328 3279 1496 3332 tilium
1528 3279 1872 3350 accepisset;
1910 3298 2099 3337 verum
2136 3297 2381 3346 servum,

804 3387 992 3423 verttttt
1013 3371 1346 3435 ministrum,
1363 3380 1684 3442 'quattquam
1711 3373 1755 3426 is
1792 3374 2106 3443 prophetica
2126 3376 2388 3432 unctione

803 3463 1090 3525 excelluit;
1137 3473 1193 3516 tu
1230 3479 1355 3517 vero
1400 3463 1520 3517 coeli
1566 3479 1632 3518 ac
1675 3472 1833 3519 terra:
1879 3466 2140 3535 Reginam
2192 3469 2383 3536 paris:

804 3571 946 3620 eam,
983 3556 1225 3625 inquam,
1257 3570 1420 3625 quam
1455 3556 1691 3610 canticis
1714 3555 1959 3610 celebrat
1985 3557 2165 3612 omnis
2189 3566 2386 3611 natura

807 3649 1082 3719 particeps
1107 3649 1338 3703 rationis
1368 3666 1380 3701 :
1416 3648 1533 3702 sola
1569 3649 1714 3716 paris
1743 3647 1832 3702 Dei
1861 3647 2121 3713 Matrem;
2153 3653 2268 3702 sola
2295 3648 2388 3703 llei

778 3741 924 3802 ,avia
952 3739 1191 3795 exsistis.
1217 3738 1261 3793 0
1289 3740 1501 3794 beatum
1534 3748 1745 3809 partum
1773 3741 1785 3792 !
1815 3737 1861 3794 Ο
1891 3739 2128 3802 lumbos,
2153 3754 2386 3808 quorum

807 3831 1179 3884 habitaculum
1207 3829 1370 3900 elegit
1399 3829 1563 3893 Deus,
1585 3843 1712 3882 cum
1743 3830 1796 3882 in
1825 3829 1985 3883 nobis
2017 3827 2268 3882 habitare
2293 3843 2390 3882 vo-

807 3923 1030 3978 luisset!
1064 3921 1109 3978 Ο
1135 3922 1573 3990 conceptionem,
1613 3929 1961 3992 partumque,
1997 3935 2061 3976 ac
2095 3919 2384 3986 infantem,

805 4017 1006 4086 quibus
1031 4017 1300 4070 exitiosus
1329 4015 1536 4084 peccati
1566 4024 1756 4084 partus
1781 4015 2046 4085 elanguit,
2076 4015 2388 4084 salutisque

807 4108 973 4161 multa
995 4107 1176 4176 proles
1195 4106 1455 4160 innotuit.
1477 4104 1520 4160 Ο
1545 4105 1835 4170 infantem,
1862 4120 1956 4173 per
1976 4120 2142 4173 quam
2167 4113 2384 4170 natura,

805 4217 926 4269 qum
952 4201 1170 4254 malitia:
1189 4214 1251 4252 ac
1277 4199 1595 4253 vitiositatis
1621 4197 1966 4267 turpitudine
1991 4205 2382 4263 consenuerat,

808 4307 1010 4344 ιιονιιιει
1050 4289 1237 4344 induta
1274 4290 1528 4344 decorem
1560 4289 1824 4358 praeclare
1853 4287 2188 4342 exornatur!
2227 4285 2272 4341 Ο
2304 4286 2386 4340 in-

808 4387 1034 4449 fantem,
1065 4399 1350 4453 perquam
1394 4385 1519 4438 vitm
1564 4383 1817 4453 pauperis
1850 4397 2063 4452 pannos
2101 4391 2386 4446 cxuentcs,

807 4478 1036 4547 primaut
1079 4477 1224 4529 illam
1271 4477 1466 4529 stolam
1513 4474 1795 4530 induimus
1833 4474 2034 4529 divinae
2064 4472 2377 4544 dignitatis,

2489 2003 2822 2065 ἐπιδείκνυε,
2869 1994 2950 2064 οἷς
2976 1999 3072 2054 νῦν
3119 2000 3206 2054 ἐπ’
3235 2001 3449 2072 εὐδοξίᾳ
3477 2003 3674 2072 κομᾷς,
3708 2001 3807 2070 τὴν
3835 1999 4078 2053 παλαιὰν

2489 2091 2706 2158 ἀδοξίαν
2761 2091 3096 2162 ἀποοεμένη.
3168 2090 3483 2145 Μετέὸαλεν
3519 2093 3599 2155 είς
3651 2090 3912 2162 εὐφορίαν
3979 2091 4078 2159 τῆς

2487 2185 2681 2256 νηδύος
2714 2187 2747 2256 ἡ
2775 2184 2978 2256 ἄφορος
3005 2183 3176 2254 χώρα.
3223 2184 3499 2254 Ἐστράφη
3552 2199 3636 2235 σοι
3680 2186 3759 2246 εἰς
3809 2181 3974 2252 χαρὰι
4037 2184 4072 2251 ἠ

2489 2278 2656 2348 λύπη,
2695 2279 2815 2332 οἵαν
2851 2277 3030 2341 οὐδεὶς
3059 2277 3118 2343 ἐξ
3149 2277 3347 2338 αἰῶνος
3393 2276 3785 2345 ἠγαλλιάσατο.
3825 2274 4074 2342 Ἐπλάκη

2487 2369 2597 2422 τῶν
2646 2365 2971 2438 ὀνειδισμῶν
3009 2366 3235 2419 ἐκείνων
3299 2365 3582 2428 ἀδιάλυτος
3613 2363 3878 2433 εὐφημία.
3919 2362 4078 2432 Ὀψί-

2484 2464 2695 2533 γονοςή
2723 2461 2876 2531 γονὴ,
2906 2460 3021 2516 ἀλλ’
3051 2459 3329 2529 ὑπερῆρεν
3357 2457 3539 2521 πάσας
3581 2456 3800 2526 φύσεως
3844 2457 3943 2519 τὰς
3980 2473 4077 2524 γο-

2487 2558 2605 2622 νάς.
2643 2558 2973 2628 ’Υστέρησεν
3023 2557 3103 2618 είς
3150 2555 3436 2626 ἄνθησινὴ
3487 2554 3719 2626 ἄρουρα,
3754 2554 3868 2608 ἀλλ’
3903 2553 4077 2623 ἐπλή-

2493 2667 2632 2721 ρωσε
2662 2650 2762 2719 τῆς
2790 2649 2904 2702 ano
2928 2648 3027 2718 τὴν
3064 2647 3412 2717 οἰκουμένην.
3451 2646 3701 2717 Ὀδύρους
3729 2647 3898 2709 ἄπαις
3925 2645 4014 2697 όνε
4026 2662 4076 2696 ι-

2488 2741 2776 2812 διζομένη·
2813 2742 2907 2794 καὶ
2953 2741 3039 2802 τίς
3088 2740 3229 2794 οὓτω
3256 2739 3400 2811 ἥσθη
3429 2739 3624 2802 εὐπαις
3680 2739 4022 2807 γεγενημένη
4061 2756 4079 2804 ;

2488 2831 2723 2901 Τρέφεις
2763 2830 2995 2894 παιδίον,
3029 2830 3097 2884 δι’
3131 2825 3199 2900 ἦς
3230 2829 3260 2882 ό
3292 2829 3498 2898 κόσμος
3527 2829 3822 2900 πλουτήσει
3847 2829 3946 2899 τὴν
3979 2830 4078 2881 εύ-

2490 2923 2784 2994 φροσύνην.
2812 2921 3097 2993 Παρῆλοες
3119 2924 3299 2985 πάσας
3335 2920 3602 2991 μητέρας,

2562 3187 2749 3243 Τίκτει
2779 3189 2874 3245 καὶ
2905 3187 3040 3257 ἄλλη
3061 3204 3146 3251 τις
3179 3188 3370 3252 Ἄννα,
3410 3187 3583 3259 δῶρον
3637 3187 3804 3259 εὐχῆς
3832 3186 4077 3243 λαϐοῦσα

2490 3281 2581 3335 τὸν
2608 3282 2766 3335 τόκον
2800 3283 2895 3334 καὶ
2919 3280 3083 3350 αὕτη,
3115 3280 3252 3333 ἀλλὰ
3284 3280 3502 3346 δοῦλον,
3542 3281 3679 3334 ἀλλὰ
3721 3281 4038 3350 λειτουργὸν
4058 3296 4077 3315 ο

2491 3375 2540 3428 εί
2561 3375 2656 3427 καὶ
2685 3371 3010 3443 προφητικῷ
3037 3371 3335 3441 διέπρεπεν
3361 3373 3626 3441 χρίσματι
3647 3388 3659 3401 ”
3695 3374 3759 3426 σὺ
3788 3373 3844 3426 δὲ
3867 3373 4079 3435 τίκτενς

2489 3465 2588 3535 τὴν
2606 3461 2837 3534 οὐρανοῦ
2878 3464 2972 3516 καὶ
2995 3463 3098 3530 γῆς
3124 3461 3381 3516 Βασιλίδα
3400 3479 3415 3495 ο
3455 3463 3556 3534 τὴν
3579 3462 3730 3532 παρὰ
3761 3464 3943 3534 πάσης
3981 3463 4080 3517 λο-

2490 3555 2654 3625 γικῆς
2681 3555 2895 3624 φύσεως
2930 3553 3278 3624 ὑμνουμένην
3299 3570 3314 3585 ο
3349 3553 3489 3624 μόνη
3543 3555 3751 3618 τίκτεις
3773 3556 3911 3608 Θεοῦ
3943 3556 4078 3626 Μη-

2489 3648 2658 3718 τέρα·
2699 3646 2836 3716 μόνη
2868 3644 3230 3715 χρηματίζεις
3251 3647 3553 3716 προμήτωρ
3589 3645 3747 3701 Θεοῦ.
3789 3647 3854 3700 Ὦ
3888 3663 4078 3717 μακα-

2494 3740 2623 3810 ρίων
2648 3738 2854 3792 ὠδίνων
2876 3739 2890 3790 ι
2917 3738 2981 3790 Ὠ
3008 3737 3272 3805 λαγόνων,
3303 3730 3378 3790 ὧν
3401 3740 3822 3809 κατοικητήριον
3856 3741 3914 3792 ὲν
3947 3741 4079 3810 ἡμῖν

2491 3830 2769 3901 σκηνῶσαι
2813 3827 3095 3898 βουληθεὶς
3124 3829 3153 3880 ὁ
3177 3827 3311 3891 Θεὸς
3347 3828 3669 3894 ὲξελέξατοί
3705 3830 3770 3882 Ὦ
3800 3830 4068 3901 σύλληψις

2490 3923 2584 3976 καὶ
2609 3922 2766 3984 τόκος
2791 3919 2886 3974 καὶ
2917 3919 3139 3991 βρέφος,
3161 3918 3228 3971 δι’
3256 3911 3333 3973 ὧν
3351 3921 3380 3971 ό
3401 3920 3501 3989 τῆς
3519 3919 3794 3991 ἁμαρτίας
3825 3920 4078 3994 ὀλέθριος

2490 4013 2620 4077 ὠδὶς
2652 4011 2949 4083 ἀπήμϐλω,
2971 4012 3064 4063 καὶ
3089 4009 3184 4079 τῆς
3219 4011 3494 4082 σωτηρίας
3525 4013 3558 4082 ἡ
3585 4013 3879 4081 πολυγονία
3905 4015 4083 4082 ὲγνωο

2493 4103 2687 4177 ρίσυηι
2722 4105 2788 4156 Ὢ
2817 4103 3036 4174 βρέφος,
3071 4101 3138 4155 δι’
3176 4095 3244 4170 ἧς
3265 4103 3298 4171 ἡ
3319 4101 3754 4172 καταγηράσασα
3781 4103 3860 4176 τῷ
3895 4105 4080 4174 σίσχει

2487 4195 2588 4265 τῆς
2637 4193 2838 4254 κακίας
2889 4193 3072 4260 φύσις,
3115 4191 3306 4246 καινὸν
3361 4191 3710 4263 ἀλλαξαμένη
3744 4193 3942 4256 κάλλος
3985 4195 4081 4260 ἐξ-

2490 4285 2788 4357 ωραῖσατο.
2825 4285 2892 4337 Ὠ
2925 4282 3128 4356 βρέφος
3152 4283 3219 4337 δι’
3254 4278 3322 4354 ἦς
3376 4284 3474 4353 τῆς
3505 4285 3768 4354 πενιχρᾶς
3815 4283 3960 4353 ζωῆς
4007 4285 4083 4338 τὰ

2492 4382 2670 4450 ρόικκη
2719 4377 3148 4448 ἀποδυσάμενοι,
3191 4376 3290 4447 τὴν
3331 4376 3557 4447 πρώτην
3609 4376 3803 4448 στολὴν
3859 4377 4084 4448 ἐκείνην

2491 4469 2586 4524 τοῦ
2613 4469 2759 4524 Θείου
2794 4467 3107 4538 ἀξιώματος
3136 4467 3544 4538 ὲνεδυσάμεθαο
3581 4467 3652 4521 δι’
3677 4462 3746 4538 ἦς
3775 4469 3913 4538 ἡμῖν
3941 4485 4086 4521 κατ-

809 4584 902 4635 per
931 4583 1094 4636 quam
1129 4566 1273 4621 lleus
1311 4567 1470 4622 nobis
1504 4567 1916 4629 reconciliatus,
1950 4566 2002 4619 in
2036 4565 2385 4634 incompara-

2492 4565 2701 4634 ηλλάγη
2753 4562 2908 4627 Θεὸς,
2939 4562 3022 4624 είς
3064 4561 3389 4615 ἀνείκαστον
3437 4559 3786 4631 διαλυθείσης
3820 4561 4083 4633 στοργὴν,

808 4662 967 4714 bilem
1005 4660 1213 4730 paterni
1248 4659 1452 4713 amoris
1494 4658 1957 4714 necessitudinem
1989 4657 2242 4713 dissolvit
2273 4655 2380 4710 iiii-

807 4750 1069 4813 iuicitias,
1111 4763 1248 4819 quas
1284 4750 1332 4803 ei
1377 4750 1505 4803 facti
1544 4751 1750 4814 hostes,
1779 4750 2265 4804 constitueranms.
2309 4746 2386 4804 Te

804 4860 1043 4912 namque
1073 4841 1217 4897 Deus
1247 4857 1308 4896 ac
1339 4841 1499 4897 Pater
1533 4842 1822 4912 Unigenito
1879 4841 2150 4912 Sponsam
2201 4842 2386 4911 elegit,

807 4950 1015 5004 proque
1046 4936 1355 4987 futurarum
1379 4934 1689 4994 arrliabone
1713 4934 2057 5002 nuptiarum,
2079 4942 2133 4986 ut
2156 4941 2390 5002 cognato

806 5029 1047 5078 buuiano
1065 5024 1246 5094 generi
1271 5025 1676 5086 reconcilietur,
1701 5023 1986 5088 concedit;
2011 5011 2188 5097 nerine
2210 5025 2388 5078 solunt

804 5116 1124 5170 inimicitias
1154 5116 1389 5184 perimit,
1425 5124 1521 5170 aut
1549 5116 1714 5170 debiti
1747 5114 1937 5170 tribuit
1969 5115 2382 5170 remissionem:

803 5206 891 5261 vel
912 5207 1095 5268 etiam,
1127 5205 1274 5276 quod
1299 5206 1590 5260 adversum
1629 5220 1730 5260 nos
1767 5205 1869 5274 ipsi
1903 5205 2231 5274 scripsimus
2266 5204 2386 5256 cbi-

807 5299 1156 5369 rograplium,
1192 5298 1518 5366 disrumpit;
1559 5312 1748 5351 verum
1781 5297 1948 5352 etiam
1979 5294 2257 5366 Unigeniti
2291 5311 2386 5350 co-

805 5390 1052 5446 lueredes
1077 5389 1236 5453 facit;
1269 5403 1504 5458 eumque
1533 5389 1712 5457 ipsum
1743 5388 1884 5443 bello
1914 5388 2073 5442 nobis
2099 5387 2382 5457 suppetias

804 5481 1007 5548 mittit,
1059 5487 1117 5534 ut
1149 5494 1249 5549 pro
1294 5479 1456 5533 nobis
1500 5477 1706 5549 pariter
1744 5476 1960 5534 labores
2005 5477 2275 5542 desudet,
2319 5489 2385 5531 ac

805 5571 1018 5628 hostem
1055 5571 1376 5627 ulciscatur.

875 5665 1186 5726 Enimvero,
1211 5677 1429 5734 pmnam
1453 5677 1597 5717 nunc
1618 5660 1726 5725 lue,
1752 5675 1785 5715 ο
1809 5659 2027 5716 malitiae
2055 5663 2273 5732 sapiens
2297 5677 2390 5717 ar-

806 5755 958 5818 tifex,
992 5756 1115 5809 dolo
1145 5755 1428 5824 plenarum
1453 5767 1643 5808 earum
1671 5751 2041 5818 molitionum,
2067 5755 2268 5822 quibus
2293 5771 2388 5810 su-

873 5896 895 5927 ⁸
924 5892 1061 5950 Gen.
1100 5907 1250 5958 svnt,
1291 5892 1349 5946 tl
1396 5905 1553 5964 seqq.
1630 5888 1698 5945 ‘l
1740 5888 1869 5964 lleg.
1905 5908 1943 5960 ι,
1975 5890 2062 5947 20.

2487 4659 2586 4729 τῆς
2628 4658 2695 4727 ἢν
2732 4656 2894 4726 ἡμεῖς
2955 4653 3433 4723 ἐκπολεμωοέντες
3485 4652 3636 4721 αὐτῷ
3684 4651 3887 4722 ἔχθραν
3941 4670 4076 4706 συν-

2488 4747 2860 4821 εστησάμεθα.
2881 4746 3191 4810 Ἐξελέξατο
3219 4748 3328 4816 γάρ
3358 4762 3418 4799 σε
3448 4746 3528 4809 είς
3552 4746 3791 4816 Νύμφην
3805 4743 3885 4816 τῷ
3900 4746 4086 4800 Μονο-

2492 4840 2644 4907 γενεῖ
2674 4839 2703 4890 ὁ
2731 4836 2864 4901 Θεὸς
2892 4836 2987 4890 καὶ
3013 4835 3225 4906 Πατὴρ,
3248 4836 3342 4888 καὶ
3370 4835 3585 4888 δίδωσιν
3615 4835 3737 4888 ἀντὶ
3790 4835 4087 4905 μνήστρων

2491 4931 2590 4999 τὴν
2617 4929 2753 5000 πρὸς
2782 4928 2844 4981 τὸ
2881 4927 3146 4996 συγγενὲς
3173 4926 3551 4996 καταλλαγήνο
3587 4927 3683 4980 καὶ
3733 4925 3835 4980 οὐκ
3865 4927 4088 4998 ἀναιρεί

2499 5023 2658 5093 μόνον
2683 5021 2783 5091 τὴν
2810 5019 3032 5092 1ἔχθραν,
3062 5020 3186 5073 οὐδὲ
3217 5020 3315 5089 τὴν
3342 5020 3537 5088 ἄφεσιν
3573 5018 3758 5072 δίδωσι
3785 5019 3880 5072 τοῦ
3903 5019 4082 5090 ὀφλήο

2501 5128 2670 5184 ματος
2695 5151 2710 5176 ,
2743 5111 2853 5164 οὐδ’
2887 5112 2954 5181 ἢν
2999 5109 3122 5163 καθ’
3149 5110 3329 5164 αὐτῶν
3376 5111 3928 5181 ὲχειρογραφήσαμεν
3965 5112 4087 5166 δια-

2495 5201 2668 5271 σχίζει
2699 5201 2946 5271 γραφήν·
2984 5199 3124 5253 ἀλλὰ
3173 5200 3266 5253 καὶ
3315 5200 3793 5270 συγκληρονόμους
3822 5199 3915 5253 τοῦ
3942 5202 4086 5270 ἀγα-

2493 5291 2666 5362 πητοῦ
2694 5295 2930 5346 ποιεῖται
2958 5308 2972 5324 ο
3005 5293 3097 5345 καὶ⁵
3123 5290 3314 5345 τοῦτον
3359 5295 3441 5353 εἰς
3469 5291 3562 5345 τὸν
3605 5291 3730 5346 καθ’
3756 5290 3914 5362 ἡμῶν
3940 5293 4084 5346 ἀπο-

2491 5385 2698 5439 στέλλει
2741 5384 3002 5454 πόλεμον,
3039 5385 3434 5452 συνδιενεγκεῦθ
3479 5383 3597 5438 ἀνθ’
3619 5384 3778 5456 ἡμῶν
3812 5384 3941 5448 τοὺς
3983 5385 4088 5437 πό-

2491 5494 2637 5543 νους,
2669 5477 2876 5531 καὶτὸν
2913 5475 3157 5547 δυσμενῆ
3183 5475 3631 5548 τιμωρήσασθαι.

2577 5660 2737 5716 Ἀλλὰ
2766 5659 3066 5714 καθίστασο
3085 5660 3203 5728 νῦν,
3228 5658 3457 5730 σοφιστὰ
3484 5657 3586 5728 τῆς
3601 5660 3819 5724 κακίας,
3851 5660 3932 5724 είς
3959 5677 4089 5714 ποι-

2495 5753 2591 5826 νὴν
2618 5753 2724 5808 τῶν
2758 5751 2992 5823 δολερῶν
3023 5749 3248 5806 ἐκείνων
3278 5749 3634 5822 σκεμμάτων,
3661 5744 3740 5814 οἷς
3769 5751 3837 5821 τῇ
3863 5749 4085 5822 ψιθύρῳ
