4224 6444
190 442 221 497 ει
458 438 462 441 ⁷
1063 448 1344 508 ORATIO
1375 449 1419 508 l.
1450 476 1516 485 --
1544 452 1618 510 IN
1666 453 1726 508 Β.
1763 450 2024 507 Μλῐιωε
2062 447 2596 506 Νενιιγιιῐιτιςλι.
3378 437 3440 498 to

200 547 422 619 γλώσσῃ
451 548 576 611 τοὺς
613 549 780 618 ἐμοὺς
815 551 1115 620 ἐξειργάσω
1147 554 1495 624 προπάτορας
1523 572 1535 587 ι
1569 556 1768 623 μᾶλλον

1818 558 2103 613 \surrone
2153 558 2331 623 lingua
2374 567 2522 606 meos
2566 548 2936 620 progenitores
2981 543 3121 597 male
3162 542 3438 596 habuisti:

189 639 267 699 δὲ,
305 640 375 690 δι’
404 634 479 692 ὧν
517 641 637 693 καθ’
668 641 795 709 ὃλης
826 645 922 711 τῆς
961 643 1173 709 φύσεως
1206 645 1480 713 ἐτεχνάσω
1521 645 1612 697 τὸν
1651 644 1763 697 δλε-

187 731 343 795 θρον.
385 731 462 783 Οὐ
493 732 600 800 γὰρ
642 732 720 784 ἔτι
750 732 971 796 ἀλύπως
1012 732 1150 802 ἔχων
1175 735 1355 797 ἀπίοις
1379 775 1395 799 ,
1427 735 1545 788 οὐδὲ
1572 735 1662 787 ἐπὶ
1702 736 1768 805 τῇ

186 822 359 892 χλεύῃ
386 824 800 894 σεμνυνόμενος.
835 825 974 893 Ἰίδη
990 828 1121 894 γάρ,
1151 826 1252 897 ἤδη
1291 844 1390 880 -σοι
1411 826 1509 883 ,ἐπὶ
1540 826 1638 897 τὴν
1668 844 1768 880 κα-

190 915 510 981 κομήχανον
560 915 835 985 κεφαλὴν,
866 915 928 968 τὸ
975 916 1094 969 καθ’
1123 917 1281 986 ἡμῶν
1331 917 1627 987 ἐνσκήπτει
1671 935 1770 969 xa-

191 1003 756 1074 κοῦργον.Ὲγεννήθη
792 1008 855 1075 τῇ
904 1005 1018 1077 Εΰᾳ
1068 1006 1298 1071 παιδίον,
1343 1007 1410 1061 δι’
1435 1001 1496 1062 οὗ
1557 1007 1769 1076 ἐκείνης

145 1136 153 1147 .
189 1092 553 1147 ἀνακαλεῖται
588 1096 687 1165 μὲν
715 1096 749 1165 ὴ
773 1092 931 1166 ἦττα,
965 1098 1060 1149 καὶ
1093 1096 1153 1150 τὸ
1183 1096 1504 1168 σκυθρωπὸν
1532 1100 1610 1161 εἰς
1640 1116 1768 1167 φαι-

187 1183 431 1254 δρότητα
471 1191 813 1255 μεταχωρεῖ·
850 1188 908 1241 σὲ
935 1189 979 1240 δ’
1011 1189 1399 1259 ἀπαράκλητος
1440 1184 1581 1261 ¹ἧττα
1609 1208 1766 1261 περι-

189 1281 440 1345 στοιχιεί,
468 1280 559 1330 καὶ
596 1279 787 1349 βαθεῖα
854 1281 1168 1352 στυγνότης.
1217 1282 1566 1354 Ἐγεωργήθη
1593 1284 1767 1352 παρά-

186 1364 391 1435 δεισος,
436 1370 496 1433 ἐξ
531 1366 598 1441 ἦς
658 1373 1059 1444 ἀναϐλαστήσει
1107 1374 1273 1442 φυτὸν
1328 1372 1614 1438 ἀθάνατον,
1667 1376 1764 1439 τὰς

188 1457 374 1527 κῆρας
405 1460 497 1513 τοῦ
540 1464 709 1530 φυτοῦ
749 1465 982 1530 διαλύον,
1016 1458 1078 1519 οὗ
1117 1466 1217 1535 τὴν
1241 1464 1429 1532 γεῦσιν
1474 1464 1764 1535 προεξένη-

188 1563 292 1612 σας
316 1564 332 1580 ’
370 1552 466 1605 καὶ
508 1553 598 1604 τὸν
624 1556 684 1620 ἐξ
727 1556 941 1627 ἀπάτης
965 1555 1340 1627 παραδοθέντα
1364 1555 1596 1625 θανάτῳ,
1627 1558 1762 1625 πρὸς

183 1641 497 1696 ἀθανασίαν
522 1645 925 1717 ἀνακτώμενον.
957 1648 1147 1719 κλοπῇ
1178 1648 1272 1701 καὶ
1301 1649 1485 1718 ψεύδει
1527 1650 1627 1719 τὴν
1660 1666 1764 1719 μη-

186 1732 324 1802 τέρα
348 1738 540 1799 κακοῖς
578 1738 926 1808 περιέϐαλεςο
957 1741 1177 1810 ἐκδέχου
1221 1740 1416 1811 μικρὸν
1446 1741 1568 1793 ὅσον
1607 1740 1762 1794 οὔπω

184 1825 289 1892 τῆς
321 1825 424 1894 σῆς
452 1832 867 1901 κακομηχανίας
908 1833 977 1886 τὰ
1023 1832 1296 1903 ἐπίχειρα,
1330 1833 1366 1886 ἆ
1397 1848 1479 1885 σοι
1516 1848 1761 1901 παραγεο

185 1914 252 1982 νή
263 1930 417 1967 σεται
436 1916 531 1969 τοῦ
552 1919 741 1973 τέκνου
769 1921 905 1992 πρὸς
926 1922 1016 1975 τὸν
1044 1923 1382 1991 πανάμωμον
1415 1922 1572 1973 τόκον
1605 1922 1765 1990 ἧκον-

186 2025 302 2069 τος.
352 2011 823 2083 Ἀρτιθεούμενον
860 2014 964 2084 ὕψη
997 2014 1076 2085 τῷ
1103 2015 1239 2078 ὄντι,
1266 2014 1326 2067 ὃν
1367 2014 1531 2067 πάλαι
1581 2013 1767 2084 πλάνῳ

190 2100 447 2165 θεώσεως
496 2103 825 2174 ὑποσχέσει,
868 2107 1018 2170 θείας
1081 2107 1369 2169 συνουσίας
1429 2107 1769 2175 κατέστησας

192 2192 491 2263 ὑπερόριον
511 2211 525 2225 ·
563 2199 658 2247 καὶ
680 2196 772 2248 τὸν
794 2196 853 2262 ἐξ
882 2198 1059 2267 ἀρχῆς
1098 2199 1392 2252 ἐντακέντα
1426 2214 1507 2250 σοι
1552 2196 1767 2266 φθόνον,

188 2284 286 2336 τοῦ
340 2285 463 2339 καθ’
508 2280 570 2341 οὗ
623 2288 810 2342 τοῦτον
865 2289 1077 2355 ὥδινας,
1118 2290 1219 2359 τῆς
1256 2288 1355 2359 σῆς
1402 2288 1770 2352 ἐπιῢαίνοντος

191 2377 464 2447 κεφαλῆς,
497 2378 639 2445 ’ἕξεις
671 2380 929 2435 ἐπιπλέον
956 2398 1015 2436 σε
1043 2380 1361 2436 διεσθίοντα.

277 2685 514 2739 Ὑπέθου
542 2686 738 2740 θέωσιν
770 2688 847 2759 τῷ
880 2690 1109 2760 γυναίῳ,
1138 2692 1234 2745 καὶ
1263 2690 1365 2761 τῆς
1396 2692 1604 2745 ἀλύπου
1630 2690 1773 2762 ζωῆς

190 2780 544 2842 ἀνασπάσας,
581 2779 757 2848 λύπης
810 2780 1115 2850 ἀνάμεστον
1165 2781 1313 2853 ζωὴν
1360 2783 1641 2853 προξενεϊς
1666 2800 1680 2815 ·
1713 2786 1773 2838 ού

198 2869 364 2934 μόνον
408 2863 492 2931 οἷς
542 2869 698 2923 ἄλλαι
737 2872 927 2939 μυρίαι
951 2874 1119 2942 κῆρες
1163 2873 1257 2926 τὸν
1290 2871 1404 2943 βίον
1440 2876 1776 2946 περιστοιχί-

197 2959 389 3022 ζορυσιν
411 2974 426 2988 ο
467 2959 603 3013 ἀλλά
632 2963 725 3014 καὶ
759 2961 818 3025 ἐξ
845 2958 919 3014 ὢν
951 2964 1118 3034 ἐχρῆν
1149 2964 1404 3019 ὑπόθεσιν
1441 2966 1776 3038 εὐφροσύνης

196 3045 341 3101 εἶναι
376 3050 665 3118 ἀνθρώπου
717 3052 853 3123 πρὸς
881 3054 995 3123 φῶς
1045 3054 1280 3120 ἐξιόντος
1328 3055 1439 3109 τῶν
1489 3058 1778 3111 σκοτεινῶν

196 3138 310 3190 τῶν
333 3140 583 3207 ἐγκάτων
612 3143 847 3211 χωρίων,
877 3144 975 3196 καὶ
1005 3143 1163 3198 τοῦτο
1184 3145 1249 3215 δὴ
1268 3146 1446 3217 λύπης
1484 3148 1657 3201 αίτιον
1689 3166 1778 3203 τε·

1879 648 1987 699 imo
2034 646 2233 713 quibus
2286 644 2545 696 adversus
2592 648 2841 692 naturam
2897 637 3204 688 universam
3254 632 3442 686 interi-

1878 748 1988 792 tum
2023 737 2372 791 machinatus
2397 750 2478 788 es.
2505 732 2611 787 Nec
2635 732 2779 785 cnim
2804 729 2978 782 adhuc
3004 742 3033 780 a
3059 724 3282 780 tristitia
3310 724 3444 778 liber

1877 829 2052 883 abibis
2075 870 2088 890 ,
2120 842 2295 897 neque
2323 834 2381 880 ut
2404 823 2793 881 subsannamlo
2818 820 3089 889 glorieris.
3119 816 3238 871 Jam
3272 818 3441 879 enim,

1871 920 1981 991 jam
2025 920 2119 973 tibi
2158 919 2213 971 in
2258 916 2564 970 maleﬁcum
2603 922 2795 983 caput,
2836 908 2978 980 quod
3023 909 3307 962 adversum
3344 922 3443 961 nos

1872 1010 2191 1081 excogitasti
2213 1008 2539 1063 maleﬁciqu
2567 1007 2816 1059 vertitur.
2836 1002 2972 1057 Nata
2990 1008 3073 1056 cst
3095 1000 3219 1053 Eva:
3241 998 3439 1069 puella,

1869 1118 1966 1175 per
1996 1117 2157 1173 quam
2180 1102 2300 1171 ejus
2329 1102 2550 1171 quidem
2579 1099 2916 1153 instauratur
2942 1094 3119 1155 ruina,
3151 1090 3442 1145 mmstitia-

1868 1210 1975 1264 que
2024 1196 2076 1247 in
2107 1194 2348 1248 laetitiam
2372 1191 2567 1246 transit
2598 1209 2610 1243 :
2668 1197 2720 1243 te
2745 1203 2874 1241 vero
2898 1181 3306 1240 inconsolabilis
3330 1180 3439 1234 cir-

1866 1286 2163 1342 eumstabit
2194 1301 2354 1340 casus
2374 1324 2389 1348 ,
2437 1297 2500 1337 ac
2539 1278 2845 1350 profundus
2877 1291 3100 1330 maeror.
3136 1274 3332 1328 Cultus
3359 1278 3444 1324 est

1871 1381 2186 1451 paradisus,
2231 1394 2295 1433 ex
2344 1390 2452 1446 quo
2503 1370 2831 1428 immortalis
2881 1366 3207 1438 gerniinabit
3238 1363 3441 1417 arbor:

1866 1448 2082 1538 quaque
2128 1465 2339 1520 arboris
2371 1462 2688 1532 dispcrcant
2721 1466 2955 1520 mortes,
2983 1454 3141 1521 cujus
3163 1448 3445 1522 gustamla:

1866 1568 2058 1612 auctor
2092 1555 2238 1609 fuisti
2260 1571 2274 1618 ;
2300 1568 2430 1622 qua,
2457 1555 2709 1620 inquam,
2744 1548 2934 1614 is,'qni
2966 1558 3153 1599 errore
3188 1541 3445 1607 deceptus

1865 1648 2026 1703 morti
2055 1645 2283 1700 traditus
2314 1644 2509 1707 fuerat,
2535 1642 2599 1697 ad
2632 1638 3094 1695 immortalitatem
3130 1640 3441 1701 rcpareturo

1867 1739 2089 1794 Fui-tivo
2120 1736 2475 1805 mendacique
2507 1748 2737 1788 susurro
2801 1737 3029 1785 matrem
3065 1726 3225 1781 malis
3255 1724 3439 1793 impli-

1867 1834 2035 1897 casti;
2094 1829 2363 1885 modicum
2400 1824 2798 1895 aliquantulum
2848 1821 3071 1891 maligni
3122 1819 3197 1872 tui
3222 1816 3440 1871 consilii

1869 1923 2170 1981 mercedem
2198 1929 2470 1989 exspecta,
2511 1932 2674 1986 quant
2714 1912 3085 1983 consequeris,
3117 1926 3238 1962 eum
3277 1908 3443 1962 Filius

1871 2014 2380 2071 immaculatissimo
2433 2017 2593 2079 partu
2646 2008 2700 2061 in
2746 2007 2921 2059 lucem
2976 2004 3168 2058 exibit.
3223 2000 3442 2054 Videbis

1871 2107 2037 2163 modo
2078 2120 2263 2160 revera
2305 2103 2508 2157 dcitate
2538 2101 2800 2154 donatum
2831 2112 2955 2150 eum
2984 2110 3143 2163 quem
3184 2093 3311 2146 olim
3344 2092 3445 2144 im-

1872 2205 2096 2269 postura
2124 2195 2344 2249 deitatis
2373 2191 2740 2260 promissione
2766 2188 3050 2250 delndens,
3078 2201 3106 2238 a
3136 2183 3320 2239 divina
3351 2197 3446 2236 ex-

1871 2298 2074 2344 torrem
2123 2282 2515 2341 consuetudine
2587 2278 2861 2333 cﬂecisti:
2911 2291 3145 2345 euntque
3200 2274 3444 2337 livorem,

1873 2395 1981 2451 quo
2018 2393 2047 2432 a
2085 2377 2350 2448 principio
2383 2370 2710 2427 contabuisti
2738 2410 2754 2435 ,
2799 2368 2951 2439 ipso,
2992 2366 3252 2421 adversus
3284 2378 3444 2433 quem

1875 2471 2175 2543 parturisti,
2201 2478 2348 2523 tuum
2387 2466 2633 2520 calcantc
2675 2469 2869 2533 caput,
2911 2457 3160 2529 ampliori
3204 2464 3256 2512 te
3310 2462 3445 2513 :estu

1874 2561 2249 2618 comedentem
2283 2556 2528 2611 habebis.

1948 2698 2209 2752 Deitatem
2238 2690 2571 2748 muliercula:
2607 2689 2930 2760 suggessisti
2953 2690 2997 2754 ',
3026 2697 3187 2757 atque
3220 2701 3247 2740 a
3277 2686 3385 2740 vita
3416 2701 3448 2739 ε

1876 2786 2113 2841 tristitiis
2143 2784 2310 2838 libera
2339 2782 2683 2844 abstraliens,
2707 2780 2869 2834 vitam
2917 2779 3224 2847 importasti
3277 2775 3446 2831 tristi-

1878 2879 1969 2933 tiis
1991 2877 2239 2947 plenam;
2269 2872 2468 2929 nedum
2502 2887 2610 2943 qua
2644 2872 2927 2927 innumera
2956 2872 3061 2925 alia
3088 2871 3227 2925 mala
3254 2870 3448 2924 huma-

1878 2984 2003 3025 nam
2050 2968 2408 3022 circumStant
2458 2965 2623 3021 vitam
2655 3007 2669 3030 ,
2708 2978 2895 3020 verum
2937 2963 3099 3017 etiam
3137 2962 3280 3031 quod
3315 2960 3446 3015 illud

1879 3060 2058 3129 ipsum
2092 3059 2235 3128 quod
2273 3057 2330 3112 in
2361 3056 2561 3111 laetitia:
2594 3062 2973 3125 argumentum
3007 3053 3202 3107 cedere
3231 3060 3448 3122 oporte-

1882 3150 2000 3214 bat,
2033 3159 2266 3204 exeunte
2297 3148 2516 3203 homine
2558 3148 2612 3201 in
2662 3146 2801 3201 lucis
2837 3160 2999 3198 auras
3028 3160 3055 3197 a
3091 3143 3448 3198 tenebricosis

200 3232 564 3299 κτηνάμενος.
604 3234 691 3287 Ἐν
718 3236 827 3307 γάρ
850 3236 1048 3299 λύπαις
1079 3237 1285 3290 τίκτειν
1323 3242 1391 3311 τῇ
1420 3239 1614 3312 βαρείᾳ
1651 3242 1768 3296 καθ’

1818 3239 1843 3299 3
1879 3245 2145 3295 viscerum
2179 3241 2413 3303 sinibus,
2445 3239 2680 3293 tristitia:
2725 3236 2971 3291 eﬂeceris
3011 3249 3253 3290 causam.
3286 3233 3446 3288 Grati

200 3323 363 3390 ἡμῶν
394 3326 669 3393 ἀποφάσει
724 3329 1066 3397 προσέκειτο.
1107 3330 1269 3384 Ἀλλά
1304 3330 1401 3384 νῦν
1436 3332 1592 3396 τόκος
1620 3336 1780 3403 ἐμαι-

201 3414 336 3481 εύθη
370 3417 470 3483 τῆς
500 3416 748 3488 λυπηρᾶς
781 3420 999 3490 κρατῶν
1024 3420 1373 3488 ἀποφάσεως,
1401 3424 1496 3477 καὶ
1526 3423 1625 3495 τὴν
1646 3442 1781 3496 χαρ-

208 3508 377 3576 μονὴν
397 3510 507 3571 τοῖς
550 3510 751 3581 πέρασι
796 3514 1099 3582 μνώμενος.
1126 3514 1431 3586 Διέσφηλας
1469 3517 1561 3569 τὸν
1589 3522 1778 3589 γενάρο

203 3614 311 3666 χην
359 3598 618 3662 σκελίσας
648 3602 877 3673 γυναίῳ,
907 3604 1001 3658 καὶ
1039 3605 1133 3659 τὸν
1179 3606 1500 3677 φθοροποιὸν
1533 3609 1633 3679 τῆς
1685 3611 1784 3679 σῆς

205 3689 520 3761 συμϐουλῆς
557 3692 713 3761 λόγον
746 3697 837 3749 ἐπὶ
882 3697 1037 3768 κακῷ
1068 3698 1148 3768 τῷ
1178 3699 1328 3768 σφῶν
1360 3700 1590 3765 ἔπεισας
1634 3702 1783 3767 δέξα-

205 3780 331 3833 σθαι
357 3798 371 3811 ·
409 3784 603 3855 ἐτέχθη
654 3787 868 3839 παιδίον
917 3790 1048 3859 ἡμῖν
1082 3792 1183 3860 τῆς
1212 3791 1380 3862 αὐτῆς
1432 3792 1534 3861 μὲν
1566 3795 1631 3864 τῇ
1664 3792 1780 3865 Εὕα

206 3871 460 3936 πλάσεως
487 3914 502 3938 ,
533 3875 627 3929 τοῦ
657 3877 969 3947 σφάλματος
1008 3879 1054 3933 δ’
1079 3881 1307 3952 αύτῆςή
1336 3883 1655 3953 ἀνόρθωσις,
1685 3885 1778 3937 καὶ

205 3966 305 4032 τῆς
329 3965 429 4032 σῆς
447 3968 480 4036 ἡ
513 3968 734 4040 ἀφορμὴ
763 3971 1116 4042 πτερνίσεως,
1151 3968 1232 4036 οἷς
1259 3974 1352 4027 τὸν
1392 3974 1653 4039 ζωοποιδν
1681 3974 1775 4029 τοῦ

203 4054 343 4108 θεοῦ
366 4057 538 4125 Λόγον
568 4061 819 4132 ἀρρήτως
873 4064 967 4117 καὶ
997 4064 1135 4136 ὑπὲρ
1165 4064 1291 4120 νοῦν
1319 4066 1651 4132 ὑποδέξεται.

1878 3350 2110 3404 namque
2140 3335 2214 3387 illi
2247 3332 2535 3387 adversum
2568 3346 2667 3385 nos
2699 3330 2983 3385 sententiae
3031 3337 3219 3398 partus
3249 3326 3301 3380 in
3344 3326 3447 3379 tri-

1878 3427 2041 3481 stitiis
2064 3425 2351 3495 adjunctus
2374 3432 2492 3478 erat
2514 3423 2555 3476 ⁸.
2587 3420 2742 3475 Nunc
2771 3420 3049 3475 enimvero
3077 3426 3230 3487 partu
3259 3415 3445 3472 editur

1882 3536 1945 3575 ac
1982 3518 2278 3587 suscipitur
2308 3515 2519 3585 proles,
2568 3512 2914 3567 tristitiarum
2935 3528 2938 3530 ‘
2962 3510 3286 3566 sententiam
3319 3508 3443 3561 vin-

1883 3625 2041 3672 cens,
2100 3608 2392 3681 gaudiiqne
2441 3606 2662 3677 pignora
2712 3604 2862 3659 orbis
2920 3610 3189 3659 terrarum
3252 3598 3448 3654 ﬁnibus

1890 3702 2153 3772 praebens.
2189 3696 2444 3754 Fefellisti
2478 3695 2693 3765 generis
2723 3702 3001 3765 parentem
3022 3734 3036 3757 ,
3071 3706 3135 3746 ac
3170 3705 3265 3762 per
3293 3689 3447 3745 lenii-

1888 3806 2009 3844 nain
2036 3788 2420 3860 supplantasli,
2452 3788 2639 3857 tuique
2669 3785 2883 3841 consilii
2915 3783 3209 3839 exitiosum
3238 3794 3449 3837 sermo-

1885 3898 2008 3938 nem
2033 3883 2260 3937 insuam
2287 3883 2525 3952 ipsorqu
2555 3881 2851 3952 perniciem
2907 3878 3188 3948 suscipere
3220 3888 3447 3945 persua-

1883 3975 1999 4030 sisti
2036 3992 2050 4029 :
2097 3983 2152 4029 at
2192 3974 2350 4029 nobis
2389 3984 2516 4028 nata
2556 3984 2640 4029 est
2675 3974 2850 4043 puella
2890 3988 2953 4027 ex
2998 3968 3187 4025 eodem
3230 3966 3448 4037 quidem

1882 4076 2045 4136 atque
2074 4066 2181 4121 Eva
2215 4065 2503 4136 ﬁgmento;
2534 4081 2653 4137 qua:
2679 4074 2858 4120 tamen
2894 4063 3017 4117 Eva:
3066 4057 3372 4116 emendatio
3395 4056 3450 4112 lit

206 4159 275 4198 ac
305 4159 475 4200 causa
516 4161 572 4202 ut
612 4152 729 4221 ipse
752 4154 1169 4224 supplanteris,
1212 4172 1317 4227 qua
1365 4157 1642 4214 viviﬁcum
1686 4158 1779 4215 Dei
1810 4158 2129 4217 Sermonem
2189 4156 2443 4215 ineﬂ'abili
2530 4172 2592 4212 ac
2670 4156 2862 4224 majori
2920 4154 3161 4224 cogitatu
3241 4149 3449 4204 ratione

207 4248 536 4307 susceptura
570 4252 673 4297 est.

284 4375 507 4437 Ἀκουε,
538 4375 735 4444 γηραιέ
790 4380 1115 4449 προπάτορ,
1167 4381 1264 4435 καὶ
1308 4382 1447 4454 πρὸς
1496 4383 1782 4455 ἀμείνονας

209 4467 438 4530 ἐλπίδας
481 4467 746 4536 μετάθου·
788 4470 848 4522 οὐ
879 4473 986 4541 γάρ
1031 4472 1114 4526 ἐτι
1154 4472 1456 4544 ἀδοήθητος
1507 4477 1566 4529 ἐν
1607 4476 1782 4546 θλίψει

210 4560 305 4613 καὶ
330 4563 664 4630 στενοχωρία
689 4560 984 4635 διαγενήσῃ
1000 4580 1015 4596 ’
1046 4564 1250 4636 ἐπέστη
1286 4567 1394 4636 γάρ
1420 4567 1490 4620 δι’
1510 4562 1577 4640 ἧς
1598 4570 1626 4621 ὁ
1649 4584 1783 4639 κραο

207 4652 361 4713 ταιδς
387 4652 446 4704 ἐν
476 4652 647 4721 ίσχύει
681 4652 876 4723 βοηθὸν
922 4655 1224 4720 ἐξαπλώσει
1252 4660 1431 4729 χεῖρα,
1455 4659 1663 4730 καὶτῆς
1692 4678 1787 4714 τα⁹

209 4744 521 4813 λαιπωρίας
566 4744 842 4814 ἐξαγάγοι.
878 4748 1073 4801 Οὐκέτι
1107 4749 1252 4818 acti
1304 4749 1556 4820 βρώσεως
1600 4753 1776 4806 ἐπινε-

1958 4382 2121 4448 Audi,
2168 4395 2331 4438 senex
2381 4383 2713 4451 progenitor,
2756 4380 2922 4448 inque
2973 4392 3124 4448 spem
3172 4377 3449 4433 meliorem

1888 4471 2281 4529 transferaris:
2326 4485 2429 4527 nec
2469 4473 2613 4525 enim
2662 4470 2774 4539 jam
2826 4467 3030 4522 auxilio
3070 4466 3364 4523 destitutus
3396 4468 3450 4522 in

1818 4596 1861 4649 υ
1889 4561 2181 4615 alllietioue
2206 4574 2269 4614 ac
2292 4559 2545 4628 angustia
2568 4574 2695 4627 ages
2722 4576 2734 4611 :
2770 4560 2972 4628 quippe
3002 4558 3147 4613 venit
3173 4571 3268 4625 per
3287 4570 3450 4627 quan.

1889 4651 2046 4706 fortis
2071 4652 2160 4704 ille
2186 4652 2239 4705 in
2267 4653 2465 4705 virtute
2488 4651 2882 4704 auxilium-irem
2906 4650 3183 4716 explicans
3208 4663 3449 4709 tuantun,

1880 4756 1910 4796 a
1951 4742 2169 4797 miseria
2210 4741 2409 4796 educat
2450 4755 2515 4794 ac
2561 4741 2770 4795 liberet.
2821 4739 2939 4795 Non
2972 4742 3109 4793 ultra
3142 4754 3235 4807 per
3266 4752 3448 4793 escam

214 4835 429 4905 μομένη
461 4834 637 4906 φθορὰ
686 4837 745 4891 τδ
794 4838 914 4891 κατ’
943 4841 1128 4895 είκόνα
1168 4840 1263 4895 τοῦ
1290 4842 1524 4897 πλάστου
1558 4844 1768 4915 πλάσμα

1879 4833 2180 4902 depascens
2227 4834 2541 4904 corruptio,
2606 4832 2750 4904 quod
2794 4832 2861 4888 ad
2915 4832 3119 4887 lictoris
3165 4832 3449 4898 imaginem

210 4926 519 4996 λωῆήσεται
545 4943 558 4957 ⁸
609 4930 639 4981 ὁ
679 4928 788 4999 γὰρ
825 4931 1163 5001 Δημιουργδς
1199 4932 1420 4996 οἰκείοις
1456 4933 1768 5004 σπλάγχνοις

1882 4925 2194 4996 ﬁgmentum
2218 4925 2498 4980 conditum
2522 4933 2624 4984 est.
2650 4925 2803 4980 laedet
2822 4964 2835 4978 .
2878 4923 3140 4977 Conditor
3166 4922 3311 4977 enim
3334 4922 3450 4975 suis

210 5019 407 5071 ἑαυτὸν
467 5019 877 5088 παρακαλέσας,
912 5021 972 5074 τὸ
1021 5021 1176 5089 ἅγιον
1234 5023 1400 5077 αὑτοῦ
1440 5025 1768 5096 ύπεστήσατι

1878 5018 1993 5088 ipse
2016 5018 2321 5073 visceribus
2350 5028 2695 5089 provocatus,
2715 5016 3003 5071 consilium
3030 5015 3150 5079 init,
3172 5013 3448 5067 decernit-

212 5110 520 5179 σκήνωμα’
570 5111 664 5163 καὶ
724 5111 863 5180 μετά
907 5111 1015 5165 τῶν
1065 5112 1464 5167 κατοικούντων
1496 5114 1553 5168 ἐν
1606 5114 1784 5187 φθορᾷ

210 5200 442 5271 γνώμην
461 5201 666 5255 τίθεται
694 5203 1221 5274 συναναστραφῆναι,
1248 5206 1337 5259 ἵνα
1360 5206 1625 5278 διαμείψῃ
1649 5207 1786 5278 πρὸς

209 5292 543 5361 ἀφθαρσίαν.
578 5291 958 5361 ’Δλαλάξωμεν
988 5292 1066 5363 τῷ
1098 5292 1237 5363 Θεῷ,
1272 5294 1354 5348 ὅτι
1395 5296 1493 5365 τῆς
1521 5296 1785 5367 πολυχρο-

209 5385 328 5438 νίου
359 5382 670 5451 τυραννίδος
697 5382 730 5452 ἡ
763 5381 1003 5454 βαρύτης
1031 5383 1204 5454 ἀρχὴν
1249 5383 1514 5455 λαμϐάνει
1537 5386 1630 5439 τοῦ
1662 5387 1783 5439 ἐλα-

210 5472 551 5542 φρύνεσθαι·
585 5473 786 5543 μᾶλλον
833 5473 933 5526 δ’ὁ
979 5474 1292 5545 ἀποστάτης
1336 5477 1415 5537 είς
1460 5478 1640 5544 φυγὴν
1681 5477 1777 5546 τὴν

210 5560 397 5627 δίωξιν
433 5561 750 5628 ἐναλλάξας,
781 5562 1055 5632 ἀναχωρεῖ
1080 5562 1358 5633 τύραννος,
1396 5565 1649 5631 ὀφθέντος
1682 5566 1775 5618 τού

212 5649 496 5723 βασιλικυῦ
518 5653 816 5724 σκήπτρου.
837 5652 1031 5706 Οὐκέτι
1059 5652 1241 5724 χώραν
1264 5654 1453 5723 ἐφόδου
1476 5654 1595 5708 καθ’
1624 5656 1778 5727 ἡμῶν

740 5830 758 5853 ’⁸
788 5827 917 5883 ibid.
984 5828 1064 5883 16.

285 5825 466 5883 'Gen.
513 5844 569 5883 ιιι
613 5829 664 5883 5.
740 5830 758 5853 “
788 5827 917 5883 ibid.
984 5828 1064 5883 l6.
1143 5829 1162 5860 “
1193 5827 1322 5883 Luc.
1380 5843 1415 5893 ι,
1449 5830 1536 5884 (39.

1885 5124 1992 5179 que
2015 5124 2138 5163 cum
2162 5112 2512 5181 corruptione
2536 5110 2765 5171 versari,
2784 5124 2892 5179 quo
2912 5109 2963 5163 in
2985 5108 3447 5175 incorruptionem

1884 5208 2200 5255 commutet.
2219 5199 2520 5256 Jubilemus
2541 5202 2669 5263 Deo,
2693 5199 2835 5270 quod
2861 5200 3132 5253 diuturnae
3151 5197 3449 5269 tyrannidis

1885 5305 2048 5363 grave
2094 5307 2235 5346 onus
2272 5293 2384 5347 leve
2419 5291 2533 5346 ﬁeri
2565 5292 2810 5362 incipiat.
2844 5289 2955 5345 lmo
2987 5298 3232 5361 apostata
3264 5296 3449 5356 tyran-

1885 5397 2017 5447 nus,
2040 5398 2139 5455 pro
2173 5397 2239 5437 eo
2277 5392 2335 5436 ut
2380 5390 2759 5452 persequatur,
2801 5380 2978 5450 fugam
3019 5379 3196 5433 iniens
3223 5374 3447 5436 recedit,

1887 5475 1976 5529 ubi
2006 5474 2185 5544 regale
2213 5473 2501 5543 conspexit
2530 5482 2825 5542 sceptrum.
2851 5468 2970 5524 Non
3000 5467 3233 5538 amplius
3257 5465 3450 5520 adver-

1887 5580 2004 5621 sum
2049 5579 2149 5620 nos
2181 5563 2467 5620 invadendi
2510 5564 2688 5618 locum
2725 5560 2997 5620 inveniet:
3042 5556 3271 5628 erigitur
3300 5556 3447 5611 cnim

1888 5657 2045 5713 nobis
2083 5670 2254 5713 cornu
2296 5656 2549 5727 potentia:
2580 5654 2646 5712 dc
2690 5653 2850 5711 domo
2882 5650 3046 5707 David
3068 5651 3111 5715 9;
3139 5662 3331 5711 cornu,
3367 5646 3446 5701 in-
