4224 6444
751 428 773 496 Ῑ
787 423 817 496 1.
1995 431 2189 490 LEON
2201 432 2268 491 IS
2323 429 2790 492 PIIlLOSOPIlI
3949 422 4020 486 12

751 553 937 608 quam,
965 538 1018 592 in
1045 554 1152 608 quo
1174 555 1360 593 earnm
1389 553 1584 606 cornu,
1615 541 1706 611 qui
1739 540 2008 598 hactenus
2041 543 2091 596 in
2129 543 2332 596 malitia

2439 543 2693 612 εὑρήσειο
2725 539 2999 610 ἐγείρεται
3028 537 3138 610 γὰρ
3169 537 3302 610 ἡμῖν
3351 535 3413 602 ἐξ
3443 538 3596 590 οίκου
3643 535 3808 592 Δαϐὶδ
3845 537 4018 608 κέρας

755 629 1026 685 dominati
1051 637 1201 694 Stltll,
1236 631 1631 686 i-onterendum
1664 640 1764 687 est.

824 813 1148 878 Enimvero,
1193 812 1325 867 mihi
1369 811 1534 866 David
1577 821 1917 882 opportunus
1963 813 2120 869 venis
2150 855 2162 866 .
2197 828 2336 869 cane

749 921 879 962 vero
929 906 1121 977 puella!
1149 921 1215 960 cx
1249 908 1356 960 tuis
1383 905 1581 958 lumbis
1618 905 1814 975 genitat
1843 923 1855 958 :
1887 919 2021 958 cane
2049 903 2334 959 dulcisona

751 1003 859 1047 tum
879 994 1158 1063 sapientiae
1199 993 1410 1047 cantica
1436 1033 1450 1056 ,
1473 995 1909 1062 sanctiﬁcationis
1937 1011 2117 1048 arcam
2144 995 2188 1025 "
2209 1009 2338 1048 sna-

751 1084 892 1138 vitcr
921 1083 1240 1150 modulans;
1271 1085 1564 1154 gloriosam
1595 1087 1740 1140 illam
1773 1089 1826 1141 in
1848 1087 2053 1157 [imbris
2085 1087 2330 1152 aureis”;
2371 1153 2373 1155 ι

755 1185 980 1230 montem
1011 1178 1068 1229 in
1105 1193 1206 1246 quo
1239 1177 1621 1246 beneplacitnm
1651 1189 1728 1233 est
1771 1180 2070 1235 inhabitare
2099 1182 2152 1234 in
2182 1197 2241 1235 eo
2263 1182 2328 1245 ",

753 1270 990 1337 portanti
1034 1286 1194 1324 manu
1239 1272 1526 1327 universos
1569 1272 1702 1327 lines
1753 1279 1932 1328 terrm.
1973 1273 2086 1340 Age
2125 1283 2330 1342 autem,

751 1375 900 1416 nunc
931 1375 1148 1432 quoque
1171 1364 1311 1417 salta
1337 1377 1520 1418 coram
1551 1364 1730 1417 divina
1761 1379 1908 1428 arca,
1937 1365 2110 1422 saltus
2142 1366 2334 1436 utique

755 1453 996 1506 abomni
1029 1453 1233 1509 liberos
1261 1455 1706 1523 reprehensione.
1745 1455 1900 1509 Brevi
1935 1457 2156 1527 quidem
2185 1469 2330 1528 post,

755 1545 1149 1613 ingredientem
1183 1547 1235 1601 in
1261 1546 1483 1614 Sancta,
1515 1561 1712 1618 pompa
1740 1547 1998 1613 deducas,
2028 1551 2330 1618 jucundam

752 1637 901 1692 illam
925 1637 1339 1708 juveni-alarum
1373 1655 1714 1712 congregans
1738 1643 2033 1709 choream;
2065 1643 2330 1700 hactenus

749 1739 955 1792 autem,
981 1739 1074 1783 tuo
1107 1731 1280 1800 ipsius
1305 1731 1468 1797 saltu,
1507 1733 1716 1790 honora
1757 1735 1928 1790 visam
1959 1737 2129 1790 illam.
2163 1735 2330 1792 Nemo

747 1819 894 1874 enim
924 1829 1029 1885 est,
1062 1823 1154 1890 qui
1193 1823 1294 1877 hoc
1325 1824 1546 1878 nomine
1571 1826 1968 1893 reprehendere
1995 1837 2320 1895 praesumat:

745 1925 909 1965 nemo
940 1913 1115 1967 instar
1143 1913 1263 1968 lilia:
1287 1914 1467 1970 Saulis
1499 1915 1723 1970 sinistra
1754 1917 2034 1972 voluntate
2067 1919 2322 1974 immittet

745 2003 989 2073 linguam
1016 2007 1084 2058 "z
1113 2007 1245 2075 quin
1271 2007 1558 2063 universos
1585 2023 1673 2064 res
1696 2008 2012 2078 delectabit,
2037 2019 2150 2066 tum
2177 2013 2323 2082 quod

743 2094 1030 2163 mysticam
1076 2095 1168 2150 Dei
1216 2113 1400 2152 arcam
1451 2101 1711 2154 honorari
1747 2102 1986 2169 videant,
2023 2113 2136 2159 tum
2177 2105 2322 2176 qttod

743 2183 876 2250 tibi,
917 2185 987 2240 ob
1017 2185 1136 2254 ejus
1181 2193 1361 2241 tecum
1399 2189 1874 2256 necessitudinem,
1928 2192 2044 2262 pari
2080 2194 2323 2249 exsulta-

741 2277 894 2330 tione
924 2277 1334 2347 congandeant.
1377 2279 1456 2334 En
1495 2281 1591 2336 tibi
1615 2290 1671 2338 et
1702 2282 1825 2339 linis
1856 2298 2043 2339 eorum
2080 2285 2320 2348 advenit,

741 2385 864 2437 quae
899 2370 1261 2441 jurejurando
1307 2377 1579 2443 promissa
1621 2383 1789 2429 sunt:
1833 2377 1925 2446 qui
1971 2392 2206 2446 namque
2255 2379 2323 2435 de

739 2460 926 2514 fructu
963 2462 1167 2518 ventris
1201 2463 1255 2516 in
1291 2463 1552 2518 sarculum
1589 2479 1755 2534 super
1783 2467 1934 2536 regni
1965 2469 2162 2522 solium
2206 2483 2321 2524 ses-

740 2569 906 2608 surus
929 2563 1034 2620 est,
1057 2570 1087 2608 e
1109 2554 1360 2622 virginali
1381 2556 1492 2627 jam
1527 2556 1666 2612 solio
1703 2560 1943 2628 assurgit
1970 2559 2032 2612 ”.

807 2735 877 2789 At
903 2735 1164 2808 μηνίτίξο
1196 2751 1260 2790 ac
1285 2736 1474 2804 Mater,
1501 2753 1622 2808 qua:
1645 2739 1758 2794 haec
1785 2740 2077 2810 plurimum
2112 2744 2321 2800 distan-

738 2827 851 2890 tia,
899 2829 1052 2883 unita
1099 2831 1150 2883 in
1203 2838 1255 2885 te
1297 2831 1590 2887 ostendisti
1615 2834 1677 2899 ¹⁵;
1715 2844 1796 2898 tu,
1839 2835 2084 2904 inquam,
2128 2847 2321 2893 contra

737 2920 960 2989 quidem
1001 2935 1152 2990 spem
1195 2929 1344 2988 nata,
1369 2939 1602 2994 quaeque
1635 2925 1814 2979 altiori
1851 2941 2016 2994 supra
2051 2929 2320 2983 rationem

737 3021 898 3082 partu
932 3014 1137 3082 prolem
1173 3014 1429 3080 edideris,
1463 3031 1531 3071 ne
1565 3014 1762 3070 Filium
1791 3031 1857 3072 ac
1895 3017 2062 3072 Deum
2104 3021 2322 3089 placare

737 3104 1004 3164 desieris,
1047 3118 1146 3173 pro
1187 3103 1504 3160 hau-editam
1535 3122 1698 3176 quam
1729 3107 1777 3161 ei
1811 3107 1974 3163 Pater
2001 3108 2188 3178 dedit;
2230 3113 2320 3168 cui

737 3196 904 3248 ctiam
936 3211 1035 3249 nos
1082 3203 1332 3264 pastores
1367 3197 1631 3266 praefecit,
1675 3207 1734 3253 ut
1769 3199 1840 3252 ab
1864 3201 2121 3258 omnibus
2157 3218 2318 3274 rapa-

739 3286 884 3338 ciunt
941 3287 1244 3342 bestiarum
1311 3289 1531 3344 insidiis
1589 3291 1794 3346 illaasos
1843 3294 2157 3358 custodiat,
2205 3303 2318 3350 tum

738 3389 1014 3448 quelquot
1055 3380 1376 3445 obscurmu,
1435 3389 1549 3434 tum
1603 3389 1871 3452 quotquot
1925 3396 2210 3454 apertum,
2259 3401 2322 3442 ac

737 3470 882 3538 quod
937 3471 1272 3541 oculisipsis
1331 3473 1604 3540 videatur,
1671 3475 1977 3544 periculum
2043 3477 2316 3532 alierum:

739 3563 1058 3632 nutriatquc
1083 3579 1146 3617 ac
1177 3563 1393 3628 educet,
1428 3581 1574 3622 nunc
1597 3567 1816 3636 quidem
1855 3567 1908 3622 in
1942 3569 2163 3638 pietatis
2187 3570 2312 3625 vivi-

740 3655 860 3712 tit-is
897 3656 1318 3712 mansionibus:
1353 3657 1442 3712 uhi
1487 3667 1670 3713 autem
1713 3660 1841 3714 hinc
1887 3661 2122 3730 migrare
2155 3677 2320 3733 opor-

741 3747 929 3812 tuerit,
965 3747 1290 3804 accumbere
1325 3747 1490 3804 faciat
1511 3751 1564 3805 iu
1602 3751 1798 3806 salutis
1824 3753 1978 3808 atriis
2009 3766 2176 3824 atque
2202 3763 2317 3810 sta-

738 3837 906 3902 hulis,
949 3839 1041 3894 ubi
1073 3841 1260 3897 nullus
1308 3843 1505 3908 timor,
1543 3845 1690 3898 nulla
1737 3851 1822 3901 est
1851 3845 2130 3912 turbatio,
2167 3847 2315 3902 nulla

739 3931 1062 3986 insidiarmn
1111 3935 1424 3990 sollicitudo
1455 3954 1468 3990 :
1515 3938 1610 3992 sed
1641 3939 1824 3995 omnis
1863 3940 2136 4006 remissio,
2165 3949 2316 3995 tran-

737 4023 1112 4095 quillitasque,
1137 4034 1301 4097 atque
1323 4029 1621 4085 cxsttltatio
1643 4047 1656 4096 ;
1681 4045 1746 4085 eo
1768 4033 1914 4101 quod
1940 4031 2110 4099 ipsius
2141 4035 2316 4090 simus

737 4115 1006 4184 populus,
1062 4119 1274 4188 solique
1319 4121 1366 4174 ei
1409 4121 1640 4191 gloriam
1691 4137 1756 4176 ac
1798 4121 2175 4179 adorationem
2220 4127 2316 4178 tri-

737 4205 992 4273 buamus,
1029 4225 1178 4264 nunc
1204 4221 1260 4265 et
1286 4211 1338 4265 in
1369 4215 1566 4267 saecula
1597 4215 1947 4270 szeculorum.
1982 4215 2177 4270 Amen.

1355 4343 1612 4402 ORATIO
1649 4348 1710 4403 ll.

737 4453 803 4508 In
838 4468 1079 4540 sanetam
1107 4459 1304 4540 prolem
1333 4460 1445 4540 _Dei_
1477 4461 1705 4516 Matrem
1723 4481 1944 4540 semper
1972 4467 2220 4540 virginem
2251 4483 2316 4520 ea:

801 4529 1073 4650 sterilibus
1102 4531 1295 4585 Ianthis
1325 4533 1376 4584 in
1407 4531 1608 4588 Sancta
1663 4529 1949 4592 adductam
1981 4529 2136 4607 atque
2159 4537 2314 4590 obla-

827 4615 934 4652 am.

2343 4346 2400 4406 D

2435 633 2747 703 δυνάμεως·
2781 632 2950 702 κέρας
2979 632 3035 682 έν
3065 625 3110 698 ᾦ
3134 629 3554 700 συντριϐήσεται
3589 628 3698 681 τῶν
3739 627 3900 698 μέχρι
3919 628 4021 681 νῦν

2435 725 2527 776 ἐπὶ
2552 723 2720 792 κακία
2749 722 3226 775 δυναστευσάντων
3257 719 3317 772 τὸ
3343 719 3528 787 κέρας.

2519 815 2680 869 Ἀλλά
2715 831 2804 884 μοι
2837 813 3003 866 Δαόὶδ
3051 813 3131 875 είς
3165 811 3357 884 καιρὸν
3387 811 3574 881 ἥκεις’
3603 808 3696 862 καὶ
3727 804 3822 880 ᾆδε
3855 809 3922 878 τῇ
3953 807 4022 872 ἐξ

2436 913 2634 982 ὀσφύος
2678 908 3058 979 ἁποκυηθείσῃ
3109 905 3370 975 θυγατρί’
3401 900 3494 976 ᾆδε
3535 907 3636 972 τῆς
3688 902 3788 972 σῆς
3823 901 4020 970 σοφίας

2433 1006 2502 1059 τὰ
2565 1001 2882 1074 ηδύφθογγα
2925 999 3174 1071 ᾄσματα,
3227 995 3344 1062 τὴν
3385 995 3636 1049 κιϐωτὸν
3683 995 4020 1064 ἀναμέλπων

2433 1097 2541 1152 τοῦ
2578 1094 2976 1164 ἁγιάσματοςι
3015 1091 3115 1162 τὴν
3161 1089 3556 1158 δεδοξασμένην
3585 1087 3710 1154 τοῖς
3761 1086 4020 1157 χρυσοῖς

2434 1187 2846 1257 κροσσωτοῖςο
2877 1185 2947 1239 τὸ
2996 1185 3134 1252 ὅρος
3183 1181 3215 1236 ὃ
3253 1180 3552 1248 εὐδόκησε
3597 1179 3896 1233 κατοικεῖν
3943 1178 4020 1231 ἐι·

2432 1280 2612 1346 αὐτῷ,
2647 1282 2675 1333 ὁ
2711 1280 2894 1350 φέρων
2917 1279 2984 1347 τῇ
3026 1277 3170 1348 χειρὶ
3209 1275 3280 1328 τὰ
3335 1275 3434 1342 τῆς
3477 1272 3578 1342 γῆς
3603 1271 3840 1341 πέρατα.
3875 1271 4018 1337 Ἀγε

2431 1374 2495 1444 δὴ
2521 1373 2616 1426 καὶ
2645 1371 2741 1425 νῦν
2776 1369 3068 1441 σκίρτησον
3097 1366 3409 1438 ἔμπροσθεν
3443 1365 3542 1434 τῆς
3572 1363 3722 1426 θείας
3751 1361 4018 1426 κιϐωτοῦ,

2434 1465 2711 1536 σκίρτημα
2735 1460 2944 1532 μώμων
2975 1458 3278 1528 ἐλεύθερον.
3305 1457 3517 1528 Μικρὸν
3545 1456 3646 1525 μὲν
3661 1455 3756 1510 οὖν
3783 1453 4020 1526 ὕστερον

2431 1557 2511 1618 είς
2535 1555 2604 1609 τὰ
2631 1557 2796 1624 Ἅγια
2820 1552 3094 1622 εἰσιούσης
3146 1549 3614 1622 προπομπεύσεις,
3647 1553 3749 1620 τὴν
3773 1549 4019 1620 τερπνὴν

2431 1649 2650 1717 ἐκείνην
2702 1645 2812 1701 τῶν
2859 1645 3118 1702 νεανίδων
3171 1642 3438 1696 συνιστῶν
3489 1641 3738 1712 χορείαν·
3773 1641 3910 1702 τέως
3955 1639 4016 1693 δὲ

2431 1741 2526 1792 νῦν
2553 1737 2632 1808 τῷ
2667 1735 2788 1790 καθ’
2823 1737 2988 1791 αὑτὸν
3013 1735 3235 1804 ἅλματι,
3270 1733 3500 1802 τίμησον
3529 1731 3788 1798 ὀφθεῖσαν
3816 1731 4012 1800 αὐτήν.

2431 1831 2508 1886 Οὐ
2539 1831 2648 1901 γάρ
2681 1830 2828 1882 ἐστιν
2870 1831 2900 1880 ὁ
2926 1827 3018 1880 ἐπὶ
3043 1825 3203 1880 τοῦτο
3239 1822 3565 1895 θρασυνθείη
3603 1821 3974 1893 μωμήσασθαι
3995 1837 4012 1852 ο

2426 1923 2601 1988 οὐδεὶς
2626 1922 2768 1976 κατὰ
2796 1922 2856 1975 τὸ
2885 1920 3059 1974 Σαοὺλ
3088 1919 3382 1988 θυγάτριον
3417 1916 3669 1985 γλῶσσαν
3729 1915 4010 1984 ὲπαφήσει

2426 2016 2622 2090 γνώμῃ
2646 2017 2747 2069 οὐκ
2769 2013 2903 2086 ὀρθῇ
2930 2012 3256 2082 κινουμένην
3273 2027 3284 2039 ·
3315 2007 3432 2064 ἀλλ’
3451 2008 3782 2078 ἡσθήσονται
3803 2022 3818 2038 ·
3849 2007 4012 2060 τοῦτο

2429 2109 2530 2179 μὲν
2589 2108 2690 2178 τὴν
2727 2106 2998 2177 μυστικὴν
3053 2102 3147 2155 τοῦ
3203 2100 3340 2154 Θεοῦ
3405 2098 3640 2152 κιϐωτὸν
3687 2097 4012 2167 τιμωμένην

2426 2199 2689 2272 ὁρῶντες·
2721 2197 2880 2252 τοῦτο
2917 2197 2974 2250 δὲ
3037 2195 3128 2248 καὶ
3163 2194 3247 2247 σοὶ
3282 2193 3368 2246 διὰ
3395 2191 3494 2264 τὴν
3541 2190 3680 2262 πρὸς
3722 2189 3893 2260 αὐτὴν
3926 2189 4010 2241 oi-

2426 2292 2683 2362 κειότητα
2717 2288 3200 2358 συναγαλλόμενοι.
3235 2285 3340 2338 Ἴδε
3370 2301 3453 2338 σοι
3481 2283 3576 2336 καὶ
3606 2283 3665 2335 τὸ
3691 2282 3862 2351 πέρας
3895 2279 4010 2333 τῶν

2423 2383 2831 2456 ὀμωμοσμένων
2880 2381 3260 2452 παρέστηκεν·
3335 2379 3399 2431 ὲκ
3456 2377 3675 2448 καρποῦ
3735 2375 3845 2444 γὰρ
3905 2375 4010 2443 τῆς

2424 2477 2633 2540 κοιλίας
2683 2475 2713 2527 ὁ
2762 2474 2973 2546 μέλλων
3022 2475 3104 2537 εἰς
3132 2473 3224 2526 τὸν
3263 2471 3436 2525 αἰῶνα
3481 2469 3729 2523 καθίσειν
3777 2467 3870 2520 ἐπὶ
3912 2465 4008 2519 τὸν

2424 2570 2613 2642 θρόνον
2665 2565 3095 2641 τῆςδβασιλείας,
3141 2566 3244 2638 ἤδη
3299 2563 3394 2618 τοῦ
3433 2561 3765 2636 παρθενικοῦ
3813 2559 4008 2631 θρόνου

2423 2665 2728 2719 ἀνίσταται.

2507 2756 2670 2824 Ἀλλ’,
2697 2748 2743 2810 ὦ
2770 2753 3015 2824 Παρθένε
3041 2753 3134 2806 καὶ
3163 2751 3388 2822 Μήτηρ,
3418 2752 3452 2822 ἡ
3483 2750 3552 2806 τὰ
3583 2749 3717 2802 πολὺ
3743 2746 4010 2802 διεστῶτα

2423 2848 2618 2912 ταῦτα,
2653 2846 2913 2918 ἡνωμένα
2959 2845 3052 2898 ἐπὶ
3099 2843 3184 2898 σοὶ
3229 2843 3481 2910 δείξασαο
3515 2844 3548 2912 ἡ
3606 2841 3736 2910 παρ’
3785 2837 4012 2899 ἐλπίδας

2427 2939 2526 3009 μὲν
2551 2939 2826 3008 τεχθεῖσα,
2856 2936 2996 3006 ὑπὲρ
3040 2934 3199 3002 λόγον
3230 2933 3286 2986 δὲ
3335 2930 3594 2996 τεκοῦσα,
3633 2929 3726 2982 τὸν
3756 2928 3883 2981 Υίὺν
3913 2925 4012 2980 καὶ

2424 3027 2556 3082 Θεὸν
2585 3025 2868 3096 ίλεουμένη
2905 3023 2981 3095 μὴ
3011 3021 3292 3095 διαλίπῃς,
3329 3020 3472 3090 ὑπὲρ
3503 3013 3569 3090 ἦς
3595 3018 3794 3072 ἔδωκεν
3821 3018 3851 3070 ὁ
3887 3015 4010 3068 Πα-

2423 3121 2529 3190 τὴρ
2558 3117 2706 3188 αὐτῷ
2725 3115 3095 3188 κληρονομίας
3111 3131 3125 3146 ο
3145 3109 3214 3187 ἦς
3242 3113 3336 3168 καὶ
3356 3112 3615 3184 ἡμῖντὴν
3637 3109 4012 3182 ποιμαντικὴν

2425 3209 2750 3264 ἐπιστασίαν
2787 3207 3124 3278 ἐπέτρεψεν·
3161 3203 3530 3274 φυλάττεσθαι
3581 3202 3680 3274 μὲν
3723 3201 4014 3272 κρείττους

2425 3301 2716 3370 ἐπιϐουλῆς
2749 3299 2856 3353 τῶν
2892 3298 3159 3369 ἁρπάγων
3191 3295 3418 3367 θηρίων,
3443 3295 3558 3348 ὅσοι
3590 3309 3649 3346 τε
3687 3291 3888 3361 ἀφανῆ,
3913 3289 4016 3344 καὶ

2423 3397 2538 3449 ὅσοι
2558 3394 2835 3463 ὁρώμενον
2866 3393 3096 3464 φέρουσι
3129 3389 3404 3444 κίνδυνον
3427 3388 3581 3456 ἄγειν
3609 3385 3666 3439 δὲ
3693 3385 3788 3438 καὶ
3820 3381 4016 3452 ἐκτρέ-

2425 3505 2546 3555 φειν
2573 3487 2666 3541 νῦν
2689 3486 2787 3556 μὲν
2803 3485 2896 3538 ἐπὶ
2914 3484 3012 3547 τὰς
3033 3483 3351 3552 ζωηφὸρους
3365 3481 3460 3548 τῆς
3479 3475 3760 3538 εὐσεϐείας
3799 3472 3968 3544 μονάς
3996 3489 4012 3504 ο

2423 3578 2646 3632 ἐπειδὰν
2671 3577 2717 3630 δ’
2755 3575 2968 3630 ἐκεῖθεν
3013 3571 3412 3645 μεταφοιτῆσαι
3442 3569 3571 3634 δέοι,
3604 3569 3683 3631 είς
3703 3567 3803 3629 τὰς
3833 3580 4016 3633 σωτη-

2426 3671 2574 3739 ρίους
2606 3667 2862 3730 ἐπαύλεις
2883 3663 3250 3719 διαναπαῦσαι
3273 3680 3287 3694 ν
3335 3661 3398 3716 οὗ
3442 3659 3606 3730 φόϐος
3633 3657 3830 3720 οὐδεὶς,
3885 3653 4017 3710 οὐδὲ

2421 3760 2687 3830 τάραχος,
2711 3757 2821 3811 οὐδ’
2859 3755 3151 3825 ἐπιϐουλῆς
3209 3755 3484 3826 μέριμνα·
3545 3752 3696 3804 πᾶσα
3736 3749 3780 3802 δ’
3825 3747 4017 3810 ἄνεσις

2424 3853 2517 3906 καὶ
2537 3849 2810 3920 ἀταραξία
2851 3848 2947 3902 καὶ
2977 3847 3331 3916 ἀγαλλίασις·
3359 3847 3443 3898 ὅτι
3465 3841 3631 3898 αὐτοῦ
3655 3843 3824 3912 ἐσμεν
3856 3839 4013 3907 λαὸς,

2424 3941 2518 3996 καὶ
2569 3940 2717 4010 αὐτῷ
2763 3941 2910 4010 μόνῳ
2941 3941 3040 4009 τὴν
3105 3937 3262 4002 δόξαν
3325 3935 3422 3990 καὶ
3485 3933 3582 4006 τὴν
3634 3930 4014 4004 προσκύνησιν

2423 4035 2692 4106 φέρομεν·
2751 4033 2847 4088 νῦν
2899 4034 2994 4086 καὶ
3049 4031 3130 4096 εἰς
3175 4031 3300 4092 τοὺς
3353 4028 3556 4091 αἰῶνας
3621 4027 3730 4080 τῶν
3767 4023 4011 4081 αἰώνων.

2439 4129 2633 4199 Ἀμήν.

3047 4350 3266 4406 ΛΟΓΟΣ
3305 4348 3382 4404 Β’.

2427 4472 2529 4535 Εἰς
2557 4467 2673 4536 τὴν
2697 4467 2766 4523 ἐκ
2810 4464 3509 4536 στειρωτικῶν-λαγόνωνς
3539 4457 4014 4536 προσαγομένης

2494 4529 2582 4602 etc
2613 4529 2685 4592 τὰ
2715 4539 2876 4606 Ἀτια
2893 4529 3071 4607 (ii-lar
3097 4529 3365 4605 γονὴν-,τ
3375 4533 3451 4602 ὴν
3477 4531 3872 4598 ὼιπὰροενωρ
3899 4529 4012 4584 τοῦ

2501 4609 2647 4664 Θεοῦ
2679 4607 2938 4677 Μητέρα.

1985 4745 2294 4814 (ϐοιιιιιῑςιε.
2330 4745 2367 4799 l.
2399 4759 2447 4800 c.
2475 4761 2529 4817 p.
2571 4743 2756 4814 1619)

805 4862 1067 4930 Quaenam
1114 4861 1217 4916 ista
1238 4874 1361 4932 quae
1406 4859 1652 4914 exoritur
1692 4859 1838 4914 velut
1869 4859 2043 4915 lilium
2079 4863 2122 4894 ¹⁶
2166 4862 2309 4918 inter

732 4959 941 5012 medias
973 4955 1226 5010 humana:
1263 4953 1609 5010 confusionis
1644 4956 1698 5010 in
1739 4955 2040 5010 vitiositate
2074 4954 2312 5042 spinas?

730 5051 864 5119 Quae
918 5066 1072 5106 nova:
1107 5050 1226 5106 ista:
1271 5065 1334 5103 ac
1373 5049 1604 5105 insolitae
1653 5049 1956 5120 primitizc?
1992 5046 2110 5101 Non
2163 5047 2306 5102 enim

729 5152 1030 5208 consuctm,
1075 5145 1170 5199 sed
1204 5159 1326 5214 quae
1369 5145 1644 5214 prmelarae
1705 5141 2020 5207 admodum,
2068 5153 2309 5196 summe-

727 5253 834 5306 que
867 5252 1016 5290 nova:
1039 5236 1349 5300 vidcantur,
1381 5246 1544 5306 atque
1567 5235 1619 5290 in
1653 5249 1852 5289 novum
1885 5233 2120 5288 maxime
2145 5230 2304 5286 ﬁtlt’m

727 5331 930 5401 templo
957 5337 1368 5384 conscercntur.
1414 5327 1675 5395 Quaenam
1717 5329 1820 5383 ista
1861 5326 1913 5381 in
1967 5326 2128 5396 licgis
2160 5327 2308 5396 pala-

727 5420 864 5473 tium
900 5435 1022 5474 cum
1058 5419 1229 5491 gloria
1264 5419 1516 5475 intrans?
1553 5419 1810 5486 Quaenam
1841 5415 2306 5487 verajuvencula—

729 5532 849 5571 rum
872 5518 1092 5582 chorea,
1120 5533 1355 5586 quarum
1383 5517 1608 5572 honeste
1637 5516 1930 5570 admodum
1953 5515 2309 5568 circumstre-

729 5615 890 5682 pente
919 5609 1109 5675 choro,
1146 5617 1406 5681 tanquam
1455 5610 1654 5664 decoro
1705 5608 1908 5662 amictu
1943 5621 2162 5679 sponsa,
2191 5606 2311 5659 laeta

802 5807 844 5838 ¹⁰
870 5804 1014 5864 Psal.
1043 5825 1225 5870 eam.
1259 5808 1312 5862 8.

726 5891 789 5952 it,
815 5879 870 5932 8.
945 5879 993 5913 ¹⁶
1017 5877 1154 5934 Cant
1212 5895 1274 5948 It,
1301 5879 1354 5934 ιζ.

1393 5811 1430 5842 ¹¹
1459 5809 1601 5868 l'sal.
1631 5826 1776 5876 utr,
1800 5812 1879 5867 li.

1963 5813 2002 5844 ”
2036 5808 2180 5866 l’sal.
2209 5819 2412 5875 υκαι-ιι,
2433 5803 2515 5860 17.

2488 4863 2583 4926 Τίς
2614 4859 2754 4932 αὕτη
2801 4861 2833 4931 ἡ
2873 4856 3240 4912 ἀνατέλλουσα
3288 4853 3363 4916 ὡς
3410 4849 3593 4924 κρίνον
3624 4851 3678 4904 έν
3713 4851 3862 4922 μέσῳ
3889 4849 4004 4903 τῶν

2417 4953 2675 5020 ἀκανθῶν,
2696 4953 2794 5020 τῆς
2821 4949 3168 5020 ἀνθρωπίνης
3212 4948 3270 4998 ὲν
3299 4943 3468 5014 κακίᾳ
3512 4941 3856 5012 συγχύσεως;
3903 4941 4006 5006 Τίς

2415 5045 2554 5116 αὕτη
2599 5045 2631 5114 ἡ
2681 5041 2959 5107 ξενίζουσα
2990 5037 3248 5110 ἀπαρχή;
3301 5034 3374 5087 Οὐ
3414 5033 3521 5103 γὰρ
3567 5031 3825 5102 συνήθης,
3863 5031 4002 5086 ἀλλὰ

2414 5137 2714 5192 καλλίστων
2754 5135 2961 5188 ἐοικυῖα
2999 5131 3092 5184 καὶ
3134 5128 3486 5190 καινοτάτων,
3527 5125 3620 5178 ἐπὶ
3662 5123 4008 5187 καινοτάταις

2409 5227 2485 5299 τῷ
2519 5226 2648 5298 ἱερῷ
2693 5225 3032 5296 ἀφορίζεται.
3073 5221 3168 5284 Τίς
3200 5223 3232 5292 ἡ
3273 5221 3411 5290 μετᾶ
3437 5217 3597 5286 δόξης
3633 5217 3769 5286 πρὸς
3811 5215 3871 5267 τὸ
3903 5213 4002 5268 τοῦ

2416 5322 2688 5383 Βασιλέως
2744 5319 3044 5388 ἀνάκτορον
3097 5313 3512 5378 είσελαύνουσα;
3570 5309 3666 5372 Τίς
3716 5309 3763 5361 δ’
3807 5308 3841 5380 ἡ
3893 5307 4004 5358 τῶν

2418 5417 2669 5471 νεανίδων
2692 5413 2900 5485 χορεία,
2926 5406 3012 5474 αἶς
3045 5407 3188 5478 μάλα
3217 5405 3425 5475 σεμνῶς
3452 5421 3516 5456 πε
3528 5401 3876 5474 ριηχουμένη,
3910 5391 4004 5454 οἷα

2418 5511 2604 5581 νύμφη
2639 5504 2932 5575 εὐπρεπῶς
2967 5499 3320 5570 ἐστολισμένη
3349 5497 3487 5566 πρὸς
3521 5496 3612 5548 τὸν
3642 5493 3904 5564 νυμφῶνα
3940 5493 4003 5547 ἐν

2419 5601 2736 5673 φαιδρότητι
2772 5592 3161 5666 παραγίνεται;
3200 5589 3293 5654 Τίς
3324 5585 3460 5657 αὕτη
3485 5581 3554 5659 ἧς
3585 5587 3642 5638 ἐν
3669 5581 4003 5638 ταπεινώσει

2598 5800 2702 5856 1³11
2744 5801 2873 5871 Reg.
2903 5813 2978 5864 vi,
3009 5796 3090 5852 l6.
3173 5795 3215 5830 "'
3239 5791 3382 5850 Psal.
3414 5805 3599 5856 cxxxt,
3624 5789 3640 5844 ι
3661 5795 3702 5844 t.
