4224 6444
182 382 248 444 13
945 389 1228 450 ORATIO
1266 391 1348 454 Ιῐ.
1387 416 1457 427 -
1495 389 1581 452 ΙΝ
1620 390 1684 450 Β.
1724 389 1762 449 Μ

1868 391 1988 451 {LE
2028 391 2121 451 PR
2135 392 2621 457 .‘ESENTATION
2632 395 2729 456 ΕΜ
2743 441 2755 456 .
3397 393 3461 459 14

175 517 208 552 τ
253 518 275 557 ;
307 499 591 565 ἡμετερας
618 498 876 567 ἐσχατιᾶς
906 497 1205 568 ὼσφράνθη
1232 499 1294 552 τὸ
1324 497 1541 569 ίμὰτιον
1562 499 1660 568 τῆς
1686 498 1762 550 εύ-

1880 500 1933 550 in
1971 501 2271 554 thalamum
2315 503 2502 557 venit?
2549 501 2809 567 Qmenatn
2845 502 2967 569 ista,
3007 504 3167 574 cujus
3195 505 3246 559 in
3279 506 3461 562 humi-

171 590 341 652 ωδίας
378 588 489 641 τῶν
520 590 735 658 ἀρετῶν
762 590 861 657 τῆς
895 588 1111 657 στολῆς,
1141 590 1169 640 ὁ
1199 589 1412 659 ἀπείρῳ
1443 587 1566 657 ὕψει
1598 589 1771 657 ὑπερ-

172 678 576 749 αναϐεόηκὼςς
634 678 732 743 Τίς
778 678 919 749 αὕτη
965 680 999 749 ἡ
1045 677 1261 749 ἀληθῶς
1286 679 1395 733 τῶν
1425 678 1774 745 τιμιωτάτων

172 774 441 841 ἀπαρχὴ
489 773 650 842 Ἄρτι
698 771 811 842 γὰρ
859 772 891 841 ή
941 771 1030 825 διὰ
1078 772 1324 844 κατάραν
1377 774 1770 844 ἀκανοοφὸροςι

172 865 312 932 πρὸς
371 868 433 917 τὸ
489 864 722 936 εὖφορον
776 863 1177 936 μεταϐαλοῦσα,
1228 867 1323 920 καὶ
1372 867 1585 938 καρπὸν
1618 869 1773 937 ἐνεγ-

169 958 370 1022 κοῦσα,
398 960 463 1012 οὐ
491 958 634 1012 κατὰ
661 957 763 1029 τὴν
788 958 995 1029 συνήθη
1025 958 1274 1029 πικρίαν,
1303 958 1439 1014 ἀλλὰ
1457 960 1770 1031 γλυκασμδν

171 1050 434 1118 εὐλογίας
471 1050 827 1119 ἐμφαίνοντα,
862 1051 939 1114 ὡς
986 1049 1206 1121 ἔντιμον
1248 1052 1506 1122 ἀπαρχὴν
1549 1054 1771 1123 εὐχαρι-

171 1143 383 1195 στοῦσα
413 1142 492 1213 τῷ
523 1142 832 1215 καρποδότῃ
879 1145 1059 1211 φέρει.
1104 1142 1254 1215 Αὕτη
1304 1144 1519 1215 άληθῶς
1548 1147 1581 1215 ἡ
1630 1162 1771 1215 νυμ-

168 1235 344 1305 φικὴν
373 1235 833 1290 καταπλουτοῦσα
866 1236 1203 1305 εὐπρέπειαν
1234 1238 1329 1289 καὶ
1359 1236 1495 1305 πρὸς
1528 1236 1769 1307 Νύμφην

165 1328 264 1382 τοῦ
293 1329 638 1397 Μονογενοῦς
666 1329 1042 1399 ἐξειλεγμένη.
1076 1329 1176 1383 Διὰ
1204 1330 1363 1383 τοῦτο
1388 1330 1482 1383 καὶ
1517 1328 1652 1399 πρὸς
1678 1329 1769 1384 τὸν

168 1423 321 1475 θεῖον
351 1423 624 1492 νυμφῶνα
665 1421 808 1492 μετὰ
841 1422 1131 1492 Θειότητος
1170 1423 1425 1493 ἐνδημεῖ·
1473 1423 1508 1492 ἡ
1538 1422 1595 1475 δὲ
1630 1424 1768 1495 καλὴ

165 1512 281 1565 τῶν
328 1514 589 1566 νεανίδων
631 1514 821 1584 χορεία
844 1529 856 1543 ·
910 1513 1071 1567 τοῦτο
1107 1514 1227 1584 μὲν,
1267 1514 1650 1583 προπομπεύει
1685 1534 1768 1569 τι-

168 1605 368 1674 μῶσαο
436 1603 597 1658 τοῦτο
647 1605 706 1658 δὲ
750 1601 840 1658 οἷα
888 1603 1147 1677 παρθένοι
1197 1607 1264 1678 τῇ
1321 1605 1583 1678 Παρθένῳ
1638 1624 1766 1662 συν-

166 1702 197 1767 ή
206 1697 391 1751 Ξονται
402 1735 418 1751 .

1878 588 2031 643 litate
2080 591 2279 645 intima:
2324 601 2528 646 nostra:
2566 592 2917 661 ahjectiouis,
2950 608 3119 649 suave
3162 596 3460 665 fragrantis

1876 681 2141 734 virtutum
2198 682 2355 736 stola:
2422 682 2806 736 indumcnttuu
2862 682 3123 739 odoratus
3191 692 3311 751 est,
3371 687 3465 754 qui

1878 772 2145 828 immensa
2195 774 2450 828 cclsitatc
2481 774 2755 829 universis
2785 774 3043 829 eminet?
3084 775 3344 841 Quzenain
3384 777 3466 829 ha:

1874 877 2003 917 vere
2035 864 2561 934 pretiosissimrrum
2597 880 2779 919 rerum
2821 865 3077 935 primiticc
3104 866 3128 919 ?
3154 863 3274 919 Jain
3313 867 3461 922 enim

1872 972 1994 1028 qua:
2025 966 2250 1029 propter
2278 958 2431 1015 diras
2464 958 2747 1029 spinarum
2785 960 2937 1014 ferax
2969 966 3109 1024 erat,
3145 960 3199 1015 in
3246 959 3461 1030 frugum

1875 1047 2112 1104 feracem
2156 1061 2442 1114 conversa,
2494 1048 2734 1104 fructum
2780 1051 3019 1116 editum,
3076 1065 3183 1105 non
3221 1050 3314 1121 qui
3365 1064 3465 1120 pro

1872 1156 2025 1196 more
2066 1141 2327 1196 acerbum
2360 1142 2589 1213 aliquid,
2630 1143 2725 1197 sed
2756 1144 2852 1212 qui
2884 1143 3289 1200 benedictionis
3326 1143 3455 1199 dul-

1870 1246 2052 1287 corem
2088 1234 2368 1298 exhibeat,
2411 1244 2470 1288 ut
2514 1234 2750 1304 pretiosa
2802 1234 3166 1305 priniitiaruin
3211 1250 3463 1301 munera,

1871 1325 2176 1392 gratiarum
2246 1326 2485 1381 actionis
2544 1334 2941 1391 monumento,
2997 1325 3215 1397 frugum
3280 1328 3459 1383 datori

1871 1424 2185 1484 praesentat.
2223 1415 2349 1472 ﬂare
2384 1434 2513 1472 vere
2546 1417 2758 1487 Sponsa
2801 1419 3004 1476 decore
3030 1421 3181 1476 uberi
3210 1422 3461 1493 prmdita,

1871 1509 2038 1577 inque
2070 1506 2350 1578 Unigeuiti
2407 1509 2677 1580 Sponsam
2712 1511 2908 1567 electa.
2956 1512 3170 1567 Idcirco
3200 1512 3364 1567 etiam
3405 1513 3458 1568 in

1868 1597 2056 1652 divino
2115 1598 2353 1653 thalamo
2405 1616 2529 1654 cum
2587 1598 2797 1655 Deitate
2835 1612 3081 1655 moratur
3126 1618 3140 1654 :
3200 1602 3460 1671 praeclara

1869 1697 2052 1744 autem
2083 1690 2505 1759 juvencularum
2542 1692 2769 1756 chorea,
2803 1706 2909 1761 qua
2949 1706 3147 1761 pompa
3176 1692 3456 1748 deducens

1868 1780 2131 1849 honorat;
2157 1799 2261 1853 qua
2289 1792 2549 1855 tanquam
2574 1783 2835 1853 virgines,
2854 1783 3060 1854 Virgini
3087 1785 3455 1853 congaudent.

238 1878 308 1931 Τί
336 1879 398 1932 δὲ
432 1880 631 1951 ἡμεῖς
662 1874 790 1952 *Δρ*
816 1874 911 1936 οὖν
941 1881 1133 1953 μόναις
1168 1881 1489 1953 παρήσομεν
1509 1882 1632 1943 ταῖς
1661 1897 1762 1936 κα-

1951 1873 2091 1943 Quid
2127 1893 2230 1933 nos
2283 1892 2411 1932 vero
2441 1877 2464 1931 ?
2507 1876 2739 1932 Solasne
2773 1891 2903 1947 ergo
2935 1875 3228 1946 praaclaras
3264 1875 3462 1946 juven-

161 1972 287 2033 λιίς
324 1970 537 2026 νεάνισι
584 1972 685 2040 τῆς
725 1971 871 2027 οὕτω
916 1974 1068 2037 θείας
1121 1974 1480 2044 κατατρυφᾷν
1530 1973 1763 2043 ὴδονῆςς

161 2062 289 2115 ουδὲ
324 2063 449 2127 ἐξὸν
473 2064 605 2134 ἡμῖν
637 2067 1047 2135 συμμετασχεῖν
1079 2064 1181 2134 τῆς
1206 2063 1446 2136 χορείας,
1475 2063 1595 2118 οὐδὲ
1629 2065 1766 2118 dm-

161 2155 359 2208 λαύειν
411 2154 514 2223 τῆς
563 2153 945 2226 εὐφροσύνηςς
1016 2154 1085 2209 Ἦ
1133 2152 1618 2224 συνεπιληψόμεθα
1671 2153 1766 2206 καὶ

168 2245 642 2316 συνδιαπλὲξομεν
665 2246 763 2317 τὴν
784 2245 1085 2316 εὐφημίαν,
1120 2245 1216 2298 καὶ
1239 2245 1339 2315 τῆς
1361 2246 1516 2314 ἱερᾶς
1542 2243 1766 2313 πορείας

163 2339 711 2409 συμμετασχήσομεν
748 2376 765 2403 ,
827 2339 1045 2406 ἐκείνην
1103 2354 1163 2391 τι
1214 2331 1295 2400 οἷς
1340 2335 1765 2408 λειτουργοῦμεν

159 2430 460 2498 τιμῶντες,
486 2432 579 2483 καὶ
603 2431 734 2499 ἡμῖν
754 2429 939 2492 αὐτοῖς
960 2428 1313 2500 χαριούμενοι
1336 2445 1350 2493 ;
1384 2429 1635 2484 Μάλιστα
1663 2429 1763 2500 μὲν

158 2524 271 2591 γὰρ
303 2522 455 2575 ὅσιον
485 2524 552 2591 τῇ
588 2520 851 2592 Παρθένῳ
878 2519 949 2573 τὰ
977 2523 1058 2584 είς
1091 2520 1258 2592 τιμὴν
1301 2520 1605 2575 συντελεῖν
1642 2525 1692 2575 εί
1716 2521 1761 2575 δ’

160 2619 268 2684 ἀρα
295 2632 350 2666 τι
373 2616 469 2668 καὶ
488 2617 622 2685 ἡμῖν
655 2616 914 2683 μετέσται
940 2613 1100 2684 δόξης
1133 2608 1217 2678 οἷς
1245 2614 1431 2683 ἐκείνη
1454 2613 1760 2681 δοξάζεται,

161 2708 443 2761 καὶτοῦτο
464 2708 521 2761 δὲ
548 2706 885 2770 σκοποῦντας
907 2724 921 2738 ·
962 2705 1388 2779 συναπαρτίζειν
1410 2708 1510 2776 τὴν
1536 2708 1760 2779 χορείαν

159 2800 256 2850 καὶ
304 2798 401 2851 τὸν
451 2796 691 2861 ἔπαινον,
743 2796 985 2865 εὔλογον.
1038 2796 1264 2860 Πάντως
1297 2797 1353 2850 δὲ
1385 2798 1485 2852 οὐκ
1524 2798 1760 2872 ἀκερδὴς

158 2894 299 2958 ἡμῖν
328 2889 485 2943 ἔσται
528 2890 561 2959 ἠ
596 2889 972 2961 ἐπιχείρησις·
1016 2887 1133 2943 ἀλλ’
1159 2884 1243 2948 οἷς
1273 2888 1449 2961 ταύτῃ
1480 2889 1639 2960 δόξης
1674 2891 1762 2943 εύ-

161 2987 423 3054 πορήσει,
460 2984 556 3037 καὶ
585 2984 722 3055 πρὸς
748 2984 899 3053 ἡμᾶς
929 2984 1001 3036 τὰ
1044 2981 1256 3036 ἐκεῖθεν
1303 2982 1478 3053 σεμνὰ
1505 2982 1756 3054 διακομι-

161 3075 450 3144 σθήσεται.
500 3070 597 3137 Οἷς
642 3073 785 3142 αὕτη
809 3073 884 3137 ὡς
918 3072 1216 3142 πολύτιμον
1241 3072 1417 3141 δῶρον
1449 3071 1754 3140 ἐκλέγεται,

1869 1970 2028 2024 culas
2065 1965 2255 2022 divina
2288 1967 2427 2022 adeo
2456 1965 2708 2021 deliciari
2739 1965 3021 2037 voluptate
3054 1967 3351 2025 sinemus?
3393 1982 3459 2025 ac

1868 2074 1994 2115 cum
2034 2060 2192 2114 liceat
2234 2059 2449 2113 choreae
2482 2057 2783 2129 participes
2819 2074 2966 2126 esse,
3018 2074 3088 2114 ne
3134 2060 3457 2116 curabimus

1867 2149 2089 2220 quidem
2135 2148 2321 2203 laetitia
2355 2147 2562 2216 perfrui
2589 2148 2713 2203 ?An
2742 2148 3055 2216 conjunctis
3098 2151 3296 2207 studiis
3336 2152 3458 2207 lau-

1867 2239 2144 2293 dationem
2209 2239 2414 2308 pariter
2470 2248 2850 2304 contexemus,
2919 2254 2984 2295 ac
3032 2242 3177 2296 sacri
3245 2242 3459 2299 itineris

1867 2332 2198 2388 accedemus
2243 2332 2404 2397 socii,
2476 2339 2588 2385 tum
2644 2331 2790 2387 illam
2830 2332 3033 2403 quibus
3078 2333 3457 2402 obscquiniur,

1869 2425 2204 2479 honorantes
2252 2464 2268 2491 ,
2310 2431 2427 2478 tum
2488 2423 2590 2494 ipsi
2638 2425 2801 2480 nobis
2854 2425 3199 2495 indulgentes
3241 2427 3264 2479 ’ί
3311 2427 3459 2481 Sane

1866 2517 2084 2589 quidem
2108 2532 2373 2589 perquam
2420 2518 2632 2587 justum
2670 2528 3052 2588 sanctumque,
3087 2526 3146 2571 ut
3176 2533 3297 2588 quae
3326 2527 3460 2573 sunt

1866 2611 1934 2663 ad
1982 2610 2269 2673 honorem,
2323 2608 2534 2679 Virgini
2586 2610 2966 2678 pet-solvamus
2998 2627 3009 2661 :
3046 2610 3179 2679 quin
3225 2614 3272 2664 si
3321 2610 3456 2680 qttid

1865 2703 2031 2755 etiam
2078 2700 2256 2764 nobis,
2290 2701 2494 2769 quibus
2535 2701 2625 2754 illa
2663 2700 2939 2763 laudatur,
2978 2702 3164 2771 gloriae
3208 2702 3455 2763 accedat.

1868 2792 1919 2846 id
1969 2806 2189 2862 quoque
2232 2799 2550 2862 spectantes
2612 2793 2815 2861 pariter
2841 2795 3097 2848 choream
3138 2793 3360 2865 explere
3393 2807 3458 2848 ac

1865 2887 2105 2952 laudem,
2149 2884 2204 2940 id
2246 2901 2380 2941 vero
2414 2882 3089 2943 rationi‘consentaneum
3136 2898 3244 2945 est.
3302 2887 3454 2944 Haud

1866 2981 2027 3049 plane
2073 2986 2311 3035 conatus
2339 2979 2499 3034 cedet
2546 2978 2754 3034 inutilis
2784 2995 2799 3032 :
2859 2980 2988 3044 imo,
3024 2994 3132 3048 qua
3167 2979 3456 3034 commode

1863 3085 1983 3124 eam
2012 3069 2282 3133 laudabit,
2316 3069 2383 3123 ad
2418 3083 2518 3123 nos
2550 3068 2680 3123 inde
2726 3069 2948 3138 prannia
2980 3069 3202 3124 referet.
3241 3068 3454 3134 Quibus

159 3168 263 3235 τῆς
291 3166 380 3220 ἐπ’
412 3167 550 3236 αὐτῇ
577 3164 955 3235 κερδανοῦμεν
982 3163 1314 3234 φιλοτιμίας.
1342 3161 1506 3216 Ἀλλά
1528 3162 1633 3216 ποῦ
1665 3181 1755 3234 μοι

1870 3163 1961 3217 illa
1989 3171 2047 3217 ut
2075 3164 2299 3217 maximi
2342 3162 2504 3232 pretii
2556 3161 2760 3215 donum
2802 3161 3054 3231 eligitur,
3090 3160 3363 3215 ambitiosi
3398 3162 3453 3214 in

158 3254 239 3314 ὧν
271 3259 335 3312 τὸ
368 3257 667 3329 πολύτιμον
716 3257 918 3329 εὑρέθη
967 3256 1181 3328 δῶρον;
1237 3254 1349 3309 ΙΙοῢ
1379 3255 1459 3322 δὲ,
1492 3250 1566 3310 ὧν
1599 3260 1632 3329 ἡ
1666 3275 1762 3328 με⁴

158 3350 304 3421 γὰλη
326 3350 467 3420 αὕτη
497 3349 762 3420 εύκληρία
789 3364 810 3412 ;
834 3347 1028 3412 Καλῶς
1056 3347 1165 3419 γὰρ
1194 3347 1310 3417 ἔχει
1338 3347 1587 3418 πρώτους
1622 3350 1767 3403 ἑκεί-

159 3461 275 3507 νοις
328 3442 745 3512 περιτυχῧντας,
783 3440 927 3495 οὕτω
972 3442 1040 3511 τῇ
1104 3440 1334 3511 θυγατρὶ
1380 3442 1767 3511 συνευφραίνε-

163 3536 315 3590 σθαι.
374 3535 530 3605 Ἀμα
579 3535 635 3586 δὲ
670 3536 766 3587 καὶ
801 3533 933 3603 παρ’
961 3530 1145 3587 αὐτῶν
1172 3531 1319 3596 εἰκὸς
1358 3532 1623 3602 ἐκμαθεῖν
1663 3532 1761 3602 τῆς

163 3627 452 3699 χαρμονῆς
482 3625 581 3698 τὴν
609 3626 888 3681 ὑπόθεσιν.

231 3806 377 3875 Φέρε
405 3804 492 3875 δὴ.
524 3805 572 3858 οί
600 3805 700 3874 τὴν
732 3803 902 3876 καλὴν
930 3803 1095 3858 ὠδῖνα
1131 3806 1337 3877 ταύτην
1366 3807 1678 3877 λυσάμενοι,
1711 3812 1765 3864 οἴ

162 3900 310 3961 τινες
335 3896 469 3950 τωτέ
497 3896 644 3960 ἔστε,
672 3895 966 3959 κοινωνοὺς
996 3896 1143 3966 ἡμᾶς
1170 3896 1269 3965 τῆς
1299 3897 1639 3970 εὐφροσύνης
1668 3902 1760 3954 καὶ

162 3991 265 4060 τῆς
293 3991 388 4041 ἐπὶ
413 3988 494 4058 τῷ
516 3987 792 4059 θυγατρίῳ
816 3987 1178 4059 χοροστασίας
1207 3987 1411 4056 ἄγοιτε.
1437 3989 1503 4041 Τί
1523 3990 1615 4055 δέ,
1638 3992 1761 4046 Τῶν

163 4078 377 4131 ὠδίνων
402 4076 894 4147 εύχαριστήσοντες
922 4076 1118 4130 ἄπιτε,⁹
1148 4077 1324 4131 ταῦτα
1348 4077 1413 4149 δὴ
1432 4079 1501 4134 τὰ
1530 4082 1757 4153 συνήθη,

164 4171 263 4224 καὶ
290 4169 391 4240 τὴν
421 4168 700 4240 θυγατέρα
728 4171 849 4232 ταῖς
885 4169 1061 4241 ίερατς
1088 4169 1331 4234 τελεταῖς
1362 4167 1449 4225 οἷα
1477 4172 1543 4243 δὴ
1579 4191 1758 4246 σφρα-

164 4264 313 4328 γῖσιν
371 4258 902 4329 ὲπισημαινούμενοι
933 4273 947 4288 ⁸
1004 4256 1072 4331 ἧς
1126 4261 1228 4331 τὴν
1285 4262 1523 4331 βλάστην
1573 4266 1761 4337 εὐχαῖς

161 4353 555 4422 ὲγεωργήσατε
583 4393 598 4416 ,
632 4351 837 4422 ταύτης
891 4352 989 4423 τὴν
1043 4352 1272 4423 αὔξησιν
1327 4356 1424 4411 καὶ
1482 4357 1761 4413 τελείωσιν

1869 3269 1990 3308 eam
2043 3253 2227 3308 cultus
2274 3253 2453 3307 nostri
2490 3253 2642 3306 lucra
2689 3266 3111 3321 consequemur.
3163 3250 3454 3306 Enimvero

1869 3346 2091 3400 ubinam
2128 3358 2362 3414 quorum
2395 3343 2601 3398 donum
2644 3342 2748 3396 hoc
2777 3342 3238 3413 pretiosissimum
3271 3342 3454 3397 inven-

1865 3443 1981 3488 tum
2012 3443 2097 3488 est
2124 3433 2147 3487 ?
2179 3431 2415 3487 Ubinam
2449 3448 2577 3488 vero
2604 3447 2840 3502 quorum
2874 3447 3071 3503 magna
3112 3431 3229 3488 lucc
3268 3433 3452 3489 excel-

1866 3527 2080 3583 lentia?
2108 3527 2377 3583 Praeclare
2410 3542 2651 3600 namque
2681 3526 2959 3589 habuerit,
2993 3534 3052 3581 ut
3090 3526 3325 3596 primum
3356 3542 3451 3581 eos

1863 3619 2115 3684 allocuti,
2144 3621 2226 3675 sic
2252 3620 2377 3675 tiliae
2407 3620 2766 3693 collactemur.
2801 3621 2943 3687 Quin
2973 3629 3027 3676 et
3051 3620 3120 3675 ab
3154 3620 3236 3677 eis
3266 3635 3447 3692 opera:

1863 3715 2100 3784 pretium
2134 3712 2316 3783 gaudii
2345 3728 2571 3770 causam
2605 3713 2915 3769 ediscamus

1931 3808 2091 3877 Agite
2111 3821 2263 3877 ergo,
2303 3807 2625 3877 quicunque
2653 3803 2873 3861 tandem
2909 3804 3141 3875 hujusce
3171 3805 3448 3875 praclara-

1861 3901 2029 3973 prolis
2053 3909 2308 3971 parentes
2328 3898 2605 3969 estis,ejus
2629 3913 2729 3953 nos
2758 3897 2954 3953 Iaztitia:
2973 3914 3037 3954 ac
3060 3897 3295 3961 choreae,
3325 3912 3446 3967 qua:

1862 3994 1917 4050 in
1970 3994 2079 4049 filia
2137 3992 2340 4064 agitur,
2372 3992 2555 4046 socios
2602 3991 2882 4045 adhibere.
2912 3989 3055 4056 Quid
3103 4003 3231 4044 vero
3270 3991 3292 4041 Υ
3341 3987 3446 4042 Pro

1863 4087 2007 4143 felici
2062 4097 2221 4157 partu
2255 4084 2466 4155 gratias
2490 4082 2727 4138 habituri
2753 4082 2978 4152 pergitis
3002 4099 3016 4148 ;
3039 4095 3159 4151 quae
3181 4081 3441 4134 nimirum

1861 4195 1981 4236 mos
2042 4180 2208 4235 habet
2266 4174 2569 4245 prastituri
2616 4213 2632 4238 ,
2694 4175 2981 4245 sacrisque
3037 4173 3442 4230 initiationibus

1861 4281 2122 4343 tanquam
2166 4269 2470 4340 signaculis
2508 4267 2675 4322 tiliam
2726 4267 3116 4338 obsignaturi;
3169 4274 3229 4321 ut
3281 4267 3442 4337 cujus

1861 4379 2081 4435 germen
2118 4363 2375 4434 precibus
2413 4359 2759 4423 excoluistis,
2790 4374 2910 4414 eam
2945 4361 3199 4430 precibus
3230 4375 3438 4431 angen»

161 4444 405 4505 ἐκείναις
464 4443 989 4508 καταπιστεύοντες·
1035 4443 1167 4515 hac
1202 4438 1278 4499 ὧν
1331 4447 1483 4501 αὐτοὶ
1512 4448 1573 4503 τὸ
1624 4447 1762 4507 εἶναι

1869 4456 1992 4511 dam
2024 4470 2087 4510 ac
2114 4452 2603 4511 consummandam
2624 4449 2865 4507 credatis
2895 4469 2909 4506 :
2944 4461 3035 4505 aut
3068 4453 3265 4520 quibus
3288 4466 3439 4506 eont-

162 4535 403 4604 πατέρες
424 4534 747 4605 ἐκτήσασἹε,
781 4534 871 4588 τὸν
892 4535 1160 4589 δεδωκότα
1195 4537 1271 4601 ὡς
1302 4537 1522 4593 δυνατὸν
1560 4543 1763 4614 ἀμυνό-

164 4644 343 4697 μενοι,
390 4624 471 4695 τῷ
500 4626 711 4679 ἐκείνου
742 4626 879 4698 οἴκῳ
920 4626 1030 4681 τῶν
1072 4631 1205 4696 παρ’
1258 4630 1387 4700 ὑμῖν
1435 4632 1637 4703 τιμίων
1681 4638 1761 4700 εἰς

162 4721 403 4791 κτῆσινιι
434 4719 775 4790 προσάγετν
816 4721 849 4790 ἢ
883 4722 1277 4793 μεγαλοψύχως
1306 4725 1398 4779 τὸν
1436 4727 1631 4800 εὐγενῆ
1661 4733 1751 4786 τό-

161 4831 260 4867 κον
286 4812 603 4881 ἁφιεροῦτε.
634 4811 754 4864 ὅλον
774 4812 927 4882 ὑμῶν
957 4813 1035 4885 τῷ
1066 4816 1377 4888 καρποδότῃ
1406 4818 1755 4891 χαριζόμενοι

165 4905 224 4959 rb
250 4903 542 4974 γεώργιον.
598 4903 768 4958 Τοῦτο
795 4903 853 4957 δὲ
896 4904 1004 4976 ἄρα
1048 4906 1231 4962 δίδωσι
1261 4914 1543 4965 κατανοεῖν
1576 4916 1608 4982 ἡ
1643 4914 1751 4969 τῶν

163 4996 450 5050 παθόντων
489 4997 826 5068 προαίρεσις.
861 4998 1044 5053 Ἔοικε
1087 4998 1145 5052 δὲ
1182 4996 1275 5053 οὖν
1316 5003 1526 5072 μεγάλα
1563 5006 1685 5059 τινὰ
1715 5009 1748 5077 ἡ

164 5086 486 5158 προσέκεις
529 5089 1047 5159 πραγματεύεσθαι*
1088 5091 1179 5144 καὶ
1215 5091 1315 5163 τὴν
1353 5096 1749 5168 περιεσομένην

165 5182 230 5231 ἐκ
276 5178 482 5249 ταύτης
541 5181 874 5253 φαιδρότητα
935 5182 1005 5237 τὰ
1073 5182 1167 5237 νῦν
1228 5185 1422 5254 μηνύει
1468 5187 1748 5258 γινόμενα.

177 5271 340 5325 Ἀλλὰ
368 5272 477 5343 γὰρ
508 5271 767 5344 Ίωακεὶμ
796 5276 890 5328 καὶ
920 5275 1107 5339 Ἀννα,
1153 5275 1255 5329 ποῦ
1299 5276 1398 5349 τὴν
1429 5277 1752 5349 θαυμαστὴν

166 5364 465 5432 εὐκληρίαν
514 5364 677 5434 μέχρι
724 5366 817 5420 τοῦ
871 5366 966 5419 νῦν
1006 5367 1448 5439 κατεκρύπτετε;
1488 5370 1607 5425 Ποῦ
1651 5372 1750 5441 τὴν

168 5453 317 5508 θείαν
371 5454 534 5508 ὠδῖνα
588 5455 902 5527 ἐπισχόντες
946 5457 1295 5526 ἐλανοάνετε;
1352 5461 1474 5526 Πῶς
1507 5461 1553 5516 δ’
1579 5462 1751 5526 οὕτως

166 5546 510 5619 σκυθρωπῶν
546 5550 612 5602 ἐκ
668 5549 879 5605 κόλπων
923 5552 955 5623 ἡ
996 5552 1272 5623 ἀμύθητος
1322 5553 1625 5626 φαιδρότης
1664 5554 1750 5621 ἐξ·

1862 4545 2100 4617 parastis
2124 4553 2183 4599 ut
2206 4552 2461 4615 parentes
2489 4543 2707 4607 essetis,
2733 4542 2802 4598 iis
2829 4558 2926 4613 pro
2953 4543 3095 4597 virili
3115 4542 3437 4597 beneficium

1859 4639 2060 4703 datori,
2085 4646 2405 4708 pensantes,
2434 4638 2555 4706 ejus
2586 4636 2767 4691 deinui
2802 4635 3036 4706 pretiosa
3074 4645 3276 4697 vestra.
3308 4637 3436 4702 qui-

1858 4732 1959 4787 bus
1999 4731 2318 4786 exsolvatur
2373 4729 2642 4790 debitum,
2700 4728 2955 4784 offertis:
3018 4729 3100 4782 vel
3148 4728 3438 4798 magnitico

1854 4828 2079 4889 pectore
2118 4820 2411 4890 ingenuam
2442 4819 2776 4873 consecratis
2822 4819 3052 4889 prolem,
3090 4827 3258 4871 totum
3289 4818 3436 4886 quod

1859 4920 2042 4967 vestro
2065 4924 2198 4980 agro
2238 4909 2516 4965 sucerevit
2558 4909 2798 4980 frugum,
2840 4912 3055 4980 frugum
3089 4910 3266 4965 datori
3300 4925 3439 4980 pra:-

1861 5004 2069 5059 bcntes.
2118 4999 2231 5056 lloc
2260 5002 2547 5057 enimvero
2591 5002 3000 5072 intelligendum
3050 5004 3310 5073 suggerit,
3345 5018 3437 5059 co-

1860 5113 1979 5153 rum
2001 5096 2256 5151 voluntas
2281 5096 2372 5165 qui
2403 5094 2482 5149 sic
2506 5094 2689 5150 allecti
2723 5094 2965 5150 fuerunt.
2997 5094 3167 5150 Porro
3206 5096 3322 5150 visa
3353 5105 3437 5152 est

1858 5205 2054 5260 magna
2103 5189 2353 5259 quaedam
2414 5187 2680 5257 negotiari
2739 5202 2804 5241 ac
2864 5197 3125 5257 prmstarc
3181 5187 3427 5255 oblatio;

1854 5280 2205 5349 futuramque
2252 5294 2319 5332 ex
2372 5278 2461 5332 illa
2516 5278 2781 5343 laetitiam,
2813 5292 2937 5348 quae
2968 5294 3113 5334 nunc
3143 5287 3433 5349 geruntur,

1853 5371 2185 5441 significant.
2211 5369 2410 5424 Verum
2449 5384 2544 5424 vos
2572 5367 2820 5424 Joachiin
2866 5380 2918 5425 et
2961 5372 3135 5431 Anna.
3174 5371 3262 5426 ubi
3296 5371 3429 5427 hac-

1853 5474 2014 5517 tenus
2084 5463 2388 5518 mirabilem
2459 5462 2769 5517 felicitateni
2833 5463 3203 5520 ahscondistis
3251 5463 3275 5517 ’ἒ
3326 5460 3429 5519 Ubi

1852 5552 2098 5608 divinum
2123 5554 2466 5612 continentes
2506 5563 2719 5626 partum
2749 5554 3091 5613 dclituistis'?
3107 5555 3222 5622 Qua
3248 5564 3428 5611 autem

1477 5727 1710 5786 VARle
1744 5726 2157 5787 LECTIONES.

235 5824 263 5857 ⁸
286 5811 418 5886 ch.
447 5812 677 5873 ἔκτισιν.
