4224 6444
140 432 195 495 Ῑῖ
892 433 1173 494 ORATIO
1218 435 1300 495 Ιῐ.
1326 460 1391 469 -
1425 434 1500 494 IN
1540 433 1603 492 Β.
1643 432 1907 495 ΜΛΠΙΕ
1946 433 2673 496 ΡΒίΕδΕΧΤᾹἹἹθΧΕΜ.
3357 433 3423 497 18

139 543 377 612 θρὼπων
412 542 594 612 φύσις,
629 540 697 594 ἵν’
727 539 948 610 ἔχοιμεν
966 540 1087 610 Θεῷ
1115 540 1429 611 βουληθέντι
1463 540 1648 594 λαϐεῖν
1672 538 1731 603 ἐξ

1866 548 1982 594 tute
2029 541 2208 608 excipi
2270 540 2577 602 videantur,
2627 538 2992 607 habeantque,
3051 552 3192 608 quos
3238 554 3423 595 amore

138 636 316 707 ἡμῶν.
350 637 426 706 μὴ
457 636 675 706 ἀπόρως
713 638 852 705 πρὸς
880 635 1111 704 δωρεάν.

140 733 383 802 propriis
422 732 695 786 dederint.
742 730 1024 799 Ejusmodi
1091 729 1297 799 aliquid
1365 728 1593 782 molitur
1669 725 1943 793 benignus
2004 726 2095 779 ille
2156 740 2221 778 ac
2272 726 2539 789 clemens,

1842 641 2273 699 prosequuntur,
2312 646 2420 697 quo
2450 632 2778 700 glorientur,
2813 641 3073 699 tanquam
3116 630 3321 700 aliquid
3357 646 3423 684 ex

2619 724 2949 791 videturque
2996 722 3231 789 puellam
3290 721 3451 777 dare

140 826 390 880 Joacltim
423 840 488 880 ac
531 828 743 890 Annte;
791 832 848 878 at
876 824 1078 894 accipit
1113 839 1283 895 genus
1315 823 1495 893 ipsum
1532 822 1861 882 humanum,
1891 829 1950 873 ut
2015 834 2125 876 non
2153 818 2318 883 desit,
2354 818 2498 887 quod
2564 817 2676 872 Deo
2726 816 2933 870 volenti
2981 830 3013 868 a
3062 814 3222 869 nobis
3281 815 3427 870 acci-

143 936 292 990 pere,
336 920 534 974 demus
563 935 788 973 munus.

226 1013 370 1067 Ἀλλ’
406 1012 453 1065 ῶ
479 1013 577 1082 τὴν
612 1012 874 1066 πλουσίαν
902 1010 1109 1081 ταύτην
1136 1011 1347 1081 δωρεὰν
1376 1006 1739 1079 διαπορθμεύ-

142 1123 341 1168 σαντες
391 1105 528 1175 πρὸς
566 1106 737 1173 ἡμᾶς,
783 1106 832 1157 οἱ
868 1104 947 1173 τῷ
998 1103 1230 1172 πρώτως
1284 1104 1377 1154 καὶ
1422 1102 1605 1154 λαϐεῖν
1645 1099 1742 1152 καὶ

141 1195 331 1249 δοῦναι
354 1197 574 1249 πάντων
592 1194 963 1264 εὐπορώτεροι
984 1191 1373 1263 γεγενημένοιε
1396 1192 1459 1243 ’Ὠ
1479 1190 1741 1259 ταμιείων

143 1289 345 1341 ὀλϐίων
397 1288 457 1353 ἐξ
508 1282 583 1342 ῶν
628 1286 1034 1359 προελήλυθενι
1068 1287 1134 1339 Ὢ
1181 1287 1471 1357 μακαρίων
1497 1284 1738 1338 ὼδίνωνῑ

146 1383 211 1434 ’Ὡ
240 1382 462 1451 λοχείας
493 1381 772 1451 cauam,
809 1382 990 1433 πᾶσαν
1029 1378 1502 1449 ἀποκρυψαμένης
1543 1377 1740 1428 εὐπαι-

144 1477 303 1530 δίανῑ
360 1478 427 1528 Ὠ
475 1477 685 1539 παιδὸς,
739 1477 774 1546 ή
822 1475 922 1544 τὴν
974 1472 1189 1544 μητέρα
1231 1473 1333 1542 τῆς
1385 1468 1743 1539 πολυχρονίου

145 1568 374 1639 ὀφειλῆς
425 1568 724 1633 ἀπολύσει,
775 1568 871 1620 καὶ
922 1565 1017 1619 τοῦ
1057 1565 1263 1634 γονέως
1309 1565 1409 1633 τὴν
1464 1563 1745 1631 γύμνωσιν

146 1660 497 1732 περιστελεῖ,
550 1662 608 1713 ὲν
638 1660 719 1730 τῷ
743 1658 1010 1721 δανείζειν
1035 1659 1136 1729 τῆς
1179 1657 1381 1728 σαρκδς
1415 1658 1507 1708 τὸν
1538 1654 1746 1725 χιτῶνα

145 1756 227 1823 τῷ
263 1754 627 1822 πλαστουργῷ
648 1771 661 1785 ο
712 1748 781 1822 ἦς
810 1755 868 1806 ὲν
897 1752 975 1822 τῷ
1005 1751 1306 1821 λαμϐάνειν
1340 1748 1503 1819 πῆξιν
1536 1746 1613 1817 τῷ
1640 1747 1747 1814 νέῳ

1914 1002 2003 1065 At,
2045 1015 2079 1054 0
2114 1014 2243 1062 vos,
2293 996 2389 1068 qui
2418 1010 2624 1050 munus
2676 995 2780 1049 hoc
2830 990 3323 1063 locupletissimum
3359 991 3427 1045 ad

1840 1110 1941 1150 nos
1970 1092 2295 1153 devexistis,
2337 1089 2429 1159 qui
2464 1098 2521 1143 et
2553 1103 2616 1142 ea
2642 1088 2842 1157 gratia,
2870 1100 3037 1156 quam
3078 1085 3240 1154 primi
3274 1099 3432 1139 acce-

1841 1188 2003 1257 pistis
2081 1186 2461 1254 dedistisque,
2517 1181 2793 1236 universis
2850 1180 3243 1250 locupletiores
3295 1176 3430 1231 facti

1841 1279 2016 1335 estis!
2062 1276 2107 1331 Ο
2146 1277 2364 1332 beatum
2416 1274 2696 1337 aerarium,
2744 1288 2807 1327 ex
2851 1286 2963 1341 quo
3006 1272 3137 1325 illud
3175 1271 3379 1341 prodiit
3414 1272 3427 1324 l

1844 1369 1889 1425 0
1942 1370 2159 1423 beatum
2222 1368 2485 1436 partum!
2544 1365 2587 1419 0
2633 1364 2849 1417 tardam
2910 1362 3055 1417 fetus
3112 1362 3430 1426 editionem,

1846 1460 2163 1514 universam
2194 1456 2385 1524 ampla:
2415 1455 2708 1524 probatque
2741 1450 2950 1506 sobolis
2980 1450 3214 1520 gloriam
3243 1451 3435 1521 obscu-

1848 1559 2060 1607 rautem
2095 1552 2108 1602 l
2146 1550 2189 1603 Ο
2227 1548 2487 1617 puellam,
2516 1562 2640 1615 qua:
2674 1553 2906 1599 matrem
2940 1543 3109 1599 veteri
3140 1542 3231 1596 illo
3250 1542 3437 1596 debito

1850 1645 2125 1705 absolvet,
2194 1643 2547 1710 parentisque
2603 1641 2823 1706 obteget
2894 1636 3201 1691 nuditatem
3256 1651 3274 1701 ;
3328 1650 3435 1704 qua

1852 1737 2027 1792 lictori
2068 1736 2258 1789 carnis
2294 1733 2538 1786 tunicam
2582 1728 3002 1785 connnodatura
3033 1738 3118 1782 est
3156 1746 3170 1792 ;
3219 1743 3281 1781 ex
3331 1743 3438 1796 qua

163 1815 339 1916 ’Ᾰδὰμ
358 1846 390 1899 ὁ
413 1815 663 1907 παλατιδς,
690 1815 846 1898 τδὲκ
873 1815 974 1915 τῆς
1001 1815 1240 1914 πλευρᾶς
1263 1815 1526 1897 ἀπολάϐοι
1550 1815 1708 1910 χρέος
1729 1840 1742 1892 !

1866 1831 1983 1885 lum
2016 1843 2192 1882 novus
2226 1825 2398 1879 Adam
2427 1831 2774 1892 compactqu
2813 1822 3049 1891 accipiet
3082 1836 3306 1890 corpus,
3339 1835 3439 1877 an:

153 1940 221 1991 Ὢ
262 1940 457 2008 κόρης,
507 1935 576 2010 ἦς
621 1941 650 1989 ὁ
702 1938 958 2008 ὑπεράνω
1000 1936 1113 1990 τῶν
1160 1936 1407 2006 οὐρανῶν
1449 1935 1746 2002 ὀφθήσεται

151 2034 432 2101 ὲραστήςῑ
497 2032 556 2083 Ὢ
601 2031 668 2084 δι’
712 2025 779 2103 ἧς
814 2030 1070 2100 ὁμιλήσει
1100 2030 1232 2092 Θεὸς
1260 2028 1421 2095 φύσει
1450 2031 1515 2097 τῇ
1550 2026 1742 2097 χοϊκῇῑ

152 2126 219 2177 Ὠ
246 2125 317 2178 δι’
348 2118 420 2195 ἦς
446 2126 583 2194 ἡμῖν
609 2124 1099 2194 περιποιηθήσεται
1125 2123 1185 2176 τὸ
1211 2122 1452 2188 ἀξίωμα,
1482 2120 1621 2188 ὅπερ
1648 2118 1749 2170 οὑκ

153 2217 211 2269 ἐν
270 2216 455 2287 καιρῷ
504 2216 803 2285 λαμϐάνειν
846 2215 1229 2285 βουληθέντες,
1282 2212 1393 2265 τῶν
1437 2212 1749 2281 προσόντων

153 2308 584 2379 ἔξημιὼθημενῐ
633 2308 774 2361 Ἀλλ’
806 2308 1047 2377 ἐπίωμεν
1075 2306 1153 2377 τῷ
1188 2304 1405 2375 παλαιῷ
1436 2306 1531 2357 καλ⁵
1558 2303 1751 2372 ἀψύχῳ

154 2401 293 2471 ναῷ,
324 2402 419 2454 τὸν
448 2402 567 2454 νέον
605 2403 700 2454 καί
727 2399 971 2470 ἔμψυχον
1015 2397 1445 2466 καθιερὼσοντες
1477 2394 1555 2466 τῷ
1589 2395 1747 2464 ἱερῷ·

156 2496 569 2561 κατοικίζοντες
591 2496 783 2565 χωρίῳ
808 2495 867 2548 τὸ
890 2495 1111 2566 χωρίον,
1141 2496 1199 2547 ὲν
1231 2486 1274 2560 ᾧ
1302 2492 1619 2560 κατοικήσει
1642 2490 1752 2542 πᾶν

154 2590 217 2642 τδ
250 2588 529 2659 πλήρωμα
562 2588 662 2655 τῆς
695 2586 946 2656 θεότητος
967 2602 979 2615 ”
1033 2585 1111 2656 τῷ
1148 2584 1289 2654 ἁγίῳ
1344 2581 1659 2652 σκηνώματι
1691 2581 1753 2633 τὸ

159 2682 433 2751 σκήνωμα
472 2679 575 2747 τῆς
619 2679 776 2747 δόξης
828 2677 1222 2739 συνάπτοντες·
1276 2677 1367 2728 τὸν
1418 2674 1606 2744 θρόνον
1655 2672 1753 2726 τοῦ

161 2772 435 2844 βασιλέως
489 2774 603 2835 τοῖς
635 2771 961 2841 ἀνακτόροις
992 2768 1363 2830 ἀποτιθέντες.
1396 2766 1756 2836 Συναπίωμεν

161 2867 284 2925 ταῖς
320 2864 637 2933 παρθένοις,
674 2863 776 2932 τὴν
817 2862 1179 2929 ἀειπάρθενον
1213 2859 1350 2931 πρὸς
1383 2858 1483 2930 τὴν
1511 2858 1756 2913 παστέεδα

164 2955 388 3024 πεμποῦ
400 2972 543 3019 σαις.
570 2957 648 3024 Τῇ
678 2958 830 3024 κοινῇ
854 2954 948 3007 τοῦ
970 2953 1160 3021 γένους
1190 2954 1347 3022 τιμῇ,
1381 2951 1533 3019 κοινῆ
1567 2949 1758 3017 συστήο

166 3064 352 3114 σωμεν
377 3048 477 3116 τὴν
511 3047 678 3117 τιμήν
701 3064 714 3076 ·
764 3048 832 3116 τῇ
869 3049 1024 3114 κοινῇ
1055 3044 1150 3099 τοῦ
1206 3045 1397 3111 γένους
1440 3042 1756 3110 ἀγαλλιάσει

166 3135 322 3202 κοινῆ
349 3135 453 3202 τὴν
476 3136 697 3203 χορείαν
724 3133 1015 3204 κροτῶμεν
1032 3150 1045 3163 ’
1082 3132 1237 3203 κοινῆ
1265 3132 1364 3202 τῆς
1388 3134 1421 3203 ή
1432 3131 1549 3202 μῶν
1580 3148 1756 3202 σωτη-

171 3225 294 3296 ρίας
325 3224 754 3297 προσκιρτῶμεν
782 3224 882 3296 τῆς
910 3224 1168 3281 κιϐωτοῦ.

245 3504 385 3571 Ἀγε
405 3501 467 3572 δή
494 3519 607 3571 μοι,
625 3501 811 3566 Δαϐὶδ,
840 3501 949 3554 τῶν
979 3500 1087 3554 σῶν
1120 3499 1511 3571 σκιρτημάτων
1540 3500 1763 3568 χρῆσον.

172 3596 245 3649 Συ
267 3596 377 3667 γὰρ
403 3595 468 3649 ἂν
498 3594 718 3664 ἄριστος
744 3594 863 3664 εἴης
887 3594 1230 3664 χοραστάτης
1251 3608 1265 3622 ³
1302 3592 1537 3662 μάλιστα
1567 3592 1664 3660 μὲν
1690 3589 1768 3659 τῷ

173 3689 233 3754 ἐξ
260 3689 497 3757 αἵματος
524 3683 665 3741 εἶναι
692 3685 790 3757 τὴν
817 3684 1139 3755 τιμωμένην
1165 3701 1178 3714 ·
1233 3683 1401 3737 πάλαι
1440 3682 1485 3735 δ’
1532 3682 1627 3736 οῦν
1665 3683 1768 3736 κάν

176 3781 254 3851 τῷ
282 3781 441 3851 τύπῳ
468 3779 538 3833 τὰ
567 3781 922 3851 σκιρτήματα
958 3776 1282 3847 μελετήσας,
1315 3778 1411 3828 καλ¹
1436 3776 1685 3846 προᾴσας
1708 3776 1769 3827 τὸ

178 3872 356 3944 ᾆσμα,
408 3873 438 3925 ὃ
485 3875 567 3936 εἰς
611 3873 682 3927 τὰ
732 3870 979 3939 παρόντα
1031 3870 1360 3923 συνετίθετο.
1411 3868 1526 3921 Νῦν
1558 3868 1666 3937 γὰρ
1702 3868 1770 3938 ἣν

177 3965 419 4029 ὁξυωπεί
463 3962 702 4024 διανοίας
753 3962 963 4031 ὄμματι
1014 3958 1295 4027 θυγατέρα
1330 3958 1687 4027 προέϐλεπες,

178 4057 273 4109 καὶ
294 4055 572 4126 πατρικὴν
595 4054 793 4116 ἐδίδους
819 4053 1126 4121 εἰσήγησιν,
1149 4050 1298 4102 οἴκου
1321 4047 1576 4117 πατρῴου
1600 4046 1770 4118 λήθην

178 4148 388 4212 λαϐεῖν,
424 4148 490 4199 ὲκ
518 4145 617 4216 τῆς
646 4145 744 4215 σῆς
778 4144 980 4213 ὀσφύος
1011 4141 1332 4211 ἐφανερώθη
1370 4142 1523 4210 ήμῖν.
1565 4139 1681 4193 Νῦν
1707 4139 1772 4210 δή

178 4240 271 4294 τὸν
310 4238 624 4308 κροσσωτδν
672 4235 877 4306 χιτῶνα
927 4234 1311 4304 στολισαμένη,
1363 4232 1443 4294 είς
1477 4232 1772 4302 ἐπιθυμίαν

178 4330 275 4386 τοῦ
306 4329 539 4391 κάλλους
571 4328 663 4381 τὸν
696 4326 924 4397 βασιλέα
952 4328 1046 4379 καὶ
1075 4328 1313 4399 Χριστὸν
1353 4325 1623 4379 εἵλκυσεν.
1671 4326 1771 4379 Διὰ

180 4422 342 4477 τοῦτο
389 4415 479 4474 οἷα
527 4420 770 4474 Βασιλίδι
806 4419 1077 4485 νεάνιδες,
1125 4419 1232 4489 πρὸ
1270 4417 1565 4488 προσώπου
1604 4417 1771 4488 αὐτῆς

1855 1923 2041 1990 ῑὶιιιιιιε
2095 1920 2184 1973 ille
2261 1928 2427 1973 costae
2480 1915 2724 1969 debitum
2781 1913 3033 1968 recipiet.
3090 1911 3133 1967 Ο
3179 1912 3439 1980 puellam,

1855 2014 2015 2083 cujus
2058 2013 2127 2073 is,
2152 2013 2244 2080 qui
2279 2018 2362 2064 est
2398 2022 2565 2077 supra
2594 2008 2791 2072 C(BIOS,
2837 2022 2896 2060 se
2923 2014 3223 2059 amatorem
3251 2012 3441 2056 osten-

1855 2107 1987 2161 det!
2022 2103 2066 2157 0
2104 2118 2199 2173 per
2238 2117 2402 2171 quam
2437 2099 2602 2162 Deus,
2638 2114 2764 2152 cum
2799 2107 2994 2151 natura
3039 2096 3269 2167 pulvere
3307 2109 3444 2149 con-

1856 2205 2059 2257 stante,
2094 2192 2554 2249 consuetudinem
2585 2190 2879 2245 habiturus
2907 2190 3031 2244 est!
3067 2188 3110 2241 0
3146 2203 3241 2257 per
3278 2202 3442 2256 quam

1858 2291 2016 2345 nobis
2042 2300 2332 2343 accessura
2368 2293 2454 2340 est
2482 2284 2748 2353 dignitas,
2777 2298 2941 2352 quam
2971 2296 3097 2336 cum
3134 2281 3446 2349 importune

1858 2395 2258 2455 captassetnus,
2314 2397 2505 2435 eorum
2558 2395 2680 2449 quia:
2735 2378 3122 2447 suppetebant,
3169 2376 3445 2445 jacturam

1860 2478 2090 2532 fecimus
2138 2477 2149 2519 1
2203 2475 2404 2529 Eamus
2431 2488 2586 2536 vero,
2622 2472 2792 2525 veteri
2842 2485 2908 2524 ac
2954 2467 3185 2523 inanimi
3219 2466 3447 2535 templo,

1860 2572 2124 2640 templum
2166 2582 2368 2623 novum
2405 2582 2471 2622 ac
2517 2566 2822 2620 aninmtum
2868 2560 3178 2618 dedicaturi
3223 2578 3239 2625 ;
3290 2573 3448 2614 sacro

1861 2666 2004 2729 loco,
2076 2664 2256 2718 locum
2318 2659 2621 2722 iuducturi,
2660 2658 2715 2711 in
2773 2671 2885 2726 quo
2946 2654 3019 2709 sit
3077 2651 3448 2707 inhabitatura

1864 2754 2153 2826 plenitudo
2182 2760 2294 2806 tota
2326 2747 2632 2805 divinitatis
2666 2763 2680 2812 ;
2728 2758 2887 2799 sacro
2916 2739 3273 2796 tabernaculo
3330 2737 3439 2808 glo-

1864 2847 1959 2901 riae
2014 2844 2431 2900 tabernaculum
2488 2837 2801 2908 adjuncturi
2844 2853 2858 2890 :
2907 2833 3074 2904 Regis
3138 2831 3339 2888 solium
3394 2829 3450 2882 in

1863 2940 2126 3014 palatiutn
2157 2936 2384 2992 illaturi.
2430 2933 2544 2987 Una
2586 2930 2849 2987 soeiabns
2887 2926 3221 2996 virginibus,
3254 2935 3449 2994 perpe-

1863 3040 2015 3089 tuam
2066 3033 2119 3087 in
2152 3030 2455 3085 thalamum
2503 3023 2909 3081 deducentibus
2956 3018 3260 3089 Virginem,
3292 3015 3457 3069 abea-

1864 3144 2010 3184 mus.
2058 3122 2348 3181 Communi
2400 3119 2620 3190 generis
2666 3115 2888 3178 bonori,
2940 3109 3220 3168 communi
3267 3106 3454 3163 studio

1870 3224 2138 3278 honorem
2194 3213 2553 3268 adhibeamus
2595 3226 2609 3273 ;
2647 3205 2924 3263 communi
2974 3203 3190 3273 generis
3219 3199 3463 3254 exsulta-

1873 3314 2029 3377 tioni,
2051 3306 2332 3366 communi
2365 3305 2560 3374 plausu
2581 3302 2836 3356 choreain
2872 3297 3213 3352 celebremus
3248 3309 3263 3357 ;
3304 3306 3458 3343 eum-

1872 3401 2022 3457 muni
2082 3396 2269 3453 laetitia
2302 3405 2506 3451 nostra:
2530 3392 2729 3448 salutis
2761 3403 2907 3443 arcte
2940 3385 3346 3457 pra'Sttllelmls.

1943 3492 2056 3561 Age
2101 3500 2233 3543 vero
2260 3500 2407 3540 nime
2452 3483 2609 3545 mihi,
2646 3480 2839 3543 David,
2872 3479 2983 3531 tuis
3022 3485 3176 3528 utere
3202 3472 3457 3525 saltibus.

1876 3587 1998 3656 Ipse
2049 3594 2288 3651 namque
2336 3577 2580 3648 optimus
2627 3575 2844 3629 eborea:
2892 3585 3095 3641 prmses
3142 3567 3274 3629 eris,
3312 3562 3460 3633 quod

1876 3680 2112 3733 maxime
2150 3687 2314 3743 quam
2347 3670 2555 3725 honore
2589 3666 2992 3737 prosequimur,
3032 3676 3096 3715 ex
3128 3671 3222 3713 tuo
3248 3666 3366 3712 sata
3391 3656 3463 3711 sit

1876 3791 2075 3845 genere
2107 3794 2120 3828 :
2149 3789 2212 3828 ac
2250 3785 2378 3827 cum
2430 3768 2561 3823 olim
2587 3767 2700 3835 jam
2746 3764 2830 3818 vel
2868 3764 2921 3815 in
2958 3760 3128 3829 ﬁgura
3163 3753 3461 3807 meditatus

1877 3844 1957 3923 sis
2013 3868 2388 3925 saltationem,
2448 3874 2514 3915 ac
2566 3855 2847 3913 canticum
2905 3849 3283 3922 prvecinueris,
3315 3844 3461 3914 quod

1878 3967 2261 4023 argumentum
2291 3967 2531 4023 prtesens
2552 3947 2904 4019 respiciebat.
2931 3943 3088 3998 Nunc
3121 3941 3267 3995 enim
3295 3953 3460 4008 quam

1882 4061 2046 4106 acuto
2080 4048 2280 4104 utentis
2333 4044 2497 4101 oculo
2540 4042 2703 4096 (illam
2746 4034 3168 4110 praevidebas”,
3202 4046 3264 4085 ac
3296 4044 3462 4099 quam

1882 4154 2105 4214 paterne
2153 4138 2413 4201 docebas,
2451 4144 2512 4189 ut
2566 4141 2848 4203 paternam
2904 4126 3319 4182 oblivisceretur
3366 4120 3466 4174 do-

1881 4211 2053 4294 inum,
2076 4247 2143 4285 ex
2175 4229 2283 4283 tuis
2315 4234 2436 4282 orta
2465 4222 2669 4278 lumbis
2695 4220 2973 4275 declarata
3000 4223 3106 4271 est.
3144 4212 3302 4267 Nunc
3326 4211 3464 4265 stola

1881 4336 2046 4375 aurea
2106 4318 2306 4373 decore
2364 4314 2587 4375 amicta,
2625 4313 2678 4365 in
2726 4310 2810 4365 sui
2841 4306 3200 4376 cupiditatem
3251 4300 3466 4356 decoris

1882 4414 2082 4484 ltcgcm
2146 4426 2211 4463 ac
2240 4407 2527 4464 Christum
2560 4403 2847 4474 pertraxit.
2902 4397 3114 4452 Idcirco
3149 4393 3468 4447 adolescen-

185 4512 605 4585 θεραπευτικῶς
632 4512 1062 4566 λιτανεύσουσιν.
1109 4509 1282 4582 Δεῦρο
1314 4510 1378 4580 δὴ
1410 4511 1533 4563 ὅποι
1562 4511 1681 4563 ποτ’
1709 4509 1760 4564 ἂι

1883 4508 2008 4562 tulte
2050 4514 2311 4574 tanquam
2356 4500 2644 4570 Reginam.
2679 4503 2808 4549 ante
2841 4494 2963 4563 cjus
3011 4492 3223 4545 vultum
3271 4488 3469 4542 devoto

181 4601 271 4679 ᾖς,
302 4606 445 4674 πρὸς
474 4604 546 4658 τὰ
570 4603 667 4657 νῦν
696 4603 1009 4676 παραγενοῦ
1040 4600 1365 4671 τελούμενα.
1400 4601 1511 4672 Τῆς
1546 4601 1643 4671 σῆς
1666 4601 1775 4671 γὰρ

182 4698 452 4752 εὐτάκτου
471 4697 691 4769 χορείας
715 4698 847 4767 ἡμῖν
873 4696 974 4761 δεῖ,
997 4695 1094 4749 καὶ
1117 4693 1214 4747 τοῦ
1243 4695 1618 4766 σκιρτήματος
1637 4712 1649 4724 ο
1682 4696 1775 4749 καὶ

183 4790 221 4845 ἃ
250 4788 545 4861 προλαϐὼν
583 4790 805 4858 ἑπῇδες,
845 4788 1022 4842 ταῦτα
1055 4788 1152 4841 καὶ
1194 4786 1289 4841 νῦν
1320 4787 1463 4859 ᾄδων
1497 4788 1563 4841 τὰ
1590 4789 1776 4842 εἰκότα

184 4883 602 4953 λειτούργησον.
647 4882 811 4952 Ὁρᾷς
836 4881 949 4951 γὰρ
982 4878 1082 4950 τήν
1109 4878 1207 4950 σήν
1233 4878 1509 4949 θυγατέρα
1539 4880 1779 4932 λιτανευο

186 4976 392 5045 σμένην
416 4977 474 5027 ὲν
502 4974 841 5044 πράγμασιν,
934 4973 1092 5043 μόνος
1133 4973 1192 5026 ὲν
1221 4972 1425 5045 θεωρίᾳ
1453 4973 1778 5035 ὲλιτάνευες.

197 5067 371 5137 Ὀρᾷς
420 5066 519 5136 τὴν
549 5066 610 5132 ἐξ
639 5065 841 5134 ὀσφύος
874 5082 965 5117 σου
998 5064 1230 5117 κιϐωτὸν
1270 5064 1368 5117 τοῦ
1414 5065 1780 5134 ἁγιάσματος,

189 5160 271 5221 εἰς
300 5156 490 5228 κοινήν
513 5156 883 5228 ἀνισταμένην
910 5156 1020 5232 τῶν
1043 5156 1431 5225 πεπονηκότων
1454 5157 1780 5210 ἀνάπαυσιν.

201 5250 367 5320 Ὁρᾷς
398 5226 457 5301 τί)
482 5226 771 5319 ἱερώτατον
806 5226 1231 5320 καθιερούμενον
1264 5248 1594 5319 ἱλαστήριον.
1628 5247 1785 5315 Λέγω

196 5342 299 5411 μέν
327 5357 342 5371 ο
401 5339 607 5411 μᾶλλον
648 5339 728 5405 δὲ,
780 5340 906 5410 λέγε
936 5340 1132 5405 αὑτός·
1186 5339 1650 5412 παραχωροῦμεν,
1686 5341 1786 5409 οὐχ

269 5472 315 5504 ⁸⁷
349 5470 498 5528 Psal.
531 5486 683 5537 ηιν,
713 5470 805 5527 ιι.

1884 4597 2155 4667 obsequio
2202 4593 2679 4662 deprecabuntur.
2728 4585 2861 4641 Veni
2910 4586 3097 4653 itaque
3138 4592 3469 4649 quocunque

1883 4688 2106 4744 tandem
2132 4686 2365 4743 cxsistas
2395 4684 2537 4746 loco,
2567 4691 2731 4747 atque
2759 4678 3089 4745 sacris,qum
3112 4679 3469 4743 peraguntur,

1884 4786 2206 4851 prtesentem
2245 4784 2300 4830 te
2342 4774 2562 4829 exhibe.
2598 4770 2714 4823 Tua
2776 4783 3014 4837 namque
3043 4779 3269 4835 egemus
3322 4776 3473 4815 com-

1884 4876 2060 4943 posita
2137 4869 2336 4923 eborea
2383 4874 2437 4919 et
2492 4864 2786 4919 saltutione
2837 4874 2851 4914 :
2907 4874 2972 4913 ac
3022 4871 3145 4927 qua:
3204 4862 3473 4923 occupato

1881 4962 2155 5023 cecinisti,
2180 4976 2244 5015 ea
2278 4973 2425 5012 nunc
2456 4956 2742 5016 accinens,
2767 4964 3070 5021 congruum
3104 4946 3469 5001 ministerium

1881 5056 2066 5126 imple.
2122 5051 2286 5107 Vides
2333 5051 2463 5105 enin
2516 5058 2663 5102 tuam
2705 5045 2899 5107 tiliam,
2932 5052 2992 5096 ut
3017 5041 3198 5109 reipsa
3230 5054 3349 5092 eam
3377 5038 3472 5091 de-

1883 5160 2195 5223 precentur,
2228 5161 2395 5215 quam
2428 5144 2579 5199 solus
2615 5142 2851 5213 mystico
2888 5138 3171 5191 intellectu
3229 5149 3294 5187 ac
3324 5147 3474 5186 con-

1886 5242 2242 5313 templatione
2295 5239 2628 5309 deprecatus
2681 5249 2759 5289 es.
2808 5229 2973 5285 Vides
3027 5243 3092 5282 ex
3137 5225 3249 5281 tuis
3298 5234 3471 5276 ortam

1890 5335 2091 5391 lumbis
2115 5346 2299 5388 arcam
2320 5324 2800 5391 sanctiﬁcationis,
2825 5324 2879 5378 in
2910 5332 3261 5377 communem
3281 5329 3474 5371 eorum

1733 5555 1967 5616 ΝΟΤᾹΞ.

200 5656 413 5713 amicos
441 5654 691 5722 'divites,
744 5655 1081 5725 pauperibus
1123 5654 1319 5710 amicis
1372 5651 1693 5718 retundere,
1725 5662 1788 5708 ut

200 5744 308 5797 qua
338 5728 421 5783 illi
448 5726 899 5796 insumpsissent.
939 5727 1010 5781 iis
1040 5726 1367 5797 tractandis.
1424 5726 1619 5797 Verum
1666 5741 1781 5797 nie-

202 5794 314 5855 lins
375 5794 653 5867 quadrat,—
690 5796 750 5850 τὸ
799 5796 1206 5865 προκαταϐολή.
1265 5795 1381 5850 Non
1413 5795 1558 5849 enim
1599 5811 1697 5849 nos
1721 5794 1781 5867 in

204 5870 377 5929 Deum
398 5865 621 5938 Vpriorcs
654 5867 858 5936 aliquid
890 5867 1250 5930 contulimus,
1288 5867 1381 5925 sed
1411 5867 1524 5937 ipse
1550 5865 1780 5920 contulit

1893 5666 2015 5721 qua:
2041 5648 2143 5720 ipsi
2176 5664 2276 5705 nos
2299 5654 2489 5718 postea
2510 5641 2859 5721 _nﬂ'eramus';
2921 5655 3024 5697 nec
3065 5639 3290 5721 amicus
3322 5638 3478 5721 divos

1899 5709 2075 5794 factas.
2101 5720 2261 5773 amici
2296 5709 2556 5787 pauperis
2587 5727 2859 5794 eripepsas
2905 5721 3231 5793 exspectare
3259 5709 3477 5794 debeat,

1892 5792 1986 5872 sed
2018 5778 2334 5861 occupaic':
2383 5778 2559 5857 eoque
2620 5778 2828 5841 inclino
2890 5791 2947 5838 ut
2980 5778 3050 5839 sit
3091 5778 3473 5851 προκαταϐάλ·

1892 5880 1981 5916 ΝΥ.)
1992 5878 2062 5916 σι.
