4224 6444
759 406 826 471 19
1992 412 2276 475 LEONIS
2316 414 2345 476 I

2445 413 2780 477 LLOSOPIII
3962 423 4041 488 20

753 518 849 587 qui
919 516 1107 575 labore
1154 530 1524 590 premuntur,
1606 528 1992 591 exsurgentem
2062 524 2311 594 requiem

2445 525 2517 589 ὡς
2552 525 2765 596 βασιλεῖ
2797 540 2811 555 ·
2865 524 3053 580 τούτου
3085 524 3194 597 γάρ
3223 526 3442 595 μέτεστι
3475 530 3567 583 καὶ
3602 529 3732 600 ήιιῖν
3752 546 3764 559 ·
3815 528 3930 585 ἀλλ’
3960 535 4041 598 ὡς

755 607 921 666 Vides
956 614 1393 666 sacratissimum
1429 614 1601 668 dicari
1653 614 2121 685 propitiatorium.
2173 616 2343 687 Equi-

2452 619 2622 690 πατρὶ
2653 619 2752 689 τῆς
2783 619 2993 683 παιδός.

751 706 876 759 dem
912 705 1040 759 dico
1071 721 1087 769 ;
1123 706 1310 774 potius
1341 717 1523 760 autem
1564 707 1720 763 dicas
1747 710 1881 779 ipse.
1914 708 2201 776 Cedimus,
2234 726 2342 765 non
2389 719 2649 782 tanquam
2708 713 2823 783 regi
2860 728 2876 777 ;
2918 711 3125 785 quippe
3158 713 3317 785 cujus
3365 730 3466 772 nec
3527 716 3631 788 ipsi
3700 718 4042 774 excellentia:

751 808 1001 851 exsortes
1028 797 1205 851 sitnus
1240 817 1252 851 :
1302 796 1397 851 scd
1436 807 1695 867 tanquam
1731 801 1872 869 patri
1910 800 2126 869 puellae.

822 894 989 955 Audi,
1018 894 1155 963 lilia,
1186 901 1235 946 el
1268 892 1466 944 inclina
1490 908 1672 945 aurem
1705 902 1871 949 tuum.
1894 894 2022 948 Sola
2054 894 2345 949 aha-terno

751 989 922 1043 electa
949 1004 1009 1043 cs
1065 988 1117 1040 iu
1148 970 1708 1055 sponsamAltissimi
1736 1004 1747 1039 :
1774 987 1889 1040 sola
1930 990 2070 1054 cius,
2098 986 2190 1055 qui
2221 987 2344 1040 uni-

753 1099 909 1137 versa
948 1082 1167 1150 implet,
1207 1081 1366 1135 locus
1395 1094 1568 1149 capax
1595 1080 1839 1135 exsistis.
1882 1080 2043 1145 Audi,
2068 1079 2207 1149 ﬁlia.
2244 1078 2345 1133 Pa-

761 1185 974 1228 ternam
1052 1173 1378 1227 obliviscere
1435 1172 1659 1226 domutn
1713 1180 1767 1226 et
1818 1173 2137 1243 populum:
2192 1172 2343 1227 fuisti

754 1282 992 1334 namque
1022 1266 1076 1319 iu
1112 1276 1344 1320 matrem
1377 1266 1447 1319 ab
1476 1280 1540 1319 eo
1584 1274 1891 1334 assumpta,
1921 1267 2016 1334 qui
2057 1265 2213 1322 sedet
2245 1282 2344 1321 su-

753 1377 850 1428 pt't'
890 1357 1210 1413 Cberubim.
1262 1357 1409 1412 Vade
1459 1358 1511 1411 in
1568 1360 1833 1427 templum
1868 1370 2167 1425 sanctum,
2216 1375 2340 1429 qua:

757 1450 848 1502 Ilei
890 1450 1151 1519 templum
1181 1450 1437 1504 exsistas.
1468 1451 1631 1513 Audi,
1665 1453 1803 1517 ﬁlia,
1834 1466 1882 1506 et
1912 1454 2220 1508 obliviscere
2237 1471 2336 1523 po-

752 1545 937 1611 pulum
972 1554 1157 1606 tuum;
1188 1542 1608 1597 innumerabilis
1636 1546 1779 1597 enim
1811 1547 2104 1600 inultitudo
2126 1563 2340 1615 eorum,

753 1639 845 1704 qui
870 1636 922 1688 in
955 1638 1116 1691 eam.
1146 1649 1209 1686 ae
1233 1636 1325 1704 qui
1358 1644 1487 1689 sunt.
1520 1636 1573 1688 iu
1607 1644 1774 1699 terra,
1803 1636 2085 1691 Dominam
2117 1647 2169 1693 te
2190 1640 2344 1693 obti-‘

757 1728 985 1781 nebunt.
1009 1726 1198 1780 Multa:
1225 1727 1354 1794 ﬁlim
1375 1727 1609 1794 fecerunt
1632 1729 1883 1781 virtutem
1904 1730 1946 1760 ’⁸
1968 1746 1983 1793 ;
2008 1730 2193 1783 multa:
2221 1731 2344 1785 lilia:

2522 895 2839 958 Ἄκουσον,
2881 892 3170 961 θύγατερ,
3222 894 3321 947 καί
3366 894 3582 949 κλῖνον
3629 896 3696 950 τὸ
3744 892 3855 964 οὖς
3896 914 4039 956 σου·

2454 986 2608 1055 Μόνη
2664 984 2725 1050 ἐξ
2774 986 2970 1049 αἰῶνος
3021 987 3103 1049 είς
3147 986 3365 1059 νύμφην
3396 988 3683 1059 ἐξελέχοης
3739 992 4038 1063 Ὑψίστου⁸

2450 1083 2587 1152 μόνη
2619 1082 2714 1135 τοῦ
2744 1083 3082 1154 πληροῦντος
3109 1084 3179 1137 τά
3209 1084 3390 1138 πάντα
3419 1088 3781 1156 χρηματίζεις
3814 1090 4038 1160 χωρῖον.

2450 1177 2777 1238 Ἄκουσον,
2810 1178 3092 1245 θύτατερ’
3120 1175 3270 1229 οἴκου
3298 1176 3553 1247 πατρῴου
3613 1182 3705 1232 καὶ
3742 1180 3874 1235 λαοῦ
3916 1183 4041 1235 ἐπι-

2446 1266 2609 1322 λάοου
2636 1284 2649 1297 ο
2700 1269 2780 1329 είς
2811 1264 2961 1321 οἷκον
3020 1266 3131 1338 γὰρ
3160 1265 3238 1335 τῷ
3271 1267 3363 1319 ἐπὶ
3402 1268 3511 1320 τῶν
3558 1269 3837 1339 Χερουϐὶμ
3870 1288 4043 1340 πφσ-

2443 1358 2687 1426 ελὴφοης
2717 1358 3035 1429 καθημένῳ.
3049 1359 3241 1412 ’Λπιοι
3276 1360 3355 1422 είς
3382 1360 3510 1413 ναον
3536 1361 3714 1429 ἀγιον,
3740 1362 3866 1425 ναὸς
3898 1362 4041 1416 θεοῦ

2441 1451 2875 1521 χρηματίζουσα.
2921 1452 3238 1517 Ἄκουσον,
3264 1453 3554 1521 θύγατερ,
3596 1454 3693 1505 καὶ
3742 1453 4042 1508 ἐπιλάθου

2438 1543 2545 1596 τοῦ
2588 1542 2744 1598 ,λαοῦ
2791 1559 2911 1597 σου
2937 1559 2952 1575 ο
2996 1542 3237 1614 πλήθους
3269 1544 3379 1612 γάρ
3410 1545 3785 1615 ἀναριθμήτου
3831 1545 3940 1599 τῶν
3982 1547 4042 1598 ἐν

2438 1634 2656 1704 οὐρανῷ
2700 1635 2797 1687 καὶ
2828 1637 2936 1705 γῇ,
2972 1636 3072 1706 τὴν
3125 1637 3454 1689 Δεσποτείαν
3509 1638 3724 1710 ὀροήσῃ
3773 1636 4039 1708 λαχοῦσα.

2442 1727 2673 1781 Πολλαὶ
2710 1727 3031 1797 θυγατέρες
3057 1727 3359 1795 ἐποίησαν
3390 1726 3649 1797 δύναμιν
3672 1745 3685 1760 ·
3728 1730 3927 1782 πολλαὶ
3956 1730 4043 1783 δὸ-

753 1821 979 1886 gloriam
999 1820 1210 1890 adepta:
1225 1830 1377 1883 sunt,
1397 1823 1581 1874 multa:
1594 1833 2055 1889 comparaverunt
2074 1823 2337 1879 honesta-

2445 1820 2541 1886 ξαν
2599 1818 3018 1889 ἐκληρώσαντοο
3085 1821 3280 1874 πολλαὶ
3344 1820 3655 1890 σεμνότητα
3714 1821 4010 1892 περιεποιή

753 1918 902 1973 lt'lll;
949 1926 1124 1962 verum
1158 1910 1355 1965 emines
1392 1911 1673 1974 uniuersis,
1705 1928 1879 1964 rerum
1913 1927 2254 1981 supergressa
2284 1929 2339 1968 es

756 2000 935 2068 gloria
982 2017 1047 2055 ac
1074 2001 1377 2069 majestate,
1408 2017 1598 2054 verum
1629 2002 1917 2060 honestate
1947 2005 2163 2057 cunctis
2190 2020 2339 2076 pra:-

752 2094 928 2147 ct-llis.
954 2093 1152 2157 llasce,
1195 2092 1386 2159 David,
1421 2094 1541 2148 ﬁliae
1567 2104 1675 2149 tua:
1706 2111 1951 2165 pangens
1982 2097 2193 2161 laudes,
2226 2114 2343 2153 tne-

752 2199 878 2239 cum
934 2185 1139 2255 pariter
1184 2187 1462 2240 cauticmu
1506 2186 1652 2241 ede:
1705 2204 1769 2243 ac
1818 2189 1959 2244 festa
2008 2189 2132 2244 luce
2176 2191 2342 2247 simul

755 2279 974 2332 fruere:
1002 2278 1134 2349 quin
1167 2280 1455 2349 prmcipua:
1506 2288 1614 2333 tua:
1652 2289 1782 2334 sunt
1811 2290 2013 2351 partes.
2046 2281 2179 2336 Nam
2211 2285 2340 2339 olim

753 2373 997 2441 quidem,
1026 2388 1152 2426 cum
1198 2373 1308 2425 beo
1338 2376 1601 2441 templum
1633 2376 1845 2442 erigere
1877 2374 2254 2432 desiderasses
2275 2378 2341 2443 ",

755 2482 863 2518 non
907 2464 1007 2519 fuit
1045 2478 1373 2519 concessum
1406 2475 1462 2518 ut
1499 2465 1667 2518 animi
1700 2474 1892 2518 votum
1924 2467 1976 2520 in
2006 2467 2168 2521 liuent
2215 2483 2341 2536 pcr-

752 2557 1036 2612 duceres:
1082 2571 1229 2612 nunc
1278 2567 1460 2611 autem
1511 2557 1665 2614 ccelis
1715 2559 1899 2626 potius
1938 2559 2036 2614 tibi
2076 2562 2340 2631 templum

753 2653 1052 2706 excitatum
1095 2660 1217 2715 est,
1261 2653 1407 2721 (ιιιοά
1461 2666 1561 2705 nec
1606 2651 1906 2718 victimas,
1957 2668 2056 2707 uec
2088 2653 2339 2711 nidorem

754 2744 1072 2799 necessaria
1111 2744 1330 2796 habeat.
1353 2742 1473 2796 Jam
1501 2742 1647 2798 enim
1679 2760 1870 2798 eorum
1917 2745 2165 2801 iuuuinet
2191 2748 2340 2810 linis.

752 2837 963 2892 caelein
996 2834 1295 2896 Pontilire.
1326 2834 1470 2903 quod
1504 2850 1565 2888 es
1599 2841 1652 2888 te
1694 2837 2036 2903 assumpsit.
2079 2838 2341 2906 templum

754 2930 1155 2985 sanctiﬁcante.
1179 2928 1378 2982 Verum
1406 2929 1521 2982 hcce
1560 2943 1661 2982 suo
1696 2939 1986 2983 recurrent
2016 2932 2167 2996 loco;
2202 2946 2345 2986 nunc

754 3038 884 3077 vero
913 3025 980 3076 iis
1014 3023 1415 3086 miuistremus,
1454 3006 1574 3091 qua:
1601 3030 1960 3091 peraguntur.
1995 3037 2059 3076 ac
2089 3039 2213 3092 qua:
2250 3022 2347 3081 de-

754 3116 998 3184 precatio
1036 3113 1299 3167 contiuua
1338 3113 1498 3166 habet
1523 3115 1689 3177 serie,
1723 3125 2140 3171 connectamus.

824 3206 941 3261 Non
979 3207 1270 3274 aﬂ'ereulur
1313 3208 1538 3276 uirgines
1571 3207 1650 3272 ²⁰,
1695 3222 1818 3276 qua:
1870 3209 2127 3263 acciuant
2162 3228 2175 3265 :
2236 3209 2340 3266 hoc
2369 3188 2414 3249 (ἶ

752 3301 899 3355 cnim
932 3300 1060 3353 olim
1093 3299 1377 3353 contuitus
1405 3299 1619 3367 psalmo
1658 3298 1804 3352 edito
1833 3302 2169 3369 praecinuisti
2200 3320 2213 3356 :
2249 3303 2343 3357 sed

752 3408 881 3447 ecce
919 3392 1161 3461 virgines
1196 3391 1409 3445 circum
1443 3390 1675 3443 choreas
1699 3390 1752 3443 in
1778 3392 2151 3446 exsultatione
2174 3409 2342 3464 agen-

755 3497 870 3547 tes,
902 3486 1048 3539 velut
1108 3485 1309 3553 regina:
1344 3492 1590 3551 pra-cunt
1635 3483 1690 3535 in
1744 3482 1906 3551 [legis
1946 3486 2166 3538 abeunti
2206 3494 2345 3539 teut-

754 3580 925 3643 plum.
958 3576 1098 3631 Ecce
1133 3584 1184 3629 te
1218 3583 1275 3628 ut
1313 3574 1718 3628 innnaculatam
1746 3575 2027 3629 victimam
2049 3616 2063 3637 .
2103 3577 2169 3631 ad
2200 3577 2357 3633 divi-

755 3689 886 3726 nutu
921 3670 1207 3725 adducunt
1240 3668 1562 3723 thalamum.
1619 3668 1762 3723 Ecce
1808 3678 1861 3723 te.
1894 3669 2093 3725 divina!
2125 3673 2345 3741 planta-

754 3766 921 3821 tiouis
950 3765 1214 3827 radicem,
1233 3779 1299 3817 ex
1331 3777 1439 3833 qua
1465 3763 1879 3832 germinaturus
1901 3763 1975 3818 sit
2006 3776 2215 3828 ramus,
2241 3765 2345 3819 sub

754 3854 916 3921 t'ujtts
948 3852 1137 3905 umbra
1166 3851 1513 3921 requiescent
1535 3850 1870 3929 tinesterrae,
1896 3852 1949 3906 in
1973 3852 2165 3921 glorim
2186 3862 2345 3924 prato

754 3954 1078 4003 conserunt.
1110 3944 1256 3999 Ecce
1285 3952 1337 3998 te
1368 3945 1585 4014 generis
1616 3943 1877 4013 gaudium
1914 3943 2134 4001 choreis
2168 3946 2343 4002 unde-

756 4054 973 4110 quaque
1028 4038 1317 4105 cingentes
1345 4076 1360 4099 ,
1399 4037 1452 4089 in
1488 4036 1667 4090 locum
1703 4035 1974 4090 inducunt
2020 4038 2344 4095 exsultatio-

757 4134 863 4185 nis.
904 4129 969 4184 Et
996 4129 1218 4199 quidem
1255 4128 1527 4182 hactenus
1557 4128 1634 4183 tui
1668 4135 1798 4182 sunt
1845 4127 2070 4183 exordia
2114 4130 2339 4200 gaudii:

758 4227 909 4282 ιιι-ονε
944 4232 1105 4296 post,
1130 4221 1445 4277 absolutius
1488 4221 1750 4291 gaudium
1796 4231 1925 4277 tuus
1979 4222 2076 4278 tibi
2110 4222 2344 4293 perferet

758 4322 1040 4391 prunuims
1063 4359 1076 4379 ,
1131 4314 1357 4384 quando
1388 4314 1485 4368 tibi
1532 4313 1710 4383 gratia
1751 4312 1925 4383 pleme
1955 4314 2213 4384 gaudium
2247 4331 2343 4373 ve-

756 4416 873 4468 niet
924 4413 1390 4472 annuutiaturus;
1442 4406 1665 4476 quando
1704 4405 1828 4459 laeto
1875 4405 2167 4477 faustoque
2198 4424 2341 4463 nun-

2450 1928 2612 1964 σαντο
2634 1950 2649 1971 ,
2684 1911 2822 1964 ἀλλ’
2852 1909 3203 1979 -ὐπέρκεισαι
3234 1912 3479 1977 πασῶν,
3514 1910 3653 1965 ἀλλ’
3696 1914 4044 1981 ὑπεραφεις

2444 2001 2575 2073 δόξῃ
2597 2001 2704 2067 ,καὶ
2746 2001 3151 2071 μεγαλειότητι,
3177 2002 3317 2057 ἀλλὰ
3349 2005 3541 2057 πασῶν
3565 2004 3863 2074 ὑπερήκεις
3898 2021 4040 2076 σεμ-

2443 2094 2650 2164 νότητι.
2680 2092 2869 2148 Ταῦτά
2902 2111 3014 2163 μοι,
3053 2094 3240 2159 Δαϐὶδ,
3271 2095 3371 2166 τὴν
3422 2097 3522 2168 σὴν
3567 2097 3807 2150 ἐπαινῶν
3838 2097 4041 2166 παῖδα,

2446 2185 2783 2258 συνεργάζου
2812 2187 2904 2240 τὸν
2938 2187 2967 2240 ὖ
2977 2204 3128 2257 μνον,
3161 2188 3258 2241 καὶ
3284 2189 3387 2257 τῆς
3416 2190 3612 2260 ἑορτῆς
3648 2191 3994 2243 συναπολαυε
4020 2206 4036 2219 ·

2447 2280 2651 2349 μᾶλλον
2677 2279 2758 2343 δὲ,
2790 2279 2874 2332 σοὶ
2902 2279 2994 2333 τοῦ
3030 2279 3278 2343 πλείονος
3312 2281 3556 2349 μέτεστι.
3592 2281 3766 2334 Πάλαι
3799 2282 3898 2350 μὲν
3927 2283 4041 2354 γάρ

2443 2370 2847 2440 ἐπιθυμήσαντι
2898 2387 2981 2424 σοι
3030 2370 3158 2424 ναὸν
3198 2372 3438 2443 ἐγείρειν
3487 2372 3637 2442 Θεῷ,
3669 2374 3770 2427 οὐκ
3817 2376 4043 2442 ἐγένετο

2443 2459 2583 2531 πρὸς
2618 2459 2793 2529 πέρας
2837 2458 3054 2531 ἐξήκειν
3104 2462 3165 2515 τὸ
3203 2462 3495 2533 ὲπιθύμιον
3518 2480 3531 2495 ο
3574 2463 3670 2517 νῦν
3708 2465 3767 2518 δέ
3802 2482 3883 2519 σοι
3927 2466 4045 2520 τῶν

2444 2555 2691 2626 οὐρανῶν
2725 2556 2967 2626 ἀμείνων
3012 2556 3225 2628 ἠγέρθη
3257 2560 3417 2622 ναός·
3476 2560 3602 2623 ναὸς
3646 2560 3709 2614 οὐ
3754 2561 4041 2632 Θυμάτων,

2441 2648 2564 2700 οὐδὲ
2602 2647 2795 2718 κνίσης
2842 2648 3115 2719 δεόμενος.
3155 2649 3295 2721 Ἤδη
3331 2652 3443 2722 γὰρ
3493 2653 3701 2706 τούτων
3734 2655 4043 2723 προκόπτει

2444 2740 2505 2793 τδ
2549 2740 2723 2806 τέλος,
2755 2741 2848 2795 τοῦ
2874 2742 3129 2811 οὐρανίου
3174 2742 3503 2816 ’Δρχιερέως
3548 2745 3643 2798 τὸν
3680 2749 3744 2799 ἐκ
3775 2745 3871 2799 σοῦ
3909 2747 4045 2801 ναὸν

2447 2831 2791 2898 ἁγιάζοντος.
2836 2832 2995 2885 Ἀλλὰ
3024 2832 3198 2887 ταῦτα
3223 2834 3322 2903 μὲν
3376 2838 3456 2897 είς
3486 2835 3617 2888 ἴδιον
3641 2838 3834 2907 καιρὸν
3861 2838 4044 2891 ἁπαν·

2442 2924 2666 2991 τήσεται
2691 2938 2705 2953 '
2748 2923 2845 2976 νῦν
2877 2925 2933 2977 δὲ
2961 2926 3073 2988 τοῖς
3103 2926 3451 2995 τελουμένοις
3466 2927 3907 2998 -λειτουργῶμεν,
3940 2930 4043 2985 καὶ

2442 3013 2512 3067 τὰ.
2549 3015 2747 3085 συνεχῆ
2778 3019 2844 3087 τῇ
2876 3015 3119 3088 λιτανείᾳ
3147 3019 3579 3090 προσάπτωμεν.

2520 3196 2637 3249 Οὐκ
2694 3195 3218 3265 (ὶπενεχθήσονται
3290 3199 3576 3267 παρθένοι
3636 3202 4001 3273 προσᾴδοντες
4023 3222 4039 3239 ν

2447 3288 2607 3341 τοῦτο
2638 3289 2746 3359 γὰρ
2794 3290 2965 3344 πάλαι
2995 3291 3334 3361 προέψαλλες
3366 3294 3588 3365 Οεωρῶν
3613 3313 3625 3326 ο
3661 3297 3775 3349 ἀλλ’
3812 3298 3923 3351 ίδού
3974 3316 4039 3352 σε

2450 3380 2710 3448 παρθένοι
2735 3384 2793 3433 ἐν
2820 3381 3142 3449 ἀγαλλιάσει
3174 3386 3627 3455 περιχορεύουσαι
3650 3385 3738 3441 οἷα
3766 3388 4042 3457 βασιλίδος

2448 3474 2527 3535 εἰς
2556 3473 2681 3525 ναὸν
2708 3474 2984 3539 Βασιλέως
3014 3477 3284 3549 ἀπιούσης
3317 3482 3668 3549 προάγουσιν.
3702 3483 3827 3537 Ἰδού
3860 3500 3920 3537 σε
3959 3484 4041 3549 ὡς

2447 3567 2674 3622 ἄσπιλον
2710 3567 2878 3639 ἱερὸν,
2916 3569 2996 3632 εἰς
3028 3568 3121 3622 τὸν
3170 3569 3312 3623 Θετον
3347 3572 3720 3643 προσεξέρουσι
3766 3574 4038 3645 Θάλαμον.

2462 3659 2592 3713 Ἰδού
2640 3677 2700 3713 σε
2729 3663 2830 3732 τὴν
2863 3660 3126 3728 οεὸφυτον
3160 3664 3316 3732 ῥίζαν
3359 3661 3429 3735 ἦς
3466 3666 3864 3735 ἀναδλαστήσει
3901 3669 4042 3724 κλάο

2446 3752 2556 3818 60;,
2594 3748 2657 3808 οὗ
2689 3754 2795 3807 ὑπὸ
2843 3754 2942 3823 τὴν
2972 3755 3132 3808 σκιὰν
3161 3756 3229 3809 τὰ
3279 3758 3495 3827 πέρατα
3535 3760 3936 3829 ἀναπαύσεται,
3977 3764 4042 3819 ὲν

2446 3845 2524 3916 τῷ
2547 3848 2649 3917 τῆς
2687 3845 2846 3915 δόξης
2879 3846 3107 3916 λειμῶνι
3134 3848 3625 3915 καταφυτεύουσιν.
3678 3852 3807 3906 Ἰδού
3845 3870 3905 3907 σε
3933 3854 4041 3926 τὴν

2446 3941 2624 4011 χαράν
2651 3942 2746 3994 τοῦ
2774 3941 2966 4009 γένους
2991 3944 3468 4013 περιχορεύουσαι,
3502 3949 3583 4009 εἰς
3614 3948 3707 4002 τὸν
3737 3949 3837 4019 τῆς
3860 3952 4041 4019 ἀγαλ-

2447 4031 2681 4097 λιάσεως
2720 4032 2885 4086 τόπον
2938 4033 3258 4098 οἰκίζουσιν.
3295 4036 3481 4089 Ταῦτα
3522 4039 3620 4108 μὲν
3648 4040 3742 4093 ἐπὶ
3774 4042 3869 4095 τοῦ
3890 4060 4041 4115 παρα

2446 4126 2599 4188 όντος
2659 4125 2759 4195 τῆς
2793 4125 2894 4196 σῆς
2925 4126 3187 4197 προοίμια
3220 4131 3393 4197 χαρᾶς
3420 4145 3432 4158 ·
3470 4132 3664 4202 μικρὸν
3697 4134 3753 4188 δὲ
3780 4133 4038 4207 ὕστερον,

2445 4216 2753 4287 τελεώτερά
2782 4234 2865 4270 σοι
2899 4218 2968 4271 τὰ
3002 4220 3324 4289 χαρμόσυνα
3354 4225 3556 4293 κομιεῖ,
3589 4227 3617 4277 ὁ
3650 4224 3741 4289 σὸς
3773 4228 3832 4294 ἐξ
3863 4229 4041 4300 οὖρα-

2446 4309 2539 4363 νοῦ
2572 4310 2947 4380 νυμφοστὸλος
2975 4326 2988 4341 ·
3023 4310 3243 4365 ἐπειδάν
3277 4329 3360 4366 σοι
3386 4317 3454 4385 τῇ
3482 4319 3900 4391 κεχαριτωμένη
3933 4322 4041 4392 τὴν

2447 4402 2622 4472 χαράν
2654 4402 2774 4473 ἥξει
2806 4402 3029 4474 μηνύων
3052 4420 3065 4435 ο
3100 4403 3322 4457 ἐπειδάν
3357 4422 3441 4458 σοι
3472 4409 3610 4477 μετά
3650 4408 3741 4461 σού
3773 4406 3913 4463 εἶναι
3942 4413 4041 4465 τὸν

756 4508 835 4561 tio
884 4515 1068 4559 lCt'lllll
1104 4517 1229 4557 eum
1281 4515 1406 4555 esse
1438 4498 1623 4559 dicet,
1657 4499 1748 4567 qui
1778 4498 1981 4569 ubique
2011 4502 2201 4556 adest:
2252 4500 2341 4556 ille

2449 4493 2729 4566 πανταχοῦ
2752 4494 2996 4565 παρόντα
3018 4496 3433 4564 εὐαγγελίσεται
3453 4512 3467 4527 ⁸
3493 4500 3863 4570 νυμιξοστόλος
3888 4505 4042 4557 ἐκεῖ·

757 4602 1023 4670 inquam,
1070 4595 1394 4667 prunubus,
1436 4591 1531 4662 qui
1586 4592 1847 4646 abstruso
1892 4592 1971 4646 illi
2021 4593 2342 4649 ministrans

757 4693 1051 4765 mysterio,
1095 4703 1315 4757 germen
1365 4686 1463 4740 tibi
1515 4684 1727 4754 absque
1768 4686 1981 4740 semine
2028 4687 2340 4752 nuntiabit;

756 4786 849 4852 qui
876 4783 999 4838 Filii
1030 4784 1147 4835 sine
1174 4791 1348 4851 patre,
1383 4778 1884 4844 universorumque
1912 4778 2180 4843 parentis,
2217 4794 2344 4849 par—

758 4886 873 4930 tum
906 4883 1173 4943 occupatu
1201 4870 1479 4940 pmconio
1509 4865 1884 4935 signiﬁcabit:
1916 4865 2064 4933 Filii,
2090 4868 2340 4938 inquam,

758 4970 850 5037 qui
886 4982 1032 5022 mmc
1056 4967 1203 5020 velut
1230 4971 1535 5018 aromatum
1554 4960 1984 5014 suaveolentiam
2011 4962 2339 5027 concilians,

761 5065 948 5126 postea
979 5054 1089 5108 tuis
1119 5069 1181 5106 ex
1221 5052 1422 5106 lumbis
1453 5052 1714 5121 prodicns
1734 5092 1750 5117 ,
1787 5052 2053 5121 unguenti
2089 5051 2340 5121 fragran-

759 5150 890 5201 tiam
923 5148 975 5200 in
1006 5148 1195 5209 orbem
1238 5146 1555 5201 universum
1582 5143 1854 5199 diﬂ'undet
1889 5162 1902 5197 :
1948 5144 2043 5213 qui
2073 5159 2220 5198 nunc
2252 5158 2341 5198 sa-

760 5253 916 5293 crum
946 5236 1130 5292 ﬂorem
1169 5239 1221 5290 in
1251 5252 1349 5291 sua
1382 5236 1654 5305 recipiens
1682 5235 1868 5299 domo,
1893 5235 2124 5305 posthac
2153 5236 2223 5291 ab
2244 5237 2342 5295 .in-

760 5340 909 5385 tacto
939 5342 1033 5384 tuo
1067 5337 1222 5383 utero
1249 5327 1546 5383 elliorebit.

834 5424 924 5488 At,
957 5421 1141 5492 Virgo,
1165 5429 1367 5475 nostrm
1380 5418 1636 5490 gloriatio
1660 5417 1856 5471 salutis
1881 5460 1895 5483 ,
1913 5432 2034 5487 qua:
2059 5425 2111 5472 et
2130 5433 2343 5473 sacram

761 5514 847 5572 ἐἰς
901 5515 1095 5569 sortita
1150 5514 1607 5584 generationem,
1664 5510 2048 5578 sacratiusque
2105 5512 2346 5565 euutrita

767 5604 939 5659 fueris
968 5619 1031 5658 ac
1060 5604 1307 5657 inst:tata
1335 5618 1349 5665 ;
1399 5602 1451 5656 iu
1487 5613 1591 5669 qua
1621 5598 1735 5667 spei
1771 5607 1969 5650 uostrm
1993 5598 2127 5653 lixas
2151 5600 2350 5655 ancho-

772 5713 860 5752 ras
881 5697 1168 5760 babemus,
1207 5704 1319 5750 tum
1356 5708 1477 5764 ego,
1510 5703 1623 5746 tum
1658 5704 1815 5760 quem
1848 5690 2179 5758 pascendum
2210 5707 2347 5747 con-

2446 4607 2557 4654 νος,
2580 4589 2639 4651 ὃς
2666 4588 2745 4659 τῷ
2776 4590 3082 4659 ἀποκρύφῳ
3106 4589 3374 4643 διακονῶν
3405 4593 3709 4664 μυστηρίῳ,
3736 4594 3834 4665 τὴν
3862 4594 4042 4651 ἄσποο

2445 4683 2536 4753 ρον
2560 4698 2637 4735 σοι
2666 4681 2899 4752 βλάστην
2925 4680 3227 4749 ἀπαγγελεῖ
3253 4699 3264 4711 ·
3297 4681 3354 4745 ὃς
3379 4684 3472 4736 τοῦ
3504 4685 3777 4756 ἀπάτορος
3810 4688 4037 4753 Παιδὸς,

2443 4776 2537 4828 καὶ
2567 4775 2770 4843 γονέως
2798 4774 2906 4825 τῶν
2941 4772 3102 4837 ὅλων,
3135 4774 3227 4827 τὸν
3254 4776 3413 4828 τόκον
3449 4793 3734 4847 προανακη
3747 4779 3893 4847 ρύξει
3918 4797 3935 4811 ο
3978 4781 4040 4845 ὃς

2439 4868 2534 4921 νῦν
2570 4868 2761 4936 ῶσπερ
2796 4866 3104 4938 ἀρωμάτων
3125 4867 3379 4937 εὐοδμίαν
3416 4868 3862 4939 οἰκειωσάμενος,
3896 4889 4036 4939 μετ-ν

2444 4960 2639 5014 έπειτα
2699 4959 2809 5012 τῶν
2858 4961 2968 5013 σῶν
3003 4959 3210 5029 προῖὼν
3243 4959 3507 5027 λαγόνων,
3540 4962 3621 5022 εἰς
3645 4961 3745 5031 τὴν
3774 4963 4035 5033 οἰκουμέ-

2447 5067 2546 5119 νην
2571 5049 2670 5120 τὴν
2701 5048 2977 5119 μυρωδίαν
3006 5049 3210 5118 διαχεεῖ
3229 5062 3242 5075 ’
3279 5048 3336 5112 ὃς
3369 5048 3465 5100 νῦν
3493 5048 3554 5100 τὸ
3585 5049 3729 5117 ἱερὸν
3759 5048 3920 5111 ἀνοός
3954 5051 4037 5112 εἰς

2448 5142 2539 5196 τὸν
2572 5140 2769 5195 ἑαυτοῦ
2798 5140 3196 5210 ἀποδεχόμενος
3230 5136 3399 5205 οἷκον,
3431 5141 3570 5211 μετὰ
3598 5141 3774 5195 ταῦτα
3803 5143 3901 5211 τῆς
3935 5142 4037 5212 σῆς

2448 5234 2729 5302 ἀνεπὰφου
2764 5232 2989 5301 ἀνθήσει
3022 5230 3251 5293 κοιλίας.

2526 5413 2707 5477 Ἀλλὰ,
2729 5413 2995 5485 Παρθένε,
3029 5412 3129 5483 τῆς
3156 5413 3315 5484 ἡμῶν
3339 5414 3612 5486 σωτηρίας
3640 5415 3700 5467 τὶ
3729 5416 3993 5486 καύχημα
4024 5431 4038 5444 ⁸

2444 5509 2476 5569 ή
2506 5507 2746 5576 λαχοῦσα
2776 5507 2873 5577 μὲν
2902 5506 3002 5576 τὴν
3035 5508 3250 5574 γένεσιν
3284 5507 3436 5577 ἱεράν
3460 5524 3472 5537 ·
3502 5507 3800 5577 ίερωτέρας
3820 5508 3879 5562 δὲ
3900 5509 4055 5581 ἀνα-ν

2451 5600 2697 5670 θρέψεως
2730 5601 2824 5653 καὶ
2852 5599 3077 5670 ἀγωγῆς
3098 5616 3111 5630 ·
3147 5599 3232 5668 ἐφ’
3339 5599 3449 5654 τῶν
3482 5602 3768 5673 ἡμετέρων
3806 5601 4044 5657 ἐλπίδων

2452 5694 2551 5757 τὰς
2601 5691 2850 5763 ἀγκύρας
2897 5690 3188 5765 ἀνέχομεν,
3244 5690 3357 5761 ἐγώ
3408 5710 3468 5747 τε
3509 5694 3604 5748 καὶ
3638 5694 3667 5748 ὃ
3727 5694 4047 5765 ποιμαίνειν

845 5874 888 5905 ¹¹⁵
920 5872 1076 5929 l‘rov.
1109 5872 1373 5933 “13.29.
1420 5890 1527 5929 sec.
1568 5871 1728 5930 LVX.
1832 5874 1868 5905 ’τ’
1900 5872 1939 5926 11
1969 5870 2101 5938 lleg.
2137 5872 2312 5934 “1,2.

2468 5872 2612 5929 Psal.
2647 5887 2762 5938 ιιν,
2812 5872 2893 5927 16.
