4224 6444
209 389 275 455 21

940 400 1221 459 ORATIO
1247 400 1358 459 III.
1396 426 1464 437 -
1505 401 1588 463 IN
1633 403 1694 463 Β.
1724 402 1989 463 ΜΛΠΒΕ
2042 402 2751 464 ΛΝΝΠΝΤΙΛΤΙΟΝΕΜ.

3407 401 3481 465 2‘2

206 505 419 569 ἔδωκας
461 506 733 575 ποίμνιον,
762 505 902 559 δίδου
946 508 1044 577 μὲν
1071 508 1220 576 ἡμᾶς
1259 508 1356 578 τῆς
1388 511 1664 583 ἁμαρτίας
1692 512 1783 566 τοῦ

1890 512 2172 568 credidisti
2206 528 2447 582 gregem,
2476 520 2675 582 praesta
2709 510 2891 571 nobis,
2926 519 2985 563 ut
3015 510 3225 578 peccati
3261 519 3473 567 tumen-

205 595 477 658 κλύδωνος
528 598 832 666 περιεῖναιο
866 597 1014 666 δοίης
1065 600 1122 651 δὲ
1166 599 1263 652 καὶ
1291 598 1394 669 τῆς
1438 601 1547 656 τῶν
1582 603 1791 673 ἐχθρῶν

200 689 523 755 τρικυμίας,
551 687 655 758 ὅση
682 704 742 741 τε
760 688 1099 757 ἀλλοφύλων,
1126 690 1222 743 καὶ
1248 692 1347 762 ὅση
1377 691 1485 745 τῶν
1509 693 1790 763 ὁμογενῶν

200 782 568 836 ἐπανίσταται
595 798 610 812 ’
648 783 743 836 καὶ
769 782 869 853 τὴν
900 782 1001 853 σὴν
1033 784 1375 854 προστασίαν
1402 781 1491 841 οἷα
1525 786 1788 857 πηδάλιον

199 876 339 944 ἡμῖν
366 875 647 940 ἐπιδοῦσα,
669 876 917 940 ἅπαντας
945 877 1041 931 καὶ
1071 877 1538 947 κυϐερνωμένους,
1570 879 1665 933 καὶ
1694 878 1788 932 τὸν

196 962 242 1033 ᾧ
275 966 378 1036 τὴν
428 967 761 1038 κυϐέρνησιν
790 968 1151 1039 ἐνεχείρισας,
1189 971 1268 1032 είς
1298 969 1391 1023 τὸν
1418 968 1670 1040 ἀκύμονα
1709 971 1790 1024 λι-

200 1059 344 1129 μένα
365 1059 463 1113 τοῦ
493 1060 624 1114 Υἱοῦ
671 1078 768 1114 σου
802 1061 1141 1132 καθόρμισον
1170 1076 1183 1090 ·
1217 1062 1347 1115 ἔνθα
1386 1063 1537 1116 πᾶσα
1564 1064 1791 1135 φαιδρό-

194 1167 321 1219 της,
349 1151 445 1204 καὶ
468 1152 810 1223 χαρμοσύνη,
833 1154 928 1206 καὶ
952 1154 1138 1217 ἄνεσις
1160 1172 1173 1185 ·
1202 1154 1331 1208 ἔνθα
1354 1154 1574 1209 πάντων
1601 1157 1792 1227 ἐορτα-

196 1239 404 1304 ζόντων
435 1242 463 1293 ὁ
481 1239 634 1314 ἦχος,
659 1245 756 1297 καὶ
781 1244 1000 1298 πάντων
1020 1245 1464 1317 εὐφραινομένων
1490 1249 1746 1300 κατοικία
1772 1262 1787 1278 ο

194 1333 256 1385 ἐν
285 1335 511 1406 Χριστῷ
554 1335 729 1404 Ἰησοῦ
756 1335 831 1406 τῷ
862 1337 1050 1407 Κυρίῳ
1078 1338 1255 1407 ἡμῶν,
1282 1330 1327 1405 ᾧ
1351 1338 1448 1390 σὺν
1476 1337 1554 1407 τῷ
1586 1338 1783 1407 Πατρὶ,

194 1425 315 1493 ἅμα
343 1425 427 1495 τῷ
456 1426 596 1495 ἁγίῳ
628 1428 930 1497 Πνεύματι,
954 1428 1103 1494 δόξα,
1125 1429 1348 1497 κράτος,
1371 1429 1529 1500 τιμὴ,
1567 1428 1663 1482 νῦν
1691 1430 1787 1482 καὶ

194 1517 275 1579 είς
303 1517 436 1580 τοὺς
469 1518 672 1582 αἰῶνας
700 1517 809 1572 τῶν
839 1516 1074 1574 αἰώνων.
1130 1520 1322 1591 ’Δμήν.

834 1656 1055 1710 ΛΟΓΟΣ
1088 1655 1162 1710 Γ¹.

191 1783 300 1849 Εἰς
333 1784 445 1836 τὸν
458 1859 473 1860 7
482 1783 942 1860 Εὐάγγελισμὸν
958 1824 974 1848 ,
990 1855 1001 1860 _
1019 1785 1120 1860 ὅτε
1141 1856 1149 1860 _
1155 1787 1350 1854 χαρὰν
1384 1790 1785 1860 enarra/liam

446 1855 787 1924 Παρθένος,
825 1854 925 1909 καί
969 1855 1008 1925 ἡ
1048 1855 1164 1924 ἀρὰ
1201 1854 1523 1928 κατελύθηξ

1900 611 1983 658 tes
2012 618 2338 672 superemus
2372 601 2605 665 ﬂuctus;
2653 609 2850 670 praesta
2882 616 3033 663 vero,
3069 612 3124 655 ιιι
3149 611 3198 655 et
3234 602 3475 658 hostium

1899 695 2168 765 procellas
2198 693 2507 755 eludamus,
2527 692 2571 746 si
2601 707 2721 760 qua:
2744 701 2858 744 tum
2886 693 3165 745 extraneis
3203 694 3478 759 hostilms,

1896 796 2009 842 tum
2037 786 2359 841 domesticis
2385 784 2736 848 excitantur;
2773 792 2922 835 luam
2956 784 3354 850 protectiouem
3390 800 3480 853 gu-

1895 878 2177 932 bernaculi
2228 879 2403 930 instar
2458 875 2837 944 prieteudens,
2893 874 3184 929 universos
3228 883 3340 927 tum
3382 878 3475 944 qui

1891 970 2290 1039 gubernantur,
2312 980 2425 1025 tum
2452 972 2630 1041 ipsum
2656 975 2745 1026 cui
2775 976 3099 1030 commisisti
3137 974 3479 1044 gubernandi

1890 1072 2071 1134 partes
2093 1103 2107 1125 ,
2136 1064 2189 1116 in
2224 1064 2579 1132 tranquillum
2646 1062 2765 1118 Filii
2800 1067 2874 1119 tui
2908 1076 3121 1136 portmn
3165 1066 3437 1119 sulnlueas
3462 1106 3477 1127 ,

1895 1156 1982 1211 ubi
2014 1157 2201 1209 laetitia
2243 1158 2459 1218 omnis,
2500 1159 2874 1227 gaudiumque
2900 1197 2915 1220 ,
2972 1174 3033 1211 ac
3064 1159 3348 1221 remissio;
3387 1157 3476 1209 uti

1890 1251 2136 1304 omnium
2169 1250 2507 1318 epulantium
2540 1265 2731 1314 sonus,
2766 1252 3119 1318 omniunnpie
3163 1253 3466 1303 lzetantiuai

1896 1341 2157 1394 habitatio
2186 1356 2196 1389 :
2222 1342 2275 1393 in
2308 1340 2529 1394 Christo
2557 1340 2684 1394 Jesu
2723 1341 2953 1393 Domino
2982 1350 3199 1402 nostro,
3236 1342 3322 1393 cui
3355 1356 3478 1391 cum

1894 1430 2075 1492 Patre,
2111 1446 2329 1498 unaque
2363 1431 2573 1498 Spiritu
2611 1444 2824 1495 saneto,
2860 1432 3054 1499 gloria,
3096 1441 3355 1499 potestas,
3382 1433 3469 1482 bn-

1896 1538 2017 1589 nnr,
2055 1536 2201 1576 nunc
2224 1532 2277 1576 et
2313 1523 2366 1575 in
2400 1525 2602 1577 saecula
2637 1526 2991 1577 swculorum.
3028 1523 3231 1577 Amen.

2484 1657 2743 1713 ORATIO
2805 1659 2894 1712 111.

1900 1790 1966 1845 In
1998 1792 2471 1844 Annuntiationem
2498 1834 2511 1855 ,
2552 1793 2765 1861 quando
2812 1793 2967 1861 Virgo
3016 1793 3253 1861 {austum
3298 1795 3480 1862 gaudii

1970 1864 2207 1915 nuntium
2238 1868 2456 1932 (recepit,
2492 1880 2554 1917 ac
2584 1864 2886 1917 maledictio
2911 1864 3173 1918 dissoluta
3198 1876 3272 1919 est
3298 1866 3396 1935 (Si).

1450 1976 1757 2047 (Constans.
1788 1975 1825 2030 l.
1864 1990 1914 2030 ο.
1943 1992 1995 2045 p.
2028 1975 2213 2045 165:2.)

271 2088 335 2139 Ὅ
355 2084 470 2139 τῶν
498 2104 573 2139 πα
582 2085 846 2157 ρθενικῶν
867 2087 1113 2156 λαγόνων
1134 2090 1420 2155 ἀνατείλας
1442 2091 1633 2155 Ἥλιος
1651 2093 1693 2145 Χ
1706 2109 1783 2163 ρι-

1964 2092 2067 2158 Qui
2099 2109 2162 2147 ex
2195 2091 2461 2161 virgineis
2507 2091 2599 2145 Sol
2629 2092 2935 2147 visceribus
2977 2092 3184 2154 oriens,
3218 2092 3474 2148 Christus

186 2181 316 2243 στδς
356 2183 386 2234 ὁ
414 2179 579 2245 Θεὸς,
621 2181 714 2234 καὶ
744 2181 986 2253 σήμερον
1015 2182 1077 2236 τὸ
1116 2184 1385 2256 ἡμέτερον
1413 2185 1515 2255 τῆς
1556 2186 1784 2256 καρδίας

182 2273 507 2343 διαλάμψας
534 2272 756 2344 χωρίον,
786 2269 878 2327 οἷά
905 2292 1024 2327 τινα
1053 2274 1189 2347 ἄνθη
1225 2278 1351 2340 τούς
1380 2277 1575 2347 λόγους
1599 2278 1784 2332 δίδωσι

184 2368 384 2437 φέρειν
408 2367 538 2436 ὑμῖν
563 2368 610 2418 ⁸.
644 2367 754 2419 Καί
788 2384 900 2438 μοι,
928 2368 1180 2440 καθάπερ
1204 2368 1485 2440 παλάμας,
1508 2370 1608 2434 τὰς
1644 2387 1781 2440 καρ-

182 2460 327 2522 δίας,
367 2460 432 2512 ἂν
461 2461 569 2527 ἄρα
595 2476 647 2512 τι
672 2460 946 2530 χρήσιμον
971 2460 1182 2531 ὀρῲητε
1205 2461 1632 2531 ἀπανθιζόμενοι
1665 2464 1777 2517 δια·

184 2553 447 2605 πλώσατε
472 2569 488 2583 °
521 2552 645 2623 Θεῷ
673 2554 773 2624 τὴν
805 2553 967 2624 χάριν
1000 2554 1387 2626 ἀντιφέροντες
1410 2598 1424 2620 ,
1458 2558 1588 2626 παρ’
1623 2549 1685 2608 οὐ
1714 2556 1784 2610 τὰ

184 2645 461 2699 κάλλιστα
483 2648 637 2715 κοινῇ
662 2646 956 2716 τρυγῶμεν
982 2661 995 2676 ⁸
1020 2644 1178 2699 τοῦτο
1201 2646 1299 2715 μέν
1320 2646 1594 2714 ἑλομένοις
1617 2648 1783 2717 τιμᾷν

182 2739 288 2809 τὴν
314 2738 629 2809 πανήγυριν
651 2753 665 2767 ·
685 2738 843 2790 τοῦτο
864 2737 907 2790 δ’
930 2740 1155 2806 ἀφοσιου
1166 2737 1347 2808 μένοις
1367 2737 1469 2791 τὸν.
1483 2737 1618 2810 πρὸς
1642 2738 1784 2807 ὑμᾶς

184 2831 483 2899 ἐγκάρδιον
506 2831 605 2899 τῆς
657 2830 1040 2900 πνευματικῆς
1088 2830 1312 2900 ἀγάπης
1354 2829 1553 2897 ἔρωτα.
1618 2829 1784 2882 ’Λλλά

184 2917 352 2989 δεῦρό
384 2935 496 2989 μοι,
526 2918 823 2987 δημαγωγέ
848 2918 959 2972 τῶν
991 2920 1106 2973 ἄνω
1139 2918 1350 2991 δήμων,
1367 2919 1467 2983 τὰς
1500 2921 1783 2990 οὐρανίους

186 3011 387 3079 ἀψίδας
402 3010 740 3079 καταλιπὼν,
759 3014 826 3083 τῇ
854 3012 1117 3082 Παρθένῳ
1132 3012 1189 3065 λε
1200 3013 1309 3066 ιτού
1319 3028 1541 3083 ργησον.
1565 3012 1784 3078 Ἔξεστί

188 3119 273 3155 σοι
300 3102 412 3172 γὰρ
437 3102 534 3154 καὶ
554 3101 648 3155 νῦν
672 3103 773 3156 οὐκ
801 3105 881 3165 εἰς
905 3101 1161 3171 Ναζαρὲτ
1188 3103 1472 3156 ἐπιστάντι
1509 3101 1785 3172 Ἰουδαῖκῷ

188 3194 403 3265 χωρίῳ,
440 3194 555 3247 ἀλλ’
607 3195 682 3258 ὡς
731 3194 950 3265 ἀληθῶς
981 3197 1039 3248 ἐν
1082 3198 1148 3264 τῇ
1187 3195 1342 3248 πόλει
1384 3194 1480 3248 τοῦ
1512 3194 1784 3258 Βασιλέως

189 3287 426 3357 Κυρίου,
457 3286 520 3340 τὸ
564 3288 710 3340 θεῖον
747 3289 915 3341 αὐτοῦ
948 3289 1046 3357 τῆς
1083 3287 1242 3357 δόξης
1280 3289 1583 3357 ἀνάκτορον
1614 3304 1784 3340 κατα-

191 3379 413 3447 στέφειν
444 3383 564 3443 ταίς
593 3380 913 3449 εὐφημίαις.
954 3381 1193 3450 Πάρεστί
1226 3396 1306 3432 σοι
1341 3379 1430 3433 καὶ
1456 3378 1551 3433 νῦν
1582 3382 1647 3449 τῇ
1675 3394 1784 3431 πα-

1892 2186 2058 2246 Deus.
2087 2185 2358 2253 hodieque
2388 2186 2563 2238 nostri
2623 2185 2813 2239 cordis
2848 2184 3127 2253 regionem
3157 2186 3479 2250 illustravit,

1891 2278 2049 2349 quasi
2085 2275 2250 2330 liores
2281 2277 2570 2344 quosdam,
2615 2275 2933 2329 orationem
2962 2274 3213 2344 proferre
3245 2277 3480 2344 tribuit;

1890 2372 2165 2441 velimque
2212 2378 2267 2424 ut
2312 2385 2410 2424 vos
2479 2377 2700 2439 pectora
2749 2372 2926 2423 instar
2959 2384 3224 2422 mannmn
3268 2371 3335 2423 ad
3382 2369 3481 2424 de-

1888 2462 2221 2533 ccrpeudum
2257 2463 2576 2530 explicetis,
2629 2460 2673 2516 si
2713 2460 2843 2530 quid
2901 2460 3248 2514 conducibile
3309 2476 3471 2530 aspe-

1896 2557 2010 2610 ctui
2049 2565 2345 2619 occurrat;
2380 2554 2491 2608 Deo
2528 2552 2995 2621 vieissimgratias
3025 2560 3270 2618 agentes,
3309 2567 3337 2604 a
3370 2568 3479 2621 quo

1894 2648 2264 2716 pulcherrima
2294 2660 2524 2714 quaeque
2551 2643 2833 2697 communi
2883 2657 3048 2697 usura
3091 2644 3439 2711 decerpimus
3461 2660 3479 2697 :

1893 2736 2107 2797 tribuit,
2140 2736 2388 2805 inquam,
2427 2749 2535 2804 qua
2579 2743 2638 2787 ut
2669 2734 3073 2788 solemnitatem
3115 2733 3327 2787 honore
3356 2749 3481 2803 pro-

1890 2844 2229 2899 sequamur,
2261 2842 2367 2897 qua
2404 2835 2465 2879 ut
2503 2827 2770 2896 spiritalis
2820 2826 3133 2879 dilectionis
3158 2865 3171 2884 .
3206 2828 3379 2880 nostri
3420 2828 3474 2883 in

1890 2936 1987 2975 vos
2010 2961 2024 2984 ,
2055 2920 2205 2974 cordi
2251 2920 2506 2974 lirerentis
2536 2920 2764 2982 amoris,
2794 2918 3041 2972 debitum
3074 2920 3478 2986 persolvamus.

1892 3013 2091 3069 Verum
2141 3014 2746 3080 atlesto,supernorum
2798 3010 3125 3079 populorum
3184 3012 3378 3063 ductor
3412 3025 3479 3066 ac

1892 3108 2188 3177 princeps;
2238 3105 2558 3174 relictisque
2605 3103 2926 3158 cmlestibus
2984 3103 3211 3168 axibus,
3269 3101 3481 3174 Virgini

1893 3198 2259 3253 ministerium
2303 3195 2576 3266 impende.
2614 3194 2750 3247 Nam
2800 3201 2852 3246 et
2883 3194 3043 3245 modo
3074 3194 3171 3246 tibi
3216 3193 3343 3246 licet
3370 3236 3382 3257 ,
3420 3203 3479 3246 ut

1893 3308 1998 3344 non
2041 3292 2093 3344 in
2142 3290 2451 3354 Nazareth,
2501 3286 2785 3340 Judaicam
2838 3284 3055 3338 delatus
3088 3288 3469 3353 provinciam,

1891 3381 1984 3435 sed
2020 3389 2077 3434 ut
2106 3383 2350 3449 prol'celo
2384 3381 2437 3432 in
2472 3379 2633 3446 Regis
2675 3375 2890 3429 Domini
2974 3375 3252 3429 civitatem
3276 3418 3296 3440 ,
3336 3376 3479 3429 divi-

192 3472 347 3526 στάδι
378 3472 473 3525 τοῦ
506 3473 847 3541 Μονογενοῦς
887 3475 1235 3543 προσφωνεῖν
1280 3473 1379 3542 τὴν
1422 3471 1629 3541 χαρὰν,
1678 3472 1778 3540 ἦν,

1888 3489 2015 3527 ιιιιιιι
2049 3473 2167 3539 ejus
2199 3472 2387 3541 gloria:
2417 3472 2677 3538 templum
2740 3465 2934 3519 faustis
2988 3467 3481 3523 acclamationibus

191 3564 362 3618 πάλαι
390 3565 531 3636 αὐτῇ
562 3565 1087 3634 εὐαγγελιζόμενος’,
1127 3564 1329 3636 μᾶλλον
1365 3564 1443 3625 δὲ,
1473 3563 1541 3616 δι’
1566 3562 1781 3631 ἐκείνης

191 3657 380 3727 ἁπάσῃ
503 3658 820 3730 οἰκουμένῃ,
851 3658 1108 3725 ἐϐόησας.
1138 3657 1253 3709 Νῦν
1287 3656 1522 3727 μάλιστα
1550 3655 1783 3724 διαπρύ-

191 3763 306 3799 σιον
330 3745 406 3814 τῇ
434 3748 878 3817 κεχαριτωμένη
913 3747 970 3799 τὸ
1002 3746 1197 3814 Χαῖρε,
1226 3747 1369 3811 εἰπὲ,
1400 3747 1468 3800 δι’
1496 3742 1566 3816 ἧς
1599 3749 1626 3800 ὁ
1650 3745 1783 3809 Θεὸς

190 3837 287 3889 καὶ
319 3838 533 3908 Πατὴρ,
569 3838 603 3891 ἂ
630 3838 735 3907 πρὸ
763 3837 871 3890 τῶν
895 3838 1107 3891 αἰώνων
1141 3836 1489 3907 βεϐούλευται
1508 3877 1522 3901 ,
1554 3836 1651 3906 τὴν
1675 3834 1783 3888 τῶν

189 3928 502 4000 ἀνθρώπων
525 3929 875 4000 καταλλαγὴν
895 3970 910 3994 ,
934 3930 1201 4000 ἐπιδημίᾳ
1220 3928 1315 3982 τοῦ
1337 3927 1624 3999 ἀγαπητοῦ
1648 3928 1781 3982 Υίοῦ

188 4023 248 4074 ἐν
277 4022 422 4091 ἁγίῳ
461 4022 740 4091 Πνεῦματι
794 4021 1163 4093 ἐξεπλήρωσε.
1207 4021 1378 4076 Πάλαι
1420 4021 1528 4091 γὰρ
1586 4020 1684 4090 μὲν
1715 4019 1782 4073 δι’

191 4111 433 4179 ὑποψίας
474 4111 645 4164 ὄντων
670 4114 734 4182 τῇ
765 4112 1028 4182 Παρθένῳ
1057 4111 1167 4165 τῶν
1200 4111 1535 4180 εὐαγγελίων
1576 4111 1781 4181 (παρά-

185 4203 316 4267 δοξα
345 4202 455 4270 γὰρ
481 4202 631 4274 παρὰ
657 4204 836 4258 πάντα
861 4204 1017 4272 λόγον
1045 4202 1208 4273 ἐῴκει
1230 4204 1328 4274 τῆς
1357 4202 1607 4272 φύσεως)
1633 4203 1784 4265 εἰκός

190 4311 253 4346 σε
296 4293 420 4363 μεθ’
451 4294 752 4365 ὑποστολῆς
784 4296 848 4348 τὸ
880 4297 1057 4363 Χαῖρε
1084 4295 1214 4366 βοᾷν
1238 4312 1252 4326 ·
1281 4293 1377 4347 νῦν
1409 4294 1486 4357 δὲ,
1519 4293 1617 4363 τὴν
1644 4294 1783 4364 παῤ-

188 4386 389 4457 ῥησίαν
418 4384 574 4438 οὐδὲν
600 4386 994 4456 ὑποτέμνεται,
1025 4386 1236 4439 Οὐκοῦν
1264 4385 1325 4438 οὐ
1357 4383 1779 4455 προπαράξεις,

186 4478 311 4531 οὐδὲ
372 4477 681 4549 θαμϐήσεις
728 4483 795 4551 τῇ
847 4480 1008 4551 λαλιᾷ
1057 4480 1156 4551 τὴν
1192 4480 1469 4550 Παρθένον
1494 4520 1509 4544 ,
1541 4478 1634 4531 ἐπὶ
1673 4478 1782 4530 τῶν

187 4570 543 4643 πραγμάτων
576 4571 647 4625 τὰ
684 4572 750 4625 σὰ
795 4572 1093 4642 εὐαγγέλια
1131 4570 1471 4641 καθορῶσαν.
1509 4568 1782 4640 Πρόσελοε

185 4664 282 4717 καὶ
324 4663 581 4731 φθέγξαι,
627 4664 748 4735 οὐχὶ
776 4666 847 4717 τὰ
877 4664 1082 4718 παλαιά
1118 4665 1298 4716 ἐκεῖνα
1334 4678 1349 4694 ·
1384 4662 1683 4729 suum”
1715 4661 1785 4713 ἐν

183 4753 428 4822 γαστρί,
461 4754 562 4807 καί
615 4753 756 4821 τέξῃ
786 4754 952 4807 υἱόν·
986 4753 1145 4823 ἐξέϐη
1177 4753 1285 4823 γάρ
1311 4766 1325 4783 ⁸
1366 4752 1502 4805 ἀλλὰ
1531 4753 1614 4817 τίς
1655 4753 1785 4803 Συν-

185 4839 386 4905 έλαϐες
413 4844 469 4894 ἐν
501 4844 703 4913 γαστρὶ
728 4844 819 4897 τὸν
866 4843 1269 4914 ἐπειλημμένον
1301 4844 1556 4897 ἀπάντων
1577 4859 1590 4873 ·
1640 4843 1781 4912 ἐχώ-

188 4948 395 5001 ρησας,
426 4932 485 4985 ὃν
531 4933 692 4997 κῦτος
721 4935 970 5006 οὐρανῶν
997 4936 1058 4988 οὐ
1087 4938 1258 5005 χωρεῖ
1282 4953 1295 4966 ·
1342 4936 1673 4997 ἐϐάστασας,
1716 4927 1778 4987 οὗ

184 5022 367 5074 πάντα
399 5023 729 5092 βαστάζεται
764 5025 841 5096 τῷ
869 5026 1120 5097 νεύματι.
1160 5028 1387 5091 Ἔτεκες
1417 5030 1502 5081 ἐπ’
1531 5029 1775 5095 ἐσχάτων

183 5113 296 5165 τῶν
346 5115 609 5186 ἡμερῶν,
658 5117 717 5170 ὃν
749 5119 856 5189 πρὸ
902 5118 1114 5172 αἰώνων
1152 5119 1444 5191 ἐγέννησεν
1480 5122 1508 5174 ό
1558 5121 1768 5191 Πατήρ.

262 5249 385 5281 ²¹⁶²¹
408 5248 542 5308 Luc.
576 5268 616 5320 l,
644 5254 737 5311 28.
813 5256 858 5288 ”
888 5256 998 5312 ibid
1032 5257 1125 5311 31.

1885 3580 1947 3619 ae
1986 3563 2240 3618 laudibus
2284 3578 2539 3616 corones.
2581 3560 2903 3630 Promptum
2937 3569 3052 3622 est,
3086 3569 3145 3611 nt
3174 3576 3320 3613 nunc
3346 3576 3479 3629 quo-

1886 3674 1987 3725 quo
2024 3653 2300 3723 Unigcniti
2328 3646 2581 3706 Ihalamo
2608 3652 2882 3704 aeclames
2907 3651 3051 3719 quod
3088 3650 3136 3703 ei
3171 3651 3300 3703 olim
3331 3668 3471 3703 ιιιιιι-

1885 3748 2031 3800 tiasti
2058 3787 2071 3809 ,
2105 3746 2189 3799 vel
2245 3745 2429 3814 potius
2458 3758 2555 3813 per
2585 3758 2705 3797 eam
2760 3743 3019 3797 universo
3050 3752 3321 3793 terrarum
3358 3742 3478 3795 orbi

1886 3836 2220 3893 inclamasti.
2244 3836 2399 3890 Nune
2429 3836 2666 3889 maxime
2730 3835 2877 3887 clara
2921 3848 2982 3887 ac
3016 3834 3337 3902 penetrabili
3379 3848 3476 3885 vo-

1882 3948 1942 3987 ce
1967 3972 1982 3996 ,
2014 3933 2061 3986 ei
2087 3932 2251 3985 dicito
2287 3931 2412 3993 Ave,
2441 3944 2561 3997 quae
2582 3928 2797 3982 exsistit
2835 3929 3007 3995 gratia
3023 3928 3173 3992 plena
3204 3927 3345 3989 ’¹·¹²,
3383 3939 3479 3994 per

1883 4040 2047 4091 quam
2100 4021 2241 4076 Deus
2288 4036 2352 4075 ac
2382 4021 2583 4079 Pater,
2623 4035 2745 4087 qme
2778 4020 2994 4073 sterulis
3027 4018 3285 4071 anteriori
3332 4033 3468 4071 con-

1884 4115 2011 4168 silio
2064 4121 2378 4173 statuerat,
2425 4111 2704 4163 hominum
2758 4111 3014 4163 videlicet
3064 4108 3476 4162 reconciliatio-

1884 4219 2029 4266 nem,
2053 4205 2287 4258 adventu
2322 4203 2641 4256 charissimi
2676 4200 2797 4254 Filii
2827 4202 2936 4264 sui,
2957 4203 3010 4254 in
3044 4200 3251 4268 Spitilll
3280 4210 3475 4253 sancto

1883 4294 2219 4363 alimplevit.
2272 4291 2414 4345 Olim
2469 4292 2695 4361 quidem
2751 4306 2875 4343 cum
2939 4290 3155 4343 faustus
3201 4290 3471 4355 ejusmodi

1885 4385 2111 4439 nuntius
2149 4382 2356 4449 Virgini
2389 4391 2690 4449 suspectus
2722 4388 2869 4433 esset
2897 4396 2911 4441 ;
2941 4394 3117 4432 novus
3145 4384 3370 4448 qu‘ppe,
3409 4394 3474 4432 ac

1884 4484 2078 4531 contra
2102 4481 2315 4527 naturae
2338 4480 2508 4526 totam
2546 4473 2839 4532 rationem,
2865 4471 3187 4534 videbatur;
3222 4471 3473 4535 decebat,

1886 4578 1946 4623 ιιι
1972 4583 2079 4622 non
2115 4566 2237 4622 sine
2273 4565 2570 4619 formidine
2607 4568 2710 4618 Are
2758 4563 2889 4617 illud
2928 4564 3289 4617 inclamares:
3327 4579 3474 4616 nunc

1887 4670 2069 4716 autem
2117 4659 2256 4714 nihil
2301 4667 2385 4712 est
2418 4658 2563 4727 quod
2618 4658 2923 4711 libertatem
2980 4656 3263 4727 impediat.
3314 4656 3469 4710 [laud

1890 4754 2077 4822 itaque
2127 4751 2307 4805 denuo
2337 4746 2616 4818 Virginem
2662 4747 2934 4809 turbabis,
2963 4761 3063 4801 nec
3098 4749 3148 4799 in
3186 4755 3469 4814 stuporem

1884 4861 1948 4901 ex
1995 4858 2247 4900 sermone
2274 4841 2537 4909 conjicics
2560 4879 2575 4903 ,
2621 4842 2823 4910 quippe
2854 4854 2978 4893 cum
3010 4847 3202 4893 cernat
3249 4855 3309 4894 ea
3345 4854 3469 4909 qme

1883 4934 2172 4996 nuntiasti,
2196 4932 2306 5002 jam
2336 4932 2517 5001 reipsa
2560 4946 2683 4985 esse
2713 4931 3007 4998 completa.
3058 4929 3271 4984 Accede
3298 4946 3361 4984 ac
3395 4933 3472 4983 lo-

1883 5042 2072 5095 quere,
2100 5040 2209 5078 non
2246 5025 2336 5076 illa
2370 5033 2592 5077 vetera:
2631 5022 2903 5089 Concipies
2929 5023 2984 5075 in
3013 5032 3181 5087 utero,
3221 5031 3270 5074 et
3296 5024 3468 5089 paries

1879 5120 2050 5187 ﬁlium
2084 5119 2165 5170 ²³ε
2212 5116 2327 5170 haec
2373 5114 2519 5171 enim
2586 5115 2698 5184 jam
2738 5122 3038 5168 creuerunt
3073 5113 3246 5182 :quid
3299 5114 3468 5181 ergo?

1474 5370 1708 5426 VARI/8
1752 5368 2157 5426 LECTIONES.

261 5468 285 5498 ⁸
316 5459 403 5518 Ia'.
432 5465 584 5537 ἡμῖν.

1698 5532 1927 5589 NOTAE.

262 5638 341 5705 (Β)
366 5635 629 5691 Ediderat
648 5633 938 5690 Gretserus
960 5631 1250 5705 septimam
1279 5646 1293 5683 :
1327 5629 1489 5685 malui
1514 5644 1621 5705 ego
1642 5631 1758 5685 edi-

190 5702 376 5763 tarnrn
404 5708 475 5762 ab
497 5708 616 5775 ipso
643 5707 871 5774 primam
897 5718 1096 5775 novum
1117 5702 1298 5765 edere,
1319 5716 1479 5769 quem
1508 5702 1754 5755 ordinent

194 5792 381 5833 rerum
413 5774 529 5847 ipsa
558 5779 730 5831 series
760 5775 974 5828 videtur
1001 5774 1240 5847 exigrre,
1266 5781 1495 5840 excepta
1543 5780 1756 5847 tempo-

192 5863 315 5911 rum
350 5840 597 5915 ratione;
643 5847 915 5918 signiﬁcat
947 5844 1091 5900 enim
1120 5840 1225 5899 Lco
1256 5856 1449 5899 recens
1501 5843 1755 5913 adeptum

1865 5630 2154 5699 imperium
2205 5630 2306 5684 ista
2340 5643 2551 5684 orasse.
2596 5625 2836 5680 Paucula
2870 5622 3079 5699 suntin
3105 5621 3307 5699 quibus
3344 5632 3451 5671 non

1865 5692 2068 5770 pla-cuit
2101 5700 2337 5753 Gretseri
2370 5701 2571 5763 vei-sio,
2639 5710 2948 5765 quanquam
2976 5693 3191 5770 initur
3214 5692 3409 5770 doctus
3440 5704 3453 5751 ;

1865 5760 1987 5839 ipnc
2020 5772 2325 5850 ttt,_lt:t'lor,
2354 5760 2568 5827 collata
2592 5760 2886 5837 utri-usque
2948 5764 3209 5820 versione
3255 5760 3453 5817 melius

1864 5857 2170 5897 Ct‘llSllCl'lS.
