4224 6444
758 416 828 474 22
1984 412 2092 470 LE!
2114 413 2259 470 lNlS
2294 413 2749 472 PHILOSHI’UI
3932 407 4004 469 9-1

757 526 1070 595 Concepisti
1113 525 1165 579 in
1202 533 1375 587 utero,
1411 537 1472 577 ac
1496 537 1618 576 cum
1647 522 2035 591 conspicimus,
2064 528 2155 593 qui
2190 544 2335 579 enm-
2363 530 2409 587 Λ

2363 530 2409 587 Λ
2442 530 2703 597 Πρόσθες,
2736 531 2784 581 εἰ
2825 527 3028 597 βούλει,
3058 545 3153 596 την
3192 527 3477 596 ἐπαινέτην
3508 525 3597 579 τοῦ
3641 526 3857 593 γυναίου
3892 542 4007 591 φω-

765 618 1020 686 plectitur
1043 618 1223 669 omnia
1253 634 1265 666 :
1302 628 1497 681 capere
1539 615 1715 676 licuit,
1748 630 1909 680 quem
1942 618 2067 667 rudi
2097 618 2333 670 latitudo

763 726 869 762 ltutl
903 708 1048 774 capit
1076 725 1089 759 :
1149 721 1272 758 eum
1313 708 1541 774 portasti
1568 744 1581 766 ,
1615 704 1778 772 cujus
1808 707 1991 759 omnia
2044 716 2177 758 nutu
2210 724 2337 775 pm-

764 806 965 850 tantnr.
992 795 1256 863 l’eperisti
1293 794 1607 848 novissimis
1632 797 1969 863 temporibus
1999 812 2147 857 Clllll,
2174 812 2334 864 quem

765 897 889 940 ante
929 885 1125 939 saecula
1168 886 1330 938 l‘ater
1366 885 1575 953 genuit.
1630 884 1779 939 Adde
1812 926 1825 947 ,
1878 888 1921 940 si
1966 886 2133 949 libet,
2166 902 2339 941 enco-

764 975 1069 1029 n'iisticam
1114 991 1329 1043 quoque
1372 976 1519 1029 illam
1573 977 1820 1029 mulieris
1859 991 2088 1030 vocem:
2144 977 2340 1031 Beatus

766 1078 936 1120 center
969 1076 1090 1120 tuus
1117 1066 1184 1119 “.
1243 1065 1382 1122 Vere
1433 1067 1577 1121 enim
1624 1066 1815 1121 beatus
1854 1067 1945 1136 qui
1996 1083 2118 1120 eum
2185 1077 2343 1138 partu

764 1160 996 1213 ediderit
1025 1159 1120 1225 qui
1170 1160 1341 1214 verbo
1381 1160 1555 1213 edidit
1605 1162 1901 1215 universa:
1935 1159 2027 1227 qui
2061 1161 2340 1213 t-mlestem

767 1250 917 1302 illum
955 1266 1147 1318 panem
1200 1251 1418 1305 miscuit
1448 1268 1461 1315 ;
1503 1250 1662 1316 cujus
1695 1264 1892 1319 opera,
1934 1251 2216 1303 decretum
2247 1266 2343 1304 ex-

768 1344 875 1397 silii
906 1344 1172 1398 adversus
1204 1343 1585 1397 inohedicntiae
1616 1356 1739 1397 reos
1769 1344 2142 1411 conscriptmn
2168 1380 2184 1405 ,
2209 1342 2343 1396 abo-

767 1436 922 1488 litum
946 1446 1029 1491 est
1056 1452 1071 1500 ;
1118 1438 1431 1499 scitumque
1470 1434 1675 1487 factum
1703 1475 1718 1498 ,
1755 1433 1902 1501 quod
1933 1435 1998 1487 ad
2027 1436 2341 1503 primaevam

770 1528 1001 1596 patriam
1048 1527 1359 1582 revertendi
1417 1526 1651 1580 facultas
1692 1527 2109 1579 concederetur.
2156 1523 2345 1593 Neque

2431 623 2549 691 νήν-
2584 622 2860 687 Μακαριά
2889 620 2925 684 ἡ
2975 620 3173 672 κοιλία
3199 634 3335 673 σου.
3373 619 3580 679 Ὄντως
3611 617 3720 687 γὰρ
3763 613 4010 685 μακαρία

2436 712 2468 779 ἡ
2497 708 2730 761 τεκοῦσα
2756 708 2849 761 τὸν
2873 709 3210 764 ἀποτεκόντα
3234 708 3303 759 τὰ
3332 707 3512 760 πάντα
3539 707 3616 775 τῷ
3648 707 3787 773 λόγῳ
3812 721 3824 733 ·
3857 707 3890 773 ἡ
3919 704 4013 754 τὶν

2434 799 2685 869 οὐράνιον
2726 798 2889 869 ἄρτον
2915 799 3242 869 φυράσασαο
3283 800 3351 853 δι’
3380 794 3448 870 ἦς
3495 800 3528 869 ἡ
3592 799 3877 867 ὑπερόριος
3911 798 4015 848 ἀπ-

2436 890 2689 959 ήλειπται
2726 890 2911 959 γραφὴ
2961 892 3075 953 τοῖς
3095 892 3158 943 ὲκ
3195 890 3478 960 παρακοῆς
3528 888 3874 948 καταδίκοις,
3921 885 4013 937 καὶ

2448 980 2610 1033 πάλιν
2636 982 2732 1049 τῆς
2776 980 3009 1049 ἀρχαίας
3042 981 3339 1033 ἐπιϐαίνειν
3372 979 3628 1047 πατρίδος
3654 976 3871 1045 ἐγράφη
3910 976 4017 1042 ψῆ-

2449 1089 2568 1140 φος.
2626 1072 2759 1125 Οὐδὲ
2796 1072 2953 1124 τοῦτο
3004 1074 3170 1141 ἐρεῖς,
3224 1072 3287 1124 τὸ
3331 1073 3483 1123 ποῖον
3526 1071 3609 1123 ὅτι
3669 1069 3920 1129 καλέσεις
3960 1067 4019 1117 τδ

2448 1165 2620 1233 ὄνομα
2659 1162 2856 1217 αὑτοῦ·
2889 1163 3003 1217 ἀλλ’
3033 1161 3207 1225 εἴποις
3236 1162 3335 1216 ἄν·
3369 1162 3474 1214 Ἴδε
3509 1178 3588 1214 σοι
3620 1161 3686 1213 τὰ
3722 1157 4019 1225 εὐαγγέλια

2449 1251 2529 1316 οἷς
2559 1257 2725 1309 πάλαι
2760 1254 3144 1324 ἠμφισόήτεις,
3184 1252 3286 1306 ἀνὰ
3314 1254 3494 1305 πᾶσαν
3516 1251 3615 1321 τὴν
3644 1254 3746 1320 γῆν
3777 1248 4021 1317 μεγαλύ»

2452 1364 2620 1400 νεται.
2667 1346 2896 1415 Σωτῆρα
2945 1346 3052 1415 γὰρ
3099 1345 3189 1398 τὸν
3218 1343 3308 1397 σὺν
3353 1343 3481 1396 Υἱὸν
3531 1346 3706 1396 πάντα
3744 1340 4023 1408 καυχᾶται

2453 1437 2860 1506 ὲπικεκλημένα
2894 1436 2960 1489 τὰ
2990 1434 3225 1504 πέρατα,
3250 1435 3307 1504 ὲν
3335 1432 3484 1503 αὑτῷ
3517 1432 3675 1502 μόνον
3704 1430 3802 1501 τὴν
3843 1446 4023 1497 σωτη-

2455 1526 2575 1594 ρίαν
2600 1526 2893 1595 εὐράμενα.

769 1618 899 1670 illud
952 1620 1191 1685 proferes
1214 1658 1227 1681 ,
1262 1619 1536 1686 quodnam
1559 1617 1680 1684 ejus
1720 1617 1796 1670 sis
1823 1624 2076 1669 vocatura
2113 1631 2350 1681 nomen;
2393 1618 2486 1670 sed
2526 1617 2710 1671 dices:
2746 1615 2883 1670 Ecce
2936 1616 3134 1684 reipsa,
3164 1614 3233 1670 de
3251 1616 3454 1685 quibus
3522 1614 3652 1668 olim
3710 1614 4023 1675 dubitalas.

770 1711 948 1764 fausta
998 1710 1185 1760 nuntia
1207 1747 1221 1768 ,
1251 1716 1365 1759 toto
1391 1707 1537 1760 clare
1562 1705 1906 1761 celebrantur
1935 1705 2089 1763 orbe.
2126 1704 2345 1763 Omnes
2375 1707 2524 1763 enim
2556 1710 2690 1762 lines
2722 1720 2878 1761 teme
2907 1707 3213 1777 gloriantur
3244 1707 3321 1761 tui
3355 1706 3477 1762 Filii
3543 1710 3911 1771 invecat'oue,
3969 1712 4023 1762 in

768 1818 880 1873 quo
919 1804 1037 1855 solo
1058 1801 1317 1853 invenere
1349 1797 1604 1851 salutem.

843 1894 1053 1961 Ergone
1079 1891 1333 1944 thronum
1381 1889 1545 1945 David
1580 1892 1922 1962 proparentis
1967 1893 2337 1963 tacitusprze-
2369 1901 2412 1953 Β
2455 1926 2462 1933 -

2369 1901 2412 1953 Β
2455 1926 2462 1933 ,
2514 1886 2635 1958 Ἀρ*
2668 1882 2761 1938 οὖν
2794 1882 2934 1953 ὲῴης
2962 1881 3049 1935 τὸν
3078 1882 3267 1951 θρόνον
3306 1881 3467 1935 Δαόἱδ
3499 1880 3591 1935 τοῦ
3639 1884 3986 1953 προπάτορος
4008 1925 4022 1946 ι

771 1985 961 2038 ιρι-ιιιὶε
987 2024 1002 2046 ,
1036 1997 1101 2034 an
1154 1981 1235 2034 vel
1281 1981 1333 2033 in
1375 1981 1567 2049 primis
1601 1981 1721 2049 ejus
1768 1981 1936 2035 facies
1972 1983 2347 2035 mentionem?

771 2076 997 2137 Cernis,
1027 2075 1193 2140 Virgo
1216 2113 1231 2134 ,
1263 2088 1385 2140 quze
1429 2072 1527 2127 tibi
1572 2073 1703 2126 olim
1736 2073 2090 2127 imntiabam?
2115 2072 2342 2135 Cernis.

771 2173 970 2233 quanta
999 2166 1167 2234 gloria
1194 2163 1363 2219 Filius
1397 2174 1522 2219 tuus
1549 2174 1833 2234 paternum
1884 2164 2082 2218 solium
2124 2164 2347 2217 teneat?

772 2257 887 2311 Non
933 2259 1077 2311 enim
1130 2267 1342 2311 tantmn
1400 2271 1562 2309 unam
1625 2257 1908 2313 nationem
1978 2257 2187 2311 ditione
2255 2274 2345 2310 re-

773 2352 894 2418 git.
967 2364 1364 2419 nequeuuatu
1448 2348 1782 2418 provinciam
1866 2348 2082 2418 exiguis
2163 2350 2351 2404 termi-

776 2445 863 2496 nis
895 2442 1403 2511 circumscriptam;
1450 2441 1543 2495 sed
1593 2442 1797 2511 pariter
1840 2442 1895 2495 in
1962 2442 2151 2495 omnia
2183 2444 2350 2497 cmle-

774 2534 901 2598 stia,
922 2534 1222 2593 terrestria.
1254 2543 1309 2587 et
1335 2532 1509 2586 infera
1535 2533 1962 2587 dominationem
1996 2534 2179 2588 habet.
2206 2534 2347 2600 Quid

776 2623 984 2691 igitur?
1016 2623 1095 2674 An
1137 2623 1315 2676 adlmc
1338 2663 1352 2687 ,
1386 2638 1419 2677 ο
1448 2623 1689 2677 caelestis
1726 2638 1923 2693 praeco,
1966 2635 2113 2678 tuam
2157 2626 2344 2680 nobis-

776 2730 900 2767 cum
932 2714 1297 2766 laudationem
1328 2713 1668 2783 euujunges?
1690 2731 1756 2766 an
1781 2725 1838 2767 ut
1869 2732 1976 2768 non
2006 2716 2229 2785 ignarus
2253 2732 2349 2771 eo-

779 2821 921 2866 rum,
946 2790 1145 2873 quibus
1173 2803 1443 2873 przcconia
1476 2812 1567 2857 tua
1619 2805 1776 2870 longe
1810 2806 2168 2860 excellentius
2192 2823 2350 2859 exor—

777 2910 899 2957 nes,
926 2902 1033 2947 tam
1061 2895 1309 2962 grandia,
1345 2896 1732 2947 comnmnione
1768 2904 1967 2949 nostra:
2002 2897 2347 2960 humilitatis,

780 3000 1123 3055 nequaquam
1152 2985 1383 3055 deprimi
1416 2985 1686 3054 patieris?
1715 2984 1880 3039 l‘iane
1915 2987 2061 3039 enim
2094 2987 2198 3040 alia
2222 3003 2352 3056 pro-

782 3068 1222 3144 feres,qu;eqne
1271 3076 1410 3130 haud
1468 3075 1625 3129 facile
1663 3074 1715 3128 iu
1775 3076 2187 3145 intelligentiam
2253 3093 2353 3131 no-

780 3176 975 3226 stram.
1004 3174 1221 3219 terrena
1255 3166 1517 3218 nimirum
1555 3165 1786 3233 caligine
1814 3162 2226 3231 circumfusam,
2258 3180 2352 3219 ca-

2448 1978 2724 2049 ἢπάντων
2764 1973 2997 2042 μάλιστα
3030 1971 3188 2024 τοῦτο
3226 1974 3404 2041 ἐρεῖςς
3452 1972 3649 2041 Ὁρᾷς,
3686 1974 3951 2042 ιίαρθὲνε.
3992 1975 4028 2026 5.

2448 2070 2615 2123 πάλαι
2656 2068 2889 2138 ἐμήνυον
2917 2082 2932 2129 ;
2993 2064 3179 2135 ὐρᾷς,
3210 2064 3327 2134 μεθ’
3356 2065 3486 2133 ὅσης
3516 2065 3670 2133 δοξης
3720 2068 3747 2116 ὁ
3780 2066 3867 2127 σὸς
3901 2066 4029 2128 Υξθς

2446 2162 2524 2231 τῷ
2570 2158 2820 2229 πατρικῷ
2850 2156 3026 2227 θρόνῳ
3053 2154 3321 2226 κάθηται;
3356 2155 3469 2207 Οὐκ
3510 2156 3696 2217 ἔθνους
3733 2157 3871 2218 ἑνὸς,
3902 2155 4030 2207 οὐδὲ

2448 2258 2551 2324 γῆς
2581 2250 2994 2322 εὑπεριορίστου
3017 2266 3030 2279 ο
3068 2248 3182 2302 ἀλλ’
3208 2248 3342 2318 ὁμοῦ
3377 2248 3705 2317 συμπάντων
3734 2247 4027 2316 οὐρανίων,

2449 2346 2541 2399 καὶ
2561 2344 2840 2410 ἐπιγείων,
2867 2343 2960 2395 καὶ
2991 2341 3358 2409 καταχθονίων
3382 2339 3480 2410 τὴν
3502 2341 3724 2409 κυρείαν
3751 2340 3910 2409 ἔχων.
3961 2340 4031 2391 Τί

2447 2435 2574 2502 οὑνς
2612 2438 2733 2489 Ἔτι
2761 2436 2858 2488 σὺν
2886 2435 3017 2503 ἡμῖν
3058 2433 3311 2495 εἰσοίσεις
3347 2432 3442 2502 τὴν
3474 2433 3768 2501 εὐφημίαν,
3797 2434 3825 2484 ὀ
3856 2433 4029 2500 οὐρα-

2447 2551 2561 2597 νιος
2604 2530 3013 2601 πανηγυριστὴς
3034 2571 3047 2585 .
3076 2528 3107 2598 ἦ
3148 2528 3239 2582 ita
3269 2527 3445 2591 εἰδὼς,
3471 2521 3551 2589 οἷς
3582 2526 3760 2597 πολλῴ
3805 2527 4031 2594 ἄμεινον

2449 2626 2550 2696 τὴν
2586 2625 2685 2693 σὴν
2718 2624 3020 2693 πανήγυριν
3068 2620 3350 2689 σεμνύνεις
3375 2660 3389 2683 ,
3428 2620 3525 2672 οὐκ
3564 2620 3731 2689 ἀνέχῃ
3757 2620 3823 2672 τὰ
3860 2618 3925 2671 σὰ
3958 2621 4029 2686 τῇ

2450 2718 2696 2787 ἡμετέρᾳ
2726 2713 3108 2767 ταπεινοῦσθαι
3139 2713 3428 2781 κοινωνίας
3467 2712 3656 2773 Εῖπνιις
3694 2712 3799 2779 γὰρ
3833 2711 3895 2763 iv
3932 2712 4032 2763 καὶ

2451 2808 2564 2862 ἀλλ’
2596 2808 2755 2865 ἄττα.
2783 2806 2819 2859 ἆ
2874 2805 2971 2875 μὲν
3004 2804 3139 2873 πρὸς
3185 2804 3282 2872 τὴν
3324 2804 3596 2873 ἡμετέραν
3639 2803 3906 2863 διάνοιαν,
3939 2797 4033 2855 οἷα

2451 2901 2516 2969 δὴ
2565 2901 2664 2969 τῆς
2699 2898 2931 2967 γεώδους
2976 2898 3204 2967 ὁμίχλης
3240 2896 3677 2965 ἐπιπροσθούσης
3700 2934 3714 2954 ,
3744 2896 3804 2946 οὐ
3848 2895 4035 2964 ῥᾴδιον

2454 2994 2775 3062 φαίνεσθαι·
2837 2991 2902 3044 σὺ
2959 2990 3004 3044 δ’
3062 2988 3485 3058 ἀπηλλαγμένος
3540 2987 3736 3055 γνόφου
3789 2986 4031 3049 παντός·

2458 3084 2659 3154 μᾶλλον
2700 3082 2744 3134 δ’
2778 3083 2885 3135 ἀπὸ
2908 3080 3001 3133 τοῦ
3025 3082 3240 3150 πρώτου
3271 3078 3445 3147 φωτὸς
3472 3077 3740 3149 μηδεμιᾶς
3767 3076 3867 3147 τὴν
3898 3075 4036 3146 p.50-

2457 3176 2568 3240 εξιν
2614 3172 3043 3242 διατειχιζουσης
3086 3170 3315 3231 ὑλώδους
3362 3170 3675 3231 συστάσεως
3749 3168 4038 3237 ἐκλαμπδ-

781 3258 948 3311 dant:
983 3266 1036 3310 at
1074 3268 1129 3310 ιιι
1192 3258 1455 3312 omnibus
1498 3257 1739 3311 tenebris
1768 3258 2002 3320 solutus,
2031 3265 2085 3311 et
2119 3271 2149 3310 a
2182 3258 2357 3326 primo
2384 3242 2426 3301 ο

2384 3242 2426 3301 C
2463 3284 2641 3337 μενος,
2674 3266 2735 3319 οὑ
2766 3264 3017 3335 χαλεπῶς
3051 3263 3305 3332 καθορᾷς.
3358 3263 3517 3317 Ἀλλὰ
3554 3260 3629 3330 τῷ
3671 3260 3770 3331 μὲν
3804 3259 4038 3329 ἀρχηγῷ

783 3350 1140 3403 collustratus
1174 3349 1399 3411 lumine,
1431 3364 1460 3401 a
1493 3349 1652 3416 cujus
1680 3349 2098 3418 participatione
2128 3351 2276 3404 nulla
2309 3358 2361 3405 te

784 3441 1083 3494 materialis
1118 3440 1398 3495 concretio
1440 3434 1630 3503 arcet,
1688 3441 1803 3494 haec
1854 3439 2015 3495 facile
2059 3442 2359 3495 conlueris.

787 3530 1034 3597 Verum,
1090 3534 1393 3602 principem
1447 3533 1807 3601 angelorum,
1857 3547 1922 3585 eo
1978 3546 2087 3601 quo
2131 3530 2364 3586 voluerit

784 3622 981 3685 modo,
1019 3623 1385 3677 laudationem
1436 3622 1726 3677 instituere
1762 3605 2040 3677 'sinamus.
2087 3622 2199 3677 Nos
2234 3637 2363 3678 vero

786 3714 955 3782 quid?
1003 3713 1143 3768 Num
1186 3716 1276 3768 hic
1326 3714 1552 3785 gradum
1596 3714 1856 3784 ligemus,
1903 3715 2087 3784 illique
2120 3714 2258 3776 soli,
2288 3712 2360 3768 ob

787 3809 1157 3877 prastantiam
1192 3807 1477 3877 dignitatis
1508 3823 1612 3874 qua
1656 3822 1755 3862 nos
1790 3808 2073 3876 praecellit,
2105 3807 2359 3861 connuit-

788 3908 986 3959 tcnius.
1021 3908 1077 3952 ut
1118 3897 1376 3967 Reginam
1429 3908 1616 3953 nostra
1651 3914 1713 3952 ex
1765 3900 1933 3969 stirpe
1966 3908 2141 3952 ortam
2182 3898 2359 3953 laudi-

788 3990 890 4043 hus
925 3989 1283 4043 cohonestet?
1313 3991 1393 4043 An
1413 3997 1465 4043 et
1496 3990 2122 4058 nos.quantumassequi
2147 3989 2357 4054 licebit,

787 4096 883 4135 ora
903 4083 954 4135 in
980 4081 1166 4135 laudes
1196 4078 1793 4150 solvennnsTEquidem
1813 4082 1884 4134 ita
1908 4096 2125 4135 censeo.
2153 4080 2359 4145 Quam-

790 4177 877 4229 vis
908 4178 1051 4229 enim
1094 4176 1186 4230 ille
1247 4175 1426 4231 laudis
1486 4176 1729 4230 texendae
1753 4174 1969 4228 doctior
2018 4173 2215 4228 artifex
2252 4180 2359 4239 est,

789 4266 923 4321 nihil
948 4277 1128 4321 tamen
1169 4264 1376 4336 Regina
1398 4265 1577 4320 minus
1597 4266 1771 4321 libens
1789 4265 1856 4320 ab
1881 4266 1947 4319 iis
1965 4266 2214 4335 accipiet,
2233 4280 2357 4336 quo-

2458 3360 2567 3413 τῶν
2596 3358 2863 3426 ἀγγέλων,
2884 3358 3031 3419 ὅπως
3060 3358 3123 3410 ἂν
3141 3356 3399 3424 βούλοιτο,
3425 3355 3544 3408 καθ’
3570 3354 3732 3408 αὑτὸν
3754 3352 4039 3405 διαθέσθαι

2459 3449 2556 3519 τὴν
2600 3449 2875 3518 εὐφημίαν
2920 3449 3261 3519 παρήσομεν.
3312 3447 3503 3514 Ἡμεῖς
3542 3446 3599 3499 δὲ
3652 3445 3738 3508 τίς
3780 3440 3907 3512 'Ap'
3951 3445 4040 3494 ἐν-

2458 3541 2633 3595 ταῦθα
2678 3540 3058 3609 καταλύσομεν
3092 3539 3285 3608 ἐκείνῳ
3322 3539 3466 3608 μόνῳ
3509 3536 3899 3597 καταλιπόντες
3921 3573 3935 3593 .
3968 3534 4041 3587 δι’

2460 3637 2526 3705 ἢν
2572 3632 2680 3702 ἔχει
2725 3634 2863 3702 πρὸς
2900 3633 3045 3702 ἡμᾶς
3081 3629 3419 3699 ὑπερϐολὴν,
3470 3630 3568 3698 τὴν
3616 3631 3679 3683 ὲκ
3715 3626 3810 3680 τοῦ
3847 3626 4044 3693 γένους

2466 3724 2711 3796 βασιλίδα
2736 3723 3014 3795 γεραίρειν
3034 3762 3049 3786 ,
3074 3721 3107 3792 ἢ
3138 3722 3233 3775 καὶ
3260 3723 3418 3789 ἡμεῖς
3440 3721 3562 3773 ὅσον
3586 3719 3804 3789 ἐφικτὸν
3831 3719 3932 3771 οὐκ
3962 3720 4045 3780 εἰς

2464 3815 2709 3884 ἀφωνίαν
2736 3809 3213 3882 περιστησόμεθα;
3242 3810 3455 3875 Ἔγωγε
3473 3806 3629 3859 τοῦτό
3656 3824 3814 3875 φημι.
3843 3805 3905 3857 Εἰ
3931 3802 4046 3872 γὰρ

2466 3905 2561 3958 καὶ
2592 3903 2814 3972 ἄμεινον
2849 3902 3009 3965 αὑτὸς
3034 3899 3379 3963 διασκευάζει
3410 3896 3508 3968 τὴν
3538 3896 3831 3967 εὐφημίαν,
3858 3895 3975 3948 ἀλλ’
4008 3897 4045 3964 ἦ

2466 4013 2529 4063 γε
2565 3995 2781 4057 Βασιλις
2812 3994 2919 4046 τῶν
2951 3992 3226 4060 συγγενῶν
3255 3994 3352 4044 οὐκ
3380 3989 3702 4060 ἀηδέστερον
3726 3987 3920 4052 δέξαιτ’
3954 3987 4045 4040 ἄν.

2473 4090 2679 4141 Ἴσασιν
2729 4087 2764 4141 ἆ
2808 4087 2988 4155 λέγω,
3042 4088 3156 4139 ὅσοι
3202 4084 3267 4137 τὰ
3308 4082 3541 4152 συγγενῆ
3585 4080 3780 4151 φίλτρα
3824 4078 4048 4147 καθαρᾶ

2468 4196 2534 4231 πε
2542 4178 2881 4249 ρισώςουσιν.

791 4372 909 4409 rum
928 4358 1247 4425 cognatione
1279 4356 1495 4426 gaudet,
1528 4355 1739 4412 Norunt
1763 4372 1885 4427 qua:
1912 4356 2058 4421 dico,
2090 4364 2358 4427 quotquot
2378 4354 2719 4423 cognatinnis
2741 4367 2979 4406 amorem
3006 4351 3269 4404 illibatum
3302 4351 3679 4419 integrumque
3701 4344 4047 4401 custodiunt.

860 4448 1001 4517 Ergo
1031 4458 1085 4500 et
1111 4463 1211 4501 nos
1248 4448 1492 4517 virgineo
1520 4448 1761 4501 thalamo
1788 4448 2127 4518 hymenaeum
2155 4448 2358 4502 decan-

792 4550 989 4594 tcmus.
1022 4539 1193 4595 Porro
1229 4542 1368 4596 nihil
1408 4542 1662 4612 prohibet
1696 4550 1754 4595 ut
1791 4559 1857 4598 ne
1887 4542 2150 4615 hymenazi
2190 4542 2356 4596 totius

2536 4444 2745 4498 Οὐκοῦν
2774 4446 2873 4499 καὶ
2898 4445 3059 4512 ἡμεῖς
3094 4441 3172 4510 τῷ
3211 4441 3459 4510 νυμφῶνι
3495 4440 3635 4493 κατά
3666 4437 3757 4491 τὸν
3785 4436 4050 4505 ὑμέναιον

2464 4536 2701 4607 ᾄδωμεν.
2730 4533 2897 4587 Οὐδὲν
2924 4534 2979 4585 δὲ
3010 4532 3207 4585 κωλύει
3232 4525 3321 4584 οἶά
3347 4547 3468 4583 τινα
3499 4529 3741 4599 κορυφὴν
3765 4528 3871 4581 τῶν
3902 4529 4047 4598 ὑμε-

791 4631 940 4685 velut
973 4640 1137 4700 caput
1168 4632 1439 4701 quoddam
1478 4648 1663 4687 vocem
1701 4633 1878 4703 angeli
1904 4612 2233 4688 statuamus.
2254 4630 2361 4685 Ne-
2394 4612 2436 4665 D

2394 4612 2436 4665 Ῑ)
2467 4626 2629 4678 ναίων
2660 4624 2848 4677 θέσθαι
2874 4622 2971 4693 τὴν
3002 4623 3095 4676 τοὺ
3124 4622 3358 4691 ἀγγέλου
3388 4625 3591 4691 φωνήν.
3616 4620 3748 4673 Οὐδὲ
3780 4620 3888 4690 γὰρ
3916 4621 4050 4688 περὶ

793 4739 899 4791 que
930 4725 1073 4777 enim
1122 4724 1191 4778 ob
1218 4725 1270 4779 id
1307 4725 1468 4781 nobis
1528 4723 1747 4779 Gabriel
1780 4726 1927 4780 litem
1978 4724 2245 4789 intendet,
2287 4727 2363 4779 si-

795 4816 1015 4883 quidem
1066 4818 1155 4869 ille
1203 4832 1232 4870 a
1268 4817 1489 4887 Regina:
1547 4833 1667 4872 eam
1718 4826 2003 4888 acceperat
2054 4816 2230 4883 Filio,
2269 4818 2363 4886 qui

796 4906 914 4975 ipse
960 4905 1185 4972 junctus
1230 4907 1387 4960 nobis
1428 4916 1513 4960 est
1543 4907 1910 4984 cognatione:
1952 4920 2016 4960 ac
2049 4921 2113 4960 eo
2141 4920 2357 4975 accepe-

798 5003 879 5048 rat
912 4995 1036 5058 [ine,
1063 5005 1121 5048 ut
1148 4996 1353 5051 nostris
1392 5011 1513 5051 eam
1550 4998 1775 5050 auribus
1804 4997 2129 5051 succineret.
2169 4995 2368 5049 Accla-

798 5101 1010 5140 memus
1040 5087 1204 5156 igitur
1230 5086 1374 5153 Ave,
1412 5087 1488 5141 illi
1552 5090 1832 5158 gratiose;
1878 5104 1972 5157 per
2018 5098 2066 5143 te
2105 5088 2367 5142 Dominus

798 5178 1103 5233 nobiscum.
1163 5178 1449 5234 Paululum
1519 5180 1800 5232 immutata
1865 5195 1998 5235 voce
2069 5180 2368 5234 clamemus

797 5267 941 5328 Are;
972 5274 1050 5329 tu,
1087 5266 1331 5337 inquam,
1372 5284 1493 5339 qua:
1522 5276 1781 5338 tanquam
1808 5269 1980 5321 lilium
2018 5270 2063 5299 "
2094 5269 2148 5322 in
2188 5268 2368 5323 medio

798 5361 1178 5415 confusissimi
1224 5377 1288 5415 ac
1331 5361 1823 5431 perturbatissimi‘
1856 5363 2107 5415 humanm
2156 5371 2370 5415 natura:

801 5452 1122 5520 passionum
1174 5454 1287 5523 agri
1336 5452 1667 5518 et‘floruisti;
1714 5454 2065 5524 quamobrem
2095 5469 2186 5508 rex
2215 5468 2243 5506 a
2271 5468 2369 5508 sua

799 5541 1161 5605 celsitudine,
1196 5542 1331 5595 nihil
1382 5543 1497 5612 ipse
1545 5543 1855 5596 detrimenti
1893 5544 2105 5611 passus'
2134 5543 2367 5598 descen-

800 5628 968 5696 dens,
1008 5620 1464 5712 cum‘terrigcnis
1501 5632 1795 5696 habitavit;
1837 5647 1959 5687 cum
2002 5648 2067 5687 cx
2113 5642 2206 5687 tua
2262 5633 2367 5688 sibi

878 5800 897 5830 ⁸
955 5799 1080 5857 Luc.
1113 5820 1176 5862 ιι,
1208 5804 1296 5857 9.7.
1377 5807 1419 5837 ”
1466 5806 1601 5861 (Iunt
1682 5822 1738 5872 ιι,
1794 5808 1844 5861 ‘3.

2462 4715 2667 4783 ταύτης
2700 4716 2832 4783 ἡμῖν
2863 4713 3105 4785 Γαϐριὴλ
3155 4712 3563 4781 ἀμφισϐητήσει
3585 4748 3599 4766 .
3632 4710 3714 4763 ὅτι
3761 4710 3853 4761 καὶ
3891 4709 4049 4777 παρά

2462 4807 2559 4861 τοῦ
2595 4806 2788 4869 Παιδὸς
2822 4806 2920 4872 τῆς
2965 4803 3239 4867 Βασιλίδος
3285 4803 3452 4872 αὑτὴν
3491 4802 3734 4865 ὲδέςατο·
3778 4802 4051 4867 συγγενὴς

2464 4898 2508 4956 δέ
2540 4898 2700 4961 αὑτὸς
2728 4898 2860 4966 ἡμῖν
2884 4914 2895 4925 ·
2932 4896 3025 4949 καὶ
3056 4894 3193 4949 ὥστε
3226 4894 3361 4964 πρὸς
3397 4894 3542 4962 ἡμᾶς
3580 4890 3895 4961 ὑπηχῆσαι,
3928 4889 4046 4941 ἐδέ-

2469 4990 2616 5056 ξατο.
2640 4989 2813 5057 Χαῖρε
2838 4987 3125 5058 τοιγαροῦν
3144 4989 3209 5057 τῇ
3245 4984 3657 5054 κεχαριτωμένη
3682 4982 3895 5052 βοῶμεν
3916 4999 3931 5013 ο
3958 4982 4052 5035 διὰ

2474 5082 2566 5133 σοῦ
2607 5084 2634 5134 ὁ
2663 5081 2865 5150 Κύριος
2898 5078 3015 5149 μεθ’
3042 5075 3420 5147 ήμῶν.Βραχὺ
3456 5075 3553 5145 τὴν
3583 5072 3763 5142 φωνὴν
3799 5072 4016 5125 ὑπαλλά
4036 5100 4050 5108 -

2474 5173 2682 5238 ξαντες,
2720 5172 2893 5239 Χαῖρε
2918 5170 3148 5239 βοῶμεν,
3172 5170 3205 5236 ἡ
3236 5167 3423 5234 ὧσπερ
3451 5165 3635 5234 κρίνον
3670 5164 3725 5215 έν
3762 5162 3912 5231 μέσῳ
3950 5162 4051 5216 τοῦ

2474 5263 2884 5333 πολυσυγχὺτου
2916 5260 3026 5315 τῶν
3077 5258 3264 5312 παθῶν
3306 5257 3507 5327 χωρίου
3554 5254 3650 5323 τῆς
3695 5253 4053 5324 ἀνθρωπίνης

2475 5356 2689 5425 φύσεως
2722 5354 3214 5423 ἀναδλαστήσασα,
3252 5351 3345 5402 καὶ
3374 5349 3461 5402 διὰ
3501 5346 3658 5400 τοῦτο
3699 5346 3792 5399 τοῦ
3842 5345 4052 5398 οἰκείου

2476 5446 2643 5515 ὕψους
2687 5443 2975 5505 ἀκενώτως
3025 5443 3054 5493 ὀ
3102 5439 3354 5510 βασιλεὺς
3404 5435 3719 5498 κατελθὼν,
3769 5435 3904 5505 μετά
3935 5434 4050 5487 τῶν

2474 5539 2626 5592 κάτω
2665 5529 3016 5605 συνῴκησενο
3078 5533 3143 5585 ἐκ
3173 5530 3271 5599 τῆς
3326 5530 3423 5598 σῆς
3478 5527 3706 5590 εὐωδίας
3755 5527 3848 5578 τὸν
3896 5519 4053 5578 οἷκον

2476 5632 2787 5704 πηξάμενος
2817 5626 3016 5699 ἑαυτῷ.
3052 5626 3255 5696 Χαῖρε,
3308 5623 3399 5678 τὸν
3454 5622 3703 5693 οὐράνιον
3736 5622 3868 5693 ἡμῖν
3912 5622 4051 5676 ἀνα-
