4224 6444
205 434 277 502 23
490 448 494 451 “
969 440 1255 502 ORATIO
1290 441 1405 501 Ill.
1428 467 1485 477 -
1522 439 1600 500 IN
1626 440 1689 501 B.
1725 438 1987 500 MARle
2021 438 2733 500 ANNUNTIATIONEM.
3419 438 3489 498 εδ

206 552 461 618 πτύξασα
493 555 861 624 μαργαρίτην.
884 548 1026 609 δι’οὗ
1055 555 1153 623 τῆς
1181 554 1512 625 προγονικῆς
1535 554 1808 624 πτωχείας
1837 562 1874 615 Α

1837 562 1881 615 Α
1912 552 2283 608 suaveolentia
2331 551 2551 606 domum
2587 549 3011 606 construxisset.
3062 550 3187 614 Ave,
3216 565 3338 619 qua:
3369 568 3484 606 (οω-

204 644 627 715 ἀπηλλάγημεν.
660 645 857 715 Χαῖρε,
888 646 956 698 δι’
984 641 1052 717 ἦς
1083 647 1162 709 είς
1194 647 1475 714 ἀμείνονος
1501 647 1799 701 ἀνανέωσιν

1902 643 2092 697 lestem
2126 640 2477 711 margaritam
2508 641 2668 695 nobis
2697 640 3003 703 reclusisti,
3030 654 3136 708 qua
3184 655 3378 694 sumus
3420 641 3489 693 ab

205 736 417 805 κόσμου
442 736 535 788 τοῦ
563 735 755 801 γένους
776 736 1253 806 κατακλυζομένου
1282 738 1503 807 σπέρμα
1526 736 1799 806 σωτηρίας

1900 735 2043 787 avita
2088 740 2330 803 egestate
2363 731 2596 785 liberati.
2630 736 2752 794 Ave,
2786 746 2883 801 per
2910 746 3074 799 quam
3101 773 3115 796 ,
3143 732 3212 786 ad
3245 733 3487 787 melioris

204 826 527 896 otemp'ﬁeq.
570 826 765 895 Χαῖρε,
801 826 1016 897 ῥάϐδος,
1064 824 1132 897 ἧς
1186 827 1587 897 ἐπειλημμένος
1615 829 1644 880 ὁ
1676 824 1798 879 δεύ-

1902 825 2087 879 mundi
2116 822 2550 894 reparationem,
2582 823 2823 875 lmmano
2840 821 3025 891 generi
3074 823 3236 876 undis
3266 822 3482 884 obruto,

202 931 369 984 τερος
411 916 651 986 Μωσῆς,
696 915 895 985 μᾶλλον
920 915 976 968 δὲ
1008 915 1104 969 τοῦ
1146 915 1377 968 παλαιοῦ
1425 914 1795 986 πρεσϐύτερος

1901 933 2087 972 semen
2132 916 2330 971 salutis
2377 924 2759 970 conservatum
2810 916 2932 970 fuit.
2982 916 3124 979 Are,
3159 916 3347 985 virga,
3380 934 3484 986 qua

205 1007 305 1058 καὶ
342 1007 632 1075 δεσπότης,
679 1006 887 1075 βυθίζει
940 1006 1039 1077 μὲν
1089 1008 1214 1071 τούς
1250 1007 1579 1071 διώκοντας,
1633 1006 1794 1071 σώζει

1900 1018 2181 1078 assumpta
2212 1048 2226 1069 ,
2265 1007 2545 1061 secundus
2577 1005 2757 1060 Moses
2782 1046 2797 1069 ,
2846 1021 2938 1060 seu
2972 1007 3157 1075 potius
3186 1006 3353 1059 veteri
3392 985 3485 1058 ἦιυ

204 1099 263 1152 δὲ
294 1101 424 1163 τοὺς
452 1099 531 1169 τῷ
563 1098 722 1169 πηλῷ
756 1100 849 1152 καί
899 1098 1105 1170 πλίνθῳ
1149 1099 1247 1170 τῆς
1289 1098 1567 1170 ἁμαρτίας
1604 1115 1796 1169 τετρυ-

1900 1102 2110 1165 senior,
2139 1100 2538 1169 Dominusque,
2573 1112 2697 1150 cum
2728 1106 3108 1165 persecutores
3142 1098 3440 1167 submergit
3469 1137 3483 1159 ,

207 1182 513 1259 χωμένους.
536 1189 733 1259 Χαῖρε,
755 1191 1071 1262 παράδεισε.
1091 1182 1152 1245 οὗ
1167 1190 1244 1261 τῷ
1256 1190 1456 1262 καρπῷ
1474 1190 1795 1260 τραφέντες,

1901 1202 2014 1245 tum
2050 1206 2147 1245 eos
2191 1190 2389 1254 salvat,
2421 1203 2562 1258 quos
2592 1187 2745 1240 labor
2774 1186 2868 1239 Iuli
2930 1196 2984 1240 et
3013 1187 3241 1241 laterum
3277 1190 3483 1256 peccati

202 1284 299 1335 τὸν
329 1284 679 1351 προσφυέντα
707 1286 841 1354 ἡμῖν
886 1284 1209 1353 φθοροποιὸν
1249 1284 1327 1336 ίὺν
1376 1281 1792 1351 ἀνεπτὺσαμεν,

1898 1286 2203 1339 attriverat.
2236 1283 2364 1344 Ave,
2405 1279 2661 1351 paratlise
2683 1318 2699 1344 ,
2732 1279 2894 1348 cujus
2924 1279 3018 1331 alti
3062 1278 3274 1342 fructu,
3312 1278 3482 1332 adna-

205 1374 347 1441 πρὸς
392 1372 635 1443 ἀνθηρὰν
683 1372 741 1424 δὲ
781 1372 877 1424 καὶ
910 1374 1105 1443 ἀγήρω
1140 1371 1284 1424 ἰδέαν
1327 1368 1793 1439 μετεποιήθημεν.

1898 1382 2004 1428 tam
2056 1375 2306 1428 lethalem
2360 1373 2665 1440 rubiginem
2725 1370 3063 1439 abjechnus,
3111 1379 3161 1423 et
3226 1371 3292 1423 ad
3330 1370 3481 1424 llori-

204 1461 540 1533 Βουληθείης
570 1464 637 1515 ἂν
668 1464 800 1533 ἡμῖν
826 1463 1164 1532 ἐπιτρέπειν,
1190 1462 1390 1531 ἀμωμε
1424 1458 1652 1529 Νύμφη,
1684 1458 1794 1512 τῶν

1902 1468 2038 1532 dam;
2072 1464 2323 1533 seniique
2366 1474 2641 1532 expertem
2716 1463 2947 1515 formam
2996 1459 3233 1513 traducti
3271 1476 3479 1514 sumus.

203 1550 317 1606 σῶν
358 1556 681 1627 μνήστρων,
718 1555 755 1609 ἃ.
801 1556 829 1608 ὁ
866 1555 1055 1625 Πατὴρ
1084 1554 1173 1608 διὰ
1216 1553 1326 1605 τῶν
1376 1551 1671 1622 ὐποφητῶν
1701 1551 1793 1605 τοῦ

1897 1558 2129 1613 Libetue
2185 1556 2470 1626 permittas
2496 1597 2511 1621 ,
2544 1571 2576 1609 ο
2628 1555 2981 1609 immaculata
3023 1553 3236 1623 Sponsa
3262 1590 3277 1614 ,
3330 1561 3388 1605 ut
3416 1554 3482 1605 ait

204 1644 523 1715 Πνεύματος
571 1647 893 1716 ἐχαρίσατο,
942 1647 1023 1707 είς
1071 1643 1336 1715 ἐργασίαν
1367 1644 1467 1713 τῆς
1519 1643 1795 1713 εὐφημίας

1898 1647 2232 1719 pertexenda
2262 1654 2354 1701 tua
2384 1649 2661 1717 praaconia
2693 1647 2761 1700 iis
2790 1647 3113 1709 abutamur,
3148 1660 3267 1714 quae
3297 1641 3480 1707 Pater,

198 1735 473 1799 λαϐόντας
515 1736 933 1807 ἀποχρήσασθαι
961 1754 976 1802 ;
1010 1737 1120 1788 Kal.
1147 1735 1315 1799 ἔστιν,
1359 1736 1454 1788 καὶ
1485 1734 1791 1805 ἐπιτρέπει.

1896 1740 2043 1795 velut
2104 1739 2417 1807 nuptiarum
2478 1747 2695 1794 tuarum
2744 1738 3131 1803 arrhabonem,
3202 1753 3297 1808 per
3353 1738 3480 1807 Spi-

200 1828 401 1897 Χαίρε,
432 1828 519 1880 διὰ
548 1828 708 1881 τοῦτο
734 1829 969 1899 βοῶμεν,
999 1822 1045 1881 ὦ
1075 1828 1232 1897 βάτε,
1256 1828 1325 1880 δι’
1363 1823 1430 1899 ἦς
1473 1828 1534 1879 τὸ
1563 1828 1796 1897 ὐπερου-

1900 1832 2042 1886 ritus
2082 1832 2262 1887 sancti
2293 1832 2623 1900 interpretes
2659 1845 2722 1884 ac
2758 1830 3153 1892 internuntios,
3211 1829 3480 1883 donarit?

200 1920 391 1989 ράνιον
418 1919 673 1989 ἐδηλοῦτο
707 1923 1025 1990 μυστήριον,
1070 1921 1264 1990 ὅτιπερ
1293 1919 1353 1972 τὸ
1397 1920 1661 1973 ἄστεκτον
1691 1918 1791 1988 τῆς
1824 1913 1864 1967 Β

1824 1913 1864 1967 Β
1892 1922 2046 1978 Licet
2074 1923 2279 1993 utique,
2313 1924 2707 1993 permittitque.
2743 1921 2921 1985 Salve,
2965 1921 3129 1989 igitur
3157 1919 3477 1982 clamemus,

197 2013 472 2082 Oed-mro;
514 2012 625 2082 πῦρ
664 2012 765 2079 τῆς
807 2011 1154 2083 ἀνθρωπίνης
1192 2012 1324 2081 ὐλης
1367 2011 1790 2082 ἐπειλημμένον,

1894 2031 1928 2070 0
1986 2016 2214 2079 rube",
2271 2029 2365 2086 per
2420 2029 2583 2082 quem
2643 2013 2800 2067 caelis
2866 2013 3034 2067 altius
3093 2011 3480 2065 declarabatur

112 2140 115 2143 ς
196 2103 293 2155 τοῦ
330 2103 432 2174 μὲν
461 2105 638 2172 φωτὸς
676 2104 860 2174 ἐνήσει
899 2106 996 2173 τὴν
1043 2106 1278 2174 μετοχὴν
1304 2120 1318 2133 ·
1354 2105 1415 2157 οὐ
1464 2103 1780 2173 καταφλέξει

1894 2107 2218 2178 mysterium
2272 2122 2285 2157 :
2344 2116 2403 2159 ut
2449 2104 2706 2158 nimirum
2755 2104 3114 2173 importabilis
3155 2103 3245 2157 ille
3296 2102 3478 2157 Deita-

195 2194 277 2259 δὲ,
303 2195 414 2247 οὐδ’
443 2196 664 2265 ἀφανιεῖ
688 2194 1190 2266 περιδεδραγμένην
1216 2196 1313 2266 τὴν
1351 2195 1515 2265 φύσιν
1538 2196 1636 2265 τῆς
1663 2195 1792 2248 Θεό-

1894 2198 1963 2250 tis
2024 2196 2188 2265 ignis,
2244 2194 2585 2264 apprehensa
2652 2193 2892 2247 humana
2948 2193 3195 2256 materia,
3253 2193 3476 2247 luminis

194 2304 364 2354 τητος
396 2289 465 2356 τῇ
497 2287 678 2356 φλογί.
712 2286 907 2357 Χαῖρε,
939 2288 1152 2355 λυχνία,
1188 2288 1247 2352 ἐξ
1270 2283 1337 2358 ἦς
1367 2288 1427 2340 τὸ
1451 2289 1791 2356 ἀπαύγασμα
1834 2339 1841 2346 ,

1834 2339 1841 2346 .
1893 2289 2111 2359 quidem
2167 2288 2607 2343 communionem
2672 2292 2820 2340 esset
2905 2286 3276 2348 imniissurus,
3318 2284 3470 2337 haud

192 2378 293 2430 τοῦ
334 2379 550 2448 ΙΙατρδς
594 2377 850 2449 λάμψαν,
894 2380 1286 2449 ἀνιερούμενον
1327 2379 1420 2432 τὸν
1458 2380 1662 2449 κόσμον
1711 2383 1791 2444 εἰς

1892 2391 2074 2436 tamen
2107 2380 2520 2441 combusturus,
2549 2386 2751 2447 autque
2780 2384 3166 2444 assumpturus
3201 2384 3474 2437 naturam,

195 2473 329 2523 ναὸν
373 2469 454 2540 τῷ
507 2471 837 2542 Γεννὴτορι,
889 2473 1084 2541 φέγγει
1128 2472 1226 2542 τῆς
1276 2472 1474 2525 ἑαυτοῦ
1518 2472 1791 2541 κατελάμ-

1890 2489 2053 2543 quant
2114 2472 2473 2541 corripuisset
2540 2469 2767 2523 Deitatis
2825 2467 3065 2523 llatiima.
3122 2467 3306 2531 Salve,
3340 2482 3474 2522 cau-

196 2577 373 2628 πρυνε
421 2559 794 2627 ἐπιγνώσεως.
827 2561 1020 2630 Χαῖρε,
1055 2562 1351 2631 ἀκρότομε,
1397 2561 1458 2624 ἐξ
1502 2556 1571 2631 ἦς
1616 2563 1645 2613 ὁ
1673 2577 1788 2630 χει-

1891 2565 2201 2627 delubrum,
2259 2578 2323 2616 ex
2383 2577 2495 2630 quo
2550 2560 2730 2613 Patris
2788 2558 3067 2629 splendor,
3124 2559 3470 2622 eluci-secus,

199 2655 451 2723 μρῤους
479 2654 577 2723 τῆς
613 2652 760 2724 ζωῆς
792 2652 1126 2716 ἀναϐλύσας,
1150 2654 1278 2716 τοὺς
1310 2656 1433 2707 ὅσον
1466 2652 1620 2707 οὐπω
1649 2654 1791 2722 δίψει

1893 2657 2158 2709 mundqu
2212 2652 2461 2707 Genitm'i
2506 2652 2559 2705 in
2592 2652 2857 2719 templum
2908 2648 3189 2714 dedit-aus,
3222 2651 3472 2705 eumdem

197 2744 477 2815 σωτηρίας
510 2742 866 2813 τεθνήξεσθαι
896 2742 1211 2813 μέλλοντας,
1246 2744 1307 2796 οὐ
1353 2743 1515 2811 μόνον
1553 2747 1617 2814 τῇ
1648 2744 1792 2813 ζωη-

1891 2762 2006 2801 διιίε
2034 2746 2364 2815 COguitionis
2396 2744 2601 2797 lumine
2654 2742 3021 2799 collustravit.
3069 2740 3249 2807 Salve,
3278 2742 3474 2797 duris-

197 2836 357 2906 φόρῳ
402 2837 559 2888 πόσει
604 2834 964 2903 ἀνεϐιώσατο,
1007 2835 1145 2890 ἀλλά
1186 2837 1282 2889 καὶ
1309 2838 1489 2889 πάντα
1532 2835 1702 2907 ῥύπον
1730 2837 1791 2890 ὃν

1891 2837 2028 2889 sima
2085 2844 2259 2905 petra,
2300 2849 2367 2888 ex
2408 2848 2515 2903 qua
2572 2833 2699 2887 vitae
2750 2841 2967 2887 torrens
3001 2844 3226 2887 exortus
3259 2834 3322 2898 ’⁷,
3352 2848 3470 2897 eos,

196 2929 264 2980 ἐκ
292 2927 522 2996 πορείας
550 2926 661 2981 τῶν
688 2926 879 2982 παθῶν
915 2928 1375 2999 προσετρίψαντο,
1412 2928 1612 2981 ἔδωκεν
1652 2930 1790 2982 ἀπο-

1894 2931 1987 2998 qui
2050 2928 2277 2997 jamjam
2334 2926 2425 2981 siti
2453 2940 2637 2980 rerum
2685 2926 2752 2978 ad
2808 2926 3040 2979 salutem
3087 2926 3471 2994 pertinentium

196 3018 518 3074 λούσασθαι.
568 3020 765 3090 Χαῖρε,
808 3020 1005 3088 νεφέλη
1030 3060 1045 3085 ,
1093 3016 1161 3091 ἧς
1195 3020 1483 3084 ἀνατείλας
1522 3022 1550 3073 ὁ
1575 3024 1673 3091 τῆς
1706 3021 1788 3074 δι-

1891 3021 2145 3075 morituri
2202 3028 2382 3083 erant,
2412 3019 2609 3073 nedum
2647 3017 2800 3072 vitali
2856 3018 3126 3072 recreavit
3174 3026 3327 3086 potu,
3376 3016 3471 3071 sed

199 3110 499 3182 καιόσύνης
535 3111 709 3183 ἥλιος,
750 3112 850 3183 τῆς
878 3113 1134 3177 ἀπιστίας
1171 3113 1263 3167 τὸν
1291 3114 1455 3182 ζόφον
1486 3116 1567 3177 είς
1611 3115 1789 3168 πάντα

1890 3120 1944 3165 et
1987 3126 2181 3165 onmes
2241 3111 2451 3174 sordes,
2478 3124 2618 3179 quas
2649 3123 2679 3162 a
2711 3109 2971 3163 vitiormn
3026 3108 3112 3162 via
3166 3108 3472 3163 contraxis-

198 3204 505 3275 κεχυμένον
526 3204 595 3256 τὰ
628 3206 862 3274 πέρατα,
896 3203 1212 3275 ἐξηφάνισε,
1241 3205 1357 3273 φῶς
1390 3205 1643 3275 ἀνασχὼν
1671 3206 1789 3258 θεο-
1814 3253 1856 3310 C

1814 3253 1856 3310 Ο
1892 3202 2034 3269 sent,
2078 3204 2223 3258 ablui
2277 3202 2570 3258 concessit.
2620 3200 2802 3267 Salve,
2849 3200 3040 3267 nubes,
3103 3216 3167 3254 ex
3230 3216 3337 3269 qua
3391 3200 3478 3269 ju-

197 3297 459 3365 γνωσίας,
488 3291 570 3359 οἷς
599 3298 678 3358 είς
704 3296 990 3368 ἀντίληψιν
1021 3296 1168 3350 θείου
1203 3298 1382 3365 φωτὸς
1416 3296 1477 3350 τὸ
1501 3298 1655 3367 ὄμμα
1682 3298 1783 3351 οὐκ
1815 3291 1856 3310 “’”

1815 3291 1856 3310 “’”
1895 3298 2061 3353 stitiaa
2137 3297 2229 3352 Sol
2302 3297 2605 3360 exsistens,
2670 3294 3009 3349 inﬁdelitatis
3063 3294 3352 3363 caliginem
3417 3294 3469 3346 in

196 3389 403 3441 ἀτονεῖ.
448 3387 570 3439 Ἔτι
611 3387 711 3457 μὲν
742 3383 836 3440 οὐν
865 3404 945 3440 σοι
990 3390 1055 3458 τῇ
1090 3389 1254 3456 esea:
1288 3389 1711 3460 θαλαμευομένῃ
1756 3390 1786 3441 ὁ

1880 3403 2072 3442 omnes
2126 3394 2284 3441 terra:
2337 3386 2472 3441 lines
2517 3386 2788 3446 diﬂusam,
2838 3386 3091 3453 disjecit;
3138 3386 3352 3439 sublato
3390 3383 3473 3437 di-

198 3480 285 3532 col.
318 3478 449 3531 ἐϐόα
505 3479 829 3548 προπάτωρ·
859 3481 1186 3542 Ἄκουσον,
1215 3481 1491 3549 θύγατερ,
1532 3479 1629 3533 καὶ
1674 3480 1785 3544 ide,

1895 3481 2037 3534 vina:
2065 3479 2403 3550 cognitionis
2437 3479 2642 3532 lumine
2701 3478 2789 3539 iis,
2821 3479 3025 3545 quibus
3077 3477 3219 3530 oculi
3268 3476 3334 3530 ad
3387 3477 3473 3529 di-

196 3570 298 3625 καί
334 3569 551 3624 κλῖνον
579 3571 647 3624 τὸ
686 3566 796 3638 οὖς
828 3588 968 3637 σου,
1012 3574 1110 3627 καί
1148 3572 1440 3627 ἐπιλάθου
1481 3573 1586 3626 τοῦ
1635 3574 1789 3627 λαοῦ

1888 3573 2082 3627 viuum
2143 3573 2326 3627 lumen
2385 3569 2749 3625 hauriendum
2805 3585 2914 3624 non
2962 3569 3280 3623 caecutiunt.
3339 3566 3471 3621 Cum

194 3677 353 3728 σου,
385 3662 485 3717 καί
526 3664 635 3717 τοῦ
685 3666 857 3719 οἴκου
907 3665 1014 3719 τοῦ
1058 3666 1280 3734 πατρός
1313 3680 1450 3719 σου.
1510 3666 1790 3729 Ἤκουσας

1889 3666 2036 3719 enim
2092 3665 2275 3719 adhuc
2310 3665 2362 3717 in
2399 3664 2599 3717 lumbis
2646 3665 2889 3733 paternis
2925 3663 3318 3725 continereris,
3347 3668 3474 3717 tuus

195 3754 391 3815 ὅντως,
437 3754 471 3823 ὴ
530 3753 669 3824 σοφὴ
705 3754 973 3825 θυγάτηρ,
1025 3756 1118 3809 τοῦ
1155 3756 1640 3827 παρεγγέλματος,
1695 3757 1789 3809 καὶ

1898 3758 1996 3812 tibi
2052 3759 2327 3811 clamabat
2377 3756 2728 3828 progenitor:
2786 3758 2949 3819 Audi,
2982 3756 3120 3824 ﬁlia,
3166 3766 3216 3809 et
3249 3757 3384 3820 vide,
3422 3766 3470 3809 et

195 3843 468 3897 ἐπελάθου
509 3844 605 3898 τοῦ
639 3844 769 3898 λαοῦ
803 3863 927 3911 σου,
975 3845 1070 3898 καὶ
1097 3846 1326 3917 κλήρου,
1360 3847 1453 3899 καὶ
1497 3846 1648 3899 οἴκου
1680 3863 1786 3899 πα-

1886 3852 2083 3905 inclma
2115 3866 2305 3904 aurem
2351 3860 2540 3910 tuam;
2574 3860 2624 3903 el
2655 3849 2960 3903 obliviscere
3012 3849 3262 3914 populant
3301 3860 3469 3911 tuum,

193 3934 405 4004 τρῷου·
453 3936 656 4006 κλήρου
696 3937 929 4002 ἐκείνου,
969 3938 1028 3990 ὃν
1081 3940 1115 4008 ἡ
1162 3941 1466 4010 προμήτωρ
1512 3937 1645 4001 Εὕα,
1678 3939 1785 4008 ὅλῳ

1884 3952 1933 3996 et
1994 3944 2212 3994 domum
2268 3942 2438 4008 patris
2499 3942 2578 3994 tui
2610 3939 2683 3994 ’⁸.
2713 3940 2883 3995 Plane
2934 3940 3218 4003 autlivrsti,
3255 3939 3471 4009 sapiens

192 4025 274 4095 τῷ
305 4027 457 4093 γένει
508 4026 776 4097 διένειμε,
819 4029 910 4081 τὸν
969 4031 1165 4100 μυρίον
1208 4028 1320 4082 τῶν
1365 4028 1554 4081 παθῶν
1586 4028 1784 4097 φόρτον

1888 4035 2016 4096 lilia,
2049 4034 2582 4099 commonitionem“
2616 4049 2788 4103 esque
2835 4033 3001 4087 oblita
3034 4032 3216 4102 populi
3272 4031 3369 4093 tui,
3406 4045 3470 4084 ac

194 4112 665 4184 κληροδοτήσασα.
709 4115 874 4169 υύδέν
907 4117 1113 4170 τούτων
1155 4118 1216 4171 οὐ
1258 4118 1356 4188 μὲν
1399 4114 1494 4172 οὗν
1526 4119 1606 4182 είς
1636 4116 1783 4172 οἷκον

1892 4125 2247 4189 lnereditatis,
2310 4126 2614 4194 domusque
2668 4135 2939 4195 paternte:
2998 4122 3354 4182 litereditatis,
3386 4121 3472 4175 in-

193 4205 411 4275 ὴγάγου
444 4207 535 4258 τὸν
569 4207 682 4261 σόν.
706 4207 805 4259 Διὰ
826 4207 984 4261 τοῦτο
1008 4210 1036 4262 ὁ
1067 4209 1327 4273 Βασιλεὺς
1355 4210 1572 4281 ἠγάσθη
1602 4227 1662 4263 σε
1685 4213 1784 4282 τῆς

1889 4231 2079 4285 quam,
2135 4215 2282 4268 illius
2359 4230 2422 4269 ac
2476 4218 2665 4280 sortis,
2732 4231 2896 4286 quam
2954 4214 3289 4285 progenitrix
3359 4213 3467 4266 Eva

193 4296 437 4367 ψυχικῆς
467 4299 820 4370 εὐπρεπείας,
851 4305 946 4355 καὶ
977 4301 1214 4374 Νύμφην
1244 4302 1547 4368 ἐξελέξατο.

1890 4306 2073 4376 generi
2136 4307 2393 4361 universo
2440 4306 2761 4374 distribuit;
2817 4306 3201 4361 innumerabili
3254 4305 3467 4373 passio-

193 4403 330 4442 num
389 4404 457 4443 ac
512 4390 870 4448 all'ectionum
935 4397 1156 4450 cumulo
1216 4397 1364 4451 velut
1433 4394 1780 4451 hwreditario
1817 4396 1940 4467 jure
1996 4399 2211 4453 relicto.
2240 4400 2307 4451 At
2365 4400 2500 4454 nihil
2568 4402 2763 4454 horum
2817 4408 2965 4453 tuam
3019 4399 3073 4453 in
3117 4399 3338 4453 domum
3386 4398 3468 4452 in-

194 4483 419 4545 tulisti:
483 4498 769 4557 propterea
829 4487 971 4557 Rex,
1031 4496 1182 4544 tuam
1248 4490 1415 4545 animi
1475 4490 1943 4561 pulchritudinem
2004 4492 2332 4557 admiratus,
2364 4506 2415 4548 te
2445 4494 2548 4549 sibi
2599 4495 2655 4548 in
2700 4492 2968 4563 Sponsam
3001 4492 3222 4561 delegit.

264 4673 367 4729 Διά
392 4669 551 4725 τοῦτό
582 4684 664 4722 σοι
692 4666 788 4721 νῦν
820 4662 908 4721 οἷα
934 4666 1175 4721 Βασιλίδι
1212 4668 1655 4738 λειτουργοῦμεν,
1689 4670 1782 4723 καὶ
1807 4672 1860 4731 D

1807 4672 1860 4731 D
1958 4669 2033 4724 Ea
2088 4671 2154 4724 de
2211 4685 2374 4726 causa
2430 4686 2575 4725 nunc
2623 4673 2719 4727 tibi
2776 4682 3034 4751 tamquam
3077 4672 3299 4744 Regina:
3360 4674 3463 4726 mi-

190 4766 273 4837 τῷ
295 4761 575 4835 προσώπῳ
609 4776 705 4811 σου
732 4757 1085 4828 λιτανεύομεν
1106 4799 1121 4824 ,
1151 4758 1251 4828 τὴν
1288 4759 1387 4829 σὴν
1423 4758 1580 4824 δόξαν
1609 4778 1781 4814 κατα-

1885 4762 2207 4825 nistramus,
2244 4771 2447 4832 tuoque
2480 4766 2652 4817 vultui
2697 4766 3093 4834 supplicamus,
3131 4775 3237 4819 tuze
3279 4766 3464 4836 gloria:

194 4853 608 4924 πλουτούμενοι.
664 4849 796 4903 Ἰδού
844 4867 904 4903 σε
945 4852 1120 4904 πᾶσαι
1150 4850 1358 4920 γενεαὶ,
1388 4851 1529 4905 κατὰ
1551 4851 1650 4922 τὴν
1681 4853 1780 4923 σὴν

1885 4854 2107 4910 divitias
2161 4856 2377 4910 abunde
2438 4859 2747 4911 consecuti.
2810 4858 2950 4912 Eore
2985 4873 3175 4912 omnes
3231 4874 3464 4929 genera-

192 4945 679 5021 προαναφώνησιν,
715 4940 1131 5011 μακαρίζουσιν.
1209 4941 1465 5011 Ἐποίησε
1532 4944 1641 5013 γάρ
1696 4960 1780 4995 σοι

1884 4948 2085 5009 tiones,
2120 4957 2175 5001 ut
2210 4948 2507 5013 prardixisti
2535 4951 2599 5015 ",
2637 4960 2687 5005 te
2719 4952 2931 5004 beatam
2984 4950 3306 5019 praedicant.
3362 4950 3470 5006 Fe~

197 5039 468 5112 μεγαλεῖα
506 5036 536 5088 ὁ
572 5034 832 5098 δυνατὸς,
866 5035 930 5085 ἐκ
959 5033 1054 5086 σοῦ
1095 5032 1172 5095 ὡς
1221 5035 1279 5086 ἐν
1316 5035 1779 5105 παραπετάσματι

1882 5040 1957 5093 cit
2011 5039 2156 5093 enim
2192 5039 2288 5094 tibi
2320 5055 2515 5110 magna
2569 5042 2661 5110 qui
2709 5051 2901 5110 potens
2934 5051 3039 5105 est,
3074 5056 3139 5094 ex
3192 5050 3245 5094 te
3272 5054 3460 5105 carne,

191 5136 259 5203 τῇ
284 5130 452 5201 σαρκὶ
482 5124 782 5197 προελθὼν,
821 5124 913 5177 καὶ
966 5122 1209 5177 καθελὼν
1238 5124 1505 5188 δυνάστας
1528 5166 1544 5191 ,
1575 5128 1667 5179 καὶ
1689 5127 1783 5183 ἀν-

1881 5132 2039 5201 quasi
2086 5132 2205 5186 velo
2252 5140 2429 5188 tectus
2488 5134 2770 5203 prodiens,
2829 5132 3221 5201 deponensque
3275 5121 3464 5201 poten-

190 5221 419 5289 υψὼσας
449 5218 578 5280 τοὺς
616 5213 930 5277 ταπεινούς.
984 5213 1239 5282 Ἐποίησέ
1276 5232 1357 5267 σοι
1393 5216 1789 5285 μεγαλεῖα,οὐκ

1886 5230 1991 5289 tes,
2055 5234 2219 5292 atque
2262 5226 2511 5281 exaltans
2582 5226 2833 5280 humiles.
2888 5224 3041 5279 Fecit
3098 5226 3195 5279 tibi
3246 5240 3461 5294 magna,

192 5315 253 5366 ἐν
300 5310 519 5380 γενεαῖς
568 5308 725 5379 μόνον
769 5305 1112 5376 ἀνθρώπων,
1143 5306 1281 5359 ἀλλά
1317 5306 1413 5360 καὶ
1452 5309 1510 5361 ἐν
1536 5310 1797 5379 οὐρανοῖς

1792 5320 1797 5325 ‘
1885 5312 2084 5365 nedum
2140 5313 2193 5365 in
2243 5315 2695 5383 generationibus
2760 5315 3067 5379 hominum,
3125 5312 3221 5369 sed
3280 5323 3335 5369 et
3407 5316 3460 5368 in

190 5403 295 5474 τὴν
326 5405 427 5471 σὴν
472 5400 629 5464 δόξαν
657 5396 1072 5468 ἀναστηλώσας.
1114 5397 1253 5468 Ἤδη
1289 5399 1397 5470 γὰρ
1430 5400 1531 5470 ήδη
1573 5402 1668 5453 καὶ
1697 5403 1784 5474 δή-

1881 5402 2037 5456 cmlis
2060 5403 2248 5469 gloriae
2295 5414 2403 5457 tute
2458 5405 2672 5457 titulqu
2729 5405 2968 5475 erigens.
3006 5403 3126 5458 Jam
3158 5404 3460 5474 enim,jam

197 5511 322 5567 μοις
367 5491 622 5562 ἀγγέλων
676 5490 981 5562 ἐπέραστόν
1040 5490 1159 5543 ἐστι
1217 5491 1300 5543 σοὶ
1345 5484 1647 5563 προσάγειν
1682 5493 1781 5564 τὴν

1878 5496 2199 5565 angelorum
2261 5496 2396 5566 ipsis
2450 5497 2667 5567 populis
2724 5497 2883 5552 dulce
2935 5509 3042 5562 est,
3081 5510 3139 5552 ut
3193 5498 3290 5552 tibi
3327 5497 3460 5553 οσο-

194 5586 404 5641 αῖνεσιν
426 5600 442 5615 ο
473 5584 570 5637 καὶ
599 5581 963 5652 μακαρίζουσι
1003 5597 1063 5634 σε
1088 5581 1165 5645 ὼς
1207 5581 1483 5647 Βασιλέως
1508 5584 1738 5655 Μητέρα
1757 5624 1773 5650 ,

1886 5595 2011 5639 rant
2068 5585 2310 5652 laudem,
2374 5595 2538 5656 atque
2600 5595 2660 5641 ut
2715 5588 2877 5658 Regis
2938 5588 3185 5651 Matrem,
3248 5587 3460 5643 beatam

192 5676 258 5731 τὸ
305 5676 392 5730 σοὶ
441 5674 779 5744 λειτουργεῖν
810 5672 933 5727 ἀντὶ
964 5672 1165 5737 παντὸς
1204 5673 1517 5746 τιθέμενοι,
1549 5675 1626 5740 ὡς
1674 5674 1776 5745 τῆς

1881 5679 2221 5749 pradicant;
2279 5680 2525 5749 nihilque
2600 5689 2782 5750 potius
2827 5683 3024 5738 habent
3077 5696 3239 5753 quam
3274 5690 3333 5736 ut
3363 5679 3460 5735 tibi

286 5855 336 5889 ³⁸
389 5851 563 5911 Exod.
612 5868 692 5921 tu,
746 5850 802 5907 2.
892 5853 935 5885 ’τ
996 5853 1167 5910 Exod.
1206 5868 1337 5919 xvn,
1506 5854 1551 5889 ³³
1573 5854 1720 5912 Psal.
1765 5871 1908 5923 κων,

1078 5854 1167 5910 od.
1206 5868 1337 5919 xvn,
1506 5854 1720 5912 “Psal.
1765 5871 1908 5923 κων,
1963 5860 2020 5912 2.
2122 5861 2164 5893 ’ν
2201 5859 2330 5914 Luc.
2390 5874 2447 5929 ιι,
2482 5861 2540 5916 48
2590 5877 2738 5933 seqq.
