4224 6444
729 342 795 403 ΞΊ
1968 344 2243 404 LEONIS
2276 345 2472 404 Pilil.l
2493 344 2737 403 )SOPlli
3939 331 4011 393 28

729 453 1072 516 inserviant,
1127 456 1220 509 cui
1278 455 1582 524 impensum
1657 453 1982 523 obsequium
2037 456 2103 507 ad
2155 456 2322 508 tilium

2441 460 2525 525 τῆς
2575 454 2873 525 θεραπείας
2914 450 3299 515 διαϐαινούσης
3337 447 3471 517 πρὸς
3509 447 3599 500 τὸν
3642 445 3791 502 Υῑόν.
3842 446 4013 498 Εὐλο-

731 546 970 599 transire
1028 556 1375 616 compertum
1417 546 1671 598 habeant.
1736 542 2072 597 Bernedicunt
2121 553 2173 598 te
2222 561 2317 598 sn-

733 637 841 689 lam
883 634 1259 701 benedictum,
1323 638 1485 707 cujus
1531 635 1680 689 dulci
1746 645 1903 705 partu
1966 650 2191 691 amarus
2238 635 2320 689 in-

734 728 1063 783 obcdientiae
1128 739 1318 799 partus
1374 729 1611 783 abolitus
1673 738 1796 792 est,
1839 741 2031 796 nempe
2095 727 2322 780 maledi-

740 821 878 875 ctio.
916 823 1251 877 Benedieunt
1286 830 1358 885 te,
1393 830 1583 889 utpote
1619 821 1898 875 hominum
1930 818 2321 883 amantissimi,

738 919 835 985 qui
903 915 1179 967 hominem
1227 913 1500 974 videant,‘
1529 913 1720 968 fraude
1773 928 1801 965 a
1844 912 2198 967 beatitudinis
2234 911 2322 964 illa

744 1009 1076 1062 sublimitate
1124 1005 1415 1071 deiectum,
1470 1006 1669 1060 nedum
1704 1006 1771 1060 ad
1799 1005 2043 1060 eamdem
2102 1016 2323 1057 revoca-

748 1110 886 1160 tum.
937 1098 1033 1152 sed
1066 1105 1119 1150 et
1146 1098 1336 1151 divino
1392 1098 1531 1151 solio
1555 1097 1842 1150 donatum.
1901 1093 1967 1148 Ut
2017 1093 2148 1162 quid
2195 1106 2326 1146 vero

747 1192 871 1260 quis
919 1200 1025 1243 tua:
1070 1199 1301 1243 conetur
1356 1190 1542 1258 gloria:
1603 1186 2035 1257 magnitudinem
2109 1183 2328 1238 metiri?

749 1282 989 1337 Facilius
1045 1284 1291 1335 arbitror
1354 1281 1476 1333 cmli
1533 1277 1739 1344 sidera,
1783 1292 1947 1348 quam
2016 1290 2135 1330 eant
2200 1289 2327 1328 ora-

751 1378 903 1430 tione
956 1374 1271 1442 complecti.
1317 1372 1408 1435 At,
1458 1386 1490 1423 0
1539 1372 1691 1437 \irgo
1729 1378 1783 1423 et
1836 1378 2033 1435 mater,
2081 1383 2204 1438 quae
2240 1382 2329 1420 so-

751 1468 801 1520 la
859 1466 1178 1520 emlestibus
1254 1462 1340 1518 his
1403 1463 1601 1531 Opibus
1657 1461 1874 1526 amnis;
1925 1476 2049 1529 quze
2098 1458 2329 1513 dicenda

752 1557 1096 1629 suggessisti.
1131 1570 1194 1610 ea
1246 1566 1302 1609 et
1359 1553 1620 1608 diximus.
1679 1553 1825 1607 Nihil
1894 1552 2042 1607 enim
2109 1568 2326 1613 meum;

751 1650 845 1705 sed
894 1657 950 1702 et
1008 1648 1214 1717 lingua,
1269 1652 1323 1701 et
1370 1646 1571 1709 oratiu,
1620 1653 1674 1700 et
1718 1636 1969 1712 regnum,
2001 1657 2065 1696 ac
2106 1643 2152 1697 si
2196 1641 2327 1712 quid

751 1738 893 1793 aliud
926 1732 1036 1801 est,‘
1063 1738 1113 1792 id
1148 1752 1311 1791 omne
1343 1743 1451 1790 tua:
1480 1750 1626 1790 cura:
1654 1750 1715 1787 ac
1754 1733 2150 1789 benevolentia:
2200 1746 2322 1784 Illll-

2420 550 2574 618 τοῦσί
2612 564 2672 601 σε
2703 547 2800 618 τὴν
2831 548 2997 615 μόνην
3024 544 3418 613 εὐλογημένη),
3446 536 3512 611 ἦς
3542 560 3571 594 τ
3591 544 3617 609 ξ›
3648 541 3841 608 γλυκεῖ
3861 541 4012 608 τόκῳ

2421 642 2449 691 ὀ
2503 637 2703 709 πικρὸς
2756 635 2857 706 τῆς
2909 634 3193 705 παρακοῆς
3242 631 3519 700 ἠφανίσθη
3567 630 3758 695 τόκος,
3792 632 3827 701 ἠ
3874 632 4010 699 ἀρα.

2423 729 2716 800 liuore-30'!
2756 747 2816 783 σε
2848 723 2936 783 οἷα
2976 729 3065 798 δὴν
3092 726 3504 797 φιλάνθρωποι,
3550 724 3642 777 τὸν
3676 724 3737 787 ἐξ
3790 723 4011 791 ἀπάτης

2424 824 2804 878 καταπεσόντα
2831 822 3122 892 ἄνθρωπον
3144 819 3238 874 τοῦ
3259 820 3356 889 τῆς
3385 818 3792 887 μακαριότητος
3816 816 4011 883 ὕψους,

2423 917 2484 969 οὐ
2515 916 2674 985 μόνον
2696 916 2830 986 πρὸς
2854 914 3023 984 αὐτὴν
3048 911 3327 964 ἀναϐάντα
3355 910 3519 965 πάλιν
3545 948 3559 972 ,
3590 908 3725 960 ἀλλά
3744 908 3821 976 τῷ
3843 905 4014 973 θεῖκῴ

2426 1012 2601 1082 θρόνῳ
2628 1011 2936 1081 καθήμενον
2956 1007 3323 1076 καθορῶντες,
3362 1008 3469 1059 Καὶ
3491 1004 3545 1057 τί
3577 1004 3640 1055 ἀν
3671 1021 3752 1064 τις
3784 1001 3884 1070 τὴν
3912 998 4016 1067 σὴν

2423 1104 2584 1170 δόξαν
2632 1101 2974 1172 ἐπιχειροίη,
3023 1101 3124 1168 ὅση
3181 1115 3266 1157 τις
3302 1098 3667 1167 ἀναμετρεῖνς
3723 1095 3847 1165 ῥᾷον
3903 1091 4017 1160 γὰρ

2427 1193 2579 1266 οἶμαι
2620 1196 2851 1267 οὐρανοῦ
2912 1195 3120 1264 ἄστρα,
3174 1192 3206 1261 ἢ
3264 1194 3469 1259 ταύτην
3521 1190 3664 1256 λόγῳ
3714 1185 4016 1239 διαλαϐεῖν.

2441 1287 2606 1353 Ἀλλ’,
2636 1282 2681 1341 ὦ
2730 1285 2971 1356 παρθένε
3029 1284 3124 1338 καὶ
3181 1286 3377 1354 μῆτερ,
3412 1284 3445 1351 ἡ
3481 1281 3619 1350 μόνη
3663 1278 3732 1332 τὰ
3761 1275 4020 1347 ὑπερφυῆ

2427 1379 2599 1434 ταῦτα
2640 1378 3023 1448 πλουτήσασα,
3063 1376 3099 1430 ἃ.
3146 1375 3422 1445 παρέσχες
3463 1371 3780 1441 ὑπηχῆσαι,
3816 1369 3910 1420 καὶ
3950 1365 4024 1435 δὴ

2430 1473 2646 1544 εἴρηται
2677 1471 2829 1543 ἡμῖν.
2880 1469 3049 1522 Οὐδὲν
3091 1468 3201 1537 γὰρ
3236 1468 3403 1535 ἐμόν’
3449 1464 3586 1519 ἀλλὰ
3634 1462 3728 1515 καὶ
3759 1460 4020 1527 γλῶσσα,

2432 1563 2524 1615 καὶ
2553 1561 2819 1632 βασιλεία,
2853 1557 2950 1612 καὶ
2979 1559 3087 1610 πᾶν
3114 1556 3165 1608 εἴ
3190 1572 3242 1607 τι
3270 1554 3421 1615 ἄλλο,
3450 1552 3551 1620 τῆς
3584 1551 3682 1621 σῆς
3706 1552 3821 1602 ἐστι
3845 1548 4025 1617 δῶρον

2433 1652 2780 1722 κηδεμονίας.
2813 1651 2903 1704 Διὸ
2934 1649 2999 1720 δὴ
3027 1644 3522 1718 προσοικειουμένη
3553 1643 3623 1696 τὰ
3660 1643 3747 1703 σα,
3783 1639 3878 1693 νῦν
3919 1640 4028 1709 μὲν

2430 1746 2574 1801 δίδου
2606 1745 2669 1797 τὸ
2699 1744 2790 1797 σὸν
2823 1742 3076 1811 ποίμνιον
3107 1740 3200 1793 ἐπὶ
3230 1738 3402 1809 νομὰς
3431 1734 3675 1789 εὐθύνειν
3706 1735 3803 1802 τῆς
3837 1749 4029 1799 σωτη-

754 1848 857 1887 nus
901 1831 1064 1886 duco.
1124 1828 1305 1895 Quare
1364 1839 1454 1883 tua
1522 1828 1617 1881 tibi
1668 1828 1973 1887 vindicans,
2010 1840 2158 1880 nunc
2203 1825 2327 1894 qui-

2441 1836 2592 1910 ρίας,
2635 1835 2760 1905 μηδ’
2808 1832 3039 1903 ἀπειρίᾳ
3082 1829 3450 1899 ποιμαντικῆς
3499 1826 3846 1895 ἐπιστήμης·
3889 1824 4030 1891 ὁρᾷς

753 1924 876 1978 dein
933 1922 1154 1991 largire,
1185 1929 1243 1975 ut
1275 1935 1494 1989 gregem
1558 1927 1711 1974 tuum
1765 1917 1833 1971 ad
1882 1918 2081 1974 salutis
2113 1933 2319 1989 pascua

753 2014 1018 2083 tlirigam-
1063 2026 1132 2065 ne
1161 2011 1378 2064 inscitia
1411 2011 1655 2063 numeris
1685 2009 1903 2079 regendi
1954 2009 2128 2077 (vides
2183 2011 2328 2063 enim

753 2104 1051 2175 quantulus
1096 2118 1199 2171 ego
1247 2103 1375 2168 sim)
1409 2104 1573 2157 noxia
1624 2104 1805 2171 aliqua
1866 2101 1979 2157 fera
2024 2104 2078 2157 in
2104 2118 2324 2173 gregem

755 2197 986 2260 insiliat,
1025 2211 1201 2262 neque
1240 2196 1332 2247 ulli
1379 2211 1443 2247 ex
1493 2196 1650 2256 meis.
1679 2194 1756 2248 vel
1810 2195 1918 2249 tuis
1976 2197 2157 2264 potius
2204 2210 2329 2264 gre-

754 2287 970 2359 galibus
1006 2287 1175 2339 ullum
1206 2287 1399 2339 animze
1435 2286 1734 2355 periculum
1766 2286 2013 2351 accidat;
2050 2286 2145 2339 sed
2177 2300 2327 2339 nunc

754 2380 998 2448 quidem,
1048 2388 1160 2431 tttnt
1204 2392 1405 2431 novum
1441 2391 1527 2431 me
1578 2388 1875 2445 pastorem,
1931 2386 2044 2431 tum
2093 2391 2335 2445 gregem,

757 2471 1032 2525 universis
1083 2469 1302 2524 insidiis
1352 2469 1670 2538 superiores
1718 2469 2131 2539 gubernaveris,
2164 2483 2340 2538 exque

757 2563 962 2617 mundo
994 2564 1097 2617 hoc
1138 2563 1435 2633 migrantes
1477 2563 1541 2616 ad
1574 2562 2005 2616 immortalitatis
2036 2561 2157 2615 illas
2192 2577 2339 2613 man-

760 2659 947 2712 siones
993 2656 1238 2717 duxeris,
1286 2663 1425 2710 utet
1457 2655 1567 2709 illic
1601 2655 1710 2708 tuis
1754 2653 2004 2707 fruamur
2046 2652 2338 2721 praesidiis,

762 2748 934 2818 gratia
954 2762 1017 2801 ac
1034 2748 1371 2802 humanitate
1389 2746 1732 2817 primogeniti
1763 2745 1883 2799 Filii
1909 2746 1984 2798 tui
2008 2743 2219 2798 Domini
2242 2762 2343 2799 nu-

760 2840 860 2896 stri
890 2839 1041 2906 Jesu,
1073 2839 1160 2894 cui
1185 2839 1360 2911 gloria
1392 2839 1444 2891 in
1474 2838 1671 2892 sarcula
1705 2839 2049 2893 saeculorum.
2086 2839 2280 2892 Amen.

1353 2950 1613 3007 ORATIO
1664 2950 1751 3006 IV.

2435 1930 2544 2001 γὰρ
2584 1930 2708 1992 ὅσος
2753 1927 2903 1996 ἐγώ·
2952 1923 3291 1993 ὲπιπηδῆσαι
3336 1920 3549 1989 γένοιτό
3614 1934 3720 1971 τινι
3782 1914 4031 1984 λυμεῶνι

2439 2021 2603 2091 θηρί’
2644 2019 2781 2088 μηδέ
2825 2034 2931 2070 τινι
2981 2015 3090 2069 τῶν
3124 2013 3307 2083 ἐμῶν,
3372 2010 3573 2080 μᾶλλον
3612 2010 3705 2066 δὲ,
3752 2007 3862 2058 τῶν
3915 2006 4033 2057 σῶν

2440 2112 2773 2184 θρεμμάτων
2821 2111 2921 2179 τῆς
2967 2106 3144 2177 ψυχῆς
3196 2103 3512 2171 ἀπαντῆσαι
3560 2100 3841 2153 κίνδυνον’
3890 2098 4035 2151 ἀλλὰ

2434 2206 2532 2260 νῦν
2569 2205 2665 2275 μὲν
2696 2201 2969 2270 διεξάγοις
3013 2201 3114 2271 ἐμέ
3155 2216 3216 2251 τε
3251 2197 3340 2250 τὸν
3372 2197 3491 2249 νέον
3531 2194 3799 2262 ποιμένα,
3833 2191 3930 2243 καὶ
3974 2190 4037 2242 τὸ

2436 2296 2685 2363 ποίμνιον
2714 2294 2895 2361 πάσης
2923 2289 3219 2357 ἐπιϐουλῆς
3248 2286 3557 2355 ἀνωτέρους
3581 2300 3593 2311 ·
3630 2283 3785 2346 ἄγοις
3812 2281 3869 2334 δὲ
3935 2279 4037 2332 καὶ

2437 2387 2573 2456 πρδς
2604 2385 2703 2447 τὰς
2740 2382 2950 2437 ἐκεῖθεν
2978 2382 3077 2450 τῆς
3110 2379 3379 2440 ἀπαθείας
3415 2376 3582 2446 μονὰς
3614 2374 3866 2426 ἐντεῦθεν
3893 2375 4037 2425 ἀπο-

2439 2480 2814 2549 χωρήσαντας,
2850 2475 2937 2530 ἵνα
2969 2491 3064 2527 σου
3096 2474 3258 2526 κάκεῖ
3284 2472 3384 2540 τῆς
3417 2467 3753 2538 προστασίας
3786 2466 4038 2520 ἀπολαύ-

2447 2583 2664 2635 σωμεν,
2723 2564 2911 2634 χάριτι
2964 2564 3059 2617 καὶ
3107 2558 3493 2629 φιλανθρωπία
3543 2556 3637 2610 τοῦ
3682 2557 4037 2627 πρωτοτόκου

2450 2650 2580 2704 Υίοῦ
2608 2667 2701 2702 σου
2725 2651 2822 2703 τοῦ
2854 2652 3061 2721 Κυρίου
3087 2648 3243 2719 ἡμῶν
3276 2646 3477 2718 Ἰησοῦ,
3506 2639 3550 2715 ᾧ
3573 2648 3607 2717 ἡ
3636 2646 3765 2713 δόξα
3790 2648 3871 2711 εἰς
3906 2646 4040 2709 τοὺς

2449 2742 2653 2807 αἰῶνας
2684 2741 2794 2798 τῶν
2830 2743 3062 2797 αἰώνων.
3114 2741 3311 2813 ’Δμήν.

3072 2952 3293 3008 ΛΟΓΟΣ
3330 2952 3402 3008 Δ’.

762 3066 989 3133 Quando
1054 3068 1366 3120 intemerata
1434 3066 1665 3119 invectus
1714 3065 1889 3127 nube,
1924 3063 2175 3118 senilibus
2227 3081 2339 3115 mrt-

2443 3064 2576 3117 Ὄτε
2608 3063 2872 3132 νεφέλης
2902 3063 3205 3132 ἁχράντου
3245 3064 3677 3133 ἐποχούμενος,
3712 3063 4040 3130 πρεσϐυτιο

815 3140 1006 3201 ‘nibus,
1060 3137 1245 3206 gloria!
1286 3137 1377 3190 Sal
1427 3137 1480 3188 iu
1539 3137 1790 3203 templum
1848 3136 2128 3189 umbratile
2188 3150 2335 3188 com-

830 3209 1067 3278 migrans
1125 3208 1389 3278 ingressus
1423 3216 1501 3259 est
1532 3206 1633 3273 ((5).

1957 3315 2267 3387 ((Σοιηιεειε.
2303 3316 2407 3371 loc.

833 3433 1040 3489 Christi
1099 3431 1400 3487 solemnem
1460 3430 1797 3486 honoramus
1847 3430 2015 3495 diem,
2062 3434 2156 3501 qui
2217 3432 2339 3486 uni-

761 3528 941 3582 versis
996 3524 1136 3580 bene
1178 3522 1438 3577 honorari
1484 3530 1678 3577 auctor
1712 3521 1833 3579 fuit.
1884 3523 2106 3577 Sacram
2132 3522 2337 3579 Christi

764 3618 1139 3673 celebritatem
1183 3618 1422 3686 agimus,
1474 3629 1570 3685 per
1606 3630 1767 3684 quem
1821 3616 2066 3686 profanis
2117 3617 2340 3671 celebri-

763 3711 972 3765 tatibus
1021 3708 1332 3771 exstinctis,
1391 3714 1597 3761 exortae
1662 3718 1791 3762 sunt
1836 3723 2008 3764 sacra:
2057 3710 2342 3764 celebrita-

765 3812 868 3856 tes.
919 3798 1128 3854 Emi-to
1193 3788 1407 3852 lumine
1450 3798 1502 3850 in
1567 3798 1852 3868 spelunca,
1906 3809 2345 3871 praesentemque

764 3892 926 3950 hoJie
978 3890 1119 3945 lucis
1178 3888 1349 3943 radiis
1399 3889 1707 3944 illustrante
1766 3891 1932 3957 diem,
1986 3893 2344 3947 collmtemur.

764 3985 979 4039 llursus
1016 3984 1162 4038 enim
1219 3982 1266 4037 is
1322 3981 1483 4050 cujus
1529 3981 1815 4049 beneficio,
1848 3984 1940 4053 qui
1997 3985 2051 4039 in
2116 3986 2350 4040 tribula-

764 4080 931 4133 tionis
988 4075 1227 4131 tenebris
1284 4074 1634 4139 sedebamus,
1698 4076 2089 4131 exsultationis
2132 4079 2353 4148 aspexi-

766 4187 889 4225 mus
946 4169 1151 4233 lumen,
1199 4171 1331 4221 lretze
1392 4166 1708 4222 festivitatis
1743 4166 2146 4237 jucunditatem
2204 4186 2345 4240 pra:-

765 4262 944 4317 tendit
989 4277 1143 4315 :non
1194 4261 1268 4313 ita
1324 4268 1381 4312 ut
1419 4274 1448 4312 e
1501 4260 1761 4328 spelunca
1811 4261 2082 4329 eﬂulgeat,
2138 4263 2233 4318 sed
2290 4273 2349 4317 ut

764 4363 1028 4423 tanquam
1078 4352 1245 4412 nube,
1296 4349 1519 4419 Virgine
1577 4360 1752 4405 matre
1822 4354 2073 4421 vehatur,
2134 4369 2197 4408 ac
2250 4370 2349 4425 pa-

769 4454 983 4499 ternam
1044 4441 1385 4512 ingrediatur
1433 4442 1674 4496 domum.
1738 4441 1841 4509 Qui
1898 4446 2051 4513 prius
2111 4445 2348 4501 hominis

2516 3134 2650 3191 παῖς
2682 3135 2913 3201 χερσὶν,
2945 3139 3033 3199 εἰς
3056 3135 3283 3199 σκιώδη
3341 3137 3490 3188 να‹“ν
3512 3133 4038 3203 μετοικισάμενος,

2533 3207 2565 3258 ό
2588 3203 2696 3271 τῆς
2734 3202 2918 3271 δόξης
2945 3204 3347 3271 εἰσελήλυθεν
3376 3202 3572 3273 ἣλιος.

2442 3318 2535 3370 cit.
2565 3332 2621 3387 p.
2658 3316 2843 3389 1659.)

2523 3432 2763 3503 Χριστοῦ
2796 3433 2988 3505 ἑορτὴν
3016 3434 3286 3505 τιμῶμεν,
3335 3433 3428 3488 τοῦ
3458 3432 3638 3497 καλῶς
3666 3435 3837 3487 ἆπασι
3866 3439 4040 3504 τιμᾶ-

2450 3520 2573 3574 σθαι
2621 3521 3020 3591 διαιτήσαντος.
3076 3522 3316 3593 Χριστοῦ
3386 3524 3538 3594 ἱερὰν
3584 3521 3849 3593 τελοῦμεν
3897 3540 4041 3577 παν-

2446 3611 2666 3682 ήγυριν,
2687 3611 2755 3664 δι’
2771 3604 2832 3665 οὗ
2855 3612 3268 3683 ἀπεσϐέσθησαν
3298 3612 3503 3683 ἀνίεροι
3524 3613 3754 3676 τελεταὶ,
3778 3613 3873 3667 καὶ
3900 3631 4014 3667 παν
4030 3644 4043 3654 ο

2443 3710 2672 3781 ηγύρεις
2713 3709 2930 3780 ἀνίσχον
2973 3711 3030 3763 αἱ
3094 3710 3261 3781 ἱεραί.
3300 3708 3406 3761 Τοῦ
3451 3712 3509 3762 ἐν
3565 3709 3816 3779 σπηλαίῳ
3859 3710 4044 3777 φωτὸς

2448 3801 2828 3863 ἀνατείλαντος
2850 3841 2864 3865 ,
2905 3802 2995 3855 καὶ
3026 3801 3121 3855 νῦν
3157 3801 3255 3871 τὴν
3290 3802 3572 3871 παροῦσαν
3613 3802 3829 3871 ἡμέραν
3869 3820 4043 3854 κατα-

2453 3894 2866 3963 πυρσεύσαντος
2890 3935 2906 3960 ,
2941 3893 3388 3963 φαιδρυνώμεθα.
3430 3895 3598 3947 Πάλιν
3629 3894 3767 3964 γὰρ,
3804 3897 3831 3947 ὁ
3874 3894 3941 3946 δι’
3973 3887 4041 3947 οὗ

2452 3986 2503 4037 οἱ
2534 3987 2590 4038 ἐν
2628 3985 2860 4056 θλίψεως
2906 3986 3207 4056 καθήμενοι
3248 3986 3461 4050 σκότει,
3500 3985 3616 4055 φῶς
3656 3985 4043 4054 ἀγαλλιάσεως

2456 4078 2691 4148 εἴδομεν,
2738 4077 2939 4149 ὲορτῶν
2971 4078 3179 4149 ἀνίσχει
3224 4079 3577 4149 φαιδρότητα·
3611 4079 3710 4132 οὐκ
3748 4078 3856 4132 ἀπὸ
3895 4095 4045 4149 σπη-

2445 4168 2599 4221 λαίου
2644 4170 2964 4239 ἐκλάμπων,
3005 4169 3120 4223 ἀλλ’
3159 4166 3247 4227 οἶα
3294 4173 3524 4244 νεφέλῃ,
3577 4173 3836 4245 Παρθένῳ
3864 4175 4043 4245 μητρὶ

2448 4260 2828 4330 ἐποχούμενος·
2865 4262 3002 4313 ἀλλὰ
3030 4263 3164 4332 πρὸς
3202 4259 3351 4317 οἷκον
3387 4263 3717 4317 εἰσελαύνων
3756 4264 4041 4334 πατρῷον.

2449 4353 2718 4424 Πρότερον
2763 4355 2791 4406 ὀ
2821 4354 2927 4423 γῆν
2968 4354 3068 4425 τὴν
3108 4355 3402 4427 ἀνθρώπου
3437 4359 3654 4426 μητέρα
3700 4357 3776 4427 τῷ
3824 4358 4044 4427 ῥήματι

2447 4442 2832 4506 ἀποτετοκὼς,
2884 4445 3098 4515 μητέρα
3148 4445 3328 4516 ἐαυτῷ
3376 4449 3743 4515 ποιησάμενος
3772 4489 3786 4511 ,
3832 4449 4043 4516 νόμους

769 4542 1002 4589 matrem
1050 4542 1255 4587 terram
1288 4532 1455 4585 verbo
1487 4533 1772 4595 edidisset,
1818 4534 1920 4587 sibi
1970 4534 2085 4602 ipse
2119 4544 2339 4589 matrem

2456 4535 2796 4606 ἐκαινοτόμει
2836 4535 3083 4604 φύσεως,
3120 4540 3334 4610 μήτρας
3382 4538 3500 4592 ἀνθ’
3543 4531 3618 4591 ὧν
3660 4540 3938 4610 ἀσπόρου,
3976 4541 4045 4593 τὸ

770 4627 1016 4681 condens
1044 4666 1060 4691 ,
1106 4636 1312 4680 natura:
1361 4623 1640 4679 innovavit
1688 4626 1865 4696 leges;
1919 4641 2034 4695 qua
2092 4626 2349 4681 nimirum

769 4721 985 4774 ratione
1046 4719 1316 4789 processit
1372 4731 1403 4771 e
1465 4702 1647 4782 vulva,
1711 4717 1861 4771 nulla
1915 4727 2159 4773 semente
2220 4720 2350 4784 feta,

769 4813 917 4884 quod
968 4813 1226 4867 abhorret
1265 4825 1293 4864 a
1324 4810 1472 4879 lege:
1531 4824 1677 4865 nunc
1734 4820 1916 4865 autem
1965 4826 2062 4882 pro
2109 4796 2357 4867 commu-

770 4907 859 4962 nis
908 4908 1121 4961 ratione
1148 4904 1280 4975 lrgis
1314 4919 1502 4957 eorum
1534 4919 1766 4973 quorum
1800 4920 1866 4959 ex
1901 4906 2109 4961 semine
2137 4921 2355 4961 carnem

771 4997 1091 5066 assumpsit,
1161 4994 1254 5063 qui
1299 4994 1471 5060 legem
1517 4994 1570 5046 in
1613 5002 1798 5047 monte
1851 4992 1982 5047 Sina
2017 4993 2351 5063 scripsisset,

773 5100 1034 5159 tanquam
1069 5088 1203 5157 legis
1230 5101 1373 5151 reus,
1408 5086 1543 5155 legis
1577 5085 2026 5139 constitutionem
2060 5086 2351 5154 adimplet:

773 5183 912 5252 ipse,
970 5182 1217 5250 inquam,
1278 5180 1451 5249 gloria
1499 5177 1685 5241 Israel,
1721 5191 1785 5230 ac
1846 5177 2029 5232 lumen
2081 5179 2352 5245 gentium.

774 5276 979 5331 Gentes
1028 5275 1315 5338 universae,
1371 5271 1626 5336 laudate;
1661 5284 1792 5325 ecce
1834 5270 1981 5324 enim
2033 5268 2176 5325 Deus
2222 5286 2357 5339 puer

776 5367 961 5424 factus
1001 5374 1109 5434 est,
1143 5380 1207 5421 ac
1236 5366 1339 5421 sub
1390 5365 1506 5437 lege
1558 5362 1716 5431 vivit,
1749 5372 1807 5417 ut
1838 5370 1952 5417 tum
2009 5360 2077 5416 iis
2125 5362 2220 5433 qui
2253 5364 2356 5417 sub

2451 4628 2545 4679 τοῦ
2581 4627 2745 4693 νόμου
2778 4627 3080 4697 ἀλλότριον,
3106 4630 3461 4699 προελήλυθε
3499 4630 3594 4683 νῦν
3622 4631 3677 4683 δὲ
3710 4632 3850 4683 κατά
3872 4631 4046 4700 νόμον

2452 4717 2649 4782 κοινὸν,
2682 4712 2757 4772 ὧν
2796 4720 2859 4772 ἐκ
2887 4720 2980 4773 τοῦ
3015 4720 3330 4790 σπέρματος
3377 4722 3557 4792 σάρκα
3605 4723 3963 4791 προσέλαϐεν,
4013 4725 4045 4776 ὀ

2452 4808 2641 4862 τοῦτον
2663 4812 2721 4863 ἐν
2748 4810 2944 4881 Σιναίῳ
2968 4811 3209 4881 γράψας,
3235 4811 3484 4880 ὡφείλων
3506 4812 3676 4882 αὐτῷ,
3702 4812 3799 4884 τὴν
3826 4814 4043 4866 ἐκείνου

2454 4900 2699 4966 διάταξιν
2733 4903 3017 4972 ἐκπληροῖσ
3054 4905 3086 4974 ἡ
3123 4903 3249 4968 δόξα
3280 4904 3374 4957 τοῦ
3423 4902 3659 4975 Ἰσραὴλ,
3693 4906 3755 4958 τὸ
3784 4906 3901 4974 φῶς
3932 4907 4047 4961 τῶν

2458 4993 2646 5048 ἐθνῶν.
2673 4995 2857 5049 Πάντα
2891 4995 2959 5049 τὰ
2985 4995 3134 5065 ἔθνη,
3169 4998 3443 5050 αἰνέσατεο
3482 4997 3591 5050 ἰδοὺ
3623 4997 3731 5068 γὰρ
3757 4998 3887 5061 Θεὸς
3912 5015 4047 5051 παι-

2455 5088 2569 5141 δίον
2607 5088 2858 5156 ἐγένετο,
2902 5089 2995 5141 καὶ
3035 5088 3376 5142 πολιτεύεται
3430 5089 3536 5143 ὐπδ
3587 5090 3771 5159 νόμον,
3812 5090 3899 5143 ἴνα
3944 5094 4047 5146 καὶ

2456 5182 2567 5243 τοῖς
2597 5182 2653 5232 ἐν
2697 5180 2848 5251 νόμῳ
2885 5179 3149 5251 βοηθήσῃ,
3179 5181 3242 5233 τὸ
3275 5181 3521 5235 ἐλλεῖπον
3552 5184 3750 5252 ἐκείνῳ
3788 5183 4045 5254 ἀναπλη-

2461 5270 2592 5342 ρῶν,
2637 5272 2732 5325 καὶ
2774 5275 2888 5336 τοῖς
2937 5273 3153 5342 ἀνόμως
3202 5274 3379 5327 ἔθνεσι
3426 5275 3899 5345 πολιτευομένοις,
3948 5275 4046 5331 τὸν

2462 5364 2690 5418 πλοῦτον
2725 5365 2970 5438 γνωρίσῃ
2994 5368 3093 5436 τῆς
3127 5366 3337 5431 οἰκείας
3364 5366 3750 5439 χρηστότητος.

2286 5510 2520 5567 NOTAE.

845 5631 919 5700 (6)
952 5628 1228 5685 "abemus
1280 5644 1344 5684 ex
1397 5628 1541 5698 regia
1607 5641 1738 5700 gaza
1804 5625 2295 5700 luculentissimam
2326 5670 2341 5693 ,

774 5698 971 5766 partim
1007 5702 1278 5763 festivam,
1307 5700 1501 5767 partim
1535 5698 1881 5768 polemicam,
1904 5711 1969 5752 ac
1997 5712 2102 5766 qua
2136 5698 2256 5752 Filii
2283 5714 2344 5752 ac

777 5770 939 5828 Verbi
967 5772 1306 5829 divinitatem
1332 5772 1384 5825 in
1420 5769 1750 5839 humilitate,
1782 5781 1886 5837 qua
1921 5784 1982 5827 se
2010 5768 2114 5838 legi
2155 5769 2342 5838 subje-

2452 5628 2550 5703 cit,
2606 5631 2879 5703 prgecipue
2915 5632 3176 5689 vindicet.
3231 5633 3382 5703 Opus
3450 5642 3599 5687 certe
3675 5633 3931 5702 elegans.
3976 5651 4045 5690 ae

2455 5701 2969 5827 Ιὶᾞζτιυηιιιιιει
3018 5714 3075 5759 ιιι
3129 5701 3349 5759 tandem
3412 5704 3709 5774 aliquando
3761 5701 3905 5778 juris
3929 5720 4039 5777 pu-
