4224 6444
133 421 196 479 29
968 412 1250 471 ORATIO
1280 413 1374 471 IV.
1409 436 1475 445 —
1515 410 1592 469 IN
1634 409 1943 471 CHRISTI
1985 411 2499 475 NATIVITATEM
2554 418 2602 476 l.
3347 417 3416 479 30

137 529 263 597 lege,
318 526 639 589 auxilietur,
682 525 987 594 adimplens
1042 523 1180 593 legis
1234 523 1532 587 ‘Iefectum,
1594 529 1710 575 tum
1766 524 2021 592 gentibus
2084 526 2204 582 sine
2245 530 2362 597 lege
2422 527 2757 591 viventibus,
2811 527 3074 584 bonitatis
3116 545 3230 586 sua:
3278 532 3417 585 divi-

134 620 231 674 tias
276 619 549 673 ostendat.

208 713 430 779 Ἐπειδὴ
461 711 570 780 γὰρ
602 711 630 763 ὀ
662 707 913 777 δακτύλῳ
945 704 1083 759 Θεοῦ
1123 707 1358 777 γραφεὶς
1396 705 1595 774 νόμος,
1628 704 1725 773 οὐχ

1898 705 2035 769 Quia
2074 705 2218 761 enim
2264 704 2358 760 Dei
2407 706 2580 775 digito
2630 709 2834 779 scripta
2907 709 2989 763 lex
3075 710 3226 765 haud
3282 716 3417 768 satis

134 800 235 867 οἶός
272 822 332 856 τε
367 800 435 867 ἦν
462 803 852 871 διασοϐηθέντα
879 802 976 851 τὸν
1019 800 1298 869 λογισμὸν,
1330 803 1392 851 ὲκ
1426 797 1521 851 τοῦ
1558 798 1719 868 πρώ-

134 913 235 957 τως
278 897 447 965 σκαιᾷ
508 895 794 963 εἰσηγήσει
842 893 1293 963 παρατρέψαντος
1327 891 1508 952 αὐτὸν,
1548 891 1640 943 ἐπὶ
1666 890 1728 940 τὸ

136 987 352 1057 σῶφρον
382 989 716 1054 ἀνενεγκεῖν,
751 987 859 1038 οὐδ’
889 984 1079 1054 ὥσπερ
1112 984 1346 1053 ὄργανον
1390 984 1489 1050 τῆς
1521 982 1726 1041 οἰκείας

133 1081 422 1150 ἐξεστηκδς
453 1079 721 1150 ἁρμονίας
754 1079 892 1149 πρὸς
922 1079 1012 1130 τὸν
1050 1077 1244 1130 ἑαυτοῦ
1279 1076 1516 1144 φθόγγον
1548 1073 1724 1144 ἀρμὸ-

136 1189 243 1225 σαι·
280 1171 393 1223 οὐδ’
422 1166 484 1224 εὖ
522 1170 765 1223 τίθεσθαι
799 1169 865 1221 τὰ
904 1170 1081 1221 οἰκεῖα
1113 1167 1341 1231 διδάξαι·
1378 1165 1515 1217 ἀλλὰ
1543 1165 1726 1234 χειρός

134 1285 236 1319 νων
271 1267 577 1336 ὑποθήκαις
606 1266 674 1318 τὰ
705 1264 1047 1334 προλαϐόντα
1075 1264 1369 1333 ηὐξάνετο,
1396 1262 1497 1315 οὐκ
1526 1262 1721 1330 ἀρκου-

137 1360 315 1427 μένων
343 1358 501 1427 ήμῶν
526 1358 605 1425 τῷ
633 1357 943 1426 τολμήματι
968 1358 1066 1425 τῆς
1089 1357 1378 1425 παρακοῆς
1403 1391 1417 1416 ,
1445 1352 1562 1406 ἀλλ’
1587 1352 1725 1422 ὁμίιῠ

134 1454 197 1519 τῇ
228 1450 417 1518 ἐντολῇ
453 1451 546 1502 καὶ
575 1450 667 1501 τὸν
694 1450 969 1518 Δέσπὸτην
1023 1447 1378 1515 διωσαμένων
1406 1462 1419 1475 ·
1460 1448 1553 1499 καὶ
1590 1444 1727 1496 καθ-

138 1542 280 1610 άπερ
303 1540 489 1594 πώλου
518 1542 609 1593 τὸν
634 1540 847 1610 χαλινὸν
868 1537 1306 1601 ἑκδακόντος,καὶ
1327 1553 1572 1605 κατακρη
1584 1534 1728 1605 μνῶν

136 1633 416 1693 ἀπωλείας
438 1632 564 1683 ὅλου
591 1632 810 1701 ῥυέντος
844 1629 936 1682 τοῦ
966 1627 1081 1681 νοῦ’
1121 1628 1245 1681 ἐπεὶ
1272 1622 1367 1681 οὖν
1388 1629 1417 1680 6
1440 1626 1560 1696 θείᾳ
1585 1623 1730 1695 χειρὶ

135 1726 369 1797 γραφεὶς
404 1725 567 1793 νόμος
607 1722 780 1784 οὕτως
823 1720 1128 1791 ὡρμηκότα
1161 1720 1264 1772 οὐκ
1314 1715 1467 1788 εἶχεν
1496 1718 1727 1783 ἀναχαιο

136 1821 290 1883 τιεῖν,
326 1818 493 1877 αὐτὸς
521 1816 550 1867 6
583 1814 907 1883 ύπερούσιος
937 1814 1132 1880 Λόγος,
1164 1813 1197 1881 ὴ
1233 1812 1451 1865 πάντων
1486 1806 1730 1860 ὑποστά-

137 1928 218 1974 τις
242 1910 428 1976 σοφία,
457 1911 515 1960 ἐν
544 1907 622 1976 τῷ
646 1907 813 1975 πάχει
843 1906 938 1959 τοῦ
969 1906 1309 1974 πλάσματος,
1339 1902 1418 1971 τῷ
1450 1900 1730 1969 πλάσματι

138 2004 336 2072 ὁμιλεῖ”
370 2002 468 2055 καὶ
497 1999 836 2072 χρηματίζει
861 2000 1024 2068 νόμος
1051 1998 1215 2056 αὐτὸς
1245 1996 1339 2049 καὶ
1368 1995 1693 2062 παραίνεσις
1713 2031 1727 2054 ,

138 2095 203 2147 δι’
224 2095 425 2147 ἑαυτοῦ
460 2096 585 2154 τοὺς
616 2094 887 2153 ἀτάκτους
920 2087 1395 2157 ἐπανορθούμενος
1416 2102 1428 2115 ·
1468 2086 1561 2138 καὶ
1601 2086 1731 2153 ὁρᾶ-

136 2201 225 2238 ται
252 2183 531 2252 ἀλλοιωτῷ
562 2187 618 2236 ἐν
648 2184 777 2236 εῖδει
816 2185 844 2233 ὁ
866 2180 1220 2241 ἀναλλοίωτος
1253 2177 1347 2229 τοῦ
1395 2178 1607 2246 Πατρδς
1636 2193 1733 2245 χα-

141 2278 375 2347 ρακτήρ·
412 2278 505 2327 καὶ
540 2274 819 2343 μεσιτεύει
850 2273 926 2343 τῷ
962 2273 1134 2341 Harp).
1168 2271 1262 2323 xui.
1292 2271 1445 2338 ἡμῖν,
1479 2268 1732 2331 λυθέντος

139 2372 197 2422 ὲν
229 2372 296 2439 τῇ
331 2370 498 2438 σαρκὶ
523 2366 714 2431 αὑτοῦ,
744 2370 842 2437 τῆς
904 2366 1105 2437 ἔχθρας
1128 2364 1223 2417 τοῦ
1257 2362 1727 2434 ἀντιφράγματος.

216 2641 304 2714 Μὴ
354 2640 797 2713 φρενοϐλαϐείτω
847 2640 1121 2705 Ἰουδαῖος,
1161 2638 1299 2708 μηδὲ
1331 2638 1733 2708 παραπλησίως

142 2738 254 2799 τοῖς
287 2733 677 2804 τυκτονόμοις,
722 2731 821 2801 τὴν
862 2733 1079 2800 ἡμέραν
1126 2729 1578 2799 ἀποστρεφέσθω⁸
1616 2727 1733 2784 ἀλλ’

142 2827 440 2895 ὀφθαλμοῖς
470 2824 652 2894 φθόνῳ
700 2822 775 2892 μὴ
803 2822 1349 2892 διαλελυμασμένοις,
1387 2823 1449 2875 τὸ
1477 2822 1732 2893 λαμπρὸν

142 2920 245 2989 τῆς
276 2917 423 2979 θείας
457 2916 929 2986 ὲνανθρωπήσεως
954 2953 967 2974 ,
1001 2915 1067 2965 ἐκ
1092 2913 1204 2968 τῶν
1244 2914 1375 2981 παρ’
1419 2913 1570 2980 αὐτῷ
1613 2932 1733 2967 κει-

149 3012 330 3079 μένων
352 3007 556 3077 ὀράτω.
582 3007 766 3075 Μηδὲν
782 3007 880 3074 τὴν
906 3005 1168 3075 ἀλήθειαν
1186 3003 1386 3075 Ἕλλην
1407 3005 1730 3072 διαγελάτω,

146 3102 175 3151 6
205 3102 272 3152 τὰ
302 3100 480 3151 οἰκεῖα
501 3097 669 3167 αἴσχη
699 3094 985 3159 θεοποιῶν,
1010 3094 1103 3149 καὶ
1130 3094 1336 3166 δήμους
1376 3093 1514 3147 θεῶν
1544 3097 1607 3148 ὲκ
1639 3112 1736 3147 πα-

148 3191 259 3243 θῶν
300 3189 481 3259 ἑαυτῷ
522 3186 811 3241 συνιστῶν.
862 3187 1026 3257 Ἡμῖν
1058 3186 1167 3257 γὰρ
1202 3181 1283 3249 εἷς
1313 3186 1466 3250 Θεός’
1511 3187 1732 3256 Πατὴρ,

149 3284 298 3344 Υίὸς,
331 3283 429 3335 καὶ
466 3280 692 3349 Πνεῦμα
721 3279 875 3345 ἅγιον
902 3294 915 3306 ·
945 3282 1043 3346 οὐχ
1073 3278 1155 3330 ἑνὶ
1178 3277 1457 3348 προσώπῳ
1484 3278 1591 3329 τῶν
1621 3279 1736 3330 ὀνο-

152 3376 340 3445 μάτων
371 3373 644 3442 κειμένων
665 3385 680 3399 ·
710 3369 847 3423 ἀλλά
879 3369 1058 3438 τρισὶν
1098 3367 1411 3436 ὲνουμένοις
1443 3368 1736 3437 ταυτότητι

150 3468 387 3535 φύσεως.
424 3462 725 3532 Οἰμωζέτω
761 3462 870 3530 γὰρ
892 3462 922 3511 6
947 3459 1047 3525 τῆς
1070 3459 1369 3527 παρανοίας
1395 3459 1600 3527 ταύτης
1630 3476 1737 3511 πα-

1833 806 1971 859 erat,
2005 807 2065 852 ut
2095 800 2471 867 perturbatam
2508 803 2774 855 rationem
2808 800 2931 872 ejus
2991 805 3135 858 malo
3189 818 3412 873 conatu,

1840 893 1932 959 qui
1992 892 2224 948 sinistra
2280 893 2516 960 primum
2575 898 2932 962 pel-vertisset
2985 896 3268 964 suasione,
3347 902 3414 955 ad

1829 982 2185 1034 sobrietatem
2256 982 2564 1044 reduceret,
2633 993 2759 1039 utve
2824 994 3090 1056 tanquam
3144 1002 3414 1058 organum

1829 1074 2191 1127 consonantia
2243 1075 2453 1128 amissa
2505 1076 2569 1127 ad
2630 1077 2883 1144 proprios
2938 1079 3136 1133 iterum
3186 1096 3413 1151 compo-

1832 1166 2234 1228 nerettnudos,
2307 1180 2371 1219 ac
2443 1182 2542 1220 sua
2598 1167 2766 1236 probe
2830 1168 3106 1225 moderari
3157 1172 3415 1228 doceret:

1829 1259 2096 1326 quininto,
2129 1275 2251 1312 cum
2313 1261 2566 1330 pejorum
2625 1260 3045 1315 accessionibus
3096 1265 3280 1330 priora
3326 1266 3417 1318 in-

1830 1362 2168 1414 crescerent,
2216 1368 2317 1407 nec
2371 1353 2651 1407 suﬁiceret
2702 1354 3091 1410 inobedientia:
3152 1374 3421 1426 prtesunt-

1832 1447 1984 1512 ptio;
2030 1443 2124 1497 sed
2164 1446 2381 1500 abunde
2436 1462 2542 1499 una
2602 1463 2726 1500 ctnn
2786 1448 3065 1512 mandato,
3132 1450 3419 1505 Dominum

1830 1537 2009 1603 ipsum
2065 1538 2503 1605 repulissemus:
2545 1554 2811 1608 mensque
2862 1540 2991 1609 pulli
3044 1542 3223 1595 instar
3255 1545 3422 1598 adeso

1832 1628 1986 1682 freno
2033 1644 2275 1698 praeCeps
2314 1641 2424 1685 tota
2460 1633 2515 1686 in
2571 1633 2854 1686 interitum
2892 1636 3233 1703 proruisset:
3269 1637 3420 1704 quia,

1832 1722 2077 1787 inquam,
2132 1721 2314 1775 divina
2359 1738 2519 1776 manu
2585 1725 2788 1793 scripta
2826 1725 2909 1779 lex
2964 1725 3045 1779 sic
3089 1726 3420 1794 praecipitem

1834 1811 2038 1865 factum
2086 1811 2328 1865 animum
2378 1812 2605 1866 minime
2640 1822 2854 1883 poterat
2905 1830 3186 1877 revocare,
3221 1832 3282 1871 ac
3332 1834 3425 1872 se-

1832 1919 1930 1956 cus
1981 1902 2295 1968 iullet'terc,
2351 1900 2590 1957 Verbum
2628 1904 2805 1973 ipsum
2862 1907 3420 1973 supersnbstautiale,

1836 1996 2222 2050 universarum
2297 1997 2621 2065 productrix
2704 1998 2997 2066 sapientia,
3062 2001 3114 2053 in
3179 2000 3425 2071 ﬁgmenti

1834 2104 2025 2141 eras5o
2084 2103 2335 2156 corpore,
2397 2090 2659 2158 ﬁgmento
2714 2094 3067 2155 consuescit;
3144 2095 3424 2162 litquelex

1838 2179 1953 2248 ipsa
2007 2194 2071 2233 ac
2103 2179 2427 2244 admonitio,
2490 2180 2668 2247 ipsum
2731 2196 2828 2250 per
2906 2198 2965 2236 se
3028 2184 3426 2253 incompositos

1836 2272 2176 2335 emendatis;
2222 2282 2387 2340 atque
2418 2272 2472 2325 in
2508 2273 2756 2326 mutabili
2792 2276 3034 2328 cernitur
3070 2278 3273 2344 specie,
3333 2277 3425 2346 qui

1834 2363 2014 2417 I’atiis
2047 2364 2279 2417 exsistat
2311 2364 2668 2420 iunnntahilis
2724 2364 2934 2434 ﬁgura;
3006 2365 3299 2436 ipsmnque
3345 2369 3430 2420 iu-

1836 2467 1917 2511 ter
1965 2470 2030 2509 ac
2061 2456 2349 2509 hominum
2405 2472 2577 2525 genus
2629 2468 2978 2523 sequestrum
3033 2459 3168 2527 agit,
3205 2459 3428 2512 solvens

1835 2547 1888 2600 in
1936 2560 2105 2599 carne
2162 2560 2260 2599 sua
2297 2544 2586 2599 adversam
2639 2545 3054 2597 inimicitiarum
3104 2546 3427 2599 maceriem.

1908 2632 1984 2687 Ne
2011 2632 2235 2688 Judteus
2264 2634 2525 2694 insaniat,
2556 2643 2723 2686 autve
2750 2632 2893 2685 haud
2950 2649 3111 2687 serus
3141 2649 3206 2689 ac
3257 2635 3428 2699 ulula,

1836 2736 1932 2776 seu
1960 2720 2234 2789 ejusmodi
2265 2721 2415 2774 aliud
2448 2722 2799 2792 noctivagum
2834 2722 3060 2785 animal,
3096 2723 3239 2775 diem
3272 2738 3430 2776 arer-

1837 2821 1988 2867 setur
2012 2829 2026 2878 ;
2052 2812 2182 2881 quin
2201 2815 2382 2882 potius
2406 2812 2557 2865 nullo
2587 2812 2761 2866 oculis
2783 2812 2954 2865 livore
2976 2811 3213 2874 oblmsis,
3235 2812 3433 2866 divina:

1837 2904 2236 2958 incarnationis
2299 2904 2646 2972 Splendorem
2684 2918 2751 2958 ex
2818 2903 2886 2959 iis
2926 2903 3254 2973 conspiciat,
3312 2921 3433 2973 quae

1836 3006 1965 3052 sunt
2014 2997 2158 3067 apud
2223 2998 2425 3066 ipsum.
2492 2995 2636 3050 Nihil
2695 2996 2911 3066 gentilis
2955 3000 3240 3051 veritatem
3285 2995 3434 3051 deri-

1837 3090 1985 3154 deat,
2037 3089 2132 3159 qui
2176 3104 2274 3144 sua
2310 3090 2428 3159 ipse
2462 3089 2660 3158 probra
2694 3088 2899 3143 deitate
2948 3088 3117 3142 donet
3165 3089 3432 3142 deorum-

1837 3198 1944 3253 que
2007 3182 2237 3252 populos
2292 3197 2357 3236 ex
2431 3180 2782 3252 passiouibus
2833 3182 3091 3251 vitiisque
3142 3182 3244 3236 sibi
3297 3196 3433 3235 cou-

1839 3282 2049 3336 stituat.
2098 3278 2266 3333 Nobis
2300 3278 2446 3331 enim
2484 3293 2627 3331 unus
2663 3276 2803 3331 Deus
2853 3285 2973 3343 est;
3008 3277 3189 3343 Pater,
3232 3277 3432 3342 Filius,

1838 3382 1891 3427 ct
1947 3370 2186 3442 Spiritus
2251 3380 2515 3434 sanctus;
2577 3383 2683 3422 non
2742 3369 2835 3432 ita,
2894 3378 2954 3422 ut
3037 3368 3132 3422 uni
3188 3385 3436 3439 persona:

1841 3461 2100 3514 attributa
2132 3461 2246 3514 sint
2271 3462 2489 3513 nomina
2511 3498 2525 3520 ,
2557 3458 2653 3511 sed
2706 3466 2764 3511 ut
2796 3458 2975 3512 tribus
3016 3459 3265 3526 ejusdem
3298 3475 3437 3514 con-

148 3560 279 3629 τὴρ,
298 3558 398 3609 καὶ
425 3556 486 3608 τὸ
510 3555 569 3607 ἓν
596 3553 842 3624 ἀμείϐων
860 3552 980 3614 ταῖς
1004 3551 1231 3619 κλήσεσι
1260 3551 1574 3621 πρόσωπον·
1615 3550 1737 3619 μηδ’

1844 3553 2049 3622 junctis
2081 3554 2466 3605 communione
2516 3557 2746 3603 naturte.
2789 3550 2995 3620 Lugeat
3046 3553 3189 3606 enim
3248 3553 3436 3621 ejusce

152 3653 286 3707 αὐτὸ
326 3647 489 3702 τοῦτο
520 3648 698 3709 συνεὶς
725 3648 761 3699 ’ὀ
806 3643 1201 3715 ὲμόρόντητος,
1247 3642 1330 3695 ὅτι
1377 3644 1442 3711 τῇ
1482 3644 1581 3713 μιᾷ
1614 3643 1747 3695 ύπο-

156 3741 343 3796 στάσει
370 3739 825 3809 φιλοτιμούμενος
868 3738 938 3789 τὰ
978 3735 1217 3804 ὀνόματα
1240 3774 1254 3796 ,
1281 3735 1382 3787 οὐκ
1410 3734 1563 3787 εἴασε
1596 3734 1748 3803 λέγε-

157 3833 280 3887 σθαι
300 3832 329 3884 ὃ
345 3830 633 3884 ἐκάλεσεν·
659 3826 768 3879 οὐδ’
793 3825 821 3878 ὂ
844 3824 1249 3895 προσαγορεύει
1268 3826 1485 3877 κεῖσθαι
1506 3824 1745 3891 δίδωσιν,

156 3926 321 3995 εἴπερ
361 3920 583 3989 ἀληθῶς
612 3920 793 3971 κεῖται
835 3918 906 3970 τὰ
958 3916 1033 3986 μὴ
1083 3913 1338 3984 διαδοχὴν
1388 3915 1744 3983 προσιέμενα.

157 4014 278 4077 Πῶς
307 4006 403 4066 οὖν
432 4011 494 4063 τὸ
525 4010 583 4061 ἓν
606 4007 772 4061 αὐτοῦ
805 4006 1099 4075 πρόσωπον
1124 4004 1383 4073 ὀνομάσει
1416 4004 1654 4073 Πατέρα,
1680 4008 1745 4075 τῇ

160 4104 285 4160 Υἱοῦ
314 4100 663 4175 προσηγορίᾳ
692 4097 907 4166 ἐκείνης
934 4094 1322 4163 ἐξιστάμενον;
1351 4095 1435 4148 ’ίνα
1462 4093 1557 4147 νῦν
1580 4096 1746 4159 ἐάσω,

157 4198 272 4261 πῶς
306 4198 448 4258 ὅλως
492 4194 683 4264 ῥηθείη
733 4189 961 4260 Πατὴρ,
1001 4188 1035 4258 ἢ
1089 4187 1207 4249 πῶς
1252 4186 1379 4248 Υἱὸς
1429 4186 1745 4249 καλέσοιτο,

158 4292 234 4354 είς
260 4290 366 4359 τὴν
393 4286 490 4340 τοῦ
518 4283 657 4340 Πνεύ
669 4299 834 4353 ματος
864 4279 1163 4350 μεθεστώς.
1194 4272 1287 4340 Εἷς
1319 4276 1413 4329 οὖν
1435 4277 1567 4338 Θεὸς
1593 4276 1749 4347 ήμῶν

157 4387 217 4439 ὲν
256 4383 415 4455 τρισὶ
462 4377 779 4450 προσώποις
802 4389 817 4403 ⁸
849 4373 973 4427 οὔτε
1001 4373 1090 4424 διὰ
1117 4371 1180 4422 τὸ
1221 4370 1447 4439 τρισσὸν
1468 4370 1749 4439 τμήμασιν

157 4472 480 4544 ἑτεροςρυέσι
517 4467 884 4538 μεριζομένης
918 4464 1017 4534 τῆς
1050 4462 1259 4525 ἐνιαίας
1289 4460 1555 4526 Θεότητος
1580 4500 1594 4523 ,
1625 4459 1749 4513 οὕτε

157 4566 267 4621 τῶν
296 4560 610 4633 προσώπων
639 4559 730 4611 διὰ
763 4556 826 4609 τὸ
866 4557 1069 4609 ὲνιαῖον
1100 4553 1484 4623 συγχεομένων
1512 4552 1612 4621 τῆς
1650 4551 1752 4618 φύ-

159 4670 321 4716 σεως·
360 4652 478 4706 ἀλλ’
514 4651 606 4703 ἀεὶ
628 4647 736 4701 τῶν
766 4645 935 4715 τριῶν
976 4644 1164 4705 ὄντων,
1208 4644 1305 4696 καὶ
1334 4640 1457 4693 οὕτε
1492 4641 1585 4693 τοῦ
1618 4640 1748 4693 Υἱοῦ

159 4747 219 4813 ἐξ
248 4747 352 4799 οὐκ
378 4744 550 4806 δντος,
577 4740 703 4793 οὔτε
732 4739 827 4791 τοῦ
864 4737 1201 4805 Πνεύματος·
1229 4734 1314 4787 ἵνα
1341 4734 1415 4804 μὴ
1445 4732 1660 4796 ἐλλιπὲς
1689 4732 1750 4785 ὃν

157 4843 220 4894 τὸ
245 4840 427 4899 Θεῖον,
461 4835 685 4903 ὕστερον
712 4831 853 4901 ὀφθῇ
882 4830 981 4901 τὴν
1007 4828 1216 4881 ἔνδειαν
1241 4825 1745 4903 ἀποθέμενον-ἀλλ’

1849 3646 2136 3699 dementiae
2203 3653 2391 3714 pater,
2442 3644 2647 3714 quique
2703 3658 2866 3696 unam
2901 3659 3191 3713 personam
3246 3649 3434 3718 appel-

1850 3733 2146 3787 lationibus
2172 3740 2508 3797 eonnnutat;
2556 3746 2655 3785 nec
2691 3732 2795 3786 hoc
2827 3733 3005 3800 ipsum
3039 3743 3233 3789 etnotae
3278 3751 3437 3790 men-

1849 3827 1921 3880 tis
1972 3826 2134 3879 hoino
2166 3825 2440 3893 intelligit,
2474 3823 2620 3892 quod
2670 3824 2761 3876 uni
2810 3824 3092 3893 hypostasi
3143 3827 3439 3885 ambitiose

1850 3921 2068 3972 nomina
2103 3919 2325 3978 tribuat,
2356 3933 2423 3971 ne
2459 3918 2561 3969 hoc
2595 3916 2818 3985 quidem
2876 3918 2985 3971 dici
3025 3919 3229 3983 sinere,
3289 3921 3436 3992 quod

1850 4010 2175 4077 appellavit:
2228 4024 2328 4060 nec
2374 4023 2503 4060 vero
2559 4006 2707 4076 quod
2765 4008 3025 4076 appellat,
3104 4008 3320 4062 ﬁrmum
3374 4026 3440 4066 ac

1853 4114 2029 4151 ratum
2097 4115 2218 4151 esse
2264 4099 2557 4151 concedit:
2638 4099 2860 4169 quando
2921 4100 3010 4151 illa
3086 4115 3211 4154 vere
3282 4100 3437 4155 ﬁrma

1855 4204 2081 4259 ralaquc
2114 4201 2243 4245 sum
2266 4206 2387 4260 qua:
2424 4194 2835 4246 successionem
2870 4191 3294 4262 haudquaquam
3340 4193 3440 4245 ad-

1854 4284 2101 4336 mittunt.
2172 4282 2290 4348 Qua
2362 4298 2492 4350 ergo
2550 4285 2765 4338 ratione
2845 4298 3002 4337 suam
3064 4285 3207 4338 illam
3274 4301 3438 4339 unam

1854 4391 2142 4445 personam
2214 4374 2429 4428 Patrem
2488 4377 2806 4445 appellabit,
2863 4392 2987 4430 eum
3038 4378 3189 4431 illam
3254 4379 3442 4432 notio-

1854 4483 1972 4521 nem
2006 4468 2123 4520 Filii
2156 4468 2520 4536 appellatione
2554 4468 2805 4522 amittat?
2869 4467 2939 4523 Ut
2977 4484 3122 4523 nunc
3160 4470 3439 4537 omittam,

1853 4572 1959 4627 qua
2031 4573 2259 4627 prorsus
2332 4559 2545 4613 ratione
2623 4558 2788 4614 Pater
2874 4559 3131 4627 dicatur,
3190 4570 3285 4615 aut
3329 4578 3438 4632 qua

1852 4650 2156 4718 appelletur
2228 4648 2422 4713 Filius,
2486 4651 2579 4718 qui
2643 4652 2695 4703 in
2748 4650 2988 4720 Spiritus
3052 4655 3447 4727 commigrave-

1852 4742 1924 4796 rit
1983 4740 2453 4809 appellationem?
2515 4738 2669 4794 Unus
2728 4756 2860 4811 ergo
2913 4753 2998 4796 est
3057 4742 3201 4798 Deus
3254 4754 3445 4801 noster

1855 4832 1912 4886 in
1946 4833 2125 4887 tribus
2160 4833 2445 4902 personis;
2484 4847 2584 4887 nec
2616 4834 2779 4887 trium
2818 4836 3052 4897 ratione.
3115 4836 3320 4891 diversi
3347 4852 3446 4909 ge-

159 4932 298 5003 ὁμοῦ
324 4928 405 4999 τῷ
445 4900 607 4997 αίτίιρ
631 4900 952 4993 Πατρᾪκαὶ
984 4919 1093 4974 τῶν
1118 4919 1180 4983 ἐξ
1214 4920 1424 4971 ἐκείνου
1458 4900 1737 4973 συνόντωνε

1854 4924 2005 4980 neris
2040 4924 2378 4980 sectionibus
2416 4926 2679 4994 singulari
2709 4927 2911 4982 deitate
2974 4928 3171 4994 divisa,
3208 4930 3305 4986 sed
3359 4930 3438 4985 ita

162 5022 380 5095 Πατρὸς
413 5021 513 5088 μὲν
554 5018 650 5072 καὶ
685 5015 999 5087 Πνεύματος
1038 5015 1097 5066 ὲν
1140 5014 1207 5083 τῇ
1241 5012 1450 5065 ἑαυτῶν
1486 5012 1750 5082 διαμεμε-

158 5116 409 5185 νηκότων
438 5111 727 5181 ἁπλότητι.
756 5107 887 5162 Υίοῦ
924 5107 1003 5172 δὲ,
1029 5108 1096 5175 τῇ
1121 5105 1181 5170 ἐξ
1208 5103 1367 5175 ήμῶν
1396 5102 1747 5173 συντεθειμέ-

160 5229 255 5263 νου
285 5205 569 5278 προσλήψε
578 5224 617 5259 ι.

1858 5023 1919 5069 ut
1970 5024 2084 5071 tres
2137 5030 2355 5085 semper
2406 5019 2699 5081 exsistant,
2758 5034 2821 5071 ae
2874 5035 2973 5074 nec
3021 5019 3194 5075 Filius
3241 5038 3308 5076 et
3359 5022 3447 5077 ni-

1860 5106 1974 5161 hilo
2028 5109 2119 5169 sit,
2191 5123 2295 5161 nec
2356 5108 2595 5177 Spiritus
2674 5118 2897 5163 sanctus
2947 5128 2959 5164 :
3033 5121 3090 5165 ut
3147 5127 3217 5165 ne
3262 5111 3447 5168 Deitas

1858 5215 1982 5254 cum
2010 5200 2163 5269 prius
2212 5200 2469 5254 deﬁciens
2539 5208 2687 5254 esset
2746 5202 3101 5268 postmodum
3174 5204 3445 5267 videatur,

161 5304 443 5358 delectum
501 5297 811 5367 abiecisse:
859 5294 953 5350 sed
1007 5306 1116 5347 una
1157 5306 1282 5345 cum
1334 5303 1525 5353 causa,
1588 5287 1750 5343 Patre
1781 5294 2017 5357 scilicet,
2050 5292 2211 5348 simul
2268 5295 2534 5348 exsistant
2588 5291 2680 5360 qui
2738 5303 2865 5346 sunt
2927 5310 2993 5347 ex
3044 5294 3155 5359 illo,
3233 5304 3291 5349 ut
3364 5295 3450 5348 ni-

164 5396 467 5450 hilominus
502 5402 618 5447 tum
672 5390 851 5451 Pater,
881 5397 997 5441 tum
1041 5385 1281 5455 Spiritus
1315 5395 1471 5437 suam
1507 5382 1833 5439 retinuerint
1874 5387 2319 5455 simplicitatem;

163 5490 483 5557 s-wmptione
539 5487 718 5538 factus
777 5482 847 5536 sit
885 5477 1249 5547 compositus.

239 5579 388 5633 Ἔδει
429 5578 540 5646 γὰρ
576 5573 712 5627 Θεοῦ
745 5570 1100 5642 βουληθέντος
1139 5567 1229 5621 διὰ
1258 5564 1542 5633 σπλάγχνα
1572 5564 1759 5627 ἐλέους

166 5674 225 5725 ιν
262 5668 507 5740 ήμιτέρᾳ
538 5667 718 5736 μορφῇ
745 5663 844 5735 τὴν
867 5659 1093 5730 λογικὴν
1113 5656 1275 5729 ήμῶν
1302 5655 1584 5723 εὐγένειαν
1607 5654 1759 5727 διαρ-

167 5766 392 5833 ῤυίσαν
413 5762 549 5831 προς
579 5761 768 5811 ἑαυτὸν
807 5755 1109 5819 ἀνασῶσαι,
1148 5752 1274 5805 Υἰὸν
1307 5745 1447 5803 εἶναι
1477 5749 1568 5801 τὸν
1601 5748 1761 5802 τοῦτο

165 5851 735 5926 πραγματευσόμενον
762 5865 777 5881 ο
819 5849 878 5901 ού
928 5848 1088 5918 μόνον
1133 5846 1214 5899 ὅτι
1254 5845 1392 5912 ὅπερ
1421 5836 1490 5912 ἦν
1530 5839 1718 5906 ἀϊδίως
1742 5878 1759 5907 ,

2396 5384 2559 5440 Filius
2624 5402 2775 5451 vero,
2825 5389 3009 5441 carnis
3097 5396 3296 5442 nostrae
3362 5402 3449 5441 as-

1936 5562 2041 5615 Par
2100 5562 2246 5617 enim
2308 5571 2446 5623 erat.
2512 5571 2571 5615 ut
2618 5578 2742 5616 eum
2804 5564 2941 5616 Deus
2989 5577 3082 5628 per
3136 5563 3453 5618 misericor-

1865 5656 1969 5710 diae
1992 5654 2201 5709 viscera
2233 5654 2557 5708 rationalem
2594 5666 2839 5708 nostram
2873 5655 3287 5725 ingenuitatem.
3326 5672 3450 5724 quae

1862 5748 1916 5800 in
1966 5752 2159 5799 natura
2210 5754 2398 5797 nostra
2449 5745 2794 5809 dillluxisset,
2832 5746 2896 5799 ad
2948 5760 3009 5800 se
3052 5746 3167 5814 ipse
3196 5759 3454 5813 reparare

1865 5838 2171 5899 statuisset,
2208 5836 2258 5889 id
2300 5837 2500 5906 negotii
2528 5852 2622 5903 per
2648 5835 2847 5892 Ὲειίιιιη
2882 5846 3164 5907 gereretur
3198 5854 3212 5892 :
3244 5837 3444 5893 nedum
