4224 6444
792 424 855 487 31
2023 421 2221 480 mox
2231 422 2301 481 IS
2340 419 2805 482 PIIIIDSOPIII
4010 428 4080 489 πρ

793 554 856 592 ca
896 538 1129 599 ratione,
1179 534 1307 603 quia
1356 531 1501 601 quod
1546 538 1747 585 aeterna
1800 538 1947 584 esset
1996 533 2378 600 generatione,

2489 530 2646 584 τοῦτο
2669 533 2764 582 καὶ
2789 530 3014 600 ὔστερον
3037 531 3413 602 χρηματίζων,
3441 534 3540 586 οὐκ
3575 534 3764 604 ἔμελλε
3794 535 3904 590 τῶν
3932 537 4079 590 ἰδίων

796 625 1143 696 postmodum
1212 620 1467 683 audiens,
1530 635 1559 672 ιι
1611 619 1728 674 suis
1782 619 1900 689 ipse
1953 619 2378 692 haudquaquam

796 728 1132 771 excessurus
1161 718 1284 766 erat
1313 751 1328 777 ,
1363 725 1551 765 verum
1597 709 1787 775 etiam,
1818 710 1943 780 quia
1992 711 2221 766 rationis
2256 721 2376 767 erat

798 820 857 862 nt
888 824 914 860 ιι
950 806 1107 861 nobis
1153 818 1253 859 sua
1299 803 1587 859 nobiscum
1632 802 2054 870 consuetudine,
2090 804 2380 859 irrationa-

796 901 874 954 lcs
925 898 1154 954 affectus
1201 910 1492 963 moresque
1534 893 1799 951 auferret.
1857 895 2071 951 Idcirco
2117 895 2383 952 Conditor

796 994 914 1063 ipse
957 991 1283 1047 smenlornm
1339 988 1671 1059 principium
1740 987 1943 1043 saeculo
1978 987 2252 1045 recentius
2284 1004 2379 1043 su-

797 1086 934 1149 mit;
987 1093 1147 1153 partu
1181 1080 1349 1135 nullis
1393 1079 1598 1134 infecto
1630 1081 1906 1144 sordibus,
1937 1095 2119 1135 meum
2149 1079 2384 1135 honorat

795 1187 1051 1246 partum;
1091 1190 1176 1239 ac,
1225 1173 1370 1243 quod
1403 1175 1693 1244 prazsentis
1722 1173 1829 1227 diei
1865 1173 2150 1230 solemniis
2178 1176 2375 1244 agitur,

796 1285 963 1323 carne
1006 1268 1059 1321 in
1109 1269 1315 1337 templo
1369 1267 1621 1329 ollertur,
1659 1265 1770 1319 Deo
1800 1280 1909 1329 me,
1946 1281 1977 1320 a
2017 1266 2244 1337 profana
2277 1267 2382 1320 imr

798 1364 1114 1433 mundaque
1165 1364 1218 1418 in
1275 1363 1555 1432 impietate
1596 1360 2058 1423 conversatione,
2092 1361 2381 1416 vindicans

798 1470 1161 1524 sacratisque.
1214 1455 1274 1509 ld
1321 1456 1482 1510 hodie
1547 1453 1659 1521 agit
1711 1453 1938 1522 provide
1973 1491 1989 1515 ,
2039 1453 2131 1523 qui
2207 1451 2381 1507 nostri

798 1563 968 1604 causa
1018 1550 1200 1603 factus
1225 1557 1309 1603 est
1342 1546 1545 1601 infans.
1588 1544 1702 1599 lloc
1738 1544 2056 1600 festivitatis
2105 1544 2383 1599 hodierna:

799 1649 1185 1712 argumentum
1211 1647 1297 1696 est
1324 1657 1338 1693 :
1365 1654 1559 1710 nempe
1584 1637 1813 1692 infantis
1840 1638 1893 1690 in
1922 1637 2124 1707 templo
2153 1636 2380 1699 oblatio,

800 1735 890 1786 cui
944 1732 1118 1802 igneis
1168 1731 1238 1786 ab
1288 1730 1479 1785 oribus
1511 1728 1741 1783 offertur
1790 1726 2056 1782 laudatio.
2090 1726 2227 1792 Quis
2272 1739 2381 1778 non

802 1821 1062 1875 horreat?
1091 1820 1227 1888 Quis
1250 1835 1359 1875 non
1392 1818 1652 1888 stupcat?
1685 1818 1822 1884 Quis
1856 1833 1961 1872 non
1995 1819 2048 1872 in
2082 1819 2381 1888 gratiarum

801 1913 1047 1969 solvatur
1096 1913 1383 1968 actiones?
1432 1912 1535 1978 Qui
1586 1920 1645 1965 ut
1678 1910 1825 1967 Deus
1855 1912 2110 1965 universa
2144 1908 2381 1980 perficit,

800 2007 1111 2059 tnortalium
1136 2003 1466 2057 formatione
1494 2004 1547 2057 in
1574 2002 1895 2072 imperfecta
1922 2004 2169 2059 cernitur
2198 2009 2378 2057 aetate.

809 2095 913 2161 Qui
974 2094 1225 2149 considet
1268 2092 1455 2158 Patri,
1506 2093 1764 2148 manibus
1805 2102 2050 2164 gestator
2097 2091 2381 2149 maternis.

800 2185 971 2255 Cujus
1000 2187 1168 2241 verbo
1198 2195 1452 2240 vocatum
1479 2185 1662 2240 lumen
1699 2186 1925 2256 prodiit,
1954 2185 2008 2239 in
2036 2185 2160 2240 vita:
2182 2193 2384 2240 nostra:

802 2279 1002 2332 nebula
1028 2279 1298 2349 procedit.
1334 2278 1476 2332 Caeci
1513 2279 1755 2348 gentiutn
1786 2279 1931 2332 oculi
1968 2279 2022 2332 in
2048 2287 2163 2332 atra
2188 2279 2382 2333 mortis

802 2378 965 2425 nocte
1009 2370 1338 2433 sedentium,
1385 2368 1793 2432 illuminamini,
1825 2368 1919 2438 qui
1966 2369 2205 2424 lucidam
2257 2370 2383 2424 vittc

800 2460 946 2513 diem
979 2458 1356 2528 conspiciatis.
1388 2457 1600 2513 Excisa:
1631 2474 1865 2528 namque
1893 2468 2023 2515 sunt
2060 2460 2385 2529 ignorantia:

803 2551 1069 2614 tenebrae,
1116 2548 1320 2621 quibus
1365 2564 1395 2603 a
1438 2549 1550 2604 Deo
1590 2549 1814 2604 discreti
1876 2550 2215 2615 tenebamur,
2264 2553 2384 2622 ipso

802 2659 865 2699 se
892 2643 1204 2699 inﬂectente
1235 2658 1450 2697 summo
1485 2644 1992 2698 misericordiarnm
2026 2643 2190 2700 Patre
2221 2654 2385 2716 atque

803 2736 912 2798 his,
959 2736 1052 2804 qui
1108 2736 1406 2791 interibant
1452 2736 1505 2790 iu
1559 2738 1827 2803 tenebris,
1876 2753 2065 2792 verum
2121 2737 2387 2794 inferente

806 2822 1008 2877 lmnen.
1077 2823 1267 2878 Solnta
1330 2826 1596 2880 maestitia
1658 2838 1763 2891 est,
1819 2827 2047 2884 Deitatis
2096 2830 2387 2899 splendore

805 2915 968 2971 nobis
997 2914 1314 2986 aﬂ‘ulgentc.
1341 2915 1572 2973 Videant
1604 2921 1865 2985 salutare,
1889 2922 1982 2989 qui
2012 2934 2233 2992 propter
2261 2938 2388 2992 pec-

806 3010 912 3063 cati
943 3009 1337 3063 obscuritatem
1363 3011 1627 3080 caligant.
1663 3011 1801 3067 Ecce
1826 3014 1971 3068 enim
2006 3015 2183 3083 puella
2216 3018 2388 3071 castis

805 3100 1063 3154 manilms
1129 3102 1409 3155 invectum
1463 3113 1709 3171 gestans,
1770 3104 1825 3158 in
1874 3105 2166 3162 umbratile
2219 3107 2389 3161 intrat

806 3191 1094 3258 templum,
1149 3206 1259 3260 quo
1308 3193 1657 3248 sacerdotum
1700 3193 1831 3247 illud
1884 3195 2139 3251 manibus
2172 3194 2387 3252 oﬂ‘erat.

805 3279 851 3334 Ο
884 3280 1263 3334 inclinationis
1297 3297 1637 3352 summaeque
1673 3284 1823 3338 illius
1872 3284 2228 3340 demissionis
2259 3286 2387 3341 alti-

804 3372 1089 3426 tudinem!
1140 3372 1243 3438 Qui
1274 3373 1546 3429 Aaronem
1590 3373 1868 3445 delegerat
1901 3377 1955 3430 in
1998 3376 2386 3442 ministerium,

802 3462 1086 3532 priorique
1115 3461 1283 3532 Moysi
1325 3463 1505 3517 fuerat
1531 3463 1871 3532 collocutus;
1904 3480 2068 3535 quem
2096 3467 2259 3521 etiam
2288 3470 2390 3519 ho-

804 3554 1011 3606 diernae
1034 3553 1143 3608 diei
1177 3553 1337 3608 docet
1372 3556 1654 3625 mysteria,
1680 3570 1788 3626 qua
1818 3557 2121 3627 posteriora
2145 3558 2386 3612 ostendit

805 3645 971 3708 (Deus
1012 3660 1251 3716 namque
1288 3661 1444 3700 suam
1483 3650 1721 3717 posteris
1760 3652 2101 3720 temporibus
2130 3665 2254 3704 cum
2288 3651 2384 3704 ho-

804 3736 1045 3790 minibus
1089 3737 1327 3792 futuram
1382 3741 1837 3796 consuetudinem
1888 3741 2181 3812 aenigmate
2233 3743 2383 3798 desi—

2491 623 2874 692 ὲκστήσεσθαι,
2918 624 3033 675 ἀλλ’
3064 625 3147 677 ὃτι
3178 624 3269 677 καὶ
3317 625 3491 690 Λόγου
3535 622 3603 695 ἦν
3644 627 3703 691 ἐξ
3751 629 3908 698 ἡμῶν
3972 631 4081 682 ἀπ,

2491 715 2818 768 εσκευάσθαι
2867 714 2967 784 τὴν
3025 716 3250 784 ἀλογίαν
3306 717 3483 785 οἰκείᾳ
3530 721 3955 790 προσομιλήσει.
3981 723 4080 775 Διά

2488 805 2648 860 τοῦτο
2676 807 2704 858 ὁ
2736 804 2861 867 τοὺς
2904 803 3110 868 αἰῶνας
3139 806 3551 877 δημιουργήσας
3572 847 3587 873 ,
3622 807 3798 878 ἀρχὴν
3841 828 4080 879 μεταγε-

2490 897 2752 966 νεστέραν
2778 896 2973 959 αἰῶνος
3002 895 3291 964 λαμὸάνει-
3324 900 3660 971 ἀρρυπάντῳ
3697 901 3952 966 ἀποτέξει
3980 906 4080 967 τὰς

2484 988 2625 1059 ἐμὰς
2662 987 2859 1051 ώδίνας
2884 989 3039 1058 τιμᾷ·
3064 989 3179 1053 καὶ,
3202 990 3263 1041 τὸ
3279 989 3372 1043 νῦν
3393 991 3736 1061 τελούμενον,
3758 994 3921 1064 σαρκὶ
3946 1012 4081 1065 προ-

2484 1080 2713 1149 φέρεται
2756 1080 2911 1152 ίερῷ,
2938 1081 3038 1151 ἐμὲ
3070 1081 3390 1152 ἱεροποιῶν,
3423 1083 3524 1153 τῆς
3553 1084 3773 1154 ἀνιέρου
3806 1085 3902 1139 καὶ
3931 1086 4075 1139 ἀκα-

2485 1171 2681 1241 θάρτου
2704 1173 2764 1224 ὲν
2789 1173 3240 1244 ἀθεῖᾳδιαγωγῆς
3264 1176 3277 1229 l
3301 1173 3472 1227 Τοῦτο
3490 1176 3733 1246 σήμερον
3755 1176 3833 1247 τῷ
3849 1177 4081 1247 δι’ἠμᾶς

2483 1265 2851 1334 οἰκονομεῖται
2889 1267 3089 1337 νηπίῳ.
3139 1266 3310 1321 Τοῦτο
3354 1267 3712 1339 ἑορτάζομενο
3754 1269 4077 1341 προσένεξιν

2485 1358 2565 1418 εἰς
2593 1356 2718 1411 ναὸν
2748 1354 2982 1427 βρέφους
3012 1396 3028 1421 ,
3053 1350 3099 1425 ᾧ
3142 1358 3385 1429 πυρίνων
3416 1360 3705 1430 στομάτων
3731 1363 4078 1431 προσάγεται

2485 1449 2710 1511 αῖνεσις.
2741 1448 2839 1510 Τίς
2866 1447 2927 1501 οὐ
2959 1450 3173 1516 φρίττει
3210 1467 3225 1515 ;
3258 1450 3353 1515 Τίς
3397 1453 3498 1505 οὐκ
3543 1453 3948 1522 ἑκπλήττεταις
3980 1455 4081 1518 Τίς

2485 1540 2586 1594 οὐκ
2628 1540 2943 1611 εὐχαριστεί
2969 1539 3060 1605 ,Ὀ
3091 1540 3161 1593 τὰ
3204 1541 3499 1611 σύμπαντα
3538 1544 3761 1598 τελειῶν
3799 1545 3873 1609 ώς
3905 1546 4077 1612 Θεὸς,

2486 1636 2543 1687 ἐν
2594 1634 2818 1699 ἀτελοῦς
2866 1634 3081 1704 ἡλικίας
3122 1635 3320 1705 ὁρᾶται
3362 1639 3612 1708 γηγενῶν
3650 1639 3959 1695 διαπλάττει.
4018 1642 4080 1694 'U

2488 1726 2856 1797 συγκάθεδρος
2876 1726 2955 1796 τῷ
2978 1727 3175 1797 Πατρὶ,
3207 1730 3366 1797 χερσὶ
3392 1730 3721 1799 βαστάζεται
3749 1734 4075 1802 μητρικαῖς.

2486 1812 2561 1871 Oi)
2590 1817 2799 1887 ῥήματι
2825 1818 3161 1887 καλούμενον
3188 1818 3424 1891 προῆλθε
3451 1819 3511 1873 τὸ
3540 1820 3677 1888 φῶς,
3700 1823 3759 1874 ὲν
3779 1826 3845 1894 τῇ
3874 1824 4080 1897 ὁμίχλῃ

2485 1908 2580 1963 τοῦ
2609 1909 2882 1979 ἡμετέρου
2914 1909 3030 1979 βίου
3065 1913 3415 1983 προέρχεται.
3455 1913 3752 1984 Ὀφθαλμοι
3796 1917 4078 1987 ἀλαμπεῖς

2485 2002 2595 2055 τῶν
2642 2003 2701 2055 ὲν
2724 2005 2791 2073 τῇ
2846 2003 3077 2077 μελαίνῃ
3119 2004 3215 2057 τοῦ
3265 2005 3501 2059 θανάτου
3548 2008 3705 2060 νυκτὶ
3745 2008 4080 2079 καθημένων

2488 2093 2679 2158 ἐθνῶν,
2717 2093 3047 2165 φωτίσθητε,
3091 2095 3190 2165 τὴν
3221 2097 3490 2167 φωτεινὴν
3534 2099 3635 2168 τῆς
3666 2098 3811 2169 ζωῆς
3856 2101 4081 2170 ἡμέραν

2490 2187 2774 2257 θεώμενοι.
2817 2188 3060 2258 Ἐτμήθη
3108 2190 3217 2259 γὰρ
3264 2188 3364 2258 τῆς
3403 2189 3628 2257 ἀγνοίας
3677 2191 3736 2243 τὸ
3785 2191 4002 2253 σκότος,
4034 2186 4081 2258 ᾧ

2485 2281 2621 2334 Θεοῦ
2659 2281 2993 2350 διιστάμενοι
3044 2279 3416 2350 κατειχόμεθα
3440 2297 3454 2311 ·
3487 2280 3909 2351 δυσωπήσαντος
3950 2286 4079 2337 έαυυ

2485 2372 2580 2425 τὸν
2607 2372 2702 2425 τοῦ
2730 2373 2968 2440 μεγάλου
3003 2371 3112 2425 τῶν
3133 2372 3437 2441 οἰκτιρμῶν
3463 2373 3676 2443 [ἰατρὸς
3701 2414 3715 2436 ,
3758 2375 3852 2427 καὶ
3875 2376 3993 2438 τοῖς
4020 2378 4082 2429 ὲν

2485 2463 2634 2534 αὐτῷ
2664 2462 3060 2532 ἀπολλυμένοις
3083 2502 3097 2527 ,
3130 2462 3190 2514 τὸ
3224 2462 3477 2532 ἀληθινὸν
3522 2463 3638 2530 φῶς
3681 2466 4077 2531 έπιφάναντος.

2486 2558 2682 2628 Ἐλῦθη
2719 2557 2779 2610 τὸ
2811 2555 3156 2626 σκυθρωπὸν,
3182 2555 3276 2609 τοῦ
3318 2556 3752 2625 ἀπαυγάσματος
3791 2559 3923 2627 ἡμῖν
3976 2559 4083 2629 τῆς

2487 2649 2751 2718 Θεότητος
2774 2646 3198 2716 ἐπιλάμψαντος.
3224 2645 3505 2699 Ἰδέτωσαν
3522 2647 3583 2700 τδ
3611 2648 3894 2719 σωτήριον,
3914 2647 3966 2701 οἱ
3991 2648 4083 2702 διὰ

2485 2736 2586 2807 τὴν
2636 2736 2893 2807 ἀμαυρὰν
2950 2737 3179 2806 μύοντες
3226 2738 3526 2807 ἁμαρτίαν.
3595 2738 3726 2791 ’ἰδοῦ
3772 2739 3882 2809 γὰρ
3935 2739 4083 2809 κόρη

2488 2830 2770 2902 παλάμαις
2800 2833 2990 2900 ἀγναῖς
3023 2830 3391 2900 ἐποχούμενον
3450 2833 3709 2902 ρέρουσα,
3759 2833 3838 2894 είς
3872 2831 4082 2903 σκιώδη

2489 2923 2614 2977 ναὸν
2643 2924 2982 2990 εἰσελαύνει,
3023 2924 3211 2995 χερσίν
3253 2924 3440 2992 ἱερέως
3492 2923 3653 2976 τοῦτο
3693 2925 4078 2994 προσάγοι-σα.

2491 3016 2555 3068 Ὠ
2595 3014 2758 3085 βάθος
2793 3014 3295 3084 συγκαταϐιὶσεωςί
3331 3015 3390 3069 '0
3428 3014 3565 3086 πρὸς
3607 3014 3954 3086 λειτουργίαν
3986 3015 4084 3069 τὸν

2503 3106 2710 3176 ’Δαρὼν
2738 3105 3118 3177 ἐκλεξάμενος,
3145 3106 3238 3159 καὶ
3267 3105 3376 3175 πρδ
3400 3105 3591 3160 τούτου
3618 3105 3974 3176 προσομιλῶν
4001 3105 4085 3175 τῷ

2489 3198 2697 3252 Μωσεῖ·
2730 3191 2775 3266 ᾧ
2806 3199 2903 3251 καὶ
2932 3198 2999 3251 τὰ
3029 3197 3124 3251 νῦν
3155 3200 3435 3268 μυστήρια
3476 3200 3534 3250 ὲν
3571 3201 3636 3268 τῇ
3671 3199 3779 3251 τῶν
3809 3196 4082 3251 ὀπισθίων

2492 3292 2618 3360 μυεῖ
2652 3289 2999 3358 παραδείξει·
3030 3290 3132 3359 τὴν
3160 3289 3271 3358 γάρ
3312 3292 3370 3343 ὲν
3412 3289 3592 3343 ὀπίσω
3623 3289 3815 3361 καιροῦ
3858 3288 4085 3359 ὁμιλίαν

2488 3379 2654 3434 αὑτοῦ
2693 3380 3001 3454 ἀνθρώποις
3044 3378 3441 3451 αἰνιγματίξων
3468 3380 3600 3444 Θεδς
3623 3421 3638 3448 ,
3667 3381 3747 3450 τῷ
3779 3380 4085 3451 θεράποντι

2489 3472 2558 3525 τὰ
2588 3471 2813 3525 ὀπίσθια
2834 3470 3105 3525 δείκνυσιν
3124 3488 3137 3501 °
3176 3472 3251 3534 ώς
3278 3474 3562 3542 ἱερατικῆς
3587 3472 3807 3544 χρῄζων
3825 3473 4086 3540 εὐλογίας

2413 3592 2456 3652 c
2492 3563 2862 3633 προσφέρεται
2894 3563 3052 3635 ἱερεῖ.
3103 3562 3289 3627 οὕτως
3327 3564 3453 3633 ἐμοὶ
3490 3565 3790 3635 εὐδοκήσας
3821 3567 4085 3635 ἐπηνωρ-

2491 3653 2726 3707 θωκέναι
2763 3654 2824 3708 τὸ
2857 3656 3107 3725 πταῖσμα
3133 3693 3149 3719 ,
3182 3654 3211 3707 ὃ
3239 3655 3391 3727 νόμῳ
3429 3656 3815 3728 προσκρούσας
3845 3656 4086 3726 διεπρα-

2491 3742 2690 3815 ξὶμηνο

803 3843 1001 3896 gnans,
1035 3826 1227 3899 Moysi,
1253 3828 1460 3883 famulo
1506 3846 1602 3884 suo
1634 3833 1933 3901 posteriora
1971 3833 2155 3888 videre
2204 3834 2458 3889 concedit
2489 3835 2604 3906 "’):
2668 3843 2931 3906 tanquam
2984 3835 3310 3893 sacerdotali
3368 3836 3619 3909 indigens
3668 3835 4079 3902 benedictione,

804 3920 1081 3974 sacerdoti
1130 3918 1391 3985 offertur;
1445 3921 1727 3984 nimirum,
1771 3938 1837 3978 eo
1877 3925 2039 3979 modo
2069 3926 2259 3981 volens
2333 3941 2612 3997 reparare,
2655 3928 2803 3999 quod
2856 3928 2912 3983 in
2974 3928 3146 4001 legem
3212 3929 3519 3994 offendens,
3559 3930 3771 3986 crimen
3837 3931 4080 3987 commi-

804 4025 1021 4065 SiSSCﬂI.

877 4101 1138 4169 Quaenam
1164 4111 1318 4157 tanta
1344 4105 1459 4158 lucc
1498 4104 1831 4175 benignitas,
1856 4106 2262 4178 incliabilisque
2288 4110 2389 4163 nii-

806 4194 1148 4250 set'icordia?
1184 4193 1259 4249 Ex
1293 4197 1477 4251 servili
1524 4211 1625 4263 ego
1667 4197 2005 4265 conditione,
2040 4199 2387 4256 dominorum

807 4287 1054 4357 pmpriis
1079 4286 1400 4344 honestatus
1434 4288 1760 4359 privilegiis,
1804 4305 1870 4346 ac
1920 4300 2178 4362 tanquam
2211 4292 2390 4347 domi-

807 4393 935 4443 nus,
979 4377 1197 4447 meique
1228 4378 1374 4449 juris
1434 4381 1646 4447 vivens,
1686 4396 1821 4436 mea).
1868 4386 2151 4438 custodem
2203 4385 2391 4455 gloria:

808 4469 981 4540 legem
1028 4470 1205 4539 repuli
1240 4486 1256 4525 ε
1296 4471 1561 4526 Dominus
1612 4480 1821 4538 autem,
1875 4475 2219 4542 sempiternae
2267 4476 2392 4544 jure

808 4560 1148 4618 hereditatis
1197 4560 1504 4617 dominimn
1540 4564 1847 4633 possidens,
1890 4568 2014 4621 vita:
2057 4582 2182 4621 cum
2217 4570 2391 4624 servis

809 4652 1130 4709 societatem
1181 4654 1407 4710 minime
1437 4655 1658 4721 renuit;
1695 4664 1862 4727 atque
1897 4657 2035 4712 adeo
2084 4658 2188 4728 legi
2218 4659 2393 4715 servis

810 4744 933 4799 lata:
973 4758 1179 4799 morem
1237 4746 1400 4815 gerit.
1459 4747 1732 4813 Quorsum
1780 4748 1832 4802 id
1877 4748 2051 4803 vero?
2102 4748 2391 4817 Nimirum,

812 4845 871 4889 ut
905 4833 1040 4889 mihi
1072 4835 1312 4904 praebeat
1347 4851 1458 4906 quo
1480 4853 1734 4892 excusem
1759 4838 1973 4895 ordinis
2000 4839 2391 4905 desertionem,

2563 4108 2661 4173 Τίς
2694 4111 2728 4179 ἡ
2757 4108 3163 4179 φιλανθρωπία,
3203 4110 3351 4165 καὶὸ
3395 4107 3576 4175 οἶκτος
3621 4113 3650 4165 ὁ
3682 4111 3926 4179 ἀφατοςς
3985 4115 4088 4169 Ἐκ

2489 4199 2691 4253 δούλων
2719 4198 2831 4267 ἐγὼ
2852 4198 3188 4263 δεσποτικοῖς
3211 4199 3463 4271 τιμηθεὶς
3502 4198 3838 4270 προνομίοις,
3871 4200 3965 4253 καὶ
3992 4196 4087 4255 οἷα

2488 4292 2754 4359 δεσπότης
2788 4291 3179 4361 διαιτώμενος,
3230 4292 3320 4344 τὸν
3354 4290 3571 4360 φύλακα
3605 4291 3877 4360 τῆςνὲμῆς
3914 4292 4086 4363 δόξης

2489 4382 2772 4454 διωσάμην
2789 4382 2980 4453 νόμον.
3006 4382 3282 4450 Δεσπότης
3305 4382 3360 4434 δὲ
3382 4380 3552 4435 ἀΐδιον
3578 4379 3778 4452 κλῆρον
3808 4380 3953 4450 ἔχων
3982 4383 4089 4449 τὴν

2489 4474 2830 4538 δεσποτείαν,
2880 4476 2944 4528 οὐ
2980 4476 3327 4545 παραιτεῖται
3374 4474 3473 4546 τὴν
3521 4473 3664 4543 μετά
3704 4473 3907 4526 δούλων
3957 4490 4091 4528 συν·

2488 4565 2777 4637 διαίτησιν,
2810 4567 2906 4620 καὶ
2943 4565 3023 4636 τῷ
3051 4566 3290 4637 κειμένῳ
3312 4565 3519 4629 δούλοις
3538 4566 3626 4620 διὰ
3650 4565 3823 4619 ταῦτα
3847 4566 4091 4636 πειθαρ-

2491 4657 2576 4727 χεῖ
2601 4655 2895 4726 νόμῳ.Ἷνα
2918 4656 2972 4708 τί
3000 4656 3247 4726 γένηταις
3283 4656 3379 4709 Ἰν*
3405 4656 3529 4726 ἐμοὶ
3556 4657 3655 4727 τῆς
3684 4654 3914 4719 ἀταξίας
3942 4657 4092 4710 ἀπο-

2491 4748 2678 4817 λογίαν
2704 4749 3149 4819 παραστήσηται,
3174 4748 3268 4803 καὶ
3291 4748 3384 4802 τοῦ
3411 4748 3513 4818 τῆς
3538 4748 3799 4818 ἀνηκοΐας
3828 4748 4093 4822 ἀπολύσῃ

2496 4840 2860 4912 ἐγκλήματος,
2886 4840 3074 4914 ὥσπερ
3108 4842 3397 4905 ὑπόπλεως
3421 4842 3673 4915 φιλτρόου
3704 4840 3890 4910 πατὴρ
3916 4840 4093 4909 5x10-

812 4940 1058 4995 meaeque
1113 4925 1500 4982 inobedientia:
1552 4931 1762 4984 crimen
1802 4928 1976 4983 diluat
2013 4946 2026 4982 :
2059 4945 2123 4985 ac
2164 4934 2208 4986 si
2239 4943 2389 5000 pater

2500 4950 2589 4985 νον
2627 4932 2925 5002 ἐπιτιμίοις
2952 4931 3095 5003 ὁρῶν
3122 4933 3505 5003 ὑποκείμενον
3542 4926 3659 4986 εἶτα
3684 4932 3744 4985 τὺ
3773 4932 3946 4985 αἴτιον
3978 4933 4095 5002 τῆς

815 5020 1019 5074 amoris
1044 5017 1352 5073 visceribus
1377 5021 1573 5089 plenus
1611 5037 1784 5091 pinna:
1811 5022 2109 5076 obnoxium
2144 5031 2392 5094 nepotem

813 5101 1014 5169 videat,
1047 5111 1275 5175 tumque
1320 5106 1452 5160 mali
1509 5122 1732 5163 causam
1790 5110 1843 5164 in
1892 5112 2060 5165 ﬁlium
2110 5111 2267 5184 longe
2311 5127 2393 5169 so-

815 5192 1119 5259 lertiorem,
1152 5197 1328 5267 ipsius
1356 5198 1675 5254 diluendum
1708 5216 1893 5271 opcre,
1920 5203 2189 5258 conferat.
2219 5204 2405 5271 Quod-

814 5300 941 5340 nam
975 5285 1309 5343 horrendum
1354 5290 1461 5345 hoc
1491 5308 1654 5362 opus,
1702 5293 2090 5365 universisque
2135 5296 2406 5351 excellen-

814 5379 946 5443 tius,
992 5380 1037 5435 si
1092 5396 1200 5451 qua
1248 5381 1390 5438 Deus
1432 5395 1693 5454 operatus
1739 5389 1856 5440 estl

889 5469 1033 5525 Sane
1080 5470 1300 5541 quidem
1365 5489 1625 5544 tiiagnum
1680 5476 1808 5546 quid
1859 5485 2140 5534 extentum
2178 5480 2401 5545 coslum,

814 5572 1073 5632 terraque
1125 5580 1292 5635 super
1330 5566 1564 5622 nihilum
1608 5568 1872 5634 fundata,
1928 5586 2028 5626 nec
2064 5588 2172 5627 non
2217 5573 2397 5630 lmncn

818 5654 985 5708 verbo
1038 5656 1369 5727 obaudicns,
1426 5668 1485 5713 ut
1538 5661 1743 5718 mundo
1797 5671 1911 5721 toto
1948 5664 2055 5721 late
2099 5664 2396 5737 cﬂ'ulgcat;

893 5833 936 5864 ’°
976 5834 1144 5890 Exod.
1192 5853 1381 5904 sntit,
1421 5843 1471 5895 5.

2498 5021 2796 5086 κακώσεως
2838 5021 2921 5093 τῷ
2959 5024 3113 5077 παιδὶ
3145 5023 3288 5077 κατά
3335 5024 3471 5077 πολὺ
3518 5022 3858 5093 δεξιωτέρῳ,
3910 5022 4094 5075 αὑτοῦ

2498 5114 2743 5169 διαλῦσαι
2774 5114 2854 5186 τῷ
2888 5114 3056 5187 ἔργῳ.
3097 5114 3163 5169 Τί
3207 5115 3267 5170 τὸ
3299 5114 3528 5187 φρικτὸν
3572 5114 3730 5169 τοῦτο
3759 5115 3940 5186 ἔργον,
3991 5115 4097 5169 καὶ

2501 5206 2679 5261 πάντα
2711 5207 3007 5279 ὑπεραῖρον
3038 5208 3140 5262 ὅσα
3161 5205 3294 5272 Θεὸς
3324 5206 3652 5278 είργάσατοί

2571 5484 2729 5553 Μέγα
2765 5482 2863 5555 μὲν
2906 5477 2998 5538 οῦν
3038 5485 3265 5555 οὐρανὸς
3308 5484 3701 5554 ἐπιτεινόμενος⁹
3734 5483 3830 5536 καὶ
3875 5484 3946 5551 γῆ
3999 5484 4097 5537 ἐπ’

2498 5577 2711 5640 οὐδενὸς
2744 5576 3244 5647 ὑποστηριζομένηο
3277 5576 3371 5629 καὶ
3409 5575 3526 5645 φῶς
3555 5575 3844 5629 ὑπακούων
3871 5573 3950 5644 τῷ
3987 5577 4097 5645 Μ’

2502 5688 2661 5741 ματι,
2711 5671 2847 5740 πρὸς
2886 5670 3006 5726 ὅλου
3055 5669 3261 5739 κόσμου
3307 5668 3573 5738 ἀγλαῖαν·
3610 5668 3704 5722 καὶ
3746 5665 3851 5738 πρὸ
3887 5665 4096 5721 τούτου
