4224 6444
204 384 290 446 33

1078 396 1361 458 ORATIO
1393 402 1485 460 l\'.
1507 429 1573 439 -
1606 403 1688 463 IN
1726 406 1793 465 CI

1895 406 2036 466 [STI
2074 409 2585 471 ΝΛἸῚΥΙΤᾹἸἘΜ
2627 416 2669 471 1.
3424 412 3489 479 fixi

204 495 377 548 διῦλοι
407 495 571 566 δῆμοι
595 499 899 565 περιιόντες
924 502 1003 564 εἰς
1034 503 1395 574 λειτουργίαν·
1432 510 1569 564 ἀλλὰ
1598 510 1730 573 Θεὸς
1758 513 1796 563 ἐπ

1916 528 2090 583 eoque
2138 516 2288 581 prius
2321 521 2517 571 secreti
2548 534 2576 571 a
2611 524 2841 574 materia
2874 524 3078 591 Ilﬂp‘til,
3115 538 3312 593 praesto
3344 536 3485 588 exsi-

208 588 412 656 μήτρα
433 586 782 655 χωρούμενος
798 591 890 642 καὶ
922 593 1311 663 πλαττόμενος,
1334 599 1519 667 μεῖζον
1537 600 1698 670 ἔργον
1718 601 1810 652 καὶ

205 674 690 744 Θαυμαστότερονο
730 678 888 731 τοῦτο
916 680 1193 753 θειότερόν
1232 703 1290 738 τε
1330 690 1425 741 καὶ
1454 688 1806 761 ὑψηλότερον,

260 768 352 830 ab;
386 767 454 821 δι’
490 768 633 839 ἡμᾶς
681 770 933 842 θηλάζων
960 775 1056 825 καὶ
1099 778 1259 846 χερσὶ
1290 779 1713 850 βάσταζόμενος.
1746 783 1806 836 Εἰ

205 862 317 913 καὶ
348 864 465 925 τοῖς
495 864 749 918 λαλοῦσιν
786 865 1003 919 ἀδικίαν
1032 868 1115 930 εἰς
1142 866 1296 938 ὕψος,
1331 873 1554 944 ἀφορμὴ
1582 873 1684 942 τῆς
1713 877 1807 928 τοῦ

206 952 564 1021 Μονογενοῦς
604 958 913 1027 ἁθετήσεως
950 958 1183 1026 γίνεταγ
1226 962 1413 1037 ὥσπερ
1447 966 1565 1019 δέον
1604 967 1667 1019 ἐκ
1695 969 1806 1021 τῶν

204 1044 522 1112 ἀμεινόνων
568 1046 767 1117 ἔργων,
813 1048 1170 1116 ἐξευτελίζειν
1210 1054 1303 1106 τὸν
1348 1056 1708 1125 ἐπιστήμονα’
1762 1060 1795 1128 ἢ

204 1134 310 1203 ἀφ’
354 1130 432 1189 ὧν
473 1152 580 1189 τινι
622 1136 684 1190 τὸ
728 1141 1027 1211 μαρτύριον
1059 1144 1157 1213 τῆς
1192 1146 1466 1215 ὑπεροχῆς
1502 1148 1602 1217 τῆς
1638 1148 1802 1204 δυνά-

210 1244 396 1296 μεως,
437 1230 650 1282 ἐκεῖθεν
689 1232 839 1303 αὐτῷ
877 1235 1171 1303 πειρᾶσθαι
1204 1236 1266 1289 τὸ
1316 1241 1576 1307 κραταιὸν
1605 1241 1803 1295 καθαι-

206 1324 354 1387 ρεῖν.
390 1321 454 1373 Τί
484 1320 696 1389 λέγεις;
731 1323 915 1394 ἐπειδή
958 1342 1039 1377 σοι
1072 1331 1547 1401 κατορωρυγμένῳ
1581 1334 1640 1385 ἐν
1673 1334 1803 1386 σκό-

204 1429 297 1464 τει
333 1414 580 1498 ἐπεφάνη
620 1416 681 1467 τὺ
730 1416 846 1483 φῶς
871 1457 885 1478 ,
920 1418 1209 1485 ἀτιμάζεις
1246 1420 1307 1473 τὸ
1340 1421 1486 1489 φῶς;
1528 1425 1636 1477 Καὶ
1664 1425 1747 1479 ὅτι
1775 1428 1802 1478 ὁ

205 1502 486 1572 Βασιλεὺς
521 1507 703 1564 οἶκτον
741 1512 920 1566 λαϐὼν
954 1517 1055 1585 τῆς
1094 1521 1194 1588 σῆς
1242 1521 1619 1594 ταλαιπωρίας
1664 1525 1801 1595 πρὸς

205 1593 275 1644 σὲ
316 1598 714 1665 παραγίνεται,
752 1602 844 1654 καὶ
871 1603 970 1673 οὐχ
1001 1606 1172 1677 ἐτέρῳ
1211 1609 1517 1680 ἐπιτρέπει,
1551 1612 1666 1666 ἀλλ’
1699 1593 1798 1668 αὑ-

202 1683 304 1775 τός
337 1695 423 1738 σοι
453 1688 692 1742 διακονεῖ
721 1692 818 1762 τὴν
844 1696 1215 1766 χρηστότητα,
1261 1700 1325 1753 ἐκ
1353 1700 1452 1770 τῆς
1490 1702 1798 1775 ὑπερϐολῆς

202 1771 315 1864 τῆς
345 1776 699 1846 εὐεργεσίας,
731 1783 868 1848 πρὸς
899 1785 1306 1857 καταφρόνησιν
1332 1790 1465 1861 ἔρχῃ
1503 1771 1611 1862 τῆς
1639 1771 1798 1864 δόξης

203 1863 309 1917 τοῦ
334 1867 664 1937 εὐεργέτου;
705 1873 798 1925 καὶ
822 1873 912 1927 διὰ
949 1874 1048 1946 τὴν
1078 1878 1216 1947 πρὸς
1245 1879 1304 1932 σὲ
1333 1882 1662 1937 ταπείνωσιν
1698 1863 1799 1938 οἴει

203 1957 273 2008 τὸ
304 1958 519 2012 ἐκείνου
552 1961 686 2030 ὕψος
715 1964 1047 2035 ταπεινοῦνς
1088 1970 1280 2024 Καίτοι
1311 1972 1401 2026 διὰ
1443 1975 1602 2028 τοῦτο
1638 1979 1803 2049 ἐχρῆν

202 2047 272 2100 τὸ
311 2050 601 2118 μεγαλεῖον
626 2057 815 2126 τιμᾷν·
849 2058 913 2111 σὺ
940 2058 1021 2121 δὲ,
1055 2062 1241 2132 ἐπειδὴ
1273 2062 1475 2134 βρέφος
1504 2068 1598 2121 καὶ
1628 2047 1803 2141 σπάρ-

201 2154 351 2207 γανα
382 2143 479 2196 καὶ
520 2147 709 2216 χεῖρας
738 2150 1141 2219 περιεπούσας,
1174 2155 1269 2207 καὶ
1300 2157 1368 2209 τὰ
1412 2158 1547 2211 ἄλλα
1576 2160 1678 2215 ὅσα
1710 2163 1799 2216 διὰ

201 2229 309 2298 τὴν
326 2232 429 2298 σὴν
456 2234 821 2303 οἰκονομεῖται
849 2240 1145 2309 σωτηρίαν,
1176 2243 1419 2310 ἀκούεις,
1436 2246 1536 2316 τὴν
1555 2247 1795 2316 προαιώ-

204 2338 325 2374 νιον
379 2324 539 2390 δόξαν
579 2329 902 2400 ἀποστερεῖς
940 2333 1031 2385 τὸν
1062 2335 1265 2401 Λόγον·
1306 2337 1494 2408 ὥσπερ
1527 2340 1593 2392 ἂν
1623 2342 1670 2393 εξ
1706 2343 1799 2395 καὶ

204 2414 303 2465 τὸν
338 2415 563 2484 βασιλέα
587 2459 600 2482 ,
636 2420 769 2473 διότι
800 2423 962 2486 αὑτός
1003 2441 1085 2478 σοι
1121 2430 1517 2497 παραγεγονὼς
1542 2426 1643 2502 ἦρε
1673 2434 1798 2496 τοὺς

203 2506 313 2574 τῆς
342 2507 639 2573 κακώσεως
665 2514 883 2579 πόνους,
916 2514 1101 2584 ἠξίους
1131 2521 1458 2591 ἀποστερεῖν
1485 2522 1577 2575 τοῦ
1616 2524 1797 2594 διαδήο

206 2614 424 2667 ματοςς
454 2602 533 2654 ὅτι
561 2602 648 2655 διὰ
677 2606 735 2657 σὲ
759 2607 1003 2670 κτίζεται
1036 2612 1240 2681 μητρὸς
1270 2614 1627 2682 χρηματίζων
1657 2616 1794 2681 υίὸς,

202 2693 300 2746 διὰ
328 2693 489 2747 τοῦτο
513 2696 612 2764 τῆς
639 2700 912 2769 πατρικῆς
943 2700 1173 2772 διαιρεῖς
1200 2705 1515 2772 συναφείας,
1541 2709 1633 2758 καὶ
1659 2708 1798 2775 μετὰ

204 2784 319 2837 τῶν
360 2791 679 2856 κτισμάτων
724 2793 1112 2862 συναριθμεῖς,
1168 2796 1263 2849 καὶ
1317 2797 1451 2866 μηδὲ
1497 2799 1595 2866 τῆς
1645 2800 1795 2853 κάτω

202 2876 521 2944 γεννήσεως
564 2881 677 2941 τοῖς
734 2880 1285 2951 πολυπραγμονοῦσιν
1329 2885 1494 2957 οὔσης
1546 2887 1790 2958 ληπτῆςς

201 2961 461 3029 ἣπλωται
490 2966 600 3035 γὰρ
627 2967 722 3019 καὶ
744 2968 947 3037 ταύτης
979 2971 1295 3038 ἀδιέκϐατος
1327 2976 1521 3042 γνόφος
1553 2980 1794 3047 ἀποκρυ-

204 3050 335 3121 6ἧς·
368 3056 437 3106 σὺ
466 3054 554 3120 δέ,
597 3057 786 3127 κόραις
808 3098 824 3120 ,
854 3058 883 3110 ὃ
911 3060 974 3129 δὴ
998 3062 1215 3129 λέγεται
1240 3103 1256 3127 ,
1290 3065 1535 3117 ἀτενέσιν
1562 3066 1622 3131 ἐξ
1643 3069 1796 3122 ἀναι-

1914 614 2123 658 Stentes
2179 605 2243 657 ad
2297 610 2659 664 ministerium
2708 629 2721 663 :
2769 613 2925 680 longe
2974 617 3255 671 enimvero
3309 624 3489 689 majus

1914 710 2074 765 npus.
2120 713 2183 751 ac
2237 700 2496 767 majorem
2543 702 2748 756 habens
2775 704 3215 772 admirationem,
3254 721 3314 765 ut
3348 712 3487 768 Deus

1915 790 1967 842 in
2014 792 2169 845 vulva
2222 793 2475 860 capiatur
2524 808 2685 864 atque
2726 795 3039 851 formetur:
3078 800 3321 857 divinius
3386 804 3488 857 hoc

1911 897 1973 936 ac
2001 883 2313 948 sublimius,
2339 894 2397 938 ut
2427 886 2567 941 Deus
2613 890 2786 943 nostri
2812 903 2977 943 causa
3005 892 3212 946 lactens
3234 897 3488 961 exsistat,

1909 989 1973 1029 ac
2021 977 2277 1031 manibus
2308 987 2579 1046 portetur,
2611 994 2924 1050 quanquam
2969 982 3035 1037 iis
3062 984 3153 1053 qui
3193 985 3488 1053 loquuntur

1905 1065 2246 1136 iniquitatem
2277 1069 2318 1099 ³³
2341 1070 2391 1121 in
2411 1069 2629 1124 excelso
2671 1072 2913 1135 occasio,
2945 1081 3003 1126 ut
3034 1072 3309 1141 Uuigeniti
3364 1077 3482 1143 glu-

1907 1158 2000 1211 riaa
2037 1158 2357 1214 detrahant:
2382 1170 2635 1229 tanquam
2673 1165 2880 1231 peritus
2930 1164 3119 1217 artifex
3145 1167 3486 1234 spernendus

1907 1249 1980 1301 sit
2029 1249 2100 1303 ob
2156 1251 2503 1318 praeclariora
2534 1268 2736 1321 opera;
2782 1268 2874 1308 aut
2921 1255 3047 1308 inde
3072 1257 3380 1310 conandum
3415 1260 3481 1312 sit

1909 1348 1966 1393 ιιι
1998 1340 2303 1409 cujuspiam
2348 1345 2649 1411 potentiam
2683 1347 3060 1400 convellamus
3090 1346 3233 1400 unde
3280 1347 3356 1399 illi
3389 1364 3485 1401 ex-

1905 1430 2157 1484 cellentis
2193 1431 2448 1497 potentiae
2495 1433 2867 1487 testimonium
2919 1436 3150 1489 accedit.
3191 1430 3334 1499 Quid
3369 1432 3487 1488 ais?

1905 1516 2051 1585 quod
2099 1515 2197 1568 tibi
2234 1517 2287 1569 in
2345 1517 2584 1571 tenebris
2620 1518 2820 1571 obruto
2861 1521 3041 1574 lumen
3080 1521 3367 1582 aﬂulserit,
3401 1520 3487 1572 itt-

1906 1623 2028 1661 men
2078 1605 2351 1662 infamas?
2398 1608 2477 1662 Ac
2514 1609 2643 1677 quia
2673 1607 2786 1662 Rex
2820 1619 2927 1663 tuae
2967 1612 3225 1664 misertus
3254 1611 3488 1665 miseria:

1900 1711 1966 1750 ac
2013 1696 2346 1754 calamitatis
2376 1699 2441 1754 ad
2490 1707 2543 1754 te
2579 1699 2695 1769 ipse
2727 1701 2895 1763 venit,
2928 1714 3030 1755 nec
3084 1701 3358 1769 negotium
3396 1701 3485 1753 alii

1904 1787 2219 1853 committit,
2276 1792 2369 1843 sed
2416 1790 2519 1843 tibi
2578 1791 2694 1858 ipse
2728 1788 3031 1846 bonitatem
3079 1792 3382 1851 ministrat.
3421 1807 3484 1845 ex

1905 1872 2152 1928 beneﬁcii
2207 1888 2424 1928 summa
2476 1879 2814 1945 praestantia.
2852 1878 2905 1931 in
2958 1881 3079 1947 ejus
3108 1890 3484 1950 contemptum

1903 1963 2094 2033 gloria:
2138 1966 2416 2033 procedis,
2468 1967 2563 2036 qui
2617 1975 2671 2023 te
2720 1983 2785 2023 eo
2846 1970 3143 2039 impertit?
3192 1982 3483 2042 putasque,

1905 2055 1977 2107 ob
2014 2070 2134 2109 eam
2180 2056 2570 2121 lnunilitatem.
2607 2073 2713 2127 qua
2750 2075 2809 2115 se
2842 2061 2938 2114 tibi
2991 2062 3300 2124 inclinavit,
3337 2064 3485 2119 illius

1901 2145 2134 2215 deprimi
2173 2148 2602 2202 celsitudinem?
2645 2150 2824 2219 Atque
2858 2165 2921 2205 ea
2954 2154 3166 2205 ratione
3216 2154 3482 2217 majestas

1904 2235 2113 2290 honore
2152 2236 2430 2291 etlerenda
2474 2248 2597 2293 erat
2634 2257 2646 2292 :
2682 2249 2737 2293 tu
2794 2256 2944 2304 vero,
3013 2252 3303 2310 propterea
3356 2245 3483 2311 quia

1901 2326 2188 2392 infantem,
2244 2327 2573 2398 fasciasque.
2616 2346 2679 2384 ae
2716 2347 2914 2386 manus
2976 2332 3223 2409 foventes
3267 2335 3481 2395 audias,

1898 2421 2116 2476 saeculis
2171 2423 2539 2491 antiquiorem
2595 2424 2825 2491 gloriam
2864 2424 3043 2480 Verbo
3075 2426 3300 2491 adimis;
3338 2426 3480 2479 haud

1900 2527 2062 2568 secus
2112 2528 2175 2566 ae
2224 2514 2270 2568 si
2329 2528 2535 2583 regem,
2586 2514 2731 2583 quod
2795 2516 2913 2584 ipse
2965 2515 3031 2569 ad
3088 2525 3160 2578 te,
3199 2515 3482 2571 laboribus

1901 2605 2181 2660 levaturus
2208 2606 2408 2674 quibus
2440 2605 2759 2675 aﬂligereris
2793 2607 3124 2670 advenisset,
3174 2608 3485 2662 diademate

1901 2694 2139 2764 Spoliare
2187 2696 2400 2749 velles?
2441 2694 2580 2759 Quia
2626 2695 2703 2748 tui
2737 2710 2867 2763 ergo
2911 2705 3155 2757 creatus,
3190 2697 3383 2750 matris
3415 2698 3481 2749 li-

1904 2784 2010 2839 lius
2059 2783 2233 2848 audit,
2283 2784 2490 2838 ideirco
2523 2782 2644 2853 ejus
2679 2799 2803 2838 cum
2846 2779 3003 2838 Patre
3033 2784 3478 2853 conjunctioneut

1898 2876 2134 2937 direllis,
2181 2890 2659 2946 connumerasque
2704 2877 2939 2942 creatis;
2987 2890 3112 2929 eum
3170 2885 3349 2929 tamen
3415 2892 3483 2931 ne

1902 2968 2017 3037 ipsa
2046 2968 2267 3038 quidem
2299 2968 2419 3037 ejus
2461 2968 2515 3021 in
2550 2968 2717 3021 terris
2756 2968 3041 3030 nativitas,
3077 2970 3317 3022 curiosis
3341 2984 3484 3022 com-

1898 3060 2166 3127 prehensa
2223 3061 2338 3115 sit?
2387 3058 2520 3113 Nam
2576 3058 2704 3113 huic
2758 3073 2978 3127 quoque
3049 3060 3480 3128 impermeabilis

205 3142 359 3205 δείας
393 3144 464 3198 τὰ
491 3147 751 3202 ἐπέκεινα
788 3151 895 3202 τών
931 3151 1143 3206 αἰώνων
1177 3155 1656 3224 καταλαμϐάνεις,
1698 3161 1791 3214 καὶ

1896 3152 2094 3221 caligo,
2137 3166 2259 3220 quae
2307 3153 2381 3205 sit
2421 3151 2673 3213 latibulo,
2729 3151 3024 3220 superfusa
3055 3160 3179 3205 est:
3217 3162 3274 3204 tu
3328 3169 3479 3215 vero,

204 3231 516 3300 διατάττεις
542 3239 617 3300 ώς
638 3241 669 3310 η
692 3240 785 3291 σοῦ
815 3242 1018 3311 θεωρία
1037 3244 1285 3312 βούλεται
1311 3248 1389 3315 τῷ
1414 3249 1557 3319 Υίῷς
1590 3252 1675 3313 Ὠς
1702 3269 1787 3303 τυ·

206 3329 343 3398 φλόν
384 3348 477 3383 σου
510 3332 572 3383 τὸ
610 3332 887 3398 ὀξυωπὲς,
921 3338 1015 3389 καὶ
1053 3337 1259 3406 ἠλίθιον
1296 3340 1357 3393 τὸ
1387 3343 1577 3410 σοφόνί
1634 3344 1793 3397 ⁹Α).λὰ

204 3423 320 3474 τῶν
364 3425 744 3491 φρενοϐλαϐὦν
782 3428 879 3495 τῆς
922 3430 1308 3500 παραπληξίας
1340 3434 1635 3504 ἀφέμενοι.
1683 3437 1792 3489 τῶν

208 3515 498 3582 παρόντων
524 3516 777 3586 ἐχώμεθα
797 3562 812 3583 ,
846 3521 938 3573 καὶ
969 3522 1038 3573 τὰ
1080 3523 1179 3592 τῆς
1218 3525 1434 3595 ἡμέρας
1464 3526 1789 3599 θειάζωμεν,

209 3606 379 3675 ἱεροῖς
408 3606 711 3677 ὀφθαλμοῖς
751 3611 887 3678 πρὸς
918 3610 1046 3665 ναὸν
1081 3612 1358 3669 εἰσιοῦσαν
1400 3616 1661 3688 θεώμενοι
1695 3621 1792 3691 τὴν

206 3695 305 3749 τοῦ
337 3698 545 3766 κόσμου
580 3700 947 3772 παράκλησινε

286 3973 426 4043 Ἰιδη
472 3974 572 4043 μὲν
621 3971 715 4029 οὖν
763 3979 996 4045 πρόσθεν
1045 3981 1103 4032 ἐν
1150 3982 1399 4052 σπηλαίῳ
1444 3984 1788 4057 διαιτωμένῳ

205 4064 289 4135 τῷ
317 4066 574 4133 Βασιλεῖ,
607 4069 641 4138 ή
673 4069 737 4121 ἐκ
760 4069 868 4123 τῶν
888 4072 999 4124 ἄνω
1028 4072 1314 4141 βασιλείων
1340 4077 1531 4145 ἐφοίτα
1558 4078 1787 4147 δορυφο-

211 4158 336 4226 ρία’
387 4158 630 4229 οὐράνιοι
683 4160 846 4231 δῆμοι
904 4164 1297 4235 προσᾴδοντες·
1343 4167 1519 4238 ἀστὴρ
1576 4168 1787 4238 ὁδηγῶν

208 4246 483 4316 βασιλεῖς,
551 4249 647 4302 καὶ
687 4251 1030 4323 ἀνακειμένῳ
1085 4254 1144 4305 ἐν
1183 4256 1360 4327 φάτνῃ
1412 4256 1491 4326 τῷ
1541 4258 1788 4329 Δεσπότῃ

203 4340 651 4411 προσκυνοῦντας
702 4349 995 4412 προσάγων
1021 4359 1035 4374 ⁸
1099 4347 1195 4398 καὶ
1246 4347 1344 4416 τὴν
1401 4348 1674 4401 εὐτέλειαν
1748 4353 1781 4416 ἡ

200 4431 497 4484 δεσποτεία
545 4432 897 4504 ἐδορυφόρει,
950 4439 1244 4505 μηνύοντος
1302 4437 1394 4490 τοῦ
1434 4438 1577 4491 θείου
1622 4440 1786 4493 πλού-

200 4538 299 4574 του
330 4522 431 4589 τὴν
460 4522 706 4574 ἐκούσιον
739 4522 835 4575 τοῦ
866 4522 1096 4591 ἀστὲγου
1119 4523 1261 4595 [καὶ]
1281 4525 1467 4578 ἁοίκου
1493 4526 1787 4596 πτωχείαν.

202 4614 334 4678 Πῶς
369 4615 428 4668 δὲ
460 4616 530 4667 τὰ
564 4617 837 4685 παρόντας
869 4618 1069 4687 Μήτηρ
1100 4621 1132 4688 η
1163 4618 1536 4688 λοχευσαμένη
1564 4619 1624 4671 οὐ
1650 4616 1791 4670 κατὰ

207 4710 500 4779 μητέρας,
556 4710 722 4779 γονὴν
774 4710 1119 4778 πρωτότοκον
1178 4711 1375 4780 ἐαυτῆς
1428 4710 1617 4763 ἄπεισι
1668 4708 1790 4780 Θεῷ

202 4802 637 4871 παραστήσουσα
660 4817 673 4833 ³
714 4801 914 4871 βρέφος
950 4803 1008 4855 ἐν
1045 4803 1287 4855 εὐτελέσι
1320 4802 1651 4871 σπαργάνοις
1680 4802 1787 4855 τῶν

203 4894 457 4964 νομίμων
496 4898 681 4965 τυχεῖν
730 4896 1032 4966 προσφέρει
1080 4895 1159 4964 τῷ
1206 4897 1361 4961 ἱερεῖο
1391 4894 1707 4963 ὑποδέχεται
1758 4894 1787 4944 ό

202 4986 407 5057 ἱερεύς.
451 4987 517 5039 Τί
554 4987 615 5040 τὸ
661 4988 949 5052 ὲντεῦθεν;
994 4986 1376 5054 ’Δγκαλίζεται
1424 4986 1642 5055 βρέφος,
1693 4989 1786 5038 καὶ

204 5078 486 5147 Δεσπότην
515 5080 694 5148 ὑμνεῖ.
742 5079 828 5142 Ὠς
878 5080 1003 5147 ἄρτι
1053 5078 1191 5147 πρὸς
1229 5079 1442 5145 γένεσιν
1482 5077 1784 5147 παριοῦσαν

202 5168 307 5236 τῆς
336 5168 551 5235 φύσεως
600 5168 835 5240 βλάστην
880 5168 1148 5239 λαμϐάνει
1169 5208 1184 5232 ,
1216 5170 1312 5222 καὶ
1344 5167 1489 5236 ζωῆς
1522 5168 1783 5222 ἀπολελύο

205 5259 334 5313 σθαι
368 5259 444 5321 ώς
476 5259 722 5330 πλάστην
752 5264 913 5313 αἰτεῖ.
952 5260 1018 5313 Τί
1055 5259 1306 5332 φθέγγῃ;
1339 5258 1380 5313 Τ
1388 5261 1403 5311 ί
1434 5260 1677 5328 γέγονεν,
1712 5263 1784 5311 ἰε-

207 5355 326 5422 ρεῦς
357 5351 432 5404 Οὔ
459 5352 832 5420 συμϐαίνοντα
858 5357 969 5416 τοῖς
995 5355 1292 5424 ὁρωμένοις
1323 5352 1522 5415 λαλεῖς.
1556 5354 1662 5406 Ποῦ
1691 5353 1788 5420 τῆς

203 5444 527 5507 δεσποτείας
550 5446 579 5497 ὁ
620 5445 821 5512 δγκοςς
856 5445 961 5498 Ποῦ
1011 5445 1104 5499 τοῦ
1152 5444 1460 5514 ἀξιώματος
1489 5444 1558 5497 τὰ
1588 5444 1789 5514 γνωρί-

206 5552 429 5606 σματα;
472 5538 535 5590 Οἱ
580 5537 867 5607 δορυφόροι
900 5537 957 5589 δὲ
1012 5537 1149 5605 ποῦς
1182 5538 1231 5591 οἱ
1274 5537 1690 5607 συντρέχοντεςς
1740 5535 1790 5587 οἱ

203 5631 732 5701 προπομπεύοντες;
783 5632 833 5684 οἱ
877 5632 1243 5701 ὲφεπόμενοις
1302 5631 1437 5700 ὁρᾷς
1496 5628 1597 5699 τὴν
1640 5628 1791 5680 εὐτέ-

268 5817 311 5847 ³⁸
365 5813 516 5869 l’sal.
580 5810 834 5871 unus.

531 5910 801 5968 l’aruor.
850 5906 963 5964 Gn.
1012 5904 1194 5989 (Jt'll.

1900 3246 2122 3300 intentis
2155 3245 2396 3314 pupillis,
2429 3252 2488 3297 ut
2517 3244 2623 3297 dici
2647 3245 2785 3299 solet
2812 3286 2826 3307 ,
2878 3259 2988 3313 prae
3023 3244 3379 3311 impudentia,
3416 3260 3480 3298 ta

1898 3350 2119 3404 quoque
2140 3352 2262 3404 qua:
2279 3335 2479 3389 sa-cula
2506 3334 2855 3397 anteet-dunt,
2881 3335 3301 3405 comprehendis
3319 3345 3482 3404 atque

1899 3427 2060 3493 Filio,
2109 3444 2269 3498 quem
2318 3430 2448 3484 velit
2494 3429 2807 3483 intellectus
2856 3438 3006 3492 tuus,
3048 3429 3296 3484 ordinem
3346 3446 3481 3498 pr:e~

1899 3521 2147 3575 scribis?
2200 3521 2375 3585 Quam
2421 3533 2565 3573 caeca
2601 3527 2694 3573 tua
2728 3518 2820 3572 illa
2854 3521 3002 3574 visus
3043 3522 3254 3575 aeuties
3292 3537 3354 3576 ac
3388 3540 3478 3575 sa-

1898 3615 2102 3682 pientia
2159 3614 2363 3667 stulta!
2412 3611 2706 3665 Enimvero
2758 3612 3054 3664 stultorum
3112 3627 3213 3666 nos
3270 3614 3475 3666 omisa

1893 3708 2155 3767 amentia.
2177 3716 2499 3776 argumento
2531 3706 2869 3763 insistamus,
2899 3703 3117 3773 dieique
3139 3704 3478 3759 celebremus

1894 3800 2154 3871 mysteria
2211 3800 2385 3852 sacris
2447 3798 2621 3853 oculis
2657 3796 3051 3865 ingredientem
3101 3797 3154 3849 in
3212 3798 3475 3865 templum

1892 3897 2231 3959 spectantes.
2262 3889 2451 3944 mundi
2487 3888 2947 3942 consolationem.

1963 3982 2082 4035 Jam
2119 3995 2250 4035 vero
2280 3982 2433 4049 prius
2464 3981 2645 4050 agenti
2701 3978 2833 4049 Regi
2875 3979 2927 4032 in
2965 3977 3252 4047 spelunca,
3291 3992 3320 4030 a
3350 3978 3472 4031 ραιῖί

1893 4071 2169 4139 regalibus
2220 4071 2443 4125 sedibus
2509 4071 2824 4124 satellitium
2895 4078 3140 4132 venerat,
3212 4068 3472 4123 nimirum

1895 4165 2212 4217 arcinentes
2260 4176 2625 4230 supernorum
2681 4161 2883 4214 civium
2917 4160 3139 4229 populi;
3194 4160 3349 4213 stella
3386 4176 3474 4215 rc-

1893 4265 2019 4319 gum
2070 4249 2653 4319 ductrix,jacentiquc
2682 4250 2734 4303 in
2776 4250 3041 4317 pt'arsepio
3074 4248 3230 4318 Regi,
3269 4264 3475 4318 eosque

1895 4341 2217 4395 adoratorcs
2243 4342 2543 4395 admovens
2578 4357 2590 4391 :
2620 4357 2681 4393 ac
2710 4339 3047 4404 dominatus,
3083 4340 3345 4393 vilitatem
3377 4343 3475 4393 ob-

1895 4434 2087 4502 sequio
2119 4433 2336 4487 fovebat
2364 4472 2379 4494 ,
2414 4432 2791 4485 indicantibus
2829 4429 3055 4484 deitatis
3095 4430 3323 4493 divitiis,
3356 4432 3475 4499 ejus

1894 4533 2251 4591 spontaneam
2306 4530 2706 4591 paupertatem,
2743 4520 2834 4588 qui
2881 4521 3000 4574 sine
3036 4528 3180 4572 tecto
3215 4536 3278 4573 ac
3308 4521 3476 4574 (Ionio

1889 4622 2030 4667 erat.
2065 4612 2197 4677 'Qua
2248 4627 2378 4666 vero
2430 4612 2644 4666 ratione
2692 4610 2893 4661 habent
2932 4607 3263 4676 praesentia?
3305 4609 3475 4661 Μςιιυι·

1889 4706 2099 4774 utique,
2134 4705 2235 4757 :dia
2275 4720 2337 4757 ac
2372 4713 2605 4757 matrum
2643 4702 2877 4764 ratione,
2906 4711 3163 4767 suscepta
3218 4704 3473 4770 euitaque

1890 4799 2064 4868 prole,
2102 4797 2522 4867 primogenitum
2562 4794 2709 4846 illam
2766 4791 2876 4845 Deo
2912 4792 3301 4845 oblatum’abit
3335 4812 3346 4847 :
3388 4795 3472 4847 inn

1893 4892 2094 4945 fantem
2153 4888 2425 4944 sacerdoti
2476 4887 2637 4940 offert
2694 4886 2895 4939 vilibus
2931 4887 3208 4939 obtectum
3249 4888 3468 4955 pannis,

1896 4996 1952 5039 ut
1973 4984 2338 5053 legitimorum
2373 4996 2435 5035 ac
2461 4979 2650 5048 legalis
2675 4978 3074 5032 benedictionis
3104 4994 3327 5047 compos
3358 4980 3465 5033 flat.

1896 5077 2137 5145 Suscipit
2182 5074 2462 5129 sacerdos.
2488 5073 2630 5139 Quid
2664 5087 2792 5125 vero
2821 5069 2977 5123 inde?
3010 5068 3062 5122 In
3090 5072 3244 5123 ulnas
3281 5087 3471 5123 susce-

1896 5186 2045 5244 ptum
2087 5173 2308 5241 stringit
2340 5171 2629 5233 infantem,
2666 5183 2727 5221 ac
2760 5168 2945 5220 laudat
2987 5167 3294 5219 Dominum.
3328 5170 3471 5221 Tau-

1891 5283 2056 5337 quam
2108 5280 2302 5319 recens
2351 5274 2697 5332 procreatum
2732 5260 2935 5328 accipit
2968 5268 3176 5313 naturae
3221 5275 3464 5329 germen,

1892 5369 2059 5427 utque
2101 5356 2291 5410 mmuli
2326 5358 2590 5416 lictorem,
2618 5352 2740 5405 vita:
2774 5351 3090 5405 missionem
3118 5361 3288 5420 rogat.
3325 5352 3465 5416 Quid

1893 5446 2170 5517 loqueris?
2224 5446 2364 5511 Quid
2435 5446 2529 5505 ita,
2587 5442 2865 5505 sacerdos,
2923 5446 3125 5495 tactum
3181 5444 3301 5494 est?
3349 5443 3466 5497 Non

1892 5547 2203 5611 congruunt
2224 5540 2290 5592 iis
2310 5552 2429 5606 qua:
2453 5542 2775 5598 cernuntur,
2809 5550 2930 5603 qu.e
2954 5534 3068 5601 ipse
3098 5534 3199 5586 ais.
3230 5534 3465 5587 Ubinam

1893 5630 2285 5687 dominationis
2342 5629 2555 5683 fastus?
2604 5626 2836 5682 Ubinam
2886 5625 3169 5693 dignitatis
3231 5625 3473 5680 indit-ia?

3066 5900 3100 5953 2
