4224 6444
738 386 807 447 35
1959 383 2231 445 LEOle
2270 385 2726 444 PHILOSOPHI
3943 393 4020 457 35

738 496 970 552 Ubinam
1012 499 1311 554 satellites?
1344 498 1577 554 Ubinam
1605 500 1697 569 qui
1748 498 1912 552 simul
1950 498 2319 565 gradiantur;
2356 510 2393 564 Α

2432 499 2584 550 λειαν
2616 498 2735 564 ὅση,
2772 501 2863 550 καὶ
2907 500 3189 568 Δεσπότην
3223 499 3440 562 καλεῖς;
3489 502 3680 572 νήπιον
3709 505 3832 573 ἄρτι
3863 523 3975 576 παρ
4011 536 4017 541 ~

737 591 828 659 qui
864 598 1101 659 praecari:
1128 605 1141 647 :
1169 589 1259 658 qui
1295 593 1633 657 sequantur?
1676 588 1836 642 Vides
1872 598 2075 656 quanta
2115 588 2187 640 sit
2215 588 2311 641 ab-

734 682 921 752 jectio,
963 680 1359 749 Dominumque
1388 678 1748 733 dicis?Tenes
1785 682 2045 732 infantem
2076 678 2311 734 nudius.

740 774 930 826 tertius
980 786 1033 825 tn
1087 770 1253 824 vitam
1303 786 1676 840 progressum,
1715 769 2007 839 affarisque
2049 781 2310 839 tanquam

743 866 863 917 vitae
906 863 1198 917 habentem
1234 862 1559 930 imperium?
1608 862 1894 926 Quomodo
1932 862 1985 914 in
2040 875 2311 931 propensa

740 949 875 1003 adeo
915 958 1253 1019 paupertate,
1288 963 1483 1018 magna
1518 950 1872 1018 mirandaque
1908 950 2179 1013 conseris,
2219 966 2312 1004 vo-

739 1040 1168 1107 casquelsraelis
1208 1039 1453 1108 gloriam,
1483 1054 1548 1093 ac
1568 1041 1808 1110 gentium
1835 1039 2079 1108 appellas
2111 1039 2317 1103 lumen,

739 1132 1087 1199 pauperculae
1119 1131 1310 1185 matris
1361 1133 1649 1199 puellum?
1697 1131 1964 1185 Crterum
2008 1130 2145 1184 adde
2173 1132 2318 1199 quod

741 1223 1010 1293 reliquum
1038 1224 1281 1276 laudatio
1314 1224 1500 1285 habet,
1529 1238 1591 1274 ac
1626 1238 1787 1292 perge
1824 1224 2105 1277 celebrare
2131 1221 2314 1277 lumen

742 1323 926 1369 nostra
960 1315 1295 1368 occultatum
1342 1329 1526 1375 carne,
1566 1325 1825 1383 tanquam
1873 1314 2007 1368 velo.
2040 1312 2312 1378 Quidnam

739 1404 904 1471 aget?
951 1404 1091 1470 Quid
1147 1404 1445 1457 molietur?
1493 1404 1660 1457 Plane
1716 1404 1854 1456 duas
1907 1418 2089 1456 rerum
2147 1402 2309 1457 faciet

738 1505 937 1567 sortes,
957 1495 1188 1549 alioruru
1211 1496 1563 1557 resurrectio,
1583 1494 1815 1547 aliorum
1837 1494 1994 1547 ruina
2013 1496 2309 1560 exsistens;

736 1601 897 1656 quem
924 1601 1091 1641 senex
1122 1586 1354 1640 intueris
1384 1586 1680 1653 duplicem,
1718 1599 1781 1636 ac
1814 1582 2035 1652 quidem
2065 1583 2308 1653 dejectos

738 1678 1101 1734 exsuscitabit
1156 1684 1322 1745 atque
1393 1676 1606 1744 eriget;
1641 1675 1818 1729 elatos
1867 1685 2052 1729 autem
2096 1676 2316 1745 dejiciet

2426 589 2576 641 ελοὸν
2625 590 2703 652 είς
2758 590 2869 658 βίον
2940 591 3195 659 κρατεῖς·
3254 593 3348 643 καὶ
3394 593 3541 660 ζωῆς
3590 596 3664 655 ὡς
3711 596 4013 664 κρατοῦντι

2419 684 2638 755 ῥήματα
2692 684 2941 754 φθέγγῃς
3002 685 3124 748 Πῶς
3168 686 3225 737 ἐν
3261 685 3406 736 οὓτω
3456 692 3731 755 πενιχροῐς
3789 690 4009 757 μεγάλα

2415 775 2822 843 προσαρμόζεις
2863 776 2956 826 καὶ
2984 775 3311 845 θαυμαστάς
3342 776 3438 829 καὶ
3476 776 3867 849 δόξανΊσραὴλ
3907 798 4011 832 κα-

2413 862 2524 927 λεῖς
2546 906 2558 927 ,
2590 866 2685 917 καὶ
2722 865 2835 934 φῶς
2864 866 3034 918 ὲονὼν
3066 867 3494 936 προσαγορεύεις
3515 906 3529 930 ,
3566 872 3758 937 νήπιον
3801 870 4012 939 μητρὸς

2421 955 2709 1019 εύτελοῦς;
2764 956 2899 1009 ἀλλά
2942 957 3220 1025 προστίθει
3274 960 3365 1011 καὶ
3412 959 3483 1011 τά
3551 960 3715 1012 λοιπὰ
3765 963 3864 1029 τῆς
3917 964 4010 1013 εὐ-

2420 1048 2630 1114 φημίας
2692 1047 2772 1115 τῷ
2821 1047 2896 1108 ὡς
2955 1048 3013 1099 ὲν
3080 1049 3543 1117 παραπετάσματι
3608 1051 3685 1119 τῷ
3749 1054 4013 1120 ἡμετέρῳ

2415 1138 2624 1206 σαρκίῳ
2670 1141 3033 1208 κρυπτομένῳ
3079 1141 3234 1208 φωτί.
3271 1141 3337 1192 Τί
3364 1140 3615 1207 τελέσας
3664 1144 3715 1194 τί
3748 1161 4014 1213 πραγμαο

2412 1230 2699 1294 causam;
2734 1230 2800 1283 "ll
2833 1231 2997 1284 διπλᾶ
3038 1233 3241 1284 τελέσει
3271 1234 3336 1285 τὰ
3369 1233 3671 1304 πράγματα
3696 1278 3710 1299 ,
3758 1238 3865 1286 τῶν
3908 1236 4017 1304 μὲν

2424 1320 2712 1382 ἀνάστασις
2741 1322 2835 1372 ὢν·
2868 1322 2976 1373 τῶν
3005 1323 3081 1388 δὲ,
3110 1324 3332 1385 πτῶσις·
3365 1325 3393 1376 ὁ
3414 1325 3633 1386 διπλοῦς
3680 1342 3760 1377 σοι
3786 1327 3851 1395 ὀρ
3873 1327 4013 1394 τιμε-

2417 1426 2530 1473 νος,
2552 1411 2773 1480 γηραιέ³
2797 1414 2892 1464 καὶ
2920 1414 3045 1476 τοὺς
3079 1414 3178 1483 μὲν
3205 1416 3448 1486 ἐξεγερεῖ
3470 1416 3777 1483 καταϐεϐλη
3789 1418 4009 1486 μένους·

2416 1503 2543 1565 τοὺς
2582 1503 2637 1556 δὲ
2687 1503 2985 1556 καταϐαλεῖ
3017 1506 3385 1574 ἐπηρμένους·
3422 1508 3517 1560 καὶ
3549 1508 3797 1576 διαθήσει
3840 1506 3901 1560 εὖ
3938 1507 4012 1560 τὰ

2420 1592 2627 1659 βροτῶν
2678 1594 2785 1664 ἰδίᾳ,
2836 1594 3101 1658 κακώσει,
3153 1596 3240 1647 ὅτε
3300 1598 3393 1649 καὶ
3451 1598 3653 1667 Μήτηρ
3702 1599 3736 1666 ἡ
3793 1597 4012 1668 παρθε-

2419 1680 2673 1746 νεύουσα,
2712 1683 2891 1751 λύπης
2917 1684 3163 1753 ῥομφαία
3200 1683 3535 1748 πεπλήξεται
3567 1688 3663 1754 τὴν
3697 1686 3899 1755 ψυχὴν.
3932 1712 3981 1720 -ε

738 1778 900 1838 atque
920 1768 1229 1839 deprimet;
1263 1782 1473 1836 suaque
1506 1768 1625 1836 ipse
1650 1765 1945 1821 afflictione
1973 1781 2037 1820 ac
2067 1771 2312 1822 cruciatu
2348 1772 2659 1827 mortalium
2712 1788 2799 1828 res
2858 1783 3009 1830 statu
3098 1775 3310 1830 meliori
3399 1785 3720 1844 ('OIttpttttt't,
3782 1775 4009 1846 quando

735 1863 902 1918 etiam
959 1860 1151 1914 matris
1205 1858 1443 1930 Virginis
1497 1859 1757 1925 animam,
1808 1859 2048 1913 tristitiae
2093 1859 2308 1927 gladius
2344 1864 2524 1916 feriet.

806 1950 1042 2006 Noverat
1073 1950 1216 2002 enim
1254 1950 1345 2002 Dei
1390 1947 1701 2001 occisorum
1759 1948 1995 2012 facinus,
2022 1957 2190 2019 utque
2214 1966 2317 2004 (ειν-
2346 1956 2393 2015 Β

738 2045 861 2100 dem
890 2043 1164 2098 stillantes
1200 2055 1394 2093 manus
1426 2044 1703 2095 armandae
1738 2042 1792 2095 in
1824 2057 1947 2095 eum
1984 2033 2187 2103 ferent,
2218 2043 2313 2111 qui

738 2139 991 2219 manibus
1024 2143 1371 2208 gestaretttr:
1400 2145 1459 2190 ιιι
1497 2138 1658 2189 modo
1689 2136 1908 2205 quidem
1938 2135 1993 2189 in
2024 2135 2218 2204 pannis
2249 2150 2313 2190 ac

737 2227 1049 2294 cunabulis,
1103 2230 1290 2284 furens
1325 2228 1569 2283 lli-rudes
1600 2230 1669 2283 sit
1705 2234 2115 2297 persecuturus,
2140 2226 2311 2297 Egy-

739 2336 975 2396 ptusque
1008 2329 1337 2390 susceptura
1373 2319 1610 2387 hospitio
1639 2334 1784 2383 eum,
1821 2318 1914 2387 qui
1951 2318 2135 2372 violati
2168 2317 2311 2386 juris

739 2414 962 2484 hospitii
1009 2426 1225 2482 poenam
1275 2425 1592 2478 reposcens,
1644 2408 1772 2461 olim
1832 2406 2124 2478 Aigyptttm
2171 2405 2313 2460 ceci-

738 2506 913 2559 disset
943 2520 957 2556 :
984 2512 1041 2555 ιιι
1074 2500 1309 2569 denique
1337 2499 1502 2568 gladii
1535 2499 1803 2551 infantum
1832 2498 2113 2568 tingantur
2141 2497 2309 2561 caade,

736 2613 847 2668 qua
883 2595 1112 2651 infantis
1140 2594 1342 2649 caedem
1389 2593 1704 2648 molientur.
1744 2591 1849 2645 Par
1895 2606 2129 2660 namque
2172 2602 2309 2656 erat,

740 2699 802 2743 ιιι
831 2689 945 2743 Deo
978 2696 1108 2741 nato
1137 2689 1191 2739 in
1220 2694 1367 2739 terra
1401 2685 1758 2753 virginalibus
1806 2700 1871 2738 ex
1932 2683 2311 2754 sanguinibns,

739 2777 998 2834 eoatanei
1057 2778 1111 2830 in
1170 2776 1329 2830 ccelis
1379 2775 1503 2830 fuso
1568 2776 1835 2845 sanguine
1885 2784 2246 2829 nascerentur
2289 2792 2301 2828 :

742 2870 1001 2939 priorque
1073 2867 1167 2922 illa
1220 2874 1354 2921 aetas
1406 2865 1672 2920 adventus
1729 2865 2001 2919 Dominici
2072 2866 2309 2919 fructum

740 2961 1067 3031 perciperet,
1107 2973 1229 3028 qua:
1281 2957 1433 3026 prior
1467 2956 1765 3010 infantibus
1820 2971 2110 3010 accensum
2138 2956 2311 3009 vidis-

740 3060 856 3117 set;
909 3060 1133 3118 tumque
1187 3047 1463 3102 universis
1497 3045 1845 3099 commodum
1878 3044 2184 3107 accederet,
2218 3058 2314 3098 ne-

739 3153 866 3198 cato
916 3144 1034 3207 ipso
1085 3141 1330 3194 omnium
1364 3154 1530 3193 causa
1578 3138 2013 3208 regenerationis
2048 3154 2061 3190 :
2094 3135 2314 3207 quando

741 3248 973 3304 magnus
1018 3232 1106 3285 ille
1135 3230 1315 3284 Patris
1350 3229 1605 3294 Nuntius,
1661 3238 1882 3299 peracto
1929 3244 2095 3299 opere
2148 3230 2309 3296 cuius

740 3327 943 3378 missus
990 3330 1074 3376 est
1100 3329 1532 3385 consummator,
1566 3321 1687 3374 caeli
1715 3320 1895 3372 sinum
1928 3317 2189 3373 omnibus
2221 3333 2315 3387 pa-

741 3418 873 3470 riter
899 3422 1187 3483 aperturus
1223 3419 1327 3467 est.

811 3504 889 3558 Ne
910 3505 1106 3557 iterum
1145 3509 1370 3571 propter
1399 3500 1739 3564 missionem,
1779 3498 2056 3570 Unigeniti
2086 3500 2310 3568 gloriam

742 3597 1068 3657 subtnittas,
1105 3607 1279 3662 neque
1311 3593 1737 3647 dominationem
1770 3594 1823 3646 in
1854 3593 2172 3647 servitutem
2220 3593 2316 3645 de-

744 3691 951 3755 trahas,
994 3687 1231 3741 alienum
1273 3700 1395 3739 eum
1441 3686 1803 3753 pronuntians
1848 3700 1878 3737 ει
1910 3684 2315 3738 neCessitudine

742 3795 850 3849 qua
896 3785 1245 3849 generantem
1274 3775 1581 3842 contingit;
1618 3776 1710 3828 sed
1747 3788 1872 3828 cum
1909 3773 2067 3827 audis
2092 3775 2314 3827 missio-

745 3888 889 3935 nem,
920 3870 1040 3940 ejus
1075 3870 1226 3923 disce
1252 3867 1346 3936 qui
1380 3868 1527 3920 misit
1567 3882 1690 3919 cum
1737 3882 1802 3918 eo
1849 3868 1941 3933 qui
1990 3867 2088 3919 luit
2113 3866 2314 3918 missus

744 3966 797 4017 in
830 3963 1090 4032 operibus
1126 3960 1333 4013 soeiam
1371 3958 1833 4025 dispensationem
1867 3966 2029 4025 atque
2056 3956 2222 4018 illius,
2259 3956 2309 4008 in

745 4054 815 4104 iis
870 4062 990 4118 qua:
1034 4044 1270 4099 Verbum
1332 4046 1641 4113 negotiatur
1688 4060 1870 4113 parem
1917 4042 2306 4097 assistciitiam.

744 4138 877 4193 Nam
929 4150 983 4193 tu
1032 4152 1429 4206 quoquecum
1484 4136 1704 4190 verbum
1758 4135 1975 4189 misisse
2026 4136 2149 4195 ais.
2204 4149 2310 4188 non

743 4230 942 4285 dividis
993 4228 1124 4282 illud
1160 4243 1186 4280 a
1227 4236 1407 4282 mente
1437 4236 1750 4296 generante,
1785 4242 1883 4279 nee
1917 4225 2100 4279 servili
2134 4224 2307 4293 ipsum

745 4321 931 4375 habitu
960 4320 1142 4373 induis
1172 4337 1186 4373 :
1230 4319 1323 4372 sed
1357 4327 1614 4387 tanquam
1649 4329 1829 4371 mente
1873 4331 1977 4369 una
2024 4325 2309 4384 praesente,

745 4427 810 4466 ac
851 4426 913 4465 ea
947 4424 1067 4479 qua:
1116 4407 1350 4461 Verbum
1392 4409 1656 4477 disponit.
1705 4409 1911 4476 pariter
1958 4407 2309 4475 disponente,

746 4503 973 4556 missum
1032 4500 1203 4555 fuisse
1252 4508 1405 4553 tuum
1450 4502 1676 4552 verlmm
1729 4499 1831 4554 ais.
1884 4488 2007 4552 llaavc
2046 4501 2308 4552 adversus

2496 1956 2646 2025 ᾝδει
2694 1956 2800 2027 γὰρ
2851 1956 2961 2009 τῶν
3015 1957 3315 2011 θεοκτόνων
3354 1959 3414 2011 τὸ
3461 1960 3754 2028 τόλμημα,
3791 1961 3887 2013 καὶ
3932 1961 4014 2021 ὡς

2425 2049 2602 2119 χεῖρες
2632 2048 3039 2111 ἀποστάζουσαι
3077 2050 3279 2117 φόνου,
3306 2052 3447 2103 κατά
3491 2050 3583 2102 τοῦ
3616 2052 3804 2120 χερσὶν
3841 2053 4006 2118 ὀχου-

2427 2137 2589 2205 μένου
2634 2138 3086 2209 όπλισθήσονται·
3120 2139 3216 2192 νῦν
3249 2141 3347 2210 μὲν
3379 2142 3438 2192 ὲν
3478 2142 3813 2210 σπαργάνοις
3842 2144 4016 2195 αὐτὸν

2427 2228 2686 2299 μεμηνὼς
2731 2230 2979 2301 Ἡρώδης
3019 2231 3270 2297 διώξεται
3294 2271 3310 2295 ,
3345 2233 3439 2284 καὶ
3472 2232 3671 2298 ξενίσει
3710 2234 4011 2299 Αἴγυπτος,

2421 2320 2512 2371 τὶν
2552 2322 2717 2373 παλαι
2746 2322 2951 2390 ταύτην
2994 2323 3084 2374 διὰ
3116 2322 3442 2384 κακοξενίαν
3493 2323 3865 2391 μαστίξαντα·
3909 2327 4011 2376 καὶ

2424 2410 2728 2480 βαφήσεται
2754 2412 2883 2481 ξίφη
2916 2413 3056 2464 κατὰ
3088 2415 3303 2481 σφαγῆς
3342 2413 3578 2481 νηπίων,
3607 2414 3696 2466 διὰ
3730 2414 3827 2483 τὴν
3863 2432 4013 2483 σφα-

2424 2502 2525 2571 γὴν
2554 2502 2647 2554 τοῦ
2680 2502 2898 2572 νηπίου.
2939 2502 3086 2555 Ἔδει
3118 2503 3227 2571 γὰρ
3260 2503 3398 2557 Θεοῦ
3428 2505 3493 2556 ἐκ
3531 2504 3881 2574 παρθενικῶν
3916 2509 4013 2559 αἱ-

2426 2592 2609 2660 μάτων
2657 2592 2753 2644 ἐπὶ
2788 2593 2892 2661 γῆς
2932 2591 3255 2661 τεχθέντος,
3305 2593 3701 2663 συνηλικιώτας
3743 2595 3896 2664 αὐτῷ
3942 2595 4015 2648 δι’

2424 2682 2655 2751 αἵματος
2680 2682 2930 2753 οὐρανοῖς
2957 2684 3328 2754 ἀποτεχθῆναι
3348 2701 3360 2716 ·
3406 2687 3501 2741 καὶ
3535 2687 3811 2756 προτέραν
3856 2688 4015 2741 ὲκεί-

2431 2790 2527 2843 νην
2558 2773 2658 2842 τὴν
2701 2773 2920 2842 ἡλικίαν
2962 2774 3266 2827 ἀπόνασθαι
3293 2776 3393 2845 τῆς
3435 2778 3769 2845 Δεσποτικῆς
3802 2794 4016 2847 παρουο

2427 2864 2569 2927 σίας,
2598 2864 2631 2935 ἢ
2660 2864 2851 2916 τοῦτον
2876 2860 2989 2934 εἶχε
3014 2866 3208 2935 πρώτη
3233 2867 3290 2919 ὲν
3312 2869 3421 2929 τοῖς
3452 2867 3668 2935 νηπίοις
3701 2869 4009 2937 ὁρώμενονο

2427 2953 2652 3023 ὕστερον
2676 2954 2732 3006 δὲ
2765 2957 2929 3007 πᾶσιν
2960 2958 2991 3019 ὴ
3022 2956 3263 3023 ὠφέλεια
3292 2958 3436 3025 ἥξει,
3472 2960 3683 3010 ἐκείνου
3731 2958 3831 3027 τῆς
3870 2962 4014 3012 πάν-

2425 3063 2533 3099 των
2558 3046 2585 3084 ἀ
2616 3047 3027 3116 ἀναγεννήσεως
3060 3066 3159 3116 την
3193 3051 3410 3118 σφαγὴν
3443 3049 3830 3118 ὑφισταμένου·
3864 3050 3955 3100 ὅτε
3986 3051 4017 3100 ὁ

2431 3137 2602 3207 μέγας
2630 3137 2722 3190 τοῦ
2752 3138 2965 3207 Πατρὸς
3012 3138 3350 3202 Ἀπόστολος,
3385 3132 3446 3192 οὗ
3480 3138 3813 3191 ἀπέσταλται
3844 3139 4015 3208 ἔργου

2424 3229 2719 3300 τελειωτὴς
2768 3228 3133 3298 περαθέντος,
3185 3229 3322 3300 ὁμοῦ
3372 3231 3509 3282 πᾶσι
3555 3230 3679 3292 τοὺς
3716 3229 4013 3299 οὐρανίους

2425 3320 2659 3381 κόλπους
2700 3320 3054 3373 ἀναπετάσει.

2499 3498 2591 3567 Μὴ
2627 3497 2790 3550 πάλιν
2815 3495 2902 3549 διὰ
2925 3496 3027 3565 τὴν
3050 3495 3380 3567 ἀποστολὴν,
3408 3498 3508 3564 τὴν
3533 3493 3689 3560 δόξαν
3711 3494 3805 3548 τοῦ
3834 3496 4016 3549 Μονο-

2428 3590 2619 3658 γενοῦς
2672 3588 3044 3661 ὑποπτιῖηῃς·
3097 3588 3232 3657 μηδὲ
3268 3589 3367 3657 τὴν
3426 3589 3723 3657 κυριότητα
3771 3588 3852 3650 είς
3883 3589 4014 3640 δου-

2426 3682 2574 3734 λείαν
2616 3680 3021 3747 καταϐιὸἀσῃς,
3057 3679 3352 3749 ἀλλοτριῶν
3380 3679 3477 3747 τῆς
3514 3679 3650 3747 πρὸς
3682 3678 3773 3731 τὸν
3819 3694 4012 3747 γεγεν-

2420 3772 2621 3839 νηκότα
2650 3771 3002 3839 οίκειότητος·
3039 3771 3152 3823 ἀλλ’
3185 3769 3398 3823 ἀκούων
3445 3770 3776 3839 ἁποστνλὴν,
3813 3770 3915 3840 τὴν
3946 3773 4005 3822 ἐν

2425 3864 2537 3922 τοῖς
2566 3860 2747 3930 ἔργοις
2775 3861 2866 3914 τοῦ
2897 3862 3297 3925 ἀποσταλέντος
3327 3863 3830 3932 συνδιοικονόμησιν
3864 3862 4014 3914 ἐκδι-

2432 3952 2631 4005 δάσκου
2660 3951 2754 4003 τοῦ
2786 3952 3189 4015 ἀπεσταλκότος
3211 3994 3226 4014 ,
3264 3953 3359 4005 καὶ
3389 3953 3486 4021 τὴν
3520 3954 3606 4020 ἐφ’
3645 3946 3727 4016 οἷς
3761 3955 3789 4005 ό
3835 3952 4014 4020 Λόγος

2427 4044 2876 4114 πραγματεύεται
2925 4046 3344 4114 συμπαρουσίαν
3376 4046 3588 4097 ἐκείνου
3609 4060 3622 4073 ·
3656 4046 3780 4098 ἐπεὶ
3812 4046 3908 4097 καὶ
3940 4062 4011 4095 συ

2420 4135 2550 4187 ὅταν
2580 4135 2693 4202 φῇς
2726 4133 2884 4200 λόγον
2916 4134 3349 4197 ἀπεσταλκέναι,
3375 4134 3436 4185 ού
3469 4136 3694 4199 διαιρεῖς
3717 4135 3879 4187 αὑτὸν
3909 4135 4009 4188 τοῦ

2422 4226 2745 4294 γεννήτορος
2767 4223 2880 4276 νοῦ·
2907 4223 3030 4276 οὐδὲ
3052 4224 3296 4277 δουλικὸν
3313 4225 3464 4294 αὐτῷ
3484 4242 3548 4277 πε
3561 4225 3770 4293 ριτίθης
3794 4226 4007 4294 σχῆμα·

2424 4319 2539 4370 ἀλλ’
2572 4318 2646 4379 ὡς
2679 4316 2771 4369 τοῦ
2809 4314 2902 4369 νοῦ
2944 4318 3356 4387 συμπαρόντος,
3392 4318 3489 4370 καὶ
3543 4318 3580 4369 ἂ
3623 4316 3931 4386 διατίθησιν
3977 4321 4008 4371 ὁ

2430 4408 2605 4475 Λόγος
2638 4407 3149 4476 συνδιατιθεμένου,
3185 4407 3283 4477 τὴν
3318 4408 3624 4477 ἀποστολὴν
3677 4409 4010 4476 γεγενῆσθαι

2422 4498 2498 4565 τῷ
2529 4497 2605 4566 σῷ
2636 4498 2777 4567 λόγῳ
2818 4498 2983 4568 ὲρείς.
3032 4497 3217 4549 Ταῦτα
3260 4498 3397 4575 προς
3427 4500 3554 4560 τοὺς
3595 4497 3684 4550 διὰ
3711 4498 3773 4551 τὸ
3802 4495 3861 4551 εὖ
3897 4516 4007 4551 πε-

743 4605 840 4645 eos
860 4590 1003 4643 dicta
1026 4599 1206 4651 sunto,
1243 4587 1335 4655 qui
1370 4588 1615 4642 beneficii
1650 4589 1846 4650 vicem,
1877 4590 2121 4658 ingratos
2149 4601 2309 4657 atque
2345 4608 2387 4661 ι)

2420 4590 2670 4642 πονθέναι
2701 4587 3148 4655 κακογνώμονας,
3184 4587 3279 4639 καὶ
3309 4589 3434 4650 τοὺς
3464 4588 3551 4640 διὰ
3586 4588 3645 4639 τὸ
3672 4587 4006 4656 τετιμῆσθαι

744 4682 1022 4751 improbos
1062 4695 1243 4732 mores
1273 4680 1591 4744 ostendunt,
1645 4681 1847 4748 quique
1888 4681 2113 4743 idcirco,
2177 4681 2304 4749 quia

744 4772 911 4827 Verbi
948 4773 1251 4824 humilitate
1296 4758 1546 4825 honorati
1583 4773 1693 4824 sint
1722 4788 1785 4825 ac
1832 4773 2078 4831 exaltati.
2130 4773 2307 4840 ipsum

746 4882 775 4918 a
816 4880 925 4935 quo
972 4865 1177 4916 honore
1206 4862 1380 4916 affecti
1430 4871 1557 4915 sunt
1590 4862 1975 4926 dehonestant,
2027 4864 2311 4916 exultatio-

748 4959 940 5025 nisque
984 4951 1313 5011 mercedem,
1350 4950 1587 5003 vicissim
1630 4949 1987 5018 aojectionem
2027 4949 2313 5002 inducunt.

747 5045 1057 5105 Enimvero,
1119 5038 1182 5092 ad
1237 5054 1419 5092 senem
1465 5039 1614 5090 iilum
1658 5044 1954 5107 sapientem
2003 5040 2309 5093 redeamus.

749 5134 850 5188 Ubi
895 5135 1075 5201 itaque
1109 5132 1161 5183 in
1202 5130 1528 5197 alijectionis
1578 5130 1849 5197 profundo
1891 5130 2185 5198 majestatis
2220 5146 2313 5185 su-

748 5229 1065 5280 ίο1ἰιυ.ιιιιιιιιι
1118 5224 1351 5287 aspexit,
1390 5231 1551 5291 atque
1605 5223 1655 5275 in
1690 5232 1974 5291 assumpto
2037 5238 2103 5278 ex
2159 5223 2316 5277 nobis

746 5324 987 5372 testaceo
1044 5316 1265 5367 vasculo
1315 5314 1620 5367 divinitatis
1670 5313 2019 5382 inargritam
2084 5314 2315 5378 invenit,

744 5408 863 5475 ejus
896 5405 1302 5476 pulchritudine
1342 5404 1522 5457 animo
1557 5405 1879 5464 delet-tatus,
1916 5420 2068 5458 saera
2101 5405 2314 5457 doctam

744 5499 929 5553 verba.
960 5512 1024 5551 ac
1059 5495 1428 5566 propheticam
1472 5495 1708 5563 lingu-nn
1746 5496 2071 5564 propensius
2098 5497 2266 5563 agitat
2294 5514 2307 5548 :

746 5605 974 5658 cumque
1022 5588 1088 5641 ab
1129 5603 1193 5640 eo
1226 5586 1592 5655 susceptionis
1651 5586 1702 5637 in
1744 5589 1899 5641 ulnas
1964 5589 2155 5649 vicem,
2208 5590 2309 5641 mi:

2401 5589 2506 5645 εἶδε
2542 5594 2770 5646 πλοῦτον
2814 5596 3152 5663 ἀναγγελεῐν·
3205 5588 3250 5660 ᾧ
3298 5592 3668 5664 προσ;γγίσας
3694 5631 3707 5650 ,

2409 4684 2501 4732 καὶ
2527 4680 2775 4746 stamen
2807 4682 2872 4748 τῇ
2904 4678 2995 4730 τοῦ
3027 4680 3203 4745 Λόγου
3235 4678 3592 4740 ταπεινώσει,
3626 4679 4004 4747 ἀτιμάζοντας

2409 4776 2499 4824 τὸν
2527 4772 2856 4840 τετιμηκότα
2876 4812 2891 4833 ,
2927 4771 3023 4822 καὶ
3050 4769 3286 4839 ἀμοιϐὴν
3318 4770 3409 4822 τοῦ
3442 4770 3609 4837 seu»;
3630 4811 3641 4832 ,
3683 4771 3779 4841 τὴν
3809 4771 4009 4822 “rats?

2415 4882 2580 4915 νωςιν
2611 4864 3047 4929 ἀντεισάγοντας.
3088 4863 3246 4914 ’Λλλά
3279 4863 3413 4928 πρὸς
3442 4864 3531 4913 τὸν
3565 4864 3727 4930 σοφόν
3760 4861 4001 4932 πρεσϐύ-

2418 4971 2517 5022 την
2544 4955 2829 5023 ἀπίωμεν·
2864 4953 2919 5015 ὃς
2962 4954 3016 5004 ὲν
3046 4954 3124 5021 τῷ
3159 4952 3310 5020 βάθει
3350 4954 3446 5021 τῆς
3483 4951 3901 5014 ταπεινώσεως,
3945 4955 4007 5003 τὸ

2422 5042 2551 5109 θέθς
2585 5036 2690 5094 εἷσέ
2734 5042 2835 5110 τῆς
2870 5042 3300 5111 μεγαλωσύνης·
3360 5044 3453 5095 καὶ
3506 5045 3564 5093 ἐν
3611 5041 3687 5110 τῷ
3740 5042 3799 5105 ἐξ
3844 5042 4009 5109 ἡμῶν

2415 5135 2722 5205 ὀστρακίνῳ
2754 5136 2988 5204 πτυχίῳ,
3026 5136 3115 5187 τὸν
3152 5136 3494 5204 μαργαρίτην
3525 5128 3650 5203 εὗρε
3683 5135 3777 5199 τῆς
3806 5133 3995 5201 θεότη-

2414 5245 2525 5291 τος.
2573 5220 2647 5279 υῦ
2695 5227 2771 5296 τῷ
2802 5229 2990 5281 κάλλει
3027 5230 3123 5296 τὴν
3155 5229 3193 5293 ψ
3237 5245 3336 5296 χην
3368 5227 3756 5293 ὸιαγανωθεὶς,
3789 5229 3892 5292 τὴν
3924 5227 3991 5277 ἱε-

2419 5321 2639 5390 ρολόγον
2693 5320 2945 5385 γλῶσσαν
2993 5322 3131 5372 κινεῖ
3178 5319 3608 5388 προθυμότερον·
3656 5316 3783 5386 παρ’
3814 5310 3874 5369 οὗ
3907 5319 4003 5370 καὶ

2416 5412 2650 5480 ἀμοιϐὴν
2677 5416 2772 5481 τῆς
2806 5415 2863 5463 ὲν
2902 5412 3163 5478 ἀγκάλαις
3202 5411 3468 5479 ὑποδοχῆς
3508 5410 3604 5477 τὴν
3653 5411 3716 5460 ἐκ
3749 5408 3842 5461 τοῦ
3878 5410 4003 5476 Sict.)

2401 5503 2625 5572 πορείαν
2660 5504 2861 5566 λακὼν,
2896 5505 3082 5555 ἄπεισι
3126 5506 3237 5563 τοῖς
3278 5506 3333 5554 ἐν
3364 5501 3490 5570 ᾅδου
3539 5501 3855 5570 πενομένοις
3889 5542 3901 5562 ,
3938 5502 4005 5552 ὃν

3757 5592 3849 5643 καὶ
3899 5591 4005 5660 τὴν

2024 5699 2263 5758 ιἈιιιΑι
2304 5701 2721 5760 LEGTIONES.

811 5771 836 5809 τι
869 5772 1028 5826 λείπ.
1067 5770 1247 5839 χάριν,
1288 5770 1371 5823 vel
1399 5769 1527 5839 quid
1552 5770 1753 5825 simile.
