4224 6444
209 456 276 518 3⁷1
1028 448 1313 511 ORATIO
1346 449 1442 508 ιγ.
1470 473 1535 483 --
1578 447 1657 505 1N
1699 447 1814 507 Cll]

1908 446 2011 505 STI
2044 445 2221 505 NATI
2234 448 2568 509 VITATEM
2615 451 2659 510 ῐ.
3421 461 3491 524 38

206 567 275 617 ὲκ
306 564 406 631 τῆς
443 560 817 633 μαρανθείσης
851 556 1053 627 σαρκὸς
1076 555 1414 624 ἀποθέμενος
1445 556 1675 625 νάρκην,
1709 553 1802 605 καὶ

1908 552 2094 623 grandi
2150 567 2179 606 a
2220 557 2419 610 saeculo
2475 558 2687 611 veniam
2756 562 3082 632 accepisset,
3135 569 3247 623 abit
3290 572 3491 629 inferni

207 658 309 719 τὰς
335 656 618 725 αἰσθήσεις
640 652 915 720 ἀναθήλας
946 649 1025 719 τῷ
1058 647 1365 716 πνεύματι,
1398 647 1705 717 λειτουργεῖ
1729 646 1797 699 τὰ

205 748 310 801 τοῦ
335 745 672 815 Πνεύματος.

1908 646 2261 715 pauperibus,
2308 646 2409 701 visi
2443 647 2688 703 thesauri
2736 654 2988 707 nuntium
3026 659 3339 726 perlaturus
3375 680 3389 714 :
3422 665 3490 718 ad

1905 751 2070 805 quem
2099 750 2223 790 (ξιιηι
2254 739 2604 805 ειςεεδδὶεεει,
2631 750 2975 799 contractum
3002 764 3066 802 ex
3113 765 3280 806 carne
3307 767 3491 808 emar-

208 850 437 896 cescent
482 850 761 911 torporem
799 838 1103 907 depellens,
1134 851 1198 894 ac
1255 836 1517 894 sensibus
1596 849 1693 905 per
1723 831 1979 903 spiritum
2025 832 2392 896 revirescens,
2481 849 2603 902 qua!
2649 848 2777 891 stitit
2856 840 3129 909 Spiritus,
3207 848 3489 905 ministra-

208 938 313 990 bit.

283 1028 458 1082 Πάλαι
494 1027 595 1097 μὲν
614 1026 707 1081 οὖν
736 1025 1001 1096 σύμϐολα,
1028 1024 1151 1094 δψει
1186 1028 1526 1096 προφητικῇ,
1558 1026 1804 1081 ἐδείκνυε

206 1120 278 1173 τὰ
318 1119 604 1188 γινόμενα.
657 1116 827 1179 Λασὶς
873 1110 944 1186 ἦν
994 1116 1089 1169 καὶ
1123 1114 1328 1183 ἄνθραξ
1380 1116 1442 1167 τὸ
1473 1114 1740 1188 αἴνιγμαί
1774 1119 1806 1186 ἡ

210 1211 318 1281 μὲν
369 1209 701 1280 περιέχουσα
722 1224 735 1237 °
789 1208 818 1261 ό
863 1206 921 1260 δὲ
950 1206 1062 1259 τῶν
1093 1206 1447 1276 ύποφητικῶν
1475 1208 1663 1277 ψαύων
1695 1226 1807 1280 χειο

206 1302 372 1365 λέων,
404 1305 500 1356 καὶ
544 1302 643 1369 τὴν
687 1298 1035 1370 προφητικὴν
1080 1299 1460 1369 ὲκπυρηνίζων
1501 1300 1802 1355 ἐπίπνοιαν.

218 1392 402 1445 [αὔτα
423 1392 480 1445 δὲ
505 1392 614 1462 ἄρα
668 1386 737 1461 ἦν
762 1388 832 1442 τὰ
854 1388 949 1442 νῦν
986 1389 1313 1458 πράγματα,
1366 1392 1434 1443 τά
1465 1390 1635 1445 πάλαι
1669 1393 1804 1444 αίνί-

217 1500 401 1552 (ματα
422 1499 434 1512 ·
473 1484 505 1553 ἠ
538 1480 881 1551 γαλουχοῦσα
910 1480 1004 1533 καὶ
1044 1480 1450 1547 παρθενεύουσα
1474 1499 1489 1512 ·
1534 1484 1562 1535 ὁ
1596 1485 1805 1554 ἀπρόσ-

211 1593 325 1639 ιτος
361 1574 459 1628 καὶ
489 1573 876 1646 κρατούμενος.
897 1573 1051 1643 Κόρη
1073 1572 1351 1643 κρατοῦσα
1380 1574 1628 1647 καθάπερ
1650 1576 1805 1641 λαϐὶς

212 1666 301 1718 τὸν
322 1664 575 1736 ἄνθρακα
599 1664 698 1733 τῆς
727 1663 1014 1734 Θεότητος,
1040 1658 1103 1718 οὗ
1141 1664 1237 1717 καὶ
1267 1667 1449 1737 χεῖρες
1472 1665 1567 1719 τοῦ
1616 1668 1803 1738 ἱερέως

211 1757 535 1826 ἁγιάζονται
576 1757 872 1826 ψαύουσαι,
895 1758 989 1810 καὶ
1020 1756 1194 1827 στόμα
1228 1758 1533 1829 πληροῦται
1581 1761 1801 1830 ὑποφη-

218 1850 364 1911 τείας
384 1847 478 1902 τοῦ
507 1846 846 1917 Πνεύματος·
870 1847 1108 1915 ἀγκάλαι
1127 1846 1485 1917 περιέπουσαι
1512 1848 1715 1911 ὑλικαὶ,
1747 1849 1805 1902 ὃν
1837 1839 1877 1894 Β

214 1943 347 2014 δρᾷν
373 1942 435 1994 οὐ
457 1940 731 2011 τολμῶσιν
756 1939 907 1995 άῦλοι
930 1938 1218 2009 όφθαλμοί’
1241 1938 1301 2003 ὃς
1314 1941 1377 1992 τὸ
1398 1941 1563 2009 ημέτε
1574 1958 1664 2011 ρον
1692 1942 1805 1994 ἔνυ-

212 2040 325 2100 λον,
350 2052 416 2087 πε
424 2035 479 2103 pi
496 2032 658 2105 [μετὰ
672 2031 716 2104 ?]
742 2032 840 2102 τῆς
856 2031 1056 2085 ἑαυτοῦ
1074 2030 1279 2095 ἑνώσας
1295 2031 1506 2097 οὐσίας,
1525 2032 1585 2085 τὸ
1607 2022 1803 2087 οίκέἲον

213 2129 502 2190 ίστεκτον,
521 2125 602 2195 τῷ
620 2123 874 2195 ἡμετέρῳ
900 2121 1091 2177 ύλὼδει
1117 2122 1486 2194 βεϐαστάχθαι
1510 2127 1674 2180 ποιεῖ.
1697 2127 1804 2192 Καὶ

214 2222 504 2287 κρατεῖται
531 2219 627 2290 μὲν
646 2220 705 2271 ὲν
734 2215 1072 2287 σπαργάνοις
1090 2231 1102 2243 ·
1128 2215 1245 2268 λύει
1262 2215 1318 2268 δὲ
1343 2215 1452 2269 τῶν
1478 2216 1574 2285 τῆς
1605 2216 1805 2288 σαρκδς

214 2312 575 2382 σπαργάνων,
606 2309 1062 2378 τὸν-βαστάζοντα
1101 2307 1275 2378 ίερέα,
1310 2307 1541 2375 ἐπείπερ
1574 2303 1679 2358 εἶδε
1683 2309 1807 2452 ,ξος

215 2406 332 2452 aut:
350 2403 653 2452 ὀωθαλιιοίε
679 2402 741 2452 τὸ
774 2400 1035 2452 νεοςοανὲς
1069 2401 1337 2452 σωτήριον
1399 2400 1638 2452 Ἰσραήλ.
1737 2400 1804 2452 ob

215 2406 332 2468 σοῖς
350 2403 653 2473 ὀφθαλμοῖς
679 2402 741 2455 τὸ
774 2400 1035 2470 νεοφανὲς
1069 2401 1337 2471 σωτήριον
1399 2400 1638 2471 Ἰσραήλ.
1683 2400 1804 2468 Χρὴ

216 2497 328 2567 γὰρ
361 2498 457 2549 καὶ
506 2496 621 2557 τοῖς
683 2492 837 2547 κάτω
872 2490 1222 2562 μεμηνύσθαι
1277 2492 1348 2545 τὰ
1387 2490 1501 2545 ἄνω
1529 2490 1807 2562 παράδοξα

218 2587 545 2659 πράγματα,
575 2586 669 2639 καὶ
695 2583 771 2647 ὡς
798 2583 893 2638 τοῦ
943 2584 1147 2655 κόσμου
1169 2583 1232 2635 τὸ
1258 2583 1524 2653 σωτήριον
1563 2582 1765 2649 ἐπέστη
1794 2595 1804 2607 °

218 2679 508 2741 κάκείνους
530 2675 864 2745 ὲνηχηθῆναι
892 2675 969 2738 ὡς
994 2674 1172 2743 σάρκα
1193 2673 1325 2738 Θεὸς
1355 2673 1529 2743 φορεῖ,
1561 2675 1656 2725 καὶ
1680 2689 1805 2723 παι-

218 2772 330 2826 ἰίον
357 2773 386 2824 δ
425 2769 754 2842 προαιὼνιος
809 2768 1002 2837 γέγονε
1023 2784 1038 2800 ·
1091 2768 1183 2822 καὶ
1209 2767 1237 2818 ὁ
1268 2768 1503 2837 τροφεὺς
1545 2750 1766 2835 θηλάζει
1792 2782 1804 2794 ο

220 2864 318 2917 ναὶ
342 2863 418 2924 ὡς
446 2862 724 2915 ἐλεύσεται
752 2861 933 2914 πόνων
962 2862 1075 2923 τοῖς
1104 2858 1463 2930 ὀδυνωμένοις
1492 2858 1805 2928 ἀπαλλαγὴ,

220 2957 288 3024 τῇ
326 2954 537 3007 ἐκείνου
560 2952 670 3006 τῶν
709 2952 888 3005 πόνων
926 2953 1195 3022 ὑπομονῇ.
1244 2951 1345 3004 Διὰ
1390 2952 1549 3004 τουτο
1578 2951 1653 3021 μὴ
1680 2932 1809 3021 πρὶν

222 3044 604 3109 ἐξελεύσεσθαι
646 3043 755 3096 τῶν
789 3042 1005 3109 δεσμῶν
1037 3042 1137 3111 τῆς
1169 3041 1370 3112 σαρκὸς
1400 3038 1626 3110 Συμεὼν
1677 3058 1812 3112 χρη-

1976 1030 2118 1085 Olim
2172 1049 2305 1089 sane
2348 1044 2570 1090 ostensa
2624 1047 2753 1091 sunt
2784 1040 3061 1108 propheta:
3100 1045 3277 1102 oculis
3301 1063 3489 1105 earum

1909 1138 2091 1178 rerum
2120 1128 2387 1196 symbols,
2429 1142 2552 1197 quae
2576 1143 2844 1196 geruntur
2866 1132 2929 1184 ³³.
2960 1133 3252 1202 Nimirum,
3277 1140 3493 1212 forceps

1908 1228 1971 1267 ac
2022 1216 2190 1270 carbo
2231 1219 2461 1287 aenigma
2495 1229 2673 1283 erant,
2712 1220 2803 1275 illa
2838 1224 3059 1292 quidem
3087 1232 3491 1300 complectens;

1910 1306 1997 1361 hic
2062 1321 2214 1372 vero,
2274 1310 2553 1378 prophetae
2604 1311 2936 1383 contingens
2995 1314 3161 1381 labia,
3210 1322 3492 1390 propheti-

1908 1415 2144 1471 cumque
2220 1399 2459 1455 amatum
2543 1403 2786 1459 cliciens.
2869 1404 2995 1462 Haec
3075 1424 3239 1477 porro
3300 1422 3487 1479 erant,

1908 1506 2057 1546 nunc
2104 1500 2257 1562 gesta
2316 1506 2430 1558 res,
2482 1493 2689 1561 pridem
2731 1504 2912 1551 autem
2954 1500 3265 1570 aenigmata,
3296 1520 3490 1575 nempe

1909 1583 2120 1639 lactans
2154 1583 2350 1638 mulier
2372 1584 2665 1654 virgoque;
2694 1588 3034 1656 inaccessus,
3058 1594 3262 1663 quique
3280 1596 3484 1652 nihilo-

1910 1671 2091 1725 minus
2148 1680 2422 1726 teneatur.
2483 1673 2690 1741 Puella,
2744 1675 2965 1746 forcipis
3031 1680 3207 1735 instar
3262 1682 3486 1741 Deitatis

1910 1762 2209 1815 carbonem
2264 1771 2489 1828 tenens;
2543 1766 2701 1834 Cujus
2749 1767 2913 1820 etiam
2975 1778 3123 1826 tactu
3184 1774 3490 1831 sacerdotis

1908 1858 2307 1908 consecrentur
2332 1868 2553 1920 manus,
2588 1870 2762 1926 osque
2798 1859 3124 1927 prophetico
3159 1863 3358 1930 spiritu
3392 1865 3493 1919 ad-

1909 1944 2200 2014 impleatur
2250 1964 2260 1997 :
2300 1946 2443 2001 ulnae
2492 1944 2803 2004 materialcs
2854 1968 2981 2004 eum
3037 1952 3288 2010 foventes
3328 1972 3491 2026 quem

1907 2037 2143 2092 absoluti
2198 2054 2228 2093 a
2264 2040 2492 2095 materia
2524 2041 2668 2095 oculi
2701 2042 3122 2115 incorporeique
3152 2061 3263 2103 non
3291 2050 3495 2106 audent

1906 2128 2173 2197 aSpicere,
2211 2146 2360 2197 eum,
2392 2132 2638 2202 inquam,
2664 2135 2758 2203 qui
2800 2150 2916 2190 sua:
2946 2139 3270 2195 substantia:
3298 2142 3493 2198 uniens

1914 2228 2159 2275 nostram
2215 2223 2413 2277 molem
2458 2234 2621 2293 atque
2672 2226 2978 2292 materiam,
3011 2230 3157 2297 quod
3207 2232 3496 2301 majestate

1912 2311 2259 2381 importabile
2311 2314 2498 2379 habet,
2559 2316 2830 2369 materiali
2903 2326 3094 2373 nostro
3148 2335 3214 2375 ac
3265 2337 3497 2393 corpore

1911 2404 2116 2472 portari
2162 2404 2316 2460 facit.
2363 2408 2440 2461 Ac
2472 2407 2692 2477 quidem
2725 2409 3053 2480 astringitur
3085 2410 3298 2479 fasciis,
3333 2417 3497 2471 solvit

1913 2510 2042 2550 vero
2085 2506 2389 2566 gestantem
2425 2498 2775 2554 sacerdotem
2825 2516 2854 2554 a
2888 2504 3074 2559 carnis
3104 2504 3312 2570 fasciis.
3344 2518 3497 2577 post-

1909 2600 2073 2654 quam
2110 2586 2203 2641 ille
2233 2588 2452 2658 rugosis
2486 2589 2662 2643 oculis
2696 2604 2890 2647 recens
2914 2601 3201 2649 ostensum
3244 2594 3499 2654 Salutare

1911 2676 2160 2731 vidisset.
2195 2676 2333 2731 Nam
2359 2687 2413 2731 et
2438 2679 2636 2749 positis
2661 2681 2714 2734 in
2748 2682 2963 2737 inferno
2989 2687 3291 2742 nuntianda
3315 2702 3497 2752 erant,

1913 2783 2034 2836 qua:
2072 2768 2233 2837 plena
2271 2768 2542 2824 miraculo
2574 2771 2626 2823 in
2675 2778 2818 2825 terra
2859 2773 3213 2841 gerebantur,
3244 2788 3409 2849 atque
3442 2784 3501 2835 ut

1913 2858 2103 2912 ninndi
2128 2858 2379 2913 Salvator
2404 2860 2761 2916 advenisset:
2801 2872 2939 2918 utet
2974 2866 3191 2921 illorum
3218 2869 3500 2927 insonaret

1912 2950 2163 3015 auribus,
2214 2949 2385 3005 Deum
2429 2962 2647 3023 gestare
2689 2967 2936 3021 carnem,
2979 2964 3145 3029 atque
3205 2974 3354 3027 eum,
3405 2966 3501 3033 qui

1910 3043 2128 3097 saeculis
2160 3051 2311 3097 esset
2343 3044 2643 3114 antiquior,
2690 3061 2923 3115 puerutu
2974 3064 3095 3107 esse
3126 3050 3331 3108 factum
3373 3071 3387 3108 :
3421 3065 3499 3121 ut,

227 3137 536 3204 ματίζεται,
570 3135 603 3204 ἢ
633 3135 725 3187 τὸν
757 3133 1039 3204 λυτρωτὴν
1081 3132 1496 3203 παραγεγονότα
1529 3131 1805 3186 θεάσεται.

1916 3136 2163 3204 inquam,
2216 3136 2360 3190 altor
2410 3137 2527 3207 ipse
2557 3139 2779 3204 alatur;
2833 3151 3005 3211 utque
3059 3145 3132 3199 sit
3162 3155 3430 3204 venturus
3471 3160 3500 3202 a

237 3231 409 3299 Ἀδὰμ
439 3230 609 3297 ἀκοὴν
652 3226 992 3297 βεϐυσμένην
1020 3228 1083 3296 τῇ
1116 3224 1283 3298 λύπῃ,
1310 3223 1643 3297 χαρμοσύνῳ
1671 3222 1805 3293 φθέ-

222 3338 397 3391 γματι
443 3320 721 3385 διανοίξει,
771 3318 866 3372 καὶ
898 3318 1179 3387 παλάμαις
1203 3316 1433 3379 οίκείαις
1459 3315 1680 3385 μηνύων
1709 3314 1801 3366 τὸν

222 3416 471 3483 πλάστην
506 3412 826 3481 φερόμενον,
854 3410 913 3475 ὲξ
962 3410 1329 3476 ἀπογνώσεως
1362 3405 1617 3459 εὐέλπιδα
1650 3408 1804 3475 ποιή-

226 3523 311 3558 σει
337 3504 427 3557 τὸν
448 3506 700 3574 γέροντα.
736 3502 848 3555 Εὔα
878 3500 1127 3570 μαθοῦσα
1150 3498 1409 3565 γυναικὸς
1425 3497 1806 3566 ἀποκυηθέντα

223 3598 378 3656 Θεὸν.
415 3598 543 3668 ῥᾷον
578 3594 731 3647 ἔσται
769 3594 856 3647 διὰ
882 3594 983 3662 τὴν
1034 3591 1142 3645 τῶν
1183 3591 1386 3644 ὠδίνων
1436 3590 1701 3661 κατάραν,
1734 3589 1801 3658 ἢν

225 3687 619 3758 ἐκληροδότησε
634 3687 754 3749 ταῖς
780 3684 839 3750 ἐξ
862 3683 1126 3752 αὐτῆς....
1147 3681 1351 3752 Μωσῆς
1377 3681 1687 3752 πληροῦντα
1719 3680 1804 3734 νό-

230 3798 329 3847 μοι
362 3775 422 3833 οὗ
444 3776 721 3848 γραφέντα
746 3776 1031 3837 δακτύλοις
1055 3775 1291 3839 ἐδέξατο,
1308 3773 1421 3825 ’καὶ
1456 3774 1564 3826 τῶν
1596 3773 1653 3825 ἐν
1676 3775 1811 3844 πυρὶ

228 3877 319 3923 καὶ
346 3870 491 3940 βάτῳ
524 3868 868 3938 τεθεαμένων
922 3867 1018 3935 τὴν
1080 3865 1303 3919 ἔκϐασιν
1343 3866 1566 3921 εἴσεται.
1604 3866 1809 3928 Πάντες

226 3964 275 4015 οἱ
307 3963 460 4015 κάτω
493 3960 976 4032 ἐσκυθρωπακότες
1012 3958 1236 4027 φαιδρὸν
1270 3956 1613 4021 ὑποδέξονται
1638 3958 1809 4027 κήρυ-

227 4072 319 4110 κα.
349 4049 460 4107 Ἦν
508 4053 553 4105 δ’
581 4054 688 4122 ἄρα
738 4054 833 4106 καὶ
877 4051 1036 4104 τοῦτο
1087 4050 1185 4119 τῆς
1246 4049 1471 4119 ἀπείρου
1504 4048 1643 4101 Θεοῦ
1676 4049 1812 4118 πρὸς

229 4127 569 4213 ἀνθρώπους
611 4141 865 4213 στοργῆς,
905 4141 981 4211 μὴ
1044 4141 1203 4211 μόνον
1253 4141 1364 4201 τοῖς
1393 4142 1450 4192 ἐν
1492 4138 1691 4220 θλίψει.
1716 4140 1810 4191 καὶ

231 4235 564 4306 στενοχωρίᾳ
620 4233 782 4286 αὑτὸν
839 4232 1064 4303 ἀφῖχθαι
1122 4231 1490 4302 παράκλησιν,
1540 4229 1675 4283 ἀλλὰ
1716 4233 1811 4283 καὶ

230 4327 717 4399 προμεμηνυκέναι
745 4326 807 4378 τὸ
834 4325 1179 4394 εὐεργέτημα
1203 4341 1214 4352 ·
1254 4324 1319 4374 ἵν’
1344 4328 1401 4376 ὲν
1441 4325 1507 4393 τῇ
1532 4322 1641 4373 τῶν
1678 4340 1810 4391 χρη-

233 4420 379 4474 στῶν
412 4419 609 4483 ἑλπίδι,
644 4419 973 4488 κουφότερον
1077 4417 1137 4468 τὸ
1168 4415 1449 4469 ἐπίπονον·
1505 4417 1596 4468 καὶ
1628 4416 1814 4483 ὑφεῖτο

231 4508 409 4581 ταύτῃ
434 4508 623 4579 ὥσπερ
650 4508 829 4578 δρόσῳ
868 4509 900 4576 ὴ
931 4506 1063 4574 φλὸξ
1091 4506 1189 4577 τῆς
1212 4505 1527 4568 κακώσεως.
1544 4543 1609 4558 .-

1921 3228 2204 3284 laboribus
2238 3243 2303 3284 ac
2338 3230 2625 3286 doloribus
2654 3232 2940 3300 liberator,
2972 3252 3079 3305 qua
3121 3240 3240 3308 ipse
3265 3240 3505 3297 sustine-

1922 3314 2000 3368 bit
2024 3317 2266 3373 labores.
2299 3317 2509 3374 Idcirco
2533 3318 2769 3390 Syineon
2796 3338 3116 3393 responsum
3146 3330 3366 3399 accipit,
3393 3346 3501 3384 non

1919 3420 1978 3456 se
2024 3407 2176 3475 prius
2223 3408 2613 3479 migraturum,
2670 3424 2736 3465 ac
2783 3425 2814 3464 a
2871 3415 3058 3470 carnis
3111 3417 3501 3474 absolvendum

1919 3497 2184 3561 vinculis,
2217 3513 2381 3568 quam
2417 3499 2600 3555 videat
2638 3502 2832 3557 adesse
2862 3502 3236 3562 Libet-storem
3281 3510 3348 3563 ³³.
3391 3511 3504 3568 0b-

1920 3597 2132 3645 turatas
2180 3605 2292 3661 prte
2345 3591 2571 3646 tristitia
2623 3594 2817 3648 Adami
2881 3611 3066 3661 aures,
3112 3601 3275 3669 pleno
3319 3606 3503 3673 gaudii

1921 3698 2174 3738 sermone
2212 3686 2443 3753 aperiet.
2474 3686 2847 3759 nuntiansque
2886 3692 3002 3746 suis
3040 3707 3100 3747 se
3130 3695 3384 3751 manibus
3413 3712 3506 3767 get

1922 3785 2097 3830 stasse
2148 3776 2494 3841 Creatorem,
2530 3792 2628 3847 spe
2675 3778 2949 3835 delectum
2995 3799 3207 3851 senem,
3238 3801 3335 3856 spe
3360 3787 3502 3842 bona

1922 3869 2161 3936 augebit.
2216 3868 2445 3927 Diseens
2495 3870 2604 3926 Eva
2660 3872 2917 3929 reininani
2970 3877 3140 3932 Deum
3203 3883 3502 3949 peperisse,

1922 3959 2101 4014 lenius
2131 3961 2267 4016 feret
2300 3971 2492 4032 partus
2538 3966 3003 4032 maledictionem,
3034 3985 3198 4037 quam
3246 3972 3351 4026 sibi
3389 3974 3503 4043 ipsa

1924 4054 2372 4120 prievaricatione
2406 4055 2624 4110 ascivit.
2671 4057 2918 4113 Audiens
2960 4058 3139 4114 Moses
3188 4061 3500 4130 implentem

1925 4145 2121 4214 legem.
2160 4146 2320 4215 cujus
2370 4148 2416 4200 is
2459 4147 2630 4217 digito
2665 4151 2927 4218 scriptam
2983 4149 3129 4204 illam
3178 4155 3501 4223 accepisset,

1922 4253 2111 4291 eorum
2159 4256 2378 4309 quoque
2424 4256 2547 4310 qua:
2606 4243 2657 4295 in
2703 4243 2814 4311 igni
2858 4258 2921 4296 ac
2982 4245 3121 4299 rubo
3172 4245 3383 4301 viderat
3433 4247 3500 4310 δ”,

1924 4340 2177 4385 eventum
2205 4340 2514 4401 pernoscet.
2543 4330 2793 4389 Universi
2820 4334 2873 4389 in
2899 4336 3115 4390 inferno
3141 4340 3319 4393 mtesti
3339 4354 3506 4409 agen-

1925 4429 2028 4485 tes,
2079 4421 2260 4476 latium
2310 4424 2615 4493 suscipieut
2651 4441 2981 4495 praeconem.
3033 4427 3162 4482 Erat
3216 4443 3351 4486 sane
3401 4432 3507 4487 lioc

1849 4504 1892 4558 D
1919 4523 2137 4580 quoque
2160 4510 2360 4566 infruniti
2390 4527 2518 4583 erga
2548 4513 2847 4568 humanum
2877 4531 3053 4584 genus
3072 4516 3241 4571 divini
3272 4519 3501 4586 amoris,

236 4612 296 4657 ut
337 4601 539 4659 nedum
575 4601 789 4656 alﬂietis
824 4601 1129 4671 positisque
1204 4600 1256 4653 in
1311 4600 1565 4670 angustia
1634 4601 1952 4656 consolator
2012 4605 2317 4669 adveniret,
2360 4621 2547 4661 verum
2631 4610 2794 4661 etiam
2861 4624 2927 4663 eo
2982 4610 3227 4664 beneﬁcii
3276 4613 3503 4667 nuntius

237 4694 456 4764 praeiret
495 4711 507 4746 :
545 4708 655 4762 quo
682 4692 945 4745 bmorum
978 4706 1095 4761 spe,
1122 4692 1295 4745 levior
1320 4691 1628 4746 emi-eretur
1670 4692 1845 4753 labor,
1887 4708 2059 4765 eoque
2091 4696 2239 4748 velut
2290 4711 2434 4756 rore,
2484 4694 2795 4752 amictionis
2839 4698 3057 4752 ﬁnitima
3106 4700 3339 4754 remissa
3395 4702 3502 4754 mi-

235 4796 489 4842 tesceret.

332 4876 460 4930 Δλλ⁴⁵
490 4880 519 4929 ὀ
546 4878 645 4947 μὲν
671 4882 736 4948 τῇ
771 4878 1090 4943 παλαιότητι
1120 4874 1445 4945 γεγηρακὼς
1494 4876 1694 4945 ἱερεὺς,
1745 4878 1823 4945 τῷ

232 4970 594 5042 πρεσϐυτέρῳ
628 4969 1026 5040 παραγεγονότι
1056 4969 1257 5039 νηπίῳ,
1285 4968 1543 5039 παλάμας
1578 4969 1820 5037 λειτουρ-

231 5064 367 5132 γοὺς
398 5064 478 5124 εἰς
533 5062 798 5132 ὑποδοχὴν
842 5062 1228 5131 προσαγαγὼν,
1277 5062 1372 5114 καὶ
1399 5061 1497 5130 τὴν
1524 5062 1822 5131 μέλλουσαν

233 5153 454 5206 ἔσεσθαι
484 5154 853 5222 προῦμνηκὼς
879 5152 1174 5223 σωτηρίαν,
1197 5152 1306 5205 τῶν
1329 5152 1543 5223 δεσμῶν
1564 5154 1661 5220 τῆς
1689 5170 1821 5221 σαρς

232 5246 331 5309 κὸς
384 5244 485 5315 τὴν
541 5245 717 5315 λύπην
749 5257 771 5283 ο
807 5245 1221 5315 ἀντιλαμϐάνει.
1259 5243 1323 5295 Τί
1369 5244 1423 5297 δὲ
1448 5245 1607 5312 ἡμεῖς
1647 5246 1693 5297 oi
1725 5246 1824 5313 τὴν

234 5337 582 5405 παλαιότητα
607 5338 937 5409 ἀποθέμενοι
964 5356 977 5402 ;
1010 5341 1074 5390 Ol
1113 5337 1571 5407 ἁναγεννηθέντες
1601 5338 1688 5390 διὰ
1723 5337 1823 5406 τῆς

232 5432 545 5501 γεννήσεως
564 5448 578 5461 ·
603 5435 654 5484 οἱ
683 5430 1140 5501 προσενεχθέντες
1166 5429 1243 5499 τῷ
1270 5430 1442 5499 Πατρὶ
1466 5429 1552 5482 διὰ
1583 5430 1674 5498 τῆς
1702 5428 1823 5483 καθ’

232 5525 385 5594 ἡμᾶς
430 5523 770 5593 λειτουργίας
826 5523 920 5576 τοῦ
989 5524 1350 5594 ἠγαπημένον
1380 5523 1572 5585 παιδὸς
1619 5521 1821 5576 αὐτοῦ’

2002 4885 2266 4938 (merum
2288 4886 2442 4939 senio
2459 4887 2678 4954 quidem
2700 4897 2971 4941 veteratus
2994 4887 3275 4952 sacerdos,
3299 4887 3499 4943 seniori

1932 4975 2241 5027 advenienti
2286 4974 2505 5041 infanti,
2545 4991 2738 5031 manus
2785 4977 3137 5043 suscipiendo
3168 4976 3500 5033 {aliiulantes

1932 5062 2187 5123 nﬂerens,
2213 5076 2276 5116 ac
2303 5064 2391 5117 ubi
2416 5064 2650 5117 l‘uturam
2674 5064 2905 5119 salutem
2953 5063 3235 5133 praemisso
3286 5067 3503 5121 cantico

1934 5156 2169 5210 laudass-
2194 5164 2235 5213 t.
2261 5155 2588 5211 solutionem
2616 5172 2643 5208 a
2665 5156 2849 5211 carnis
2876 5155 3112 5210 vinculis
3137 5156 3385 5210 mercede
3410 5171 3500 5209 re-

1935 5250 2084 5319 cipit.
2102 5248 2242 5315 Quid
2265 5264 2391 5304 vcro
2411 5266 2511 5303 nos
2533 5251 2625 5317 qui
2653 5248 3004 5317 deposuimus
3025 5255 3349 5303 vetustatem
3364 5248 3385 5299 ‘I
3398 5246 3502 5313 Qui

1929 5341 2212 5396 nativitate
2268 5342 2568 5411 regenerati
2615 5354 2827 5403 sumus,
2858 5341 2949 5409 qui
2995 5338 3141 5394 Patri
3178 5340 3367 5403 oblati,
3406 5355 3501 5407 per

1928 5431 2187 5501 unigeniti
2229 5429 2349 5484 Filii
2377 5429 2495 5499 ejus
2522 5432 2574 5483 in
2609 5443 2837 5499 corpore
2865 5429 3022 5484 nobis
3051 5429 3216 5484 simili
3246 5428 3497 5482 ministe-

1934 5527 2098 5584 lium,
2133 5522 2408 5591 quodnam
2439 5522 2823 5587 ministerium,
2858 5521 3130 5590 quodnam
3179 5518 3500 5587 obsequium

315 5681 365 5713 “
417 5680 527 5734 lsa.
560 5696 634 5740 vi.
681 5682 699 5733 l
740 5694 891 5750 seqq.
936 5679 981 5711 ³⁸
1015 5677 1147 5735 Luc.
1184 5695 1244 5742 ιι,
1283 5676 1372 5731 26.
1455 5676 1499 5707 ³⁸
1536 5673 1708 5730 Exod.
1747 5689 1831 5735 III,
1879 5674 1931 5726 5.

1540 5790 1772 5845 ἻΛΙΗΑΞ
1801 5786 2183 5843 ΙιίιῖΟῊΟλἩΒ

309 5879 334 5907 ο
365 5870 449 5922 ῖσ-
476 5869 649 5922 λύσιν.
