4224 6444
227 450 287 511 Η
1036 456 1321 518 ORATIO
1346 459 1412 520 V.
1447 484 1515 497 --
1550 460 1632 521 IN
1670 460 1979 520 CHRISTI
2022 462 2531 526 NATIVITATEM
2570 465 2650 525 II.
3405 466 3473 525 42

222 568 611 637 ιμιλήσαντες,
643 569 742 639 τὴν
778 569 1002 637 ἀλογίαν
1046 572 1528 645 ἀπεσκευάσμεθα,
1560 580 1698 649 αὐτὴ
1729 581 1788 651 τις

1802 608 1805 626 ι
1832 592 1873 646 Α
1906 586 2249 643 suescentes,
2268 580 2536 637 brutalem
2574 581 2878 652 abiecimus
2900 582 3087 642 vitam,
3121 588 3173 632 tu
3200 588 3306 633 tua:
3328 582 3465 648 proli

224 664 370 731 τόκῳ
406 679 497 714 σου
529 662 634 713 τῶν
658 663 943 731 ἡμετέρων
968 663 1141 732 λόγων
1169 666 1229 718 rb
1257 667 1429 740 δῶρον
1458 670 1794 739 προσάγαγε·

224 755 445 819 ἀνάξιον
487 756 605 824 μὲν,
634 757 784 823 ὅμως
815 756 871 808 δὶ
904 758 963 810 τὸ
997 759 1235 828 σήμερον
1262 761 1635 832 οἰκονομηοὲν,
1658 764 1801 815 ὲκεί-

220 864 299 914 νῳ
331 845 561 913 τιμῶντί
598 862 686 913 μοι
713 848 1145 916 ἁπεργασμένον,
1182 844 1331 914 δέξαι
1370 852 1543 905 τοῦτο.
1574 854 1663 905 Σοὶ
1691 853 1798 924 γὰρ

219 937 288 1004 τῇ
325 936 448 1001 ἐμοὶ
483 934 661 1007 βοηθῷ
699 935 1005 1006 θαρρήσας,
1038 938 1372 1011 ἀνεδεξάμην
1404 941 1493 993 τδν
1528 942 1796 1009 κάματον.

224 1030 418 1097 Ἠμην
455 1032 479 1068 ε
506 1031 568 1081 ὲκ
611 1029 842 1099 βρέφους
897 1031 991 1082 καὶ
1038 1032 1118 1095 εις
1166 1034 1324 1086 τοῦτο
1384 1034 1577 1105 μέτρον
1609 1036 1797 1106 ἥκοντι

220 1117 364 1184 βίου,
414 1119 703 1189 ἐπίκουρος
751 1121 935 1190 πάρει,
972 1124 1065 1176 καὶ
1090 1123 1296 1194 πάρεσὸ
1328 1141 1390 1192 γε
1421 1125 1509 1178 διὰ
1558 1128 1755 1187 παντός
1777 1147 1791 1159 ·

222 1209 361 1278 μηδὲ
397 1210 679 1280 μακρὺνῃς
703 1213 799 1279 ἀφ’
821 1212 974 1283 ἡμῶν
1000 1214 1099 1283 τὴν
1136 1215 1236 1283 σὴν
1269 1217 1633 1285 ’προστασίαν⁸
1680 1218 1795 1270 ἀλλ’

217 1292 309 1359 αἷς
343 1297 400 1360 ἐξ
426 1300 598 1367 ἀρχῆς
634 1304 915 1368 περιεῖπες
946 1302 1172 1370 πτέρυξι
1223 1305 1518 1371 σκέπουσα,
1569 1307 1793 1360 διατίθει

219 1386 361 1455 πρὸς
396 1388 457 1439 τὸ
498 1389 773 1457 συμφέρον
802 1390 893 1443 τὸν
927 1390 1040 1460 βίον
1063 1409 1077 1423 ⁸
1102 1393 1456 1447 συνδιέπουσα
1484 1395 1550 1464 ἢν
1580 1396 1700 1447 ἔθου
1728 1400 1792 1466 τῇ

219 1477 287 1543 σῇ
326 1476 576 1545 μεσιτεέα
611 1478 889 1546 βασιλείαν
918 1478 1143 1542 διέπειν,
1181 1482 1519 1549 φυλάττουσά
1581 1500 1668 1553 μοι
1698 1486 1796 1553 τὴν

219 1565 470 1634 μεγάλην
505 1566 597 1617 τοῦ
643 1567 777 1619 Υἰοῦ
827 1584 920 1620 σου
956 1570 1349 1641 κληρονομίανο
1403 1572 1563 1626 τοῦτό
1614 1591 1702 1643 μοι
1735 1574 1793 1626 τὸ

215 1656 439 1709 πάντων
471 1658 883 1727 προτιμώμενον
902 1677 917 1690 ο
944 1660 1238 1726 ὲξανύουσα
1266 1662 1359 1716 τοῦ
1384 1664 1638 1717 ὲκλεκτοῦ
1663 1664 1792 1717 λαοῦ

215 1764 335 1810 σου,
364 1747 458 1799 τοῦ
504 1748 662 1815 ἁγίου
708 1748 893 1813 ἔθνους
916 1749 1015 1821 τὴν
1057 1752 1350 1823 σωτηρίαν.
1396 1753 1563 1817 Ὑπὲρ
1589 1756 1793 1806 τούτων

216 1838 414 1891 ἵστασο
439 1840 869 1911 παραιτουμένη·
895 1843 988 1895 καὶ
1007 1842 1080 1913 μὴ
1099 1841 1186 1893 διὰ
1210 1842 1270 1896 τὸ
1300 1843 1397 1912 ἐμὲ
1419 1842 1621 1911 δφλειν,
1649 1837 1795 1895 οὗτοι

1908 676 2155 721 ιιοδιιηιιι]
2214 666 2315 720 hoc
2381 668 2514 722 offer
2560 670 2849 725 verborum
2893 669 3093 721 donum
3132 686 3146 722 :
3186 682 3251 723 ac
3297 682 3476 735 quan-

1903 773 2063 827 quam
2096 757 2239 812 haud
2278 760 2411 812 satis
2443 760 2664 827 dignum
2691 802 2704 827 ,
2736 759 2867 814 mihi
2918 765 3096 812 tamen
3127 758 3335 814 honore
3361 776 3480 829 pro-

1906 848 2175 916 sequenti,
2228 849 2370 917 quod
2401 849 2468 900 ab
2502 849 2593 901 illo
2622 849 2847 915 provide
2893 849 3055 903 hodie
3098 849 3473 915 dispensatum

1909 952 2017 1004 est,
2071 942 2287 1010 suscipe
2314 940 2671 995 elaboratum.
2705 940 2776 993 De
2811 950 2862 993 te
2890 941 3034 994 enim
3066 953 3183 992 mea
3210 939 3475 1006 adjutrice

1911 1044 2177 1099 concepta
2232 1033 2449 1093 tidueia,
2500 1031 2739 1084 laborem
2788 1031 3023 1098 suscepi.
3058 1030 3189 1095 Quae
3220 1043 3247 1082 a
3281 1044 3470 1096 puero,

1909 1124 2077 1191 inque
2115 1121 2260 1174 htmc
2310 1122 2497 1177 adulto
2527 1122 2704 1178 atatis
2732 1122 2948 1174 modum
2977 1120 3287 1175 auxiliatrix
3318 1117 3473 1181 ades,

1906 1228 2109 1282 thIBSO.
2159 1227 2371 1280 semper
2423 1216 2594 1277 adsis,
2654 1226 2821 1265 necre
2870 1224 2897 1262 a
2953 1210 3107 1264 nobis
3161 1209 3470 1279 prtesidium

1905 1312 2057 1355 tuum
2082 1301 2459 1369 elongaveris:
2494 1302 2742 1369 quinimo
2780 1300 2978 1368 quibus
3002 1314 3030 1351 a
3075 1300 3341 1367 principio
3370 1299 3472 1354 alis

1910 1402 2206 1463 protegens
2240 1391 2445 1455 fovisti,
2477 1394 2643 1445 vitam
2690 1404 2958 1460 compone
3007 1403 3105 1458 pro
3133 1404 3198 1443 eo
3231 1402 3294 1441 ac
3325 1404 3471 1443 com-

1908 1485 2124 1537 modum
2159 1483 2267 1547 sit;
2310 1483 2584 1551 simulque
2613 1482 2731 1535 fove
2760 1481 2904 1550 quod
2934 1482 3039 1534 tuis
3068 1477 3473 1532 intercessioni-

1903 1576 2003 1629 bus
2055 1574 2342 1627 fovendum
2390 1573 2674 1642 imperium
2721 1572 2982 1633 fundasti,
3037 1585 3284 1637 magnam
3323 1570 3471 1623 illam

1905 1664 2019 1717 Filii
2056 1664 2129 1717 tui
2175 1664 2305 1717 mihi
2366 1677 2594 1717 servans
2620 1662 2987 1717 hiereditatem
3021 1679 3034 1713 :
3062 1662 3190 1714 mihi
3218 1660 3318 1714 hoc
3350 1660 3473 1713 uni-

1904 1756 2074 1809 versis
2127 1754 2372 1815 charius.
2416 1754 2602 1807 electa:
2654 1752 2827 1821 plebis
2874 1761 3001 1813 tuae,
3053 1751 3291 1805 nationis
3325 1750 3471 1804 illius

1904 1854 2125 1911 Sancta},
2154 1844 2444 1914 perliciens
2474 1843 2728 1899 salutem.
2773 1840 2881 1895 Pro
2922 1841 3007 1895 his
3043 1849 3144 1903 sta,
3184 1854 3247 1894 ac
3281 1841 3472 1909 depre-

214 1928 358 1998 πρὸς
382 1930 575 1997 πεῖραν
621 1930 915 1993 κακώσεως
943 1931 1171 2002 ήκωσιν.
1225 1931 1406 2001 Ἔχεις
1435 1926 1514 1994 οἷς
1545 1933 1788 1999 δυσωπή-

1829 1943 1865 1995 B
1895 1951 2041 1996 care.
2094 1950 2196 1990 nec
2234 1936 2362 2003 quia
2400 1949 2529 1990 reus
2552 1948 2652 2004 ego
2686 1948 2750 1987 ac
2783 1932 2999 1987 debitor
3035 1933 3161 1988 sim.
3188 1931 3469 1984 calamita-

214 2036 356 2083 σεις.
397 2020 581 2090 Ἔχεις
609 2014 692 2083 οἷς
719 2020 947 2083 πείσεις,
979 2021 1077 2084 τὰς
1108 2022 1295 2092 χεῖρας
1336 2018 1425 2086 αἷς
1453 2022 1756 2085 ἐϐάστασας
1777 2040 1790 2053 ·

210 2110 341 2173 τοὺς
384 2110 623 2179 μαστοὺς
641 2106 724 2172 οἷς
747 2110 1039 2179 ἐθήλασας.
1067 2110 1147 2165 Τὰ
1173 2110 1283 2164 τῶν
1308 2113 1636 2182 σπαργάνων
1667 2113 1794 2165 ἀνά-

212 2217 453 2269 μνησον,
499 2202 599 2269 τῆς
649 2202 814 2270 ἄλλης
844 2204 909 2256 ὲκ
938 2202 1173 2273 βρέφους
1223 2204 1538 2274 ἀναγωγῆς,
1574 2205 1665 2258 τὸν
1707 2205 1795 2258 ἵνα

206 2292 341 2345 λαὸν
374 2294 453 2354 εἰς
502 2293 661 2358 δόξαν
713 2292 890 2363 ἑαυτῷ
946 2295 1374 2366 περιποιήσηται
1428 2294 1791 2363 ηπιάσαντα.

205 2382 340 2443 Τοῖς
390 2386 501 2446 σοῖς
557 2382 625 2435 τὰ
669 2383 878 2437 ικεὶνου
937 2382 1239 2454 σύμμιξον,
1291 2384 1383 2437 τὸν
1438 2384 1794 2454 σταυρὸν,τὸ

206 2468 352 2541 αἷμα
372 2514 389 2539 ,
438 2475 507 2527 τὰ
539 2474 852 2545 τραύματα,
882 2476 951 2529 δι’
985 2468 1059 2529 ὧν
1103 2474 1427 2546 summa
1450 2491 1467 2507 ο
1498 2478 1590 2529 καὶ
1634 2476 1791 2540 δοξα-

212 2564 368 2633 σθεξη
392 2581 454 2631 γε
481 2568 509 2618 ὁ
543 2566 851 2635 περιούσιος
870 2566 1022 2630 λαὸς,
1051 2567 1147 2620 καὶ
1187 2566 1283 2622 νῦν
1313 2568 1415 2636 τῆς
1454 2566 1587 2637 παρ’
1625 2564 1789 2619 αὑτοῦ

204 2654 500 2708 ἀπολαύων
532 2657 883 2726 κηδεμονίας,
908 2652 952 2724 ᾧ
973 2661 1006 2727 ἡ
1037 2657 1162 2721 δόξα
1202 2660 1298 2711 καὶ
1323 2658 1384 2710 τὸ
1413 2659 1633 2727 κράτος,
1695 2657 1789 2709 νῦν

205 2742 305 2798 καὶ
326 2744 435 2809 ἀεὶ,
464 2744 560 2797 καὶ
587 2744 668 2807 εἰς
692 2745 820 2807 τοὺς
844 2744 1049 2807 αἰῶνας
1078 2744 1185 2798 τῶν
1214 2743 1448 2799 αἰώνων.
1486 2745 1676 2815 Ἀμήν.

1891 2026 1962 2081 tis
1992 2026 2066 2079 illi
2107 2026 2408 2094 periculum
2466 2024 2719 2079 fecerint.
2773 2023 2952 2077 Habes
3014 2022 3212 2090 quibus
3254 2035 3469 2085 exores,

1894 2116 2061 2170 habes
2082 2115 2284 2185 quibus
2322 2113 2556 2169 suadeas
2588 2120 2753 2182 atque
2786 2112 3049 2181 impetres
3087 2129 3099 2163 :
3129 2126 3320 2179 nempe
3354 2125 3471 2163 ma.

1896 2220 2002 2259 nus
2038 2206 2267 2272 quibus
2323 2205 2577 2275 portasti,
2628 2204 2794 2259 ubera
2840 2204 3041 2272 quibus
3122 2202 3355 2256 lactasti.
3412 2199 3469 2255 In

1892 2298 2213 2350 memoriam
2256 2310 2466 2365 pannos
2506 2310 2739 2359 revoca;
2783 2293 3013 2349 infantis
3052 2294 3214 2347 aliam
3271 2293 3469 2347 educa-

1892 2388 2094 2439 tionem
2147 2388 2219 2448 ei,
2274 2388 2364 2457 qui
2422 2396 2479 2440 ut
2527 2386 2786 2456 populum
2848 2385 2950 2440 sibi
3019 2390 3362 2453 compararet
3414 2382 3466 2434 in

1900 2477 2157 2547 gloriam,
2188 2478 2365 2532 factus
2389 2490 2473 2533 est
2508 2478 2710 2533 infans.
2734 2475 2870 2532 Tuis
2898 2476 3012 2544 ipsa
3031 2475 3326 2530 commisce
3347 2488 3469 2542 qua;

1887 2568 2032 2622 illius
2069 2576 2218 2631 sunt,
2270 2583 2489 2621 crucem
2531 2568 2762 2629 scilicet,
2793 2565 3118 2632 sanguinem
3152 2602 3167 2623 ,
3209 2563 3464 2623 vulnera,

1887 2672 1981 2724 per
2006 2673 2127 2726 quae
2173 2658 2404 2712 salutem
2439 2658 2618 2726 adepti
2646 2670 2838 2712 sumus
2868 2673 2880 2708 :
2914 2654 3465 2725 magniﬁeabiturque

1894 2750 2190 2817 peculiaris
2221 2749 2475 2819 populus,
2514 2765 2658 2803 nunc
2686 2762 2903 2818 quoque
2927 2748 3049 2817 ejus
3080 2761 3212 2801 cura
3251 2744 3462 2798 fruens.

1892 2838 1996 2909 Ipsi
2042 2839 2213 2907 gloria
2244 2852 2306 2892 ac
2344 2846 2610 2907 potestas,
2643 2853 2787 2891 nunc
2815 2845 2869 2890 ct
2901 2850 3136 2904 semper,
3178 2842 3232 2889 et
3270 2834 3322 2888 in
3363 2846 3464 2885 sae-

1887 2931 2009 2983 cuia
2045 2931 2389 2984 surculorum.
2450 2934 2640 2982 Amen.

1654 3084 1912 3141 ORATIO
1955 3086 2041 3140 V’.

271 3202 332 3254 Ia
362 3199 564 3256 Christi
612 3200 962 3269 nativitatem,
1001 3220 1092 3259 seu
1117 3204 1172 3259 iu
1205 3206 1367 3275 ipsius
1396 3204 1596 3261 Christi
1652 3202 1801 3276 Regis
1825 3206 2009 3273 gloria:
2031 3222 2057 3257 e
2086 3206 2244 3260 Porta
2272 3208 2550 3276 obsignata
2591 3224 2876 3275 egressum,
2920 3223 3186 3260 servorum
3211 3208 3378 3262 oculis

1331 3277 1387 3328 in
1417 3278 1593 3343 [arma
1623 3274 1760 3329 servi
1792 3290 1900 3329 sese
1931 3279 2198 3343 o/Iereniis
2239 3278 2338 3344 (7).

1298 3416 1567 3474 (Musca
1629 3416 1817 3472 Leonis
1867 3417 2116 3484 Mariale,
2181 3434 2232 3488 p.
2297 3419 2411 3471 33.)

274 3552 375 3609 Dei
406 3552 743 3608 nativitatem
774 3553 826 3607 in
859 3568 1023 3608 carne
1046 3555 1407 3617 celebramus,
1436 3556 1617 3612 omnis
1644 3570 1776 3611 con-
1804 3560 1846 3618 c
1881 3555 2283 3612 similitudinis.
2322 3555 2534 3623 Venite,
2561 3555 2895 3612 exsultemus
2912 3553 3163 3616 Donnino,
3195 3555 3287 3624 qui
3321 3568 3462 3609 sem

200 3644 447 3699 celebret
477 3644 722 3713 spiritus.
768 3643 811 3697 E
850 3644 1064 3715 virgine
1095 3645 1450 3715 prodeuntem
1491 3647 1660 3703 Matre
1683 3648 1783 3702 ho-

203 3748 472 3787 noramus
496 3748 644 3799 eum,
672 3733 765 3801 qui
792 3748 855 3789 ex
897 3734 1060 3789 Patre
1081 3744 1245 3793 natus
1284 3745 1368 3791 est
1414 3744 1539 3791 ante
1569 3736 1786 3792 Lucife-

202 3841 324 3877 rum
355 3840 370 3887 ;
404 3825 603 3878 ctelum
649 3832 706 3879 et
748 3832 893 3879 terra
935 3824 1001 3879 ad
1042 3825 1145 3881 hoc
1178 3841 1237 3882 se
1268 3830 1601 3885 consocient.
1639 3831 1785 3885 Can-

201 3925 386 3972 temus
415 3931 524 3971 una
560 3931 694 3971 voce
724 3917 1025 3973 clamantes
1064 3934 1078 3971 :
1111 3917 1295 3972 Gloria
1320 3922 1371 3972 in
1406 3920 1624 3975 excelsis
1655 3921 1783 3985 Deo,

200 4018 247 4060 et
277 4010 335 4060 in
370 4018 511 4063 terra
542 4024 668 4077 pax,
698 4009 957 4077 quoniam
1001 4010 1316 4065 Altissimus
1365 4013 1485 4068 imis
1531 4014 1583 4066 in
1631 4020 1784 4065 tene-

203 4099 320 4152 hris
358 4099 631 4167 iacentem
685 4098 955 4163 visitans,
1006 4113 1035 4150 a
1090 4100 1175 4153 sui
1227 4101 1457 4156 orientis
1497 4103 1785 4156 altitudine

201 4203 382 4256 usque
412 4188 479 4241 ad
513 4188 663 4243 illum
694 4188 999 4253 descendit,
1032 4190 1290 4256 quoniam
1328 4192 1568 4261 seipsnm
1621 4193 1781 4246 incli-

201 4280 373 4342 navit,
410 4285 472 4332 ut
501 4278 795 4347 depressos
833 4280 1049 4350 erigens
1075 4318 1090 4343 ,
1128 4280 1180 4333 in
1217 4295 1372 4335 suam
1419 4284 1673 4338 evelleret
1708 4285 1785 4337 al-

197 4371 516 4424 titndinem.
550 4368 596 4424 0
622 4374 968 4439 stupendam,
991 4379 1045 4425 et
1072 4386 1135 4426 ex
1165 4372 1314 4426 omni
1343 4374 1642 4427 aiternitate
1668 4390 1780 4427 rem

199 4462 437 4515 novam!
476 4461 579 4527 Qui
611 4462 811 4517 merula
850 4463 1113 4522 condidit,
1147 4464 1199 4516 in
1229 4478 1295 4517 eo
1337 4466 1483 4532 quod
1529 4464 1785 4518 conditur

199 4565 329 4605 esse
374 4550 589 4620 incipit.
619 4551 895 4621 Antiquos
944 4552 1155 4606 dierum
1193 4567 1460 4621 nuperum
1507 4569 1567 4608 se
1599 4562 1779 4608 osten-

199 4643 308 4697 dit.
347 4640 580 4696 Creator
606 4643 661 4696 in
692 4643 921 4697 materia
954 4652 1223 4698 creatura:
1260 4643 1548 4699 formatur.
1575 4644 1783 4699 Incom-

203 4731 489 4787 mutabilis
521 4731 691 4802 ﬁgura
718 4732 896 4787 Patris
926 4733 992 4785 ad
1017 4734 1307 4802 imaginem
1332 4734 1384 4788 in
1426 4735 1569 4788 mala
1602 4738 1783 4805 prola-

202 4838 360 4893 psam
394 4836 517 4879 sese
551 4822 813 4888 demittit,
849 4833 903 4877 ut
938 4825 1026 4877 illa
1064 4840 1255 4879 rursus
1287 4827 1512 4895 ligurum
1544 4839 1782 4880 resumat

1888 3648 2118 3704 formam
2171 3650 2489 3718 assumpsit.
2541 3657 2601 3701 ut
2661 3646 2970 3716 iacentibus
3020 3646 3073 3698 in
3130 3661 3366 3701 maerore
3410 3655 3463 3700 et

1881 3737 2149 3807 angustiis
2167 3738 2380 3791 alfcrret
2407 3736 2671 3791 laetitiam.
2694 3735 2914 3799 Adeste,
2934 3742 3205 3805 quotquot
3234 3737 3461 3800 caelum,

1887 3836 2155 3896 quotquot
2189 3836 2387 3879 terram
2416 3824 2675 3885 incolitis.
2701 3824 2978 3878 communi
3001 3824 3200 3892 gaudio
3216 3825 3463 3893 perfrua-

1891 3935 2032 3973 mur.
2062 3918 2365 3972 Jubilemus
2394 3916 2703 3971 advenienti
2730 3914 3023 3979 Salvatori,
3045 3917 3137 3985 qui
3170 3916 3459 3969 miserrimi

1890 4019 2181 4081 pereuntes
2226 4010 2511 4062 Salvatore
2558 4006 2959 4075 indigebamus.
2990 4002 3109 4059 iam
3140 4006 3286 4059 enim
3315 4006 3462 4061 illius

1892 4105 2148 4157 misertus
2168 4109 2255 4156 est
2286 4100 2446 4163 Deus,
2472 4114 2631 4168 quem
2664 4099 2819 4153 initio
2844 4113 2942 4167 pro
2971 4112 3067 4153 sua
3093 4098 3336 4153 bonitate
3359 4102 3461 4153 im-

1890 4192 2160 4246 maculato
2190 4191 2362 4261 digito
2406 4188 2680 4243 formavit.
2725 4186 2885 4243 Venit
2939 4190 3034 4242 diu
3086 4189 3398 4243 exter-ribus
3431 4205 3462 4243 e

1884 4282 2061 4350 patria
2096 4280 2330 4334 reditum
2371 4278 2690 4349 largiturus,
2715 4278 2979 4347 absorpto
3006 4281 3459 4349 transgressionis

1887 4372 2114 4426 crimine
2171 4371 2226 4424 in
2285 4371 2585 4439 gratiarum
2635 4368 3018 4438 amplitudine.
3062 4367 3178 4423 Non
3228 4371 3461 4438 amplius

1883 4461 2015 4531 ligni
2050 4474 2176 4515 reus
2195 4474 2339 4525 sum,
2375 4460 2468 4529 qui
2501 4474 2647 4523 reus,
2673 4460 2822 4512 malo
2845 4458 2935 4512 illo
2977 4458 3287 4527 degustato,
3309 4460 3460 4528 prius

1879 4568 2051 4608 eram.
2088 4551 2306 4606 Liberat
2344 4553 2489 4606 enim
2547 4567 2646 4606 nos
2696 4559 2845 4604 reatu
2886 4552 3134 4616 Greater,
3182 4552 3458 4620 particeps

1887 4644 2182 4699 ereationis
2213 4658 2343 4697 mea:
2392 4642 2613 4706 factus;
2656 4658 2754 4699 nec
2797 4644 2978 4698 infelix
3027 4658 3149 4699 esse
3195 4658 3361 4713 cogor
3388 4644 3460 4697 ob

1888 4735 2145 4787 damnum
2173 4748 2265 4801 per
2290 4734 2568 4786 mulierem
2600 4734 2821 4787 factum.

1962 4825 2156 4879 Mulier
2208 4825 2376 4887 enim,
2424 4824 2561 4878 lucri
2599 4825 2752 4893 origo
2795 4824 2896 4894 (8),
2925 4823 3091 4877 vitam
3116 4823 3249 4878 mihi
3274 4831 3455 4878 trans-

1476 4934 1709 4989 VARIA‘I
1762 4935 2149 4990 LEtL'I'IONES.

274 5031 300 5071 8
333 5025 461 5099 Leg.
496 5028 530 5097 ἡ
566 5027 710 5096 ὑμῖν.

1708 5118 1938 5174 NOTAE.

270 5213 335 5281 (')
367 5208 555 5265 Graece
583 5224 689 5281 non
717 5218 896 5265 exstat
924 5210 1211 5281 impressa.

287 5277 365 5349 ιτ)
386 5281 607 5347 Regiam
644 5280 780 5333 hanc
811 5281 877 5341 de
892 5277 1049 5349 partu
1072 5279 1129 5331 B.
1170 5277 1428 5349 Virginis,
1461 5292 1555 5333 seu
1579 5280 1647 5333 de
1679 5298 1773 5337 na-

200 5348 417 5406 tivitate
444 5349 655 5402 Domini
685 5364 750 5417 ex
793 5348 948 5403 beata
986 5348 1205 5417 Virgine
1234 5348 1538 5401 orationem
1574 5349 1773 5417 (quam

204 5424 259 5475 in
296 5419 629 5474 Bibliotheca
660 5416 921 5481 Mariana,
952 5416 1221 5472 dum’alia
1255 5418 1322 5471 de
1353 5417 1519 5470 Maria
1552 5416 1775 5488 Deipara

203 5489 408 5545 Leonis
457 5503 621 5556 opera
670 5502 1045 5550 recenserem,
1087 5501 1154 5542 ex
1198 5488 1408 5556 incuria
1455 5502 1779 5544 enumerare

200 5561 406 5616 oblitus
436 5555 603 5625 suin),
634 5556 833 5610 habent
856 5557 1045 5611 Graece
1060 5570 1162 5611 IIIS.
1194 5556 1296 5610 sub
1329 5555 1526 5609 Leonis
1548 5557 1780 5625 impera-

200 5631 341 5683 toris
370 5629 587 5681 nomine
616 5627 835 5680 codices
858 5624 1129 5689 Vaticani,
1161 5634 1213 5679 et
1232 5624 1780 5687 Messanenses.’nec-

201 5713 311 5753 non
355 5696 710 5763 perantiquus
749 5696 918 5749 codex
949 5696 1134 5749 Grates
1184 5709 1285 5748 ms.
1319 5698 1452 5763 clar.
1490 5696 1590 5763 viri
1640 5694 1776 5749 Leo-

201 5768 289 5819 nis
338 5762 561 5818 Allatii:
608 5766 781 5831 Atque
822 5780 886 5817 ex
931 5764 1385 5829 interpretatione
1421 5762 1505 5817 Jo.
1544 5762 1776 5820 Mattlnei

202 5834 518 5904 Caryophili
564 5831 860 5891 lconiensis
878 5834 1116 5904 episcopi
1139 5849 1280 5889 nunc
1310 5834 1480 5901 primo
1506 5838 1771 5903 apparuit.

1802 5219 1853 5278 D
1950 5212 2025 5278 (8)
2054 5212 2245 5283 Mulier
2264 5212 2402 5263 enim
2422 5210 2558 5283 lucri
2585 5212 2750 5280 origo.
2782 5211 2843 5265 Et
2871 5225 2993 5265 vere
3023 5210 3079 5264 Β.
3105 5212 3265 5283 Virgo
3316 5215 3450 5269 lucri

1883 5283 2033 5350 origo
2070 5282 2439 5352 appellatur-Aa
2468 5281 2685 5349 {LL-one,
2729 5296 2851 5333 cum
2904 5283 3080 5352 longe
3105 5281 3307 5350 ntajbra
3360 5299 3454 5352 per

1885 5352 2031 5405 illam
2064 5351 2224 5403 nobis
2259 5350 2460 5403 fuerint
2490 5352 2707 5409 collata,
2740 5365 2901 5417 quam
2930 5366 3021 5415 per
3048 5350 3208 5404 Evam
3245 5350 3446 5405 ablata.

1887 5421 2195 5489 Appellatur
2226 5421 2407 5489 etiam
2439 5417 2712 5489 _B.__Virgo
2742 5436 2767 5489 a
2800 5420 2838 5469 Β
2900 5417 3058 5471 Petro
3101 5419 3341 5473 [laniiani
3396 5422 3450 5476 in

1890 5486 2083 5544 lloinil.
2126 5488 2192 5541 de
2224 5486 2401 5541 Nativ.
2435 5487 2491 5539 Β.
2528 5486 2672 5557 Virg.
2720 5488 2883 5555 Origo
2915 5490 3180 5555 principii,
3206 5495 3330 5556 quia
3362 5491 3452 5544 ille

1885 5576 1950 5612 ea:
1977 5574 2038 5612 ea
2068 5558 2261 5624 prodiit
2297 5574 2388 5624 per
2424 5560 2703 5609 niateriam
2736 5559 2936 5620 carnis,
2966 5559 3054 5623 qui
3082 5571 3236 5624 caput
3268 5570 3369 5622 est,
3401 5571 3450 5613 et

1884 5632 2097 5681 initium
2145 5628 2373 5679 omnium
2416 5643 2588 5678 rerum
2626 5643 2714 5691 per
2756 5628 3039 5681 essentiam
3092 5629 3304 5680 deitatis
3338 5637 3448 5691 ,‘ah

1885 5700 2002 5750 Alh.
2022 5698 2217 5765 Magno
2241 5696 2405 5765 Super
2433 5695 2622 5765 Missus
2654 5698 2977 5763 estuugelus,
3000 5711 3121 5764 cap.
3146 5696 3449 5764 i86.0riyo,

1886 5763 2139 5823 Omnium,
2180 5766 2300 5830 quin
2338 5763 2515 5817 Mater
2566 5764 2680 5825 Dei,
2713 5768 2798 5830 qui
2846 5776 2922 5818 est
2974 5763 3120 5833 origo
3169 5763 3397 5818 omnium
3432 5784 3447 5816 .-

1884 5854 1996 5890 cnm
2026 5837 2272 5901 quidquid
2315 5849 2401 5891 Per
2445 5852 2491 5888 se
2526 5848 2599 5887 cst
2641 5836 2784 5902 origo
2825 5852 3019 5898 causw,
3054 5836 3119 5888 si!
3157 5849 3313 5889 cliuo:
3358 5853 3446 5901 per
