4224 6444
785 425 854 486 53
2025 425 2300 485 LEONIS
2344 425 2438 484 ΡΠ
2453 425 2470 482 l
2485 426 2798 486 LOSOI’lIl
3984 423 4051 484 44

781 531 907 593 tulit
941 531 996 588 in
1029 531 1360 587 felicitatem.
1411 529 1603 588 Mulier
1638 538 1847 591 sancta,
1892 538 1947 583 et
1986 546 2144 600 pura,
2195 529 2364 600 virgi-
2397 534 2439 590 Α
2473 529 2574 582 fert
2610 531 2845 597 Virginis
2898 540 3106 591 uterus,
3145 529 3524 598 formaturquc
3573 533 3641 583 dc
3688 529 4059 598 sanguinibus

779 623 900 683 tieis
919 638 949 678 e
980 619 1337 692 sanguinibus
1363 618 1560 676 Filium
1586 635 1904 691 procreatis,
1925 636 2152 692 egenum
2189 623 2358 672 Adam

781 713 1104 775 sublevavit,
1134 712 1536 782 opulentissimi
1566 711 1698 766 Adae
1737 728 1803 767 ex
1847 729 1912 768 ea
1949 712 2085 777 nati,
2116 727 2238 781 qua:
2263 727 2360 764 cx-

784 807 953 863 terius
981 805 1200 860 videtur
1232 805 1439 873 inopia,
1471 805 1616 875 quod
1641 806 1748 860 vile
1771 814 1852 861 est
1877 805 1981 860 sibi
2015 805 2276 866 unicntis,
2308 811 2363 855 et

781 893 898 946 suis
919 893 1118 960 Opibus
1164 900 1534 962 paupertatem
1589 895 1871 962 erigentis.
1915 893 2048 948 Nam
2088 893 2215 962 quia
2253 893 2362 949 Deo

785 982 989 1050 placuit
1013 991 1194 1037 notam
1241 985 1421 1038 facere
1455 985 1886 1040 misericordiam
1937 999 2119 1048 suam,
2157 985 2364 1038 bonita-

783 1081 890 1126 tem
923 1072 1064 1125 hanc
1094 1071 1282 1126 effudit
1302 1073 1537 1138 abunde,
1570 1082 1628 1128 ut
1653 1091 1710 1130 se
1735 1075 2045 1129 ostenderet
2068 1089 2175 1127 non
2203 1079 2368 1130 modo

783 1162 1048 1214 malorum
1075 1171 1387 1216 nostrorum
1415 1179 1580 1219 sensu
1611 1166 1835 1227 moveri,
1861 1164 1954 1219 sed
1975 1165 2138 1218 etiam
2167 1166 2222 1218 in
2258 1167 2355 1218 ha-

786 1250 903 1304 bitu
937 1253 1249 1320 peccatoris
1287 1253 1610 1317 demissum,
1649 1269 1760 1324 quo
1795 1256 1912 1310 suis
1945 1256 2240 1311 virtutibus
2283 1273 2367 1310 re-

787 1340 1025 1395 medium
1054 1344 1230 1400 errori
1277 1344 1519 1408 afferret,
1572 1353 1626 1398 ct
1661 1346 1972 1401 innocentia
2023 1361 2122 1402 sua
2153 1356 2364 1401 reatum

783 1433 957 1500 culpa:
1002 1433 1232 1488 deleret.
1273 1435 1503 1504 Propter
1543 1439 1644 1490 hoc
1691 1438 1849 1491 vulva
1889 1439 2032 1506 capit
2073 1452 2220 1502 eum,
2273 1439 2363 1507 qui

785 1521 934 1576 nulla
987 1538 1048 1578 re
1084 1524 1323 1594 capitur,
1355 1536 1409 1580 et
1462 1528 1661 1595 pannis
1707 1528 2023 1592 involvitur,
2076 1530 2168 1598 qui
2218 1541 2364 1583 tactu

780 1613 920 1667 iiber
947 1623 1054 1678 est.
1083 1623 1137 1669 et
1165 1615 1307 1671 labe.
1340 1617 1588 1685 Deusque
1626 1631 1752 1671 cum
1805 1629 2027 1674 errante
2075 1628 2130 1673 et
2177 1622 2366 1674 exsule

783 1701 1125 1759 familiariter
1169 1716 1440 1768 versatur,
1488 1715 1546 1761 ut
1587 1709 1814 1763 reducat
1859 1712 1925 1762 ad
1978 1724 2100 1773 sua,
2145 1726 2367 1766 causam

781 1795 884 1849 rite
912 1805 964 1850 et
997 1799 1212 1867 egregie
1241 1800 1602 1862 transferens,
1639 1817 1759 1870 quze
1811 1818 1895 1857 me
1923 1804 2160 1872 propriis
2210 1804 2357 1859 sedi-

783 1889 887 1942 bus
918 1890 1098 1957 ejccit.
1128 1890 1284 1945 Nevte
1310 1891 1488 1960 jactes
1528 1893 1594 1946 de
1625 1894 1835 1958 fraude,
1861 1895 1954 1963 qui
1992 1909 2088 1963 per
2114 1909 2234 1949 eam
2269 1909 2366 1964 ge-

781 1996 886 2035 nus
919 1981 1216 2035 humanum
1261 1983 1565 2050 subjecisti,
1609 1984 2025 2054 subjectnmque
2069 1986 2222 2039 illum
2265 1986 2360 2041 tibi

780 2070 1086 2134 reddidisti,
1117 2073 1209 2142 qui
1237 2072 1303 2128 ad
1340 2076 1677 2145 regnandum
1702 2085 1922 2133 creatus
1963 2085 2103 2132 erat.
2145 2075 2348 2132 Nobis-

776 2175 899 2216 cum
949 2163 1088 2218 Deus
1136 2183 1148 2218 :
1198 2183 1321 2218 cum
1366 2182 1549 2222 rerum
1606 2170 1791 2238 egenis
1837 2169 2150 2229 auxiliator.
2228 2187 2351 2225 cum

779 2255 1168 2320 impotentibus
1219 2256 1408 2320 fortis,
1461 2275 1586 2312 cum
1638 2260 1876 2313 redactis
1926 2263 1978 2312 in
2041 2263 2357 2315 servitutem

779 2343 1057 2408 liberator,
1093 2361 1188 2408 per
1212 2363 1371 2413 quem
1404 2351 1568 2402 etiam
1605 2351 1696 2403 fiet
1743 2361 1800 2403 ut
1847 2351 2089 2406 nefarius
2136 2363 2362 2406 vexatur

780 2437 895 2486 loco
928 2436 1220 2490 multarum
1249 2451 1439 2492 contra
1473 2454 1575 2494 nos
1615 2441 1812 2494 virium
1845 2457 1958 2497 sua:
1984 2457 2202 2512 quoque
2261 2458 2359 2512 po-

779 2525 961 2579 tentite
994 2525 1159 2580 faciat
1183 2528 1483 2594 jacturam,
1520 2529 1650 2584 dum
1687 2531 1723 2584 ii
1753 2547 1892 2599 quos
1943 2534 2060 2602 ipse
2107 2548 2168 2587 se
2204 2548 2358 2587 com-

779 2618 1178 2683 prcliensuium
1231 2630 1450 2688 potente
1500 2638 1660 2675 manu
1706 2623 1866 2691 quasi
1917 2622 2129 2685 nidum,
2163 2639 2356 2692 super-

777 2708 998 2763 hissime
1020 2710 1339 2777 jactaverat,
1371 2711 1647 2768 Creatoris
1683 2729 1844 2766 manu
1888 2714 2192 2769 liberantur
2217 2756 2232 2780 ,
2264 2717 2358 2786 qui

777 2814 923 2852 nunc
958 2801 1141 2856 infans
1179 2805 1353 2865 visus,
1387 2812 1440 2856 et
1491 2819 1668 2872 pravae
1701 2805 1908 2874 aspidis
1942 2806 2206 2859 foramina
2235 2821 2362 2874 per--

774 2898 1050 2944 scrutatus
1072 2901 1177 2955 est,
1205 2893 1658 2963 mortiferumque
1696 2902 1936 2952 eiiecavit
1978 2899 2166 2959 fetum.
2197 2910 2252 2955 et
2278 2902 2360 2954 vi-

779 2991 886 3031 tam
924 2980 1181 3034 universo
1225 2985 1654 3040 altulitnmndo.
1691 2986 1933 3053 Scitote,
1981 3004 2142 3042 omne
2187 3005 2360 3057 genus

779 3070 1082 3133 hominum,
1118 3074 1282 3126 Deum
1323 3077 1596 3129 hominem
1630 3078 1860 3142 factum,
1891 3089 1949 3132 ut
1980 3081 2082 3133 sihi
2117 3095 2212 3134 eos
2246 3082 2359 3132 alli-

2470 621 2590 689 rjus
2619 619 2830 689 Opil'cx.
2855 619 3202 690 Quanquam,
3233 630 3284 674 et
3318 621 3438 674 alite
3460 636 3582 674 sese
3611 619 3835 675 offerent
3853 634 4058 684 causa’,

2476 711 2676 779 quibus
2708 709 2783 763 rei
2808 709 2972 777 hujus
2998 708 3369 762 consideratio
3405 725 3510 762 non
3541 707 3914 776 perfunctorie
3943 707 4057 758 fiet.

2472 804 2627 858 Nunc
2653 817 2782 856 vero
2809 801 3144 870 cognoscite,
3184 800 3294 852 imo
3330 813 3459 852 vero
3489 812 3888 867 cognoscamus
3921 795 4061 849 Ver.

2471 897 2598 953 bum
2632 895 2684 948 in
2718 893 2944 965 praisepi
2993 893 3310 946 animalium
3343 889 3554 960 jacens,
3595 891 3710 960 qui,
3741 904 3931 943 errore
3963 888 4061 941 ah-

2472 987 2712 1040 ducente
2752 985 2819 1038 de
2868 983 3098 1037 rationis
3138 991 3306 1047 statu,
3345 996 3376 1034 a
3413 979 3503 1034 Dei
3541 980 3859 1051 cognitione
3899 980 4062 1048 longe

2475 1076 2790 1130 aberamus.
2823 1074 2996 1128 Abeat
3039 1089 3214 1138 error,
3255 1073 3346 1142 qui
3399 1073 3667 1126 hactenus
3713 1072 3990 1124 hominem
4030 1085 4059 1122 a

2475 1179 2576 1219 suo
2601 1165 2900 1221 Conditore
2949 1163 3213 1233 sejunxit,
3250 1172 3304 1217 et
3354 1163 3614 1218 honorem
3658 1160 3940 1216 Creatoris
3999 1169 4061 1212 ut

2473 1253 2693 1309 offerret
2723 1262 2987 1308 creatura:
3021 1253 3218 1309 suasit.
3237 1253 3337 1318 Qui
3366 1254 3434 1305 ab
3471 1269 3578 1306 uno
3612 1267 3742 1307 vero
3765 1251 3875 1305 Deo
3907 1266 4062 1305 crea-

2478 1353 2656 1398 turam
2691 1345 3040 1409 abstraliens,
3077 1343 3253 1397 turbis
3282 1343 3509 1396 deorum
3561 1342 4059 1412 subjiciebat,cuin

2476 1449 2582 1492 non
2601 1435 2762 1489 modo
2791 1435 2908 1489 aliae
2927 1444 3196 1490 creatura:
3220 1437 3272 1490 iit
3298 1434 3539 1489 divinam
3567 1433 3887 1502 dignitatem
3920 1433 4061 1485 male

2479 1526 2547 1578 ab
2579 1525 2892 1580 hominibus
2923 1527 3308 1589 evelicrentur,
3340 1525 3434 1580 sed
3471 1525 3545 1579 illi
3582 1523 3684 1580 sibi
3723 1524 3890 1579 etiam
3916 1523 4060 1578 divi—

2480 1618 2706 1670 nitatem
2747 1617 3074 1679 tribuerent,
3108 1625 3162 1671 et
3199 1617 3425 1686 proinde
3462 1625 3751 1670 sexcentos
3777 1615 4063 1683 confinge-

2481 1715 2602 1760 rent
2651 1705 2826 1768 deos,
2877 1717 2929 1759 ct
2985 1723 3122 1776 quos
3179 1706 3373 1760 liberet
3419 1706 3702 1761 divinitate
3767 1706 4060 1760 donarent.

2476 1795 2640 1862 Quasi
2674 1803 2948 1865 oporteret
2983 1809 3088 1848 non
3141 1794 3300 1848 modo
3333 1809 3433 1849 nos
3461 1809 3489 1847 a
3523 1793 3634 1848 Deo
3664 1794 3854 1863 procul
3885 1807 4011 1847 esse
4043 1835 4054 1857 ,

2478 1905 2664 1944 verum
2724 1891 2888 1944 etiam
2954 1889 3239 1959 tyrannice
3303 1886 3472 1944 Deum
3521 1889 3846 1959 opprimere.
3913 1886 4061 1943 Proh

2482 1981 2738 2052 nequitia:
2764 1981 3172 2035 institutorem!
3217 1978 3310 2036 llle
3341 1981 3410 2035 ab
3447 1980 3603 2036 initio
3645 1979 3746 2035 hoc
3778 1981 4064 2050 excogita-

2473 2069 2568 2131 vit,
2599 2077 2656 2123 ut
2682 2069 2882 2124 similis
2929 2068 3215 2122 Altissimo
3251 2068 3424 2123 fieret.
3480 2068 3575 2125 Ille
3621 2071 3919 2134 hominem,
3948 2069 4065 2124 ela-

2473 2177 2594 2216 rum
2623 2161 2821 2216 divina:
2847 2161 3085 2216 dexterae
3112 2162 3490 2226 simulacrum,
3509 2177 3619 2217 non
3651 2163 3827 2218 solum
3853 2164 4060 2216 amanti

2468 2253 2748 2312 inimicum
2781 2251 3016 2306 reddidit
3060 2267 3155 2320 per
3210 2253 3700 2322 transgressionem
3748 2252 4008 2321 przecepti
4040 2292 4054 2314 ,

2471 2345 2565 2401 sed
2590 2344 2666 2398 illi
2702 2344 2866 2398 etiam
2913 2343 3254 2398 consntuens
3294 2341 3694 2410 adversarium,
3723 2343 4060 2397 imitatorem

2469 2437 2552 2491 sui
2588 2435 2735 2500 fecit,
2778 2434 3082 2496 suadendo,
3115 2444 3173 2488 ut
3203 2433 3444 2489 divinam
3483 2435 3589 2490 sibi
3617 2435 3937 2506 dignitatem
3968 2449 4061 2487 ar-

2472 2530 2688 2597 riperet.
2727 2526 2790 2580 Et
2821 2528 2908 2581 hic
2939 2527 3156 2596 quidem
3201 2527 3339 2583 deus
3380 2536 3522 2593 erat,
3563 2527 3692 2597 quia
3730 2525 3884 2598 gravi
3923 2541 4060 2580 usus

2475 2634 2660 2681 manu,
2693 2617 3002 2687 tyrannidis
3042 2617 3117 2680 vi,
3162 2617 3286 2671 aliis
3327 2617 3684 2672 excellentior
3717 2617 3915 2672 evasit.
3965 2613 4061 2668 lltc

2471 2725 2597 2764 vero
2647 2716 2805 2771 deus,
2856 2710 3000 2777 quod
3057 2719 3338 2773 cruentus,
3382 2708 3777 2778 hominumque
3817 2706 4062 2762 caedibus

2469 2804 2717 2869 insignis.
2760 2819 2921 2855 manu
2976 2805 3076 2858 silii
3113 2806 3177 2856 ad
3209 2801 3545 2857 fundendum
3594 2805 3916 2870 sanguinein
3959 2819 4057 2871 pa-

2470 2895 2686 2948 ratiore.
2721 2897 2873 2948 Alius
2899 2909 3119 2962 qucque
3163 2893 3322 2956 deus,
3346 2892 3490 2962 quod
3539 2893 3654 2946 acri
3704 2894 3869 2946 fuerit
3902 2893 4059 2962 inge-

2469 2986 2579 3047 nio,
2613 2992 2666 3038 et
2697 2993 2890 3039 auctor
2933 2984 3169 3051 alicujus
3219 2985 3425 3038 inventi
3466 2983 3888 3038 admirationem
3941 2998 4059 3037 nte-

2471 3079 2663 3131 ruerit.
2701 3074 3014 3129 llonoretur
3053 3085 3107 3130 et
3155 3075 3496 3139 muliercula,
3535 3075 3678 3144 quod
3726 3075 3905 3129 crines
3933 3084 4060 3144 apte

777 3177 872 3216 nes
907 3159 1130 3226 faceret,
1161 3164 1251 3232 qui
1287 3163 1357 3218 ab
1405 3165 1525 3233 ejus
1582 3165 1842 3221 affinitate
1883 3169 2243 3232 deciderant;
2299 3182 2350 3223 tu
2383 3169 2428 3230 C
2457 3176 2706 3234 comptos
2732 3176 3116 3237 contorqueat,
3147 3176 3200 3220 et.
3247 3168 3374 3230 alia,
3409 3167 3556 3238 quod
3601 3167 3833 3238 eleganti
3870 3168 4059 3237 specie

778 3257 1014 3308 lnnnana
1047 3273 1202 3312 mens
1233 3259 1297 3312 ad
1345 3261 1486 3314 ntala
1523 3263 1804 3330 proclivis,
1834 3279 2011 3332 neque
2045 3281 2107 3318 eo
2149 3273 2362 3319 tantum

777 3347 920 3398 man
955 3347 1232 3402 laborans.
1269 3351 1361 3402 sed
1410 3365 1512 3405 nec
1557 3350 1724 3405 etiam
1758 3354 2002 3408 sentiens
2037 3355 2100 3407 ad
2133 3357 2271 3410 mala
2305 3372 2366 3411 se

778 3434 924 3498 ferri,
955 3451 1128 3502 neque
1162 3453 1218 3490 se
1245 3439 1519 3491 dominam
1557 3442 1817 3496 motionis
1845 3452 2112 3506 statuens,
2142 3446 2233 3498 sed
2271 3447 2362 3500 lia-

781 3528 951 3579 benas
988 3541 1181 3581 omnes
1222 3543 1442 3581 sursum
1494 3530 1797 3594 trahentes,
1850 3535 2156 3589 excutiens.
2195 3537 2364 3590 veluti

773 3631 916 3671 onus
948 3624 1003 3670 et
1031 3617 1250 3684 pondus
1300 3621 1559 3680 otiosum,
1607 3620 1988 3676 circumducta
2045 3637 2140 3688 per
2187 3625 2364 3679 malo-

777 3719 898 3756 rum
929 3719 1156 3773 campos
1185 3720 1214 3756 a
1247 3720 1433 3769 carne,
1465 3705 1626 3774 cujus
1659 3707 1774 3777 ipsa
1801 3709 1958 3762 debet
1988 3724 2107 3764 ϐεδε
2133 3713 2320 3781 auriga
2346 3731 2357 3778 ;

777 3795 912 3858 haec,
941 3794 1191 3864 inquam,
1230 3811 1384 3852 mens
1416 3797 1617 3853 divina:
1652 3802 1817 3854 menti
1848 3803 2019 3866 unita,
2051 3811 2107 3856 ut
2134 3808 2362 3860 sentiret

777 3887 832 3938 in
885 3887 971 3939 illa
1007 3901 1130 3955 quae
1170 3901 1330 3954 passa
1383 3887 1636 3951 fuerit,et
1683 3906 1778 3959 per
1808 3892 1971 3956 hujus
2000 3907 2208 3960 vocem,
2237 3910 2360 3964 qua!

776 3982 996 4042 propter
1034 3977 1392 4029 reverentiam
1422 3979 1773 4032 exaudiretur
1805 3996 1832 4032 a
1859 3979 2111 4045 Parente,
2125 3992 2180 4036 et
2205 3985 2360 4038 auxi-

776 4065 908 4118 liutn
942 4064 1141 4118 divinae
1169 4065 1430 4120 bonitatis
1469 4069 1832 4136 experiretur.
1870 4071 1933 4124 Et
1961 4089 2092 4127 sane
2135 4075 2356 4142 quidem

774 4152 894 4208 sine
923 4167 1092 4209 carne
1141 4157 1305 4209 etiam
1335 4156 1500 4212 facile
1525 4169 1646 4212 erat
1675 4162 1976 4216 constituto
2010 4163 2063 4217 in
2097 4166 2358 4234 periculis

775 4256 1037 4311 praestare
1083 4246 1369 4299 auxilium.
1418 4247 1557 4312 Quid
1613 4249 1758 4302 enim
1823 4250 1930 4306 Deo
1983 4243 2202 4310 volente
2248 4271 2356 4312 non

773 4332 868 4386 fiat
893 4334 916 4386 ?
942 4335 1079 4399 Quia
1103 4343 1284 4388 tamen
1323 4351 1464 4403 opus
1491 4346 1610 4388 erat
1638 4353 1761 4391 eum
1797 4341 1889 4407 qui
1938 4355 2275 4408 peccaverat.
2305 4356 2358 4400 et

773 4437 837 4478 se
870 4426 1013 4493 quod
1057 4437 1344 4493 peccasset
1381 4441 1702 4494 agnoscere,
1753 4431 2093 4499 vocibusque
2141 4435 2356 4490 miseri.

771 4515 1019 4572 cordiani
1074 4515 1498 4583 implorantibus
1547 4518 1766 4586 expiare
1826 4529 2155 4586 peccatum,
2210 4527 2353 4593 quod

771 4619 930 4660 mens
956 4606 1197 4659 humana
1239 4623 1346 4660 non
1395 4617 1628 4677 poterat,
1656 4618 1714 4663 ut
1743 4626 1864 4679 quae
1895 4613 1946 4665 in
1987 4613 2208 4684 pelagus
2239 4617 2364 4672 vine

770 4697 984 4751 ratione
1031 4699 1272 4753 carentis
1317 4700 1602 4755 submersa
1647 4713 1764 4756 erat
1794 4721 1807 4756 :
1839 4704 2052 4760 idcirco
2091 4715 2200 4759 tota
2242 4710 2360 4778 ipsa

769 4785 952 4842 divina
997 4804 1150 4843 mens
1200 4790 1346 4844 unita
1395 4792 1636 4846 extrahit
1691 4793 1836 4847 illam
1882 4794 1951 4850 de
2002 4796 2244 4853 absurdo
2285 4800 2360 4854 ir-

770 4878 1060 4934 rationalis
1123 4882 1246 4934 vitm
1307 4892 1495 4945 statu,
1556 4883 2055 4956 deprecantemque
2106 4905 2206 4958 pro
2265 4892 2356 4947 illa

772 4983 958 5022 vocem
1017 4973 1298 5038 emittens,
1353 4989 1449 5041 per
1510 4976 1592 5028 sui
1658 4978 2017 5032 reverentiam
2063 4979 2230 5044 facit,
2289 4993 2348 5038 ut

771 5061 1040 5114 malorum
1079 5065 1239 5118 nobis
1261 5065 1432 5120 series
1485 5067 1540 5120 in
1586 5082 1752 5136 opera
1789 5069 2178 5125 misericordiae
2204 5075 2349 5130 desi-

771 5159 885 5206 nat.
919 5152 1128 5208 Idcirco
1169 5155 1480 5214 Divinitatis
1513 5161 1683 5228 (reor)
1733 5160 1913 5233 ignem
1950 5163 2353 5225 intolerandum

2457 3260 2691 3314 lascivos
2737 3258 3021 3329 deceperit
3069 3268 3117 3313 et
3169 3261 3455 3314 attraxerit
3516 3270 3811 3323 amatores.
3853 3267 3907 3314 et
3956 3275 4059 3328 pro

2459 3349 2707 3404 mercede
2726 3351 3023 3404 meretricii
3065 3351 3414 3418 lascivizeque
3437 3353 3508 3405 ab
3553 3351 3618 3404 iis
3651 3352 3924 3420 acceperit
3952 3368 4053 3405 nu-

2457 3442 2657 3497 merari
2689 3442 2830 3497 inter
2858 3440 3016 3497 deos.
3049 3443 3203 3495 Alius
3251 3444 3355 3496 alia
3390 3445 3604 3497 ratione
3632 3446 3685 3497 in
3713 3447 3942 3498 deorum
3975 3445 4057 3498 ai;

2461 3533 2592 3588 bum
2645 3534 2959 3588 ascrihitur.
3017 3535 3090 3588 lta
3146 3535 3417 3591 Saturnus
3466 3537 3751 3606 tyrannica
3798 3554 3960 3591 manu
3999 3539 4056 3591 in

2459 3633 2669 3694 patrem
2705 3625 3018 3696 insurgens,
3057 3642 3162 3680 non
3201 3628 3362 3682 modo
3395 3627 3624 3682 nudavit
3669 3631 3922 3698 imperio,
3955 3630 4054 3683 sed

2462 3716 2807 3772 naturalibus
2838 3731 3055 3788 quoque
3089 3719 3327 3780 orbavit,
3363 3733 3425 3772 ea
3449 3719 3775 3787 praecidens,
3800 3733 3895 3788 per
3932 3736 4058 3788 qur;

2457 3807 2514 3860 in
2544 3806 2721 3860 lucem
2754 3817 2838 3861 est
2878 3810 3082 3872 editus,
3118 3817 3172 3862 et
3206 3810 3434 3876 proinde
3467 3824 3497 3864 e
3531 3811 3750 3880 tyranni
3785 3811 4058 3878 dignitate

2455 3902 2516 3956 in
2549 3899 2637 3954 dei
2689 3890 3030 3968 majestatcni
3087 3911 3309 3954 evectus
3355 3909 3462 3955 est.
3505 3899 3582 3956 ita
3632 3913 3934 3972 prognatus
3972 3918 4045 3956 cx

2455 4005 2525 4045 eo
2565 3987 2800 4060 Jupiter,
2843 3993 3055 4058 paterni
3097 3992 3266 4045 animi
3308 3992 3501 4055 haeres,
3539 3993 3703 4048 simili
3752 3993 3916 4048 modo
3962 3995 4052 4049 dei

2460 4096 2659 4136 nomen
2703 4083 2937 4136 sortitus
2973 4092 3076 4137 est.
3110 4083 3176 4136 Et
3216 4081 3358 4136 Mars
3400 4084 3624 4152 pariter,
3650 4084 3794 4152 quod
3841 4093 4051 4137 morta-

2456 4174 2588 4227 l-ium
2619 4175 2819 4241 stragis
2844 4183 3056 4233 auctor.
3093 4172 3146 4227 in
3175 4172 3404 4229 deorum
3451 4175 3699 4230 ordinem
3736 4185 4053 4244 cooptatus.

2453 4262 2521 4316 Et
2559 4263 2886 4325 Mercurius,
2917 4263 3065 4331 quod
3099 4266 3315 4320 caeteris
3343 4265 3565 4321 dicendi
3615 4277 3734 4321 arte
3768 4267 4051 4335 praecelle-

2460 4365 2567 4417 ret,
2599 4357 2714 4423 ipse
2747 4369 2969 4424 quoque
2999 4355 3318 4411 numinibus
3350 4357 3591 4412 insertus
3619 4366 3725 4412 est.
3756 4356 4055 4428 Dionysius

2461 4459 2681 4514 quoque
2701 4444 2847 4514 quod
2886 4446 3032 4498 roris
3067 4461 3163 4500 cor
3183 4445 3518 4502 emollientis
3550 4446 3632 4516 (ut
3667 4447 3888 4517 gentilis
3922 4450 4053 4518 qni-

2461 4535 2583 4588 dam
2633 4535 2898 4602 sapientia
2928 4537 3113 4588 clarus
3145 4534 3306 4603 dixit)
3345 4537 3599 4592 inventor
3629 4538 3815 4599 fuerit,
3840 4539 4056 4596 divinis

2459 4625 2760 4679 honoribus
2791 4626 2994 4694 dignus
3040 4634 3126 4680 est
3165 4627 3404 4682 habitus.
3445 4627 3591 4683 Sane
3631 4629 3745 4684 haec
3770 4632 4054 4694 allegoriis

2453 4724 2745 4786 contegere
2769 4729 2838 4770 ne
2877 4724 3147 4772 conentur
3179 4715 3441 4786 gentiles,
3478 4715 3777 4772 Saturnum
3809 4719 3862 4772 in
3895 4720 4052 4775 Tent-

2454 4821 2557 4875 pus
2581 4806 2941 4876 excipientes,
2969 4815 3022 4861 et
3066 4803 3350 4862 fabulosos
3383 4822 3567 4862 rerum
3605 4809 3863 4878 praesides
3887 4810 4052 4864 indu-

2456 4907 2668 4963 centes,
2703 4899 2797 4968 qui
2839 4897 2957 4952 heri
3005 4907 3057 4952 et
3099 4913 3275 4967 nuper
3296 4915 3422 4953 cum
3457 4910 3644 4956 essent
3683 4900 3959 4965 homines,
3996 4904 4047 4956 in

2455 4992 2589 5045 deos
2625 4991 2878 5045 translati
2915 4999 3045 5046 sunt
3082 5010 3094 5045 :
3131 5006 3255 5046 nam
3295 4991 3375 5045 sic
3401 4992 3566 5047 etiam
3607 4993 3843 5048 absurda
3881 4995 4050 5050 nimis

2454 5093 2582 5140 sunt
2611 5100 2733 5154 qua
2762 5084 3088 5139 atteruntur.
3120 5086 3370 5139 Attamen
3395 5085 3464 5140 ad
3498 5087 3612 5141 haec
3646 5089 3744 5151 illi,
3773 5097 3833 5142 ut
3871 5093 4048 5145 Itone-

2467 5174 2662 5240 stiora,
2702 5189 3044 5244 nequaquam
3087 5175 3428 5246 confugiant,
3460 5179 3553 5234 sed
3584 5182 3702 5235 sine
3729 5190 4048 5252 lcgutttcnlt-

2283 5330 2516 5388 ΝΟΤιΕ.

769 5421 826 5476 ξς
873 5403 1124 5476 origo,“
1178 5423 1339 5476 caiisa
1375 5411 1628 5472 causati;
1670 5413 1738 5467 ab
1795 5416 2036 5472 Ecclesia
2076 5419 2260 5475 Grmca
2296 5422 2348 5476 in

771 5473 990 5528 Menaeis
1015 5475 1104 5529 die
1137 5478 1207 5528 27
1237 5475 1382 5536 Maii,
1419 5477 1580 5544 Origo
1613 5497 1852 5537 cerarum
1887 5488 2074 5540 mundi
2095 5473 2346 5544 hilariter:

773 5555 926 5623 titur:
955 5546 1079 5623 εδ,
1125 5548 1417 5623 ᾼυςιειειςῇο
1445 5551 1874 5623 arcliicpiscmui
1918 5559 2261 5615 Antioclicno
2292 5563 2347 5616 in

767 5618 922 5694 Orat.
965 5613 1000 5664 2
1041 5615 1609 5694 ιΙίν-ᾼιιιιυιιιὶείιίᾳιιᾳΔ
1627 5613 1789 5692 Origo
1807 5613 1998 5692 'prima
2034 5613 2346 5694 (utitur—fa

773 5686 824 5755 5.
877 5681 1090 5755 Joanne
1116 5685 1448 5740 Damasceno
1476 5689 1529 5742 in
1565 5681 1782 5745 Mona-vis
1821 5681 2131 5749 firmcornm
2156 5681 2348 5755 illita-'15

778 5754 888 5806 lam-
957 5753 1114 5820 07‘99
1175 5756 1401 5809 omnium
1447 5763 1840 5817 animtiralum.
1899 5768 1963 5824 ab
2025 5753 2344 5824 lnntvCeiitio

2454 5441 2588 5500 papa
2654 5425 2739 5492 Ill,
2801 5442 2970 5500 serm.
3021 5427 3057 5481 2
3103 5428 3489 5500 άθ-ᾼεδιηιψι.
3529 5429 3692 5497 Origo
3739 5431 3957 5484 salutis.
3991 5450 4034 5485 εί

2457 5498 2754 5570 virtutum;
2783 5496 3462 5570 aHJaeobodeHVoragine
3502 5496 3916 5570 archiepiscopo
3950 5501 4037 5556 Ja-

2459 5568 2654 5639 nuensi
2710 5568 2764 5618 in
2813 5568 3020 5639 Mariali
3056 5567 3116 5621 L.
3164 5569 3244 5639 Μἶ
3279 5571 3457 5624 Serm.
3486 5570 3556 5639 2.
3608 5570 3766 5639 Origo
3799 5567 4033 5624 omnium

2451 5635 3076 5708 gratiarum;_denique
3126 5653 3154 5692 a
3217 5638 3426 5693 Joanne
3485 5637 3614 5694 Pico
3665 5635 4035 5696 (Zartliusiann

2450 5706 2545 5758 lib.
2592 5721 2631 5779 i_
2672 5707 2724 5759 in
2778 5706 2937 5779 Cant.
2989 5706 3108 5762 can.
3179 5709 3232 5764 Ξ.
3292 5708 3454 5779 Origo
3504 5710 3757 5764 bonorum
3795 5714 4031 5767 omnium;

2453 5777 2730 5830 mundior:
2757 5777 2988 5831 turiferis
