4224 6444
186 438 258 502 45

1032 445 1312 507 ORATIO
1339 449 1405 509 V.
1434 473 1501 484 σ-
1546 451 1623 510 ΙΝ
1663 451 1971 510 CHRISTI
2007 451 2520 513 NATlVlTATEM
2558 456 2635 513 ll.

3389 468 3461 525 4o

186 545 465 617 allegoria:
500 548 643 602 nuda
682 563 806 604 esse
834 552 1150 620 permittant
1184 570 1196 604 :
1230 569 1262 607 a
1293 554 1641 611 Phtenicibus
1676 559 1787 624 pri-
1812 559 1862 617 Α
1887 569 2011 609 nem
2045 570 2427 625 personarum,
2458 557 2743 614 distinctio
2777 576 2995 632 quoque
3025 572 3344 619 naturarum
3369 584 3451 622 se-

187 640 292 692 ntis
326 640 385 708 (ιί
425 641 571 693 enim
604 639 866 705 Saturno,
910 644 1068 696 uxori
1099 650 1153 697 et
1188 643 1411 713 reliquae
1435 643 1652 700 familia:
1678 661 1777 700 au-

184 737 375 783 ctores
399 729 570 794 fuere,
624 737 683 782 ut
712 731 785 784 dii
815 732 1246 802 nominarentur)
1265 734 1778 788 veritatetndiscen-

185 826 289 879 les,
322 819 417 885 qni
449 834 514 873 ex
548 821 866 875 hominibus
903 822 1083 890 primi,
1118 824 1231 876 aris
1270 830 1324 878 et
1353 822 1639 879 sacrificiis
1679 824 1778 879 ho-

187 923 452 964 norantes
484 911 608 965 illos
642 913 752 966 vita
786 910 1026 975 functos.
1066 912 1304 981 posteris
1349 914 1655 984 exemplum
1687 931 1796 970 ιιι--

192 997 484 1067 liquerunt
519 1004 730 1056 cultum
775 1003 844 1058 iis
887 1003 1213 1071 insipienter
1241 1003 1542 1059 deferendi.
1575 1004 1774 1060 Eodem

187 1089 354 1156 plane
385 1093 548 1147 modo
567 1103 623 1148 et
654 1093 895 1150 Minerva
914 1096 1164 1152 crinibus
1200 1096 1335 1151 bene
1368 1099 1644 1154 contortis
1680 1100 1777 1153 ha-

183 1182 349 1236 betur
382 1198 483 1253 pro
496 1184 617 1249 dea,
645 1200 959 1257 quanquam
983 1187 1305 1257 parentibus
1331 1202 1437 1241 non
1463 1188 1777 1245 illustribus

184 1286 496 1345 prognata;
540 1278 667 1332 licet
699 1294 820 1333 eam
864 1279 1092 1349 gentiles
1128 1294 1161 1334 e
1185 1293 1402 1335 summo
1442 1281 1646 1335 vertice
1685 1297 1780 1337 or-

184 1376 298 1420 tam
326 1377 599 1423 asserant.
652 1368 717 1422 Et
750 1368 932 1425 Venus
976 1369 1097 1424 loco
1128 1368 1374 1424 muneris
1403 1368 1504 1423 dea
1552 1369 1655 1422 fuit
1685 1385 1777 1425 eo-

184 1472 311 1509 rum
353 1457 637 1528 sulfragiis
683 1462 934 1529 quicum
977 1476 1042 1514 ea
1085 1458 1366 1513 libidinem
1397 1459 1728 1514 exercebant
1764 1481 1778 1516 :

182 1556 237 1600 et
276 1557 457 1602 ratum
489 1549 725 1604 habetur
766 1552 1069 1615 decretum,
1111 1548 1241 1619 quia
1291 1548 1518 1604 lascivis
1545 1549 1779 1617 placuit,

184 1639 336 1691 Pana
360 1653 600 1707 quoque,
630 1641 976 1711 cornigerum
1019 1642 1113 1709 qui
1144 1640 1355 1709 primus
1389 1638 1614 1692 ovilium
1658 1639 1768 1693 dux

184 1728 312 1793 fuit,
347 1731 603 1800 legesque
642 1732 932 1801 pastoralis
987 1746 1135 1785 cura:
1186 1729 1452 1791 ostendit,
1482 1743 1692 1783 necnon
1726 1743 1775 1786 et

183 1819 371 1890 Apim,
389 1832 445 1874 et
475 1820 611 1886 lbes,
639 1829 695 1876 et
722 1832 949 1877 caeteras
967 1822 1172 1876 bestias
1196 1820 1363 1876 cmtni
1382 1821 1608 1873 deorum
1638 1820 1778 1874 asci-

1888 647 2099 715 quitnr,
2141 648 2246 701 sibi
2280 663 2496 719 quoque
2520 650 2891 716 adinveniant,
2935 654 3065 723 quid
3101 655 3299 725 cuique
3329 656 3457 709 insit

1888 748 2117 801 naturae,
2146 747 2203 791 ut
2234 728 2312 793 sic
2336 738 2660 796 Trinitatem
2694 741 2965 810 fugientes
2997 745 3242 800 eamdem
3268 744 3457 799 multi-

1887 830 2110 898 plicent.
2154 828 2310 894 Quod
2353 831 2398 885 si
2438 833 2602 887 etiam
2648 848 2770 902 quae
2794 834 3025 888 diversae
3068 844 3195 889 sunt
3222 845 3452 897 naturas,

1895 920 2096 973 habent
2127 918 2286 987 plane
2301 932 2410 987 quo
2426 918 2835 990 distinguantur
2855 938 2883 975 a
2914 938 2971 977 se
2993 923 3247 981 invicem.
3270 939 3455 977 amen-

1886 1009 1978 1062 tia:
2008 1008 2101 1062 Dei
2133 1018 2385 1063 naturam
2420 1008 2671 1066 librantis
2700 1013 2827 1076 erit,
2874 1014 3007 1068 illud
3049 1030 3263 1083 quoque
3301 1016 3454 1081 dare,

1887 1112 1994 1165 quo
2040 1113 2200 1152 unam
2244 1099 2366 1167 eius
2408 1109 2658 1153 naturam
2695 1102 2749 1155 in
2781 1085 2892 1157 tres
2932 1104 3271 1160 discernunt.
3319 1104 3453 1158 Nam

1886 1188 2183 1255 ingenitum
2223 1200 2277 1241 et
2324 1189 2564 1257 genitum
2615 1204 2722 1245 non
2766 1202 2850 1246 est
2874 1207 2972 1246 cur
3021 1193 3089 1246 ad
3134 1205 3455 1248 naturarum

1884 1276 2292 1330 distinctionem
2360 1286 2670 1347 proponant
2714 1298 2727 1333 :
2772 1281 3215 1350 quandoquidem
3265 1283 3351 1337 vel
3397 1281 3455 1336 in

1886 1370 2021 1436 ipsis
2046 1367 2365 1436 compositis
2389 1407 2405 1433 ,
2435 1378 2489 1423 et
2516 1369 2840 1425 divisionem
2882 1372 3295 1428 admittentibus
3340 1374 3456 1428 haec

1890 1471 1997 1509 non
2038 1466 2168 1511 sunt
2198 1465 2429 1511 naturas
2460 1458 2847 1527 distinguentia
2870 1498 2884 1524 ,
2920 1475 3097 1530 neque
3139 1462 3194 1514 in
3234 1460 3452 1515 diversa

1888 1553 2098 1609 secant,
2132 1546 2278 1615 quod
2307 1561 2473 1601 unum
2505 1558 2607 1602 est.
3513 1546 3517 1551 ’

1962 1630 2161 1688 Verum
2192 1635 2267 1687 illi
2295 1645 2604 1703 nugentnr;
2643 1651 2743 1691 nos
2776 1647 2954 1691 autem
2988 1638 3247 1693 adeamus
3290 1637 3454 1691 Beth-

1890 1725 2024 1778 leem
2058 1729 2237 1796 magni
2262 1729 2476 1783 consilii
2505 1727 2682 1783 l’atris
2708 1730 2969 1799 Angelnm
3000 1736 3184 1784 nostra
3203 1729 3452 1782 indutum

1891 1816 2064 1869 forma
2105 1818 2491 1886 conspecturi,
2536 1833 2695 1886 quem
2744 1835 2809 1873 ex
2853 1827 3007 1872 utero
3045 1820 3285 1888 genitum
3327 1829 3454 1872 ante

186 1889 378 1974 scunt,
411 1928 715 1980 eorumque
749 1914 1065 1983 religionem
1110 1915 1271 1983 quasi
1301 1915 1529 1970 deorum
1568 1913 1780 1982 magni-
1811 1889 1857 1947 Β
1886 1906 2197 1962 Luciferum
2226 1944 2241 1970 ,
2278 1923 2422 1963 nunc
2461 1909 2721 1963 misertus
2755 1911 2922 1963 nostri
2946 1951 2960 1971 ,
3003 1911 3069 1965 de
3097 1919 3265 1964 matre
3297 1911 3449 1963 nasci

187 1998 423 2053 faciunt.
452 1999 552 2052 Cui
582 2000 745 2067 signa
782 2001 947 2054 etiam
992 2001 1140 2063 data,
1185 2015 1351 2055 causa
1386 2002 1456 2056 ob
1490 2015 1652 2071 quam
1680 2002 1777 2055 de-

184 2084 297 2137 lata
340 2093 424 2139 est
461 2085 539 2139 illi
578 2087 839 2155 dignitas,
884 2086 1090 2151 fistula,
1148 2095 1202 2141 et
1265 2101 1463 2151 cornu,
1495 2096 1549 2142 et
1580 2087 1775 2157 pedum

184 2174 544 2243 caprinorum
596 2174 848 2231 mistura.
898 2173 1074 2231 Osiris
1115 2190 1335 2245 quoque
1387 2177 1577 2232 eodem
1620 2176 1776 2231 titulo

186 2262 259 2314 ab
287 2262 359 2315 iis
386 2263 754 2326 renuntiatur,
771 2262 1031 2332 quoniam
1055 2262 1354 2319 calliditate
1372 2279 1506 2319 usus
1522 2278 1651 2319 suos
1673 2265 1776 2319 sibi

187 2349 383 2404 hostes
411 2350 627 2420 subegit
661 2352 806 2415 telis,
833 2367 941 2406 non
965 2359 1025 2406 ut
1050 2360 1229 2417 erant,
1248 2353 1334 2408 sui
1369 2354 1612 2423 speciem
1649 2352 1776 2409 olfe-

189 2442 465 2503 rentibus,
507 2442 602 2497 sed
632 2443 912 2498 veritatem
950 2443 1132 2513 aliqua
1158 2461 1224 2499 ex
1248 2455 1401 2515 parte
1439 2446 1767 2501 celantibus.

188 2530 352 2587 Unde
402 2532 604 2588 factum
658 2541 719 2587 ut
767 2534 925 2588 facile
963 2537 1108 2604 capti
1158 2537 1290 2603 sint,
1324 2538 1521 2606 quibus
1562 2538 1773 2592 insidiae

187 2632 400 2693 parata
425 2633 583 2678 erant
612 2639 680 2679 eo
724 2625 871 2694 quod
903 2627 1087 2681 dolum
1128 2642 1236 2682 non
1276 2629 1673 2698 cognoverint,
1704 2629 1777 2681 si-

187 2714 358 2784 bique
410 2728 517 2768 non
587 2715 982 2779 consuluerint,
1033 2717 1127 2772 sed
1183 2717 1237 2770 in
1290 2716 1591 2786 periculum
1640 2731 1763 2772 sese

187 2810 411 2858 temere
458 2802 815 2871 coniceerint.
874 2805 1067 2859 Verum
1124 2805 1179 2858 in
1233 2805 1319 2861 his
1360 2805 1574 2875 quidem
1616 2805 1778 2860 homo

186 2892 423 2946 vanitati
459 2894 792 2948 inserviebat
817 2932 833 2957 ,
880 2909 946 2948 ea
978 2896 1223 2949 sentiens
1262 2909 1385 2965 qua:
1410 2894 1487 2950 illi
1517 2910 1548 2950 a
1576 2896 1773 2965 quibus

188 2984 246 3037 in
276 2984 597 3039 servitutem
626 2983 881 3039 redactus
915 2993 1054 3039 erat.
1086 2983 1272 3054 Neque
1297 2986 1442 3039 enim
1471 2985 1584 3040 fieri
1617 2994 1770 3055 pote-

192 3086 285 3130 rat
315 3076 452 3145 quin
483 3076 554 3140 is,
577 3076 672 3144 qui
700 3089 889 3131 verum
922 3073 1091 3128 Deum
1129 3075 1494 3144 ignoraverat,
1516 3076 1590 3129 ita
1623 3085 1769 3132 esset

193 3167 455 3229 allectus,
497 3176 556 3219 ut
586 3166 689 3220 sibi
722 3166 863 3220 deos.
884 3172 1121 3229 crearet,
1156 3178 1257 3219 nec
1282 3163 1443 3218 linem
1476 3165 1643 3218 ullum
1672 3167 1767 3219 ha-

192 3260 353 3315 beret
388 3274 497 3325 prae
527 3258 836 3327 ignorantia
857 3298 873 3323 ,
909 3258 1004 3313 sed
1037 3256 1106 3311 ad
1133 3256 1429 3320 deteriora,
1452 3256 1600 3311 velut
1627 3260 1767 3311 unda

190 3348 497 3413 deﬂueret,
544 3347 753 3402 eil'nsus
790 3348 901 3416 iam
947 3363 976 3402 a
1030 3348 1143 3401 veri
1184 3345 1430 3401 Numinis
1473 3348 1771 3416 agnitione.

190 3437 467 3493 Ceterum
543 3437 975 3492 administrantis
1032 3437 1214 3491 omnia
1292 3437 1754 3505 praepotentisque

192 3528 292 3582 Dei
346 3542 544 3580 munus
592 3534 753 3590 erat,
788 3525 856 3581 de
911 3526 1087 3581 salute
1134 3525 1220 3580 sui
1263 3525 1465 3594 opificii
1510 3526 1770 3595 cogitare,

194 3618 418 3687 sibique
444 3618 546 3672 soli
585 3618 998 3672 convenientem
1039 3616 1269 3687 gloriam
1302 3631 1409 3671 non
1440 3619 1775 3686 permittere,

195 3720 261 3765 ιιι
287 3712 414 3765 aliis
436 3711 795 3772 tribueretur,
831 3710 925 3764 sed
956 3709 1059 3766 sibi
1086 3708 1305 3779 quidem
1327 3723 1654 3778 recuperare
1678 3710 1777 3763 ho-

193 3817 393 3857 norem
423 3842 439 3865 ,
480 3800 624 3856 ferre
668 3815 798 3855 vero
826 3801 992 3854 etiam
1028 3815 1185 3869 opem
1228 3800 1435 3869 iacenti
1463 3800 1518 3853 in
1550 3800 1779 3855 summis

194 3890 464 3953 miseriis,
492 3889 585 3959 qui
616 3896 678 3942 ut
709 3888 865 3943 beate
901 3888 1128 3952 viveret,
1159 3896 1377 3943 creatus
1406 3895 1546 3943 erat.

270 3996 551 4061 Quoniam
589 3994 757 4064 igitur
787 3995 860 4048 ita
898 3994 1206 4049 faciendum
1246 4003 1399 4058 erat,
1434 3996 1596 4050 datur
1622 3996 1779 4051 nobis

198 4086 348 4141 Puer
377 4086 690 4139 mternitate
738 4084 1016 4153 antiquior
1037 4125 1052 4147 ,
1083 4091 1138 4137 et
1171 4084 1429 4153 splendor
1457 4086 1644 4155 gloria:
1684 4102 1781 4139 no-

196 4187 349 4231 ctem
377 4178 504 4231 vita:
539 4186 744 4231 nostra:
787 4175 1083 4239 illuminat,
1118 4185 1174 4229 ut
1219 4175 1486 4231 discussis
1525 4191 1621 4247 per
1661 4178 1781 4244 ejus

198 4266 391 4323 radios
421 4268 717 4323 multorum
753 4268 997 4322 tenebris
1043 4267 1269 4321 deorum
1294 4308 1311 4334 ,
1346 4283 1514 4321 unum
1557 4267 1781 4327 Deitatis

202 4361 389 4413 lumen
416 4358 471 4411 in
497 4357 677 4422 Patre,
709 4364 764 4411 et
802 4355 963 4418 Filio,
1002 4366 1057 4411 et
1085 4355 1294 4425 Spiritu
1329 4365 1521 4412 sancto
1561 4357 1783 4426 conspia

202 4461 498 4512 ceremus;
533 4460 634 4501 nec
682 4458 1044 4514 personarum
1090 4445 1443 4500 distinctione
1474 4460 1575 4499 nos
1608 4446 1776 4498 abdu-

1882 2000 2052 2052 volnit
2078 2041 2091 2062 ,
2136 2008 2343 2055 etcum
2383 2001 2570 2070 egenis
2611 2009 2665 2054 et
2701 2001 2898 2055 vilibus
2942 2002 3297 2066 conversari,
3339 2016 3453 2056 sua:

1884 2088 2107 2157 gloriaa,
2161 2089 2586 2158 divitiarumque
2647 2091 2937 2146 haeredem.
2991 2090 3448 2154 Consideremus,

1880 2194 2002 2246 qua:
2060 2179 2129 2232 ibi
2185 2178 2355 2244 ﬁunt,
2415 2179 2637 2235 Matrem
2700 2195 2836 2233 nova
2886 2190 3073 2249 partus
3126 2181 3244 2251 lege
3293 2195 3450 2235 uter.-

1880 2280 1985 2323 tem
2054 2270 2172 2338 (9),
2250 2252 2515 2325 Infantem
2583 2280 2777 2324 natura
2858 2273 2975 2340 ipsa
3034 2273 3447 2342 antiquiorem,

1885 2361 2052 2415 Deum
2118 2362 2171 2415 in
2244 2363 2429 2416 fasciis
2487 2363 2790 2431 iacentem,
2849 2366 2903 2417 in
2964 2365 3247 2419 hrutortnn
3310 2380 3448 2434 pra:-

1880 2452 1992 2520 sepi
2038 2452 2335 2507 immorans
2384 2451 2653 2517 Verbum,
2703 2463 2759 2507 ut
2802 2470 2902 2526 ego
2946 2444 3065 2509 vale
3120 2455 3309 2510 dicens
3361 2455 3447 2507 in-

1877 2543 2069 2597 stituto
2113 2545 2325 2598 vivendi
2360 2560 2510 2599 more
2528 2547 2834 2612 brutorum,
2864 2547 3098 2603 Verbum
3131 2563 3445 2619 agnoscam,

1876 2641 1930 2686 et
1957 2647 2080 2685 cum
2108 2649 2174 2688 eo
2204 2636 2363 2689 simul
2389 2636 2687 2704 quiescam.
2720 2636 2855 2690 Nam
2888 2637 3017 2707 quia
3046 2638 3274 2693 rationis
3315 2651 3449 2693 mea:

1879 2727 2130 2780 nobilitas
2160 2727 2213 2779 in
2241 2726 2506 2781 vilitatem
2550 2729 2767 2783 redacta
2793 2737 2935 2794 erat,
2964 2729 3203 2784 motibus
3234 2730 3448 2783 ratione

1878 2818 2194 2871 carentibus
2224 2816 2511 2886 subiugata
2539 2834 2552 2881 ;
2587 2819 2799 2888 subque
2831 2821 3133 2889 ponderosa
3174 2836 3341 2877 carne
3361 2820 3449 2892 ia-

1874 2903 2058 2967 cebat,
2104 2918 2225 2972 qua:
2270 2903 2318 2957 ei
2365 2904 2657 2972 conjuncta
2701 2917 2850 2972 erat;
2902 2916 2959 2962 nt
3010 2909 3245 2963 sublime
3293 2909 3441 2963 illam

1875 2994 2123 3047 evelteret
2150 3032 2165 3056 ,
2202 3008 2423 3048 carnem
2472 2996 2577 3049 sibi
2610 2997 2725 3049 nnit
2760 2996 2992 3052 Verbum
3022 2998 3278 3062 Creator,
3308 3007 3368 3053 ut
3393 3008 3448 3056 et

1878 3084 2016 3136 ratio
2065 3098 2179 3137 suae
2239 3085 2509 3139 nobilitati
2566 3087 2979 3154 restitueretur,
3039 3098 3097 3142 ut
3159 3105 3290 3146 caro
3340 3107 3447 3145 non

1870 3174 2092 3228 oznnino
2153 3176 2220 3228 ad
2274 3176 2381 3229 ima
2450 3175 2690 3241 feratur,
2755 3180 2949 3233 rationi
3012 3194 3254 3249 parens,
3337 3196 3444 3236 non

1879 3278 2064 3318 secum
2102 3266 2248 3320 illam
2279 3265 2612 3330 detrudens,
2658 3274 2711 3322 et
2756 3284 2878 3323 cum
2912 3270 3001 3324 illa
3038 3281 3252 3341 petente
3292 3286 3448 3342 supe-

1883 3354 2048 3422 riora,
2090 3355 2254 3411 simul
2297 3358 2623 3413 ascendens.
2655 3358 2771 3413 l’lnc
2808 3370 3015 3430 spectat
3042 3372 3284 3416 extrema
3323 3377 3447 3431 pau—

1883 3458 2062 3516 pertas
2094 3449 2211 3519 eius
2238 3451 2331 3521 qui
2369 3461 2571 3505 terram
2606 3450 2877 3513 fundavit,
2906 3466 3006 3506 nec
3048 3460 3229 3506 tamen
3263 3452 3443 3506 locum

1883 3540 2115 3594 habebat
2155 3541 2210 3595 in
2248 3556 2357 3610 quo
2404 3541 2699 3608 habitaret,
2733 3546 3034 3612 'postquatn
3071 3543 3127 3596 in
3171 3557 3234 3597 ea
3264 3543 3446 3597 diver-

1882 3632 1991 3682 sari
2023 3630 2217 3695 voluit,
2254 3631 2349 3685 sed
2382 3632 2654 3701 spelunca:
2696 3634 3069 3703 excipiebatur
3094 3633 3331 3702 hospitio
3355 3647 3443 3687 so-

1881 3719 2058 3772 lamen
2087 3717 2394 3789 indigentia:
2420 3722 2730 3789 praebentis.
2760 3724 2802 3777 Ο
2830 3740 2938 3784 res.
2969 3739 3090 3793 quae
3125 3739 3225 3777 nec
3278 3725 3441 3777 menti

1886 3826 1987 3863 nec
2036 3810 2216 3864 verbis
2249 3812 2608 3880 permittunt,
2658 3822 2717 3866 ut
2763 3830 2862 3867 suo
2907 3813 3204 3883 fungantur
3229 3813 3443 3869 ofﬁcio!

1884 3899 2000 3955 Non
2068 3908 2153 3955 est
2194 3901 2243 3954 ei
2296 3901 2445 3954 locus
2495 3904 2547 3954 in
2608 3909 2751 3956 terra
2817 3904 3107 3967 nascenti,
3162 3904 3254 3972 qui
3302 3903 3445 3957 illam

1884 3989 2048 4042 verbo
2071 4003 2170 4043 suo
2202 3990 2526 4059 progenuit!
2570 3988 2982 4059 Praesepeillum
3015 4006 3114 4047 suo
3152 3993 3274 4046 sinu
3298 3993 3447 4047 exci-

1888 4081 1983 4148 pit,
2019 4080 2113 4148 qui
2161 4082 2414 4135 emlestes
2461 4080 2617 4135 sinus
2659 4081 2939 4150 expandit.
2988 4082 3255 4137 (la-terum
3301 4092 3443 4137 terra

1884 4170 2101 4239 quidem
2139 4169 2435 4238 hospitium
2481 4178 2644 4225 tenue
2685 4172 2813 4232 dat,
2847 4182 2899 4225 at
2932 4187 3062 4226 vero
3106 4176 3305 4228 coelum
3348 4189 3446 4225 an-

1890 4263 2103 4315 nuntiat
2134 4260 2328 4316 adesse
2369 4260 2682 4328 Dominum,
2726 4263 2939 4317 stellam
2973 4265 3117 4318 tubae
3141 4264 3259 4318 loco
3291 4264 3447 4317 adhi-

1888 4353 2053 4416 bens,
2096 4365 2217 4405 cum
2254 4350 2461 4405 videret
2499 4349 2699 4421 Regem
2730 4353 3102 4407 ministrorum
3134 4353 3312 4408 ofﬁcio
3347 4355 3447 4408 de-

1885 4440 2160 4503 stitutum,
2189 4440 2417 4510 soloque
2459 4440 2653 4502 Matris
2693 4443 2949 4496 satellitio
2995 4442 3308 4512 fulgentem.
3339 4441 3446 4496 Vo-

202 4544 368 4592 centc
394 4536 462 4589 ad
490 4535 721 4590 Deorum
771 4533 1198 4596 multitudinem,
1234 4548 1334 4588 nec
1369 4535 1579 4589 unitate
1610 4536 1771 4588 lumi-
1808 4541 1848 4594 [ι
1880 4538 1967 4584 cat
2000 4540 2058 4585 ut
2098 4532 2359 4585 honorem
2409 4531 2658 4586 deferant
2718 4536 3157 4603 promptissimos
3204 4536 3271 4587 ad
3320 4534 3445 4588 obe-

205 4628 296 4683 nis
322 4634 548 4697 cogente
597 4633 656 4679 ut
683 4625 1085 4679 confundamus
1111 4639 1393 4693 personas.
1419 4622 1604 4692 Neque
1636 4626 1778 4679 enim

206 4732 441 4774 necesse
476 4725 563 4771 est
584 4725 661 4780 ut,
685 4714 839 4783 iuxta
873 4729 1063 4768 inanes
1088 4713 1446 4783 quorumdam
1478 4729 1780 4781 sermones,

206 4810 445 4861 alterum
496 4813 759 4871 sequatur
821 4818 885 4856 cx
943 4803 1189 4867 duobus,
1230 4802 1313 4855 vel
1357 4803 1619 4858 unitatem
1657 4818 1781 4858 cum

208 4896 459 4953 ternario
488 4894 862 4964 multiplicari,
892 4895 972 4950 vel
1002 4906 1148 4949 certe
1176 4897 1477 4950 ternarium
1516 4895 1685 4964 redigi
1717 4896 1783 4949 ad

210 4984 504 5038 unitatem.
536 4980 657 5035 Non
688 4981 833 5034 enim
871 4982 1050 5035 unitas
1070 5019 1085 5044 ,
1134 4983 1227 5036 sed
1266 4997 1514 5050 personae
1545 4983 1781 5047 habent,

212 5081 275 5127 ut
309 5072 723 5127 distinctionem
756 5071 954 5135 ferant,
983 5086 1077 5141 per
1106 5087 1269 5141 quam
1307 5072 1467 5127 nobis
1502 5072 1785 5125 adoranti~

210 5164 319 5217 bus
342 5161 662 5216 Trinitatem
690 5161 768 5227 fit,
789 5170 846 5216 ut
870 5172 1023 5215 extra
1049 5176 1209 5215 unam
1229 5162 1656 5217 dominationem
1691 5180 1785 5218 ne-

212 5266 494 5323 quaquam
523 5266 817 5320 vagemur;
851 5259 942 5305 aut
976 5259 1123 5305 certe
1154 5252 1349 5321 quibus
1371 5252 1440 5305 ob
1480 5252 1786 5308 distinctio-

1878 4621 2135 4675 diendum
2179 4620 2383 4691 Magos,
2422 4632 2474 4675 et
2513 4622 2577 4676 ad
2632 4626 2732 4676 hoc
2784 4624 2962 4692 ipsum
3010 4625 3305 4679 venientes.
3345 4626 3448 4680 Eos

1881 4714 2044 4783 igitur
2074 4714 2348 4767 clamante
2379 4715 2607 4768 advocat
2650 4718 2844 4781 stella;
2885 4732 3068 4771 vcrmn
3101 4726 3153 4770 et
3205 4725 3447 4786 pastores

1882 4812 2171 4873 properant
2204 4802 2398 4857 Natum
2431 4816 2753 4873 qmerentes,
2802 4808 3036 4877 indeque
3063 4810 3130 4863 de
3159 4824 3227 4863 eo
3264 4810 3449 4862 admo-

1885 4896 2006 4948 niti.
2044 4894 2273 4964 Oportet
2296 4896 2463 4957 enim,
2504 4905 2561 4950 ut
2589 4898 2904 4966 pastoribus
2947 4899 3140 4953 Pastor
3165 4901 3255 4953 ille
3287 4914 3451 4968 appa:

1891 4996 2029 5050 rent,
2065 4987 2156 5057 qui
2184 4987 2350 5050 venit,
2384 4994 2441 5038 nt
2481 4987 2744 5055 perditam
2776 5004 2929 5043 ovem
2968 4991 3209 5044 humeris
3238 4989 3452 5059 imposi-

1893 5085 1999 5128 tam
2032 5075 2338 5136 reduceret,
2368 5090 2532 5143 quam
2561 5075 2650 5127 ille
2688 5086 2745 5129 ut
2766 5086 3030 5151 quaareret
3063 5094 3207 5131 nunc
3230 5078 3448 5145 quidem

1892 5165 2109 5219 advenit
2135 5179 2164 5218 e
2196 5171 2354 5233 porta
2390 5178 2643 5231 egressus
2671 5164 2953 5231 obsignata
2998 5166 3132 5234 (10).
3170 5165 3452 5219 Pcrveniet

1896 5269 2024 5309 vero
2051 5256 2212 5309 etiam
2246 5269 2419 5324 usque
2449 5255 2515 5307 ad
2545 5263 2728 5322 portas
2766 5253 3087 5317 inferorum,
3126 5270 3249 5310 cunt
3280 5266 3450 5310 morte

1714 5343 1946 5400 NO'I‘zE.

288 5433 368 5502 (9)
395 5432 621 5487 Matrem
641 5450 796 5503 gnava
834 5444 1017 5501 partus
1052 5434 1158 5503 lege
1190 5442 1439 5487 utentem.
1475 5432 1546 5503 De
1572 5435 1787 5487 novita~

215 5504 372 5557 tibus
415 5513 605 5573 partus
640 5501 880 5573 Virginei
925 5501 1439 5573 przeclaremtttttino
1483 5502 1549 5573 B._
1596 5504 1788 5557 Petrus

218 5571 472 5626 Damiani
522 5571 862 5626 sermone“
926 5571 979 5642 et
1009 5571 1100 5634 6t;
1163 5571 1458 5642 Gregorius
1507 5571 1789 5642 Nyssenus

223 5642 457 5696 Homilia
496 5642 576 5695 l5.
616 5645 669 5695 in
710 5642 870 5695 Cant.
896 5641 962 5695 ad
992 5642 1130 5696 illud
1163 5658 1176 5695 :
1223 5641 1455 5694 Dilectus
1487 5641 1629 5695 metu
1660 5658 1791 5694 can-

221 5711 406 5775 didus,
438 5720 487 5763 et
506 5712 850 5776 rubicundus,
880 5712 1075 5764 electus
1131 5726 1193 5764 ex
1222 5711 1492 5775 millibus;
1522 5712 1579 5764 D.
1608 5713 1790 5779 Augu-

224 5781 409 5864 stinus
443 5780 496 5833 in
527 5781 820 5864 psalmi-illi,
849 5781 1197 5864 supernillud,
1229 5780 1639 5864 _S‘intilis.factus
1678 5798 1795 5833 sum

228 5849 492 5918 rellicano
527 5850 867 5913 solitudinis;
906 5849 961 5904 ὃ.
1003 5849 1196 5905 Petrus
1227 5851 1596 5919 Chrysologns
1626 5866 1791 5906 scrin.

1887 5437 1992 5501 15;
2034 5436 2336 5490 Riccardus
2364 5452 2391 5488 a
2435 5436 2492 5490 S.
2527 5435 2819 5487 Laurentio
2866 5436 2957 5488 lib.
2998 5451 3027 5488 χ
3076 5436 3143 5489 de
3177 5436 3345 5489 Laud.
3391 5436 3451 5490 Β.

1889 5504 2119 5575 Virgin.,
2160 5514 2214 5558 et
2245 5503 2542 5559 Gnerrieus
2596 5504 2782 5575 abbas,
2810 5520 3017 5575 rsernt;
3068 5507 3233 5575 lLde
3274 5504 3450 5559 Nativ.

1891 5572 2140 5635 Domini,
2207 5590 2440 5644 quorum
2498 5573 2939 5644 verba_addueit
2991 5572 3048 5625 P.
3114 5574 3451 5640 Theophilus

1891 5641 2635 5716 ljaynaudus‘in_Diptyt-his
2668 5641 2945 5707 Marianis,
2977 5651 3128 5711 parte
3164 5644 3214 5706 vl,
3250 5656 3458 5712 puncto

1894 5714 1947 5777 7,
1981 5713 2133 5766 nunt.
2158 5714 2292 5765 30d
2320 5713 2407 5764 '51.

1964 5783 2074 5852 (10)
2112 5781 2157 5833 Ε
2202 5793 2355 5849 porta
2413 5782 2998 5852 egressusgobsignata.
3064 5781 3304 5847 Respicit
3350 5782 3458 5834 Lm

1899 5850 2083 5905 noster
2115 5852 2178 5904 ad
2227 5859 2435 5919 portant
2471 5853 2613 5903 illaut
2636 5850 2874 5904 clausam
2916 5866 3076 5904 unam
3099 5853 3197 5903 soli
3226 5852 3455 5908 nrinrim
