4224 6444
208 433 282 496 49
1017 434 1299 495 ORATIO
1337 434 1438 496 VI.
1467 458 1533 471 --
1563 432 1643 495 IN
1670 433 1798 493 CHI

1901 433 1981 492 TI
2020 434 2536 496 NATIVITATEM
2575 439 2688 502 Ili.
3411 444 3474 505 ἔτι)

210 544 547 595 instauretur
572 581 587 604 ,
640 548 700 593 ut
734 546 879 591 terra
930 540 1188 594 obrutum
1220 550 1567 611 repurgetur,
1604 552 1661 596 ct
1702 541 1785 594 in-
1811 540 1863 599 Α
1887 540 2086 609 potiori
2113 541 2445 595 dominetur.
2473 540 2551 595 Ne
2579 543 2903 612 colligamus
2935 549 3358 601 amaritudinem
3395 568 3461 604 ex

213 640 372 687 venta
425 630 688 684 drachma
731 643 833 683 suo
884 638 1185 698 reponatur
1240 630 1295 683 in
1342 631 1604 694 thalamo,
1636 641 1694 684 ιιι
1725 648 1790 685 ne

209 721 451 791 amplius
486 724 539 776 in
573 722 781 775 vilitate
807 720 1092 790 jaceamus
1120 763 1137 787 ,
1174 735 1276 775 nec
1321 723 1553 790 turpiter
1580 722 1789 776 servin-

208 828 335 868 mus
368 853 384 875 ,
419 814 513 868 scd
560 812 628 865 ad
662 820 905 866 nostram
946 810 1223 865 intuentes
1258 812 1599 866 nobilitatem
1622 849 1638 875 ,
1674 810 1790 864 vir-

210 915 328 958 tute
388 903 640 959 sublimis
688 902 1108 967 evinanitionis,
1161 902 1424 955 vilitatem
1486 909 1790 957 commute-

209 1012 356 1060 mus,
386 996 508 1050 loco
538 996 820 1049 servitutis
849 995 1022 1050 evecti
1058 996 1111 1048 in
1142 994 1504 1054 dominatum,
1544 1010 1640 1061 pro
1672 1010 1794 1063 ege-

205 1098 358 1143 state
402 1087 624 1141 divitias
669 1096 1077 1154 comparantes,
1117 1102 1242 1156 qua:
1284 1097 1411 1138 sunt
1453 1085 1575 1153 ejus
1603 1085 1795 1154 acqui-

208 1186 421 1243 rentes,
454 1179 548 1248 qui
585 1186 772 1233 nostra
809 1178 927 1246 ipse
951 1193 1048 1232 sua
1074 1176 1226 1239 iecit,
1262 1188 1319 1230 ut
1357 1178 1469 1229 lucc
1511 1185 1795 1245 praestaret

204 1270 455 1325 advenit.
481 1266 579 1324 His
615 1269 920 1324 honoribus
947 1268 1037 1322 ille
1062 1269 1284 1338 gaudet,
1320 1282 1416 1336 per
1451 1268 1565 1322 haec
1595 1267 1795 1320 nativi-

203 1369 378 1414 tatem
413 1362 729 1415 adoremus.
768 1358 1101 1423 lnduamus,
1142 1358 1361 1420 fratres,
1395 1373 1615 1411 sensum
1649 1358 1793 1424 ejus,

208 1455 305 1520 qui
346 1468 457 1505 non
483 1451 706 1506 erubuit
743 1460 930 1505 noster
967 1449 1081 1503 fieri
1115 1449 1301 1510 frater,
1330 1466 1436 1503 non
1468 1460 1793 1519 aspernatus

202 1551 291 1596 est
338 1556 440 1596 nos
486 1542 540 1594 in
590 1541 865 1596 vilissimo
907 1539 1152 1608 jaceutes
1197 1541 1492 1606 subsellio,
1548 1557 1613 1595 ne
1663 1556 1795 1596 con-

202 1644 520 1689 temnamus
548 1640 601 1685 et
631 1647 732 1685 nos
767 1631 823 1685 in
848 1630 1014 1685 simili
1042 1630 1261 1684 fortuna
1295 1631 1523 1699 positos.
1556 1632 1658 1697 Qui
1690 1633 1793 1685 bac

202 1726 377 1782 etiam
436 1724 489 1777 in
533 1730 688 1793 parte
738 1722 965 1776 multam
1012 1720 1109 1775 Dei
1155 1721 1541 1791 benignitatem
1590 1727 1797 1792 experi-

204 1832 358 1881 mur,
389 1831 516 1872 cum
559 1817 717 1884 plura
759 1814 1136 1885 possideamus
1167 1829 1331 1882 quam
1365 1814 1398 1867 ii
1429 1830 1661 1883 quorum
1699 1830 1797 1885 par

202 1916 260 1963 et
299 1908 502 1963 similis
533 1907 600 1960 ad
630 1909 800 1962 vitam
831 1906 935 1961 fuit
983 1907 1289 1973 ingressus.
1329 1905 1406 1959 Ne
1439 1908 1536 1960 tibi
1594 1908 1738 1962 subs
1765 1935 1789 1947 ο
1831 1902 1869 1924 “

205 2005 302 2066 pat
356 2004 416 2052 ut
472 1998 770 2053 cicatrices
818 1999 1074 2051 conservi
1119 1995 1454 2059 exhorreas,
1507 2011 1630 2049 cuin
1679 1998 1795 2065 ipse

204 2087 619 2142 abominandus
647 2088 952 2147 exstiteris,
987 2102 1095 2140 non
1125 2086 1476 2139 cicatricibus
1505 2086 1676 2138 invito
1712 2086 1796 2138 in-

209 2181 405 2241 tlietis,
432 2178 528 2234 sed
563 2193 701 2248 quas
742 2177 839 2230 tibi
876 2186 1072 2245 sponte
1117 2176 1369 2239 intulisti,
1400 2185 1453 2230 et
1485 2175 1682 2247 llcgem
1714 2185 1797 2231 ta-

207 2286 331 2324 tnen
377 2267 447 2321 ad
473 2275 530 2322 te
562 2266 918 2321 accedentem
956 2266 1233 2320 habueris.
1261 2264 1335 2319 Ne
1364 2265 1622 2320 humilem
1644 2267 1795 2337 gravi

205 2362 490 2431 Opprimas
520 2375 706 2423 manu,
744 2372 955 2412 memor
985 2358 1288 2413 vexationis
1318 2374 1478 2427 quam
1515 2360 1796 2427 tyrannica

206 2466 516 2522 Oppressus
562 2465 729 2505 manu
782 2449 1134 2511 sustinuisti,
1185 2456 1240 2503 et
1275 2449 1466 2502 auxilii
1510 2450 1655 2518 quod
1694 2449 1795 2502 ha-

217 2546 410 2598 buisti.
452 2543 528 2598 Ne
566 2544 830 2597 habueris
879 2542 1006 2594 odio
1053 2539 1332 2595 Creatoris
1364 2542 1653 2610 imaginem
1681 2582 1694 2605 ,
1730 2557 1799 2596 ne

209 2637 485 2698 invideas,
524 2637 618 2703 qui
655 2644 873 2703 propter
906 2632 1165 2686 invidiam
1194 2632 1332 2683 mala
1364 2649 1424 2685 es
1458 2648 1674 2700 passus,
1712 2634 1797 2686 in-

208 2728 379 2782 fausti
425 2728 725 2791 dannouis,
783 2728 990 2796 quique
1027 2726 1240 2796 primus
1279 2726 1331 2778 in
1374 2725 1463 2777 Dei
1511 2726 1796 2792 imaginem

208 2820 425 2873 invidus
474 2818 665 2873 oculos
722 2817 946 2887 adjecit,
996 2818 1238 2870 aniumm
1290 2816 1554 2869 imitatus.
1606 2816 1716 2870 Nec
1748 2827 1799 2871 te

209 2911 395 2965 fat-ias
420 2919 681 2980 tanquam
723 2926 843 2976 vas,
881 2911 935 2963 in
981 2924 1091 2978 quo
1126 2908 1201 2961 sit
1241 2906 1477 2976 positum
1509 2924 1799 2973 venenum,

206 2998 354 3068 trod
382 2999 477 3069 qui
512 2998 720 3053 inscius
769 2997 1068 3066 acceperit,
1102 2995 1365 3049 damnum
1394 2994 1688 3047 contrahit.
1723 2994 1801 3049 Ne

205 3090 363 3143 carni
419 3089 837 3159 indulgeamus,
887 3102 987 3141 nec
1037 3085 1272 3141 inferius
1318 3087 1698 3154 permittamus
1743 3094 1801 3138 ut

1905 630 2251 684 demulcente
2274 633 2569 700 voluptate.
2606 634 2663 686 ln
2692 648 2903 689 summa
2928 638 3185 704 pelliccas
3209 654 3475 695 exuatuus

1907 734 2109 787 vestes,
2143 739 2270 777 nam
2303 729 2446 792 quod
2478 731 2578 781 .zlis
2616 730 2799 779 't-nirti
2830 730 3054 793 fuimus,
3091 733 3301 786 idcirco
3343 749 3476 801 pan-

1906 816 1992 871 nis
2025 816 2320 869 involvitur
2353 816 2635 873 Dominus.
2674 818 2895 873 Fiamus
2926 836 3113 874 revera
3137 823 3236 887 dii,
3274 839 3338 877 ex
3372 824 3478 876 Deo

1905 920 2037 959 vero
2080 906 2133 959 id
2175 906 2545 974 accipientes,
2589 925 2694 961 non
2736 920 2791 963 ιιι
2831 911 2901 963 ab
2950 922 3197 979 apOstata
3233 916 3476 967 da‘utouc

1902 996 2131 1049 velimus
2150 1011 2251 1051 nos
2277 1002 2329 1050 in
2354 1005 2560 1050 tantum
2580 998 2895 1067 dignitatem
2924 1000 3223 1055 intrudere.
3259 1002 3478 1058 Flauius

1903 1088 1999 1141 fliii
2040 1089 2319 1143 Altissimi
2352 1101 2571 1158 propter
2620 1106 2768 1153 eum,
2809 1091 2904 1160 qui
2939 1092 3115 1146 factus
3135 1102 3219 1147 est
3244 1093 3478 1148 hominis

1907 1177 2099 1232 Filius.
2131 1177 2211 1230 Ita
2252 1179 2514 1232 honorem
2539 1181 2887 1237 conferentes
2923 1193 3196 1246 nostrum,
3235 1185 3475 1238 honore-

1908 1285 2030 1324 mus
2061 1284 2185 1324 eum
2214 1271 2305 1337 qui
2336 1272 2554 1324 devenit
2581 1273 2646 1327 ad
2673 1274 2920 1329 homines
2950 1285 3009 1329 ut
3033 1276 3290 1330 honorem
3315 1278 3479 1331 homo

1905 1368 2252 1429 asscquatur.
2292 1360 2370 1415 Ita
2399 1362 2579 1417 affecti
2611 1379 2734 1419 cum
2772 1368 2980 1436 angelis
3014 1369 3240 1437 gloriam
3271 1370 3479 1423 tribum

1906 1469 2051 1516 mus,
2090 1462 2146 1506 et
2186 1453 2351 1508 simul
2385 1470 2509 1508 cum
2545 1458 2860 1524 pastoribus
2899 1474 3190 1513 curramus
3216 1502 3231 1525 ,
3275 1471 3480 1515 etcum

1906 1541 2079 1613 Magis
2126 1547 2590 1613 exspectationem
2643 1551 2881 1615 gentium
2924 1551 3237 1605 adoremus.
3298 1551 3482 1620 Neque

1908 1634 2055 1687 enim
2108 1643 2193 1689 est
2249 1651 2360 1705 quo
2409 1637 2584 1705 magis
2619 1639 2916 1693 bonoretur
2956 1657 3120 1710 quam
3179 1643 3386 1697 honore
3427 1653 3482 1696 et

1909 1727 2107 1795 gloria,
2141 1742 2263 1796 qua:
2303 1742 2403 1783 nos
2441 1727 2743 1783 deferimus
2773 1745 3006 1799 quorum
3056 1741 3314 1801 suscepto
3352 1748 3483 1787 san-

1903 1816 2070 1882 guine
2099 1815 2265 1868 frater
2290 1817 2528 1871 exsistit.
2570 1817 2699 1874 Sed.
2729 1832 2762 1872 0
2786 1820 2875 1887 qui
2907 1835 2937 1873 e
2957 1821 3281 1877 celsitudine
3298 1824 3483 1892 gl0rize

1902 1913 2004 1957 ι;.;ῐ·
2037 1908 2097 1959 Διιι
2130 1914 2378 1961 nostram
2412 1907 2746 1964 descendisti
2772 1909 3157 1978 humilitatem,
3193 1928 3294 1967 nec
3333 1921 3481 1966 tuam

1901 1997 2108 2065 liquisti
2164 1998 2542 2051 altitudinem!
2597 2014 2630 2053 ο
2673 1999 2917 2055 Salvator
2976 2018 3187 2069 eorum,
3239 2019 3377 2072 quos
3425 2012 3509 2058 ut-

1907 2096 2261 2140 converteres
2309 2089 2447 2141 male
2500 2102 2530 2138 a
2580 2098 2631 2142 te
2678 2090 2997 2146 aberrantes
3041 2093 3354 2149 exinanitus
3382 2097 3479 2149 es!

1902 2194 1934 2232 o
1984 2193 2180 2231 recens
2211 2177 2404 2241 Ιιοιιιο,
2436 2188 2490 2231 et
2525 2177 2761 2234 Verbum
2795 2186 3156 2236 :eternitatem
3188 2199 3481 2251 superans,

1900 2279 2023 2323 esto
2067 2269 2161 2323 tibi
2201 2281 2253 2322 et
2297 2271 2459 2324 nobis
2507 2285 2608 2340 pro
2677 2274 2939 2327 natalitiis
2999 2274 3323 2330 muneribus
3372 2278 3484 2330 haac

1901 2360 2100 2415 oratio.
2126 2360 2287 2415 Refer
2321 2372 2375 2413 tu
2409 2362 2587 2425 nobis;
2623 2371 2680 2414 ut
2720 2364 2992 2431 gubernes
3031 2374 3082 2417 et
3110 2366 3483 2428 administres,

1912 2467 2016 2505 una
2048 2467 2171 2504 cum
2201 2454 2270 2506 iis
2302 2453 2501 2521 quibus
2541 2452 2907 2520 gubernacula
2957 2454 3255 2520 tradidisti,
3295 2455 3483 2510 mundi

1902 2546 2118 2605 navim,
2166 2554 2225 2597 ut
2272 2548 2374 2598 sub
2431 2553 2485 2597 te
2522 2547 2910 2612 gubernatore,
2961 2550 3274 2617 superiores
3331 2547 3483 2601 onmi

1904 2637 2167 2703 procella,
2196 2635 2600 2703 navigationem
2642 2649 2988 2703 peragamus,
3018 2651 3269 2692 cessante
3308 2639 3483 2691 unda-

1903 2742 2023 2781 rum
2050 2729 2098 2780 vi
2124 2768 2138 2787 ,
2173 2737 2227 2781 et
2259 2728 2313 2780 in
2346 2735 2523 2780 tutqu
2566 2726 2924 2782 deveniamus
2954 2739 3170 2797 portum
3200 2746 3213 2783 :
3260 2730 3350 2784 ubi
3389 2744 3487 2798 po-

1903 2818 2067 2882 sitos,
2100 2826 2154 2873 et
2186 2819 2585 2888 tranquillitate
2625 2819 2892 2882 fruentes,
2930 2822 3273 2875 abduxerunt
3315 2822 3487 2891 impe-

1906 2909 2049 2962 tuosi
2108 2917 2162 2961 et
2216 2910 2575 2965 vehementes
2619 2910 2788 2965 venti.
2822 2911 2942 2975 Quo
2973 2926 3072 2966 nos
3121 2911 3355 2965 devehas
3393 2927 3486 2979 ap-

1907 3000 2117 3067 pulsos,
2154 3009 2276 3067 post
2310 3000 2473 3069 hujus
2524 3002 2647 3054 vita:
2685 3002 3082 3068 traiectionem,
3122 3001 3403 3056 laudantes
3433 3009 3489 3056 et

1907 3090 2281 3159 glorificantes
2314 3102 2364 3145 te
2397 3094 2448 3145 in
2477 3094 2673 3146 saacula
2705 3094 3050 3148 saeculorum.
3082 3095 3276 3150 Amen.

1654 3219 1915 3277 ORATIO
1942 3224 2026 3279 Vl.

281 3317 348 3372 In
399 3317 599 3374 Christi
624 3317 978 3379 nativitatem,
1000 3303 1211 3386 ᾇῖιαιιάο
1236 3329 1300 3368 ex
1351 3314 1696 3394 immaculata
1730 3319 1861 3397 nube
1897 3328 2237 3397 transvectus
2265 3321 2321 3374 in
2348 3323 2536 3377 seniles
2566 3338 2777 3388 manus,
2824 3323 3131 3377 umbrarum
3163 3327 3413 3397 templum

1400 3388 1669 3453 ingressus
1705 3396 1781 3438 est
1819 3388 1911 3440 Sol
1942 3389 2130 3459 gloriw
2158 3392 2293 3456 (ll).

1357 3493 1379 3513 ν
1435 3496 1724 3568 (Μιιιιοει,
1762 3500 1866 3554 loc.
1902 3502 1998 3557 cit.
2034 3519 2087 3572 p.
2131 3504 2245 3572 72.)

278 3595 487 3670 Christi
548 3611 952 3667 solemnitatem
1008 3608 1343 3664 bonoramus
1377 3606 1513 3675 (ιε),
1548 3608 1641 3676 qui
1705 3608 1875 3672 ritcc
1914 3612 2170 3682 degitque
2226 3614 2329 3668 sub
2396 3615 2532 3685 lege,
2603 3624 2659 3669 ut
2716 3625 2772 3671 et
2840 3619 3155 3675 constitutis
3212 3622 3315 3675 sub
3365 3627 3484 3690 lege

204 3703 466 3759 omnibus
512 3701 860 3754 tribuendum
915 3698 1107 3753 statuit
1138 3697 1421 3751 honorem.
1457 3695 1661 3751 Christi
1710 3712 1802 3751 sa-

205 3811 365 3851 cram
390 3794 601 3863 agimus
632 3792 1023 3851 celebritatem,
1056 3802 1153 3859 per
1172 3805 1330 3856 quem
1353 3787 1594 3857 profante
1615 3803 1802 3843 sacro-

207 3901 336 3939 rum
361 3882 758 3939 celebrationes
786 3879 1072 3933 exstincta:
1093 3885 1242 3942 sunt,
1275 3887 1329 3930 et
1352 3886 1556 3932 sanctae
1579 3877 1793 3931 dierum

210 3974 478 4029 festorum
532 3970 948 4025 observationes
1009 3974 1234 4023 exortae.
1289 3966 1410 4031 Quo
1453 3966 1507 4019 in
1538 3967 1797 4034 spelunca

208 4075 361 4130 orto,
402 4072 461 4116 ut
494 4063 636 4126 luce,
672 4068 727 4116 et
762 4075 907 4114 nunc
930 4066 1255 4129 praesentem
1298 4059 1453 4113 nobis
1490 4058 1798 4113 illustrante

209 4154 381 4219 diem,
409 4154 513 4223 ipsi
547 4165 763 4221 quoque
832 4151 1204 4219 splendemus.
1264 4149 1481 4206 ltursns
1538 4152 1684 4205 enim
1724 4151 1792 4215 is,

213 4262 320 4315 per
373 4258 538 4314 quem
583 4241 962 4299 exsultationis
1013 4241 1197 4296 lumen
1248 4241 1655 4311 conspeximus,
1704 4241 1799 4311 qui

209 4337 268 4389 in
311 4334 553 4388 tenebris
613 4345 982 4385 mrumnarum
1033 4330 1380 4394 sedebamus,
1435 4330 1646 4398 profert
1710 4346 1795 4384 so.

209 4423 517 4479 lemnitatis
589 4422 974 4477 hilaritatem:
1035 4436 1145 4475 non
1193 4435 1227 4476 e
1289 4421 1547 4490 spelunca
1613 4421 1798 4476 radios

212 4515 555 4579 diffundens,
616 4514 711 4569 sed
772 4513 926 4582 quasi
987 4513 1131 4568 nube
1160 4520 1334 4567 matre
1390 4510 1612 4582 Virgine
1668 4529 1795 4566 vec-

215 4615 472 4667 tus;nec
534 4600 587 4654 in
635 4600 859 4671 pracscpi
911 4598 1120 4665 jacens,
1163 4598 1257 4654 sed
1319 4607 1599 4668 paternam
1661 4600 1793 4656 sub-

214 4695 337 4749 iens
398 4693 641 4747 domum.
715 4689 819 4755 Qui
884 4697 1109 4755 terram,
1179 4690 1420 4745 hominis
1487 4699 1792 4759 parentem,

212 4786 399 4842 Verbo
458 4785 786 4854 procreavit,
846 4782 1070 4838 Matrem
1122 4782 1228 4839 sibi
1292 4783 1498 4851 pridem
1561 4782 1790 4845 faciens,

211 4886 432 4933 natura:
470 4876 615 4945 leges
669 4875 982 4937 innovabat,
1025 4891 1056 4929 e
1082 4875 1243 4929 vulva
1292 4874 1642 4944 progrediens
1674 4877 1794 4931 sine

213 4964 454 5019 semine.
512 4960 670 5016 Nunc
723 4976 854 5017 vero
912 4963 1190 5016 communi
1243 4978 1430 5017 eorum
1479 4963 1594 5034 legc
1657 4979 1797 5033 quo-

211 5068 341 5106 rum
395 5068 426 5108 e
476 5053 686 5107 semine
749 5067 967 5107 carnem
1034 5054 1356 5122 assumpsit,
1411 5055 1504 5123 qui
1553 5070 1672 5121 eam
1739 5056 1793 5108 in

216 5145 354 5198 Sina
418 5143 689 5207 condidit,
748 5144 913 5199 veluti
972 5143 1186 5199 debitor
1225 5144 1480 5198 mandata
1527 5144 1648 5214 ejus
1696 5146 1798 5199 im-

214 5238 348 5305 plet,
374 5232 558 5289 Gloria
587 5233 771 5298 Israel,
802 5236 1041 5305 gentium
1076 5233 1303 5288 Lumen.
1340 5234 1542 5291 Omnes
1587 5244 1799 5306 gentes,

212 5326 463 5384 conferte
518 5326 756 5392 laudem,
793 5340 920 5381 cccc
978 5326 1120 5381 enim
1157 5326 1301 5381 Deus
1332 5324 1507 5381 factus
1539 5334 1624 5383 est
1659 5343 1796 5398 puer

1911 3720 2066 3771 opem
2123 3705 2302 3769 ferat,
2349 3706 2491 3776 quod
2544 3707 2618 3760 illi
2664 3708 2850 3762 deerat
2893 3712 3177 3779 suppleas,
3208 3720 3263 3767 et
3288 3714 3477 3766 viven-

1915 3794 2066 3846 tibus
2106 3792 2226 3848 sine
2287 3794 2403 3863 lege
2447 3796 2701 3863 gentibus
2736 3806 2895 3851 notas
2937 3798 3101 3853 faciat
3155 3815 3270 3854 suae
3330 3801 3489 3855 boni-

1912 3883 2041 3936 tatis
2097 3882 2338 3937 divitias.
2399 3883 2532 3936 Nam
2578 3885 2706 3952 quia
2757 3886 2841 3939 lex
2898 3886 2992 3941 Dei
3049 3888 3222 3957 digito
3273 3892 3480 3959 scripta

1913 3989 2018 4027 non
2086 3973 2300 4028 valebat
2361 3975 2629 4029 rationem
2694 3976 3059 4043 tletnrbatam,
3108 3980 3229 4046 ejus
3290 3995 3479 4049 opera,

1908 4062 2002 4127 qui
2051 4062 2228 4130 primo
2284 4060 2433 4114 illam
2499 4065 2681 4131 pravis
2730 4064 2963 4118 abduxit
3006 4067 3376 4130 suasionibus,
3418 4068 3487 4124 ad

1908 4150 2117 4221 frugem
2151 4152 2346 4205 bonam
2387 4152 2645 4208 reducere
2693 4169 2791 4208 nec
2824 4155 2969 4210 velut
3024 4171 3288 4228 organum
3363 4159 3489 4213 har-

1910 4241 2092 4296 monia
2151 4241 2498 4310 destitutum,
2573 4260 2671 4300 sua
2732 4248 2966 4316 propriis
3020 4258 3207 4317 aptare
3248 4264 3486 4305 concen-

1906 4334 2075 4397 tibus,
2113 4350 2213 4389 nec
2264 4336 2464 4391 docere
2515 4348 2575 4391 ut
2625 4353 2713 4391 res
2757 4354 2887 4395 suas
2949 4341 3085 4395 bene
3139 4342 3485 4411 disponeret:

1907 4423 2004 4479 sed
2032 4425 2174 4478 mala
2203 4425 2537 4481 deteriorum
2572 4429 2943 4484 additamento
2976 4434 3321 4497 crescebant,
3353 4450 3479 4487 eum

1906 4516 2040 4570 satis
2065 4531 2173 4570 non
2208 4525 2355 4573 esset
2403 4519 2563 4573 nobis
2613 4535 2777 4573 ausos
2836 4519 3006 4575 fuisse
3054 4524 3484 4585 contumaciam,

1907 4606 2000 4661 sed
2051 4620 2153 4659 una
2184 4622 2307 4661 cum
2365 4620 2636 4678 prteccpto
2678 4611 3056 4675 rejecisscmus
3083 4620 3137 4665 et
3166 4613 3481 4679 Dominum,

1907 4705 2103 4760 mente,
2154 4697 2328 4751 instar
2373 4697 2505 4765 pulli
2553 4699 2763 4751 frenum
2829 4700 3150 4765 inordeutis,
3195 4710 3251 4755 et
3286 4704 3489 4772 praeei-

1909 4785 2073 4853 pitem
2104 4802 2162 4841 se
2186 4788 2420 4856 agentis,
2455 4797 2566 4842 tota
2595 4800 2800 4845 ruente.
2829 4793 3094 4857 Quoniam
3128 4794 3290 4863 igitur
3324 4808 3488 4850 manu

1910 4874 2003 4930 Dei
2033 4878 2237 4947 scripta
2282 4879 2365 4933 lex
2392 4880 2466 4933 ita
2499 4882 2830 4949 prtecipitoeu
2868 4883 3126 4939 cohibere
3189 4902 3297 4939 non
3338 4895 3490 4955 pote-

1907 4975 2011 5028 rat,
2068 4968 2295 5037 ipsemet
2344 4971 2482 5040 legis
2514 4973 2769 5040 scriptor,
2845 4975 3302 5042 superessentiale
3355 4974 3487 5030 Ver-

1907 5057 2058 5120 bum,
2110 5075 2292 5113 rerum
2351 5063 2595 5117 omnium
2660 5064 2975 5132 productrix
3037 5065 3326 5134 sapientia,
3389 5081 3487 5136 per

1908 5162 2174 5207 eventura:
2232 5156 2652 5210 crassitudinem
2722 5167 2989 5211 creatura:
3054 5158 3278 5213 unitur:
3358 5174 3489 5213 eva-

1907 5238 2094 5309 ditque
2146 5242 2262 5311 ipse
2323 5245 2425 5307 lex,
2472 5256 2525 5300 et
2580 5247 2889 5315 praeceptio,
2942 5260 3039 5315 per
3104 5247 3345 5315 seipsum
3404 5248 3488 5300 in-

1904 5344 2231 5402 compositos
2284 5337 2584 5406 corrigens,
2642 5348 2691 5390 et
2757 5338 3094 5407 conspicitur
3150 5338 3467 5392 immutabi-

1745 5444 1979 5501 NO'UE.

289 5534 406 5601 (ll)
432 5534 578 5607 Hauc
600 5538 761 5607 etiam
785 5536 1092 5607 orationem
1119 5537 1222 5592 sub
1261 5535 1459 5592 Leonis
1492 5537 1788 5607 imperato-

219 5606 297 5659 ris
324 5605 544 5658 nomine
587 5606 848 5661 exhibent
878 5605 1065 5660 Graece
1098 5623 1228 5663 mss.
1263 5607 1482 5661 codices
1522 5605 1791 5670 Vaiticani,

216 5686 271 5735 et
311 5676 716 5737 Messanenses,
757 5690 968 5744 egoque
996 5677 1141 5729 illam
1167 5692 1233 5731 ex
1264 5675 1533 5732 Vaticano
1571 5678 1785 5742 codice,

222 5760 320 5813 per
369 5744 455 5798 Jo.
487 5744 1242 5818 _ltlatth:eum_Caryophiluni_
1272 5745 1633 5804 'lconiensem
1670 5750 1791 5818 cpi-

218 5812 452 5885 5copum
485 5812 775 5872 Latinitate
809 5812 1067 5872 donatam
1099 5816 1330 5872 exhibeo

1973 5545 2087 5615 (12)
2126 5546 2343 5601 Ιιιίιίιιιιι
2393 5547 2558 5616 hujus
2636 5548 2873 5603 homili.e
2932 5551 3186 5605 convenit
3238 5565 3361 5603 cum
3417 5566 3481 5606 ea

1898 5631 2020 5688 qua:
2075 5618 2163 5669 hic:
2213 5625 2405 5688 quarta
2454 5619 2597 5672 edita
2659 5628 2766 5673 est.
2814 5620 2919 5674 δρα
2975 5628 3093 5688 post
3141 5621 3353 5674 initium
3411 5636 3478 5675 ex

1900 5686 2009 5757 alio
2060 5696 2207 5757 textu
2280 5686 2468 5741 Grmco
2518 5690 2781 5741 translata
2805 5700 2907 5753 est,
2949 5686 3001 5744 ct
3051 5690 3171 5757 ideo
3221 5705 3340 5742 eam
3393 5689 3482 5757 hic

1900 5756 2063 5812 etiam
2112 5755 2377 5812 edendam
2423 5772 2548 5812 csse
2577 5761 2894 5814 censuimus
2974 5758 3129 5815 Emr.
3162 5756 3333 5814 Pun.
