4224 6444
744 423 809 486 51
1994 427 2270 488 LEOle
2311 429 2767 492 PHILOSOPHI
3941 427 4013 491 52

741 537 808 593 lis
870 535 1040 606 figura
1120 537 1294 591 Patris
1361 539 1463 591 sub
1528 537 1906 593 nmiabilitatis
1972 542 2171 609 specie,
2236 541 2308 593 tit-
2345 542 2626 601 Ationem
2663 555 2788 596 cum
2822 556 2943 597 sese
2970 540 3271 596 omnibus?
3326 538 3561 595 Deorum
3605 552 3827 607 quoque
3880 551 4012 605 pro-

740 643 845 695 que
898 625 1045 681 Patri
1093 644 1156 680 ac
1196 628 1351 681 nobis
1385 638 1690 697 sequester,
1720 630 1904 684 soluto
1962 634 2166 701 pariete
2222 632 2309 684 itt-

740 720 1022 788 terposito.
1070 718 1145 773 Ne
1189 719 1421 787 desipiat
1472 721 1661 775 insana
1718 731 1896 776 mente
1931 720 2172 782 Judaeus.
2210 738 2308 777 nec

738 814 881 865 diem
940 820 1245 873 aversetur,
1290 820 1347 865 ut
1406 814 1707 880 noctivaga:
1761 814 1941 867 solent
1977 815 2308 878 animantes,

740 901 833 953 sed
892 900 1067 952 oculis
1113 901 1282 952 livore
1337 916 1440 952 non
1498 900 1810 967 deplavatis
1883 901 2078 954 divinae
2133 902 2312 955 incar-

741 987 977 1038 nationis
1030 986 1293 1052 fulgoront
1341 986 1595 1052 inspiciat
1651 987 1703 1039 iit
1740 988 1804 1039 iis
1837 1003 1957 1055 qua!
1985 996 2112 1043 sunt
2146 1003 2312 1056 penes

738 1076 941 1143 ipsum.
992 1074 1102 1129 Nec
1153 1074 1369 1143 gentilis
1407 1076 1691 1128 veritatem
1748 1075 2015 1139 derideat,
2067 1078 2159 1145 qui
2207 1087 2316 1130 tur-

742 1167 1033 1235 pitudinem
1075 1180 1230 1218 suam
1264 1166 1467 1219 deitate
1516 1165 1703 1229 donat,
1740 1168 1967 1234 risuque
2004 1167 2168 1234 digna
2206 1169 2308 1222 Ito-

739 1266 917 1319 norat,
970 1265 1022 1309 et
1067 1256 1321 1320 fabulas;
1385 1258 1477 1325 qui
1536 1258 1639 1311 sibi
1694 1257 1920 1311 deorum
1992 1259 2183 1314 turbas
2244 1277 2307 1313 ex

739 1348 889 1413 pravi
948 1346 1116 1399 animi
1177 1345 1462 1400 affectibus
1519 1346 1741 1399 conficit.
1799 1355 1853 1400 et
1906 1346 2139 1401 nefanda
2210 1364 2307 1402 eo-

738 1454 855 1491 rum
915 1450 1065 1507 gesta
1115 1448 1437 1500 veneratur;
1494 1446 1547 1492 et
1601 1439 1843 1493 celebrat
1879 1456 2001 1509 quae
2053 1443 2163 1494 alto
2220 1457 2308 1495 se-

736 1529 982 1596 pelienda
1044 1528 1220 1580 forent
1288 1528 1543 1592 silentio;
1605 1535 1678 1589 et,
1749 1536 1809 1581 ut
1869 1529 2046 1583 verbis
2116 1544 2305 1583 eorum

738 1628 880 1681 utar,
937 1619 1089 1688 galea
1152 1616 1422 1681 Plutonis,
1467 1626 1521 1671 et
1561 1618 1857 1671 inferorum
1891 1619 2128 1671 tenebris
2185 1633 2312 1672 con-

735 1709 1001 1777 tegenda-
1046 1708 1148 1773 Qui
1209 1723 1315 1761 non
1376 1709 1550 1761 solum
1615 1712 1850 1759 humana
1948 1708 2152 1775 specie,
2210 1711 2305 1762 sed

736 1802 897 1851 liotttn
969 1814 1226 1867 quoque,
1282 1806 1336 1850 et
1419 1798 1725 1859 volucrum,
1784 1806 1837 1851 et
1902 1797 2310 1867 delphinorum,

734 1890 1074 1958 a'iarntnque
1125 1888 1425 1943 belluarttm
1469 1889 1609 1942 inter
1644 1888 1895 1944 homines
1929 1899 2204 1943 Versatum
2236 1906 2325 1942 ar-

734 1984 965 2036 bitratur
994 1982 1184 2043 Deum,
1218 1988 1271 2034 et
1298 1981 1581 2033 amatoriis
1608 1980 1813 2034 aculeis
1856 1981 1908 2031 in
1944 1980 2127 2033 omnia
2181 1980 2313 2035 deos

738 2082 999 2127 mutatos.
1058 2074 1213 2125 Modo
1260 2073 1460 2139 quippe
1508 2071 1815 2138 Neptunus,
1842 2080 1899 2124 ut
1926 2086 2048 2125 cunt
2098 2070 2319 2125 adoles-

734 2166 951 2218 centulo
1007 2164 1159 2217 ludat
1216 2164 1280 2215 ad
1328 2163 1493 2214 maris
1535 2163 1685 2216 littus
1750 2162 2065 2230 delphinum
2124 2162 2316 2224 induit,

733 2270 784 2312 et
839 2272 963 2309 cum
1035 2257 1245 2309 amasio
1307 2264 1479 2317 natat,
1546 2255 1839 2322 sinumque
1896 2253 2049 2320 pueri
2112 2254 2316 2307 sensim

733 2350 1026 2417 ohrepens,
1096 2348 1425 2413 trahensque
1492 2346 1545 2399 itt
1603 2346 1957 2414 profundum,
2005 2346 2206 2413 perdit,
2266 2354 2323 2399 et

738 2443 962 2494 obsceni
1021 2441 1227 2493 amoris
1260 2440 1460 2491 donum
1504 2438 1597 2490 dat
1652 2452 1914 2502 mortem;
1947 2436 2145 2490 deittde
2169 2452 2320 2489 ama-

735 2540 820 2585 tor
882 2547 978 2600 pro
1041 2530 1239 2584 acerbo
1294 2544 1541 2593 munere,
1607 2528 1877 2596 lacryntas
1937 2527 2098 2583 offert
2142 2528 2317 2581 funeri

735 2628 968 2689 amplas,
1042 2622 1333 2676 Nereidum
1390 2623 1610 2691 planctu
1645 2620 1960 2675 defunctum
2014 2620 2317 2685 honoratis,

734 2726 789 2769 et
844 2716 912 2769 ob
943 2716 1214 2783 ingentem
1272 2714 1437 2766 animi
1498 2728 1813 2775 niterorem,
1874 2714 2041 2765 maris
2095 2714 2324 2766 admini-

736 2802 1062 2855 strationem
1121 2799 1408 2867 abjiciens,
1476 2816 1577 2853 nec
1622 2800 1691 2853 ob
1722 2799 1929 2853 factum
1982 2804 2171 2857 uxoris
2222 2802 2319 2858 l’e-

736 2893 803 2946 lci
855 2894 1062 2961 pudore
1106 2894 1391 2953 suffusus,
1458 2893 1572 2960 ipse
1627 2893 1992 2947 etfeminatior
2047 2908 2171 2946 cum
2231 2896 2318 2949 illa

737 2987 956 3040 modico
1010 2985 1134 3038 ﬂetu
1196 2984 1368 3036 filiuni
1422 2984 1821 3053 deploraverit,
1883 2992 1937 3035 ct
1993 2984 2179 3038 dolere
2232 2988 2320 3039 de-

736 3075 908 3130 sierit.
953 3075 1015 3127 Et
1047 3076 1157 3128 hinc
1188 3075 1404 3142 quidem
1442 3071 1742 3141 Neptunus.
1810 3074 1964 3127 Modo
1995 3089 2120 3127 vero
2183 3074 2323 3129 Μαι·-

2424 632 2655 703 genitor,
2706 647 2736 685 a
2790 648 2901 702 quo
2958 633 3052 686 filii
3112 640 3242 685 sunt
3296 630 3437 685 male
3487 630 3683 690 habiti,
3713 637 3769 682 et
3821 629 3914 695 qtti
3975 642 4004 678 a

2425 736 2523 775 sua
2563 722 2752 777 sobole
2783 722 2923 777 male
2960 729 3046 777 est
3088 720 3329 787 habitus,
3370 720 3651 790 quomodo
3684 734 3791 771 non
3861 718 4008 787 pati-

2424 814 2563 867 tur?
2603 813 2882 882 quomodo
2947 812 3054 866 Deo
3096 811 3258 881 digna
3298 826 3405 864 non
3451 809 3602 880 agit?
3651 807 3763 861 lloc
3814 818 4000 860 autem

2425 917 2531 972 qua
2594 902 2806 955 ratione
2853 899 2943 953 Dei
2992 899 3338 967 majestatem
3390 910 3500 949 non
3544 894 3767 957 indicet,
3807 903 3857 947 et
3890 907 4007 945 ma-

2424 990 2651 1061 gniﬁcas
2707 1005 2813 1042 non
2869 991 3169 1042 constituat
3217 987 3619 1048 soleutnitates,
3681 997 3804 1051 quze
3859 983 4007 1049 apud

2425 1082 2573 1150 ipsos
2625 1083 2786 1135 talem
2846 1081 3045 1134 habent
3094 1079 3400 1147 originem?
3449 1077 3603 1131 Jovis
3661 1083 3785 1144 post
3843 1073 4007 1126 Iaho-

2421 1191 2533 1231 rem
2602 1189 2793 1243 pugna:
2860 1186 2986 1225 eum
3033 1171 3349 1241 gigantibus
3428 1169 3497 1223 ad
3551 1175 3759 1237 petram
3827 1163 4008 1217 Vene-

2421 1281 2573 1320 reunt
2602 1267 2899 1326 somnium,
2949 1277 3110 1330 quam
3160 1276 3328 1330 prope
3357 1259 3751 1319 obdormicrat,
3794 1266 3849 1311 et
3884 1270 4013 1323 qua:

2420 1358 2496 1411 illi
2561 1357 2778 1426 igneum
2847 1358 3135 1425 progenuit
3165 1356 3352 1407 deum.

2492 1445 2600 1501 Sed
2642 1446 2709 1499 de
2758 1445 2921 1500 rebus
2965 1446 3305 1514 turpissimis
3348 1444 3507 1497 satis.
3560 1439 3794 1495 Valeant
3855 1439 4008 1492 enim

2419 1534 2654 1605 gentiles
2688 1540 2930 1587 monstra
2964 1533 3077 1585 haec
3130 1532 3530 1599 contingentes,
3566 1536 3623 1581 et
3670 1526 4009 1597 ignominia-

2430 1640 2552 1678 rum
2588 1624 2821 1685 honore,
2852 1634 2964 1676 tunt
2997 1621 3301 1675 foeditatem
3348 1633 3542 1673 eorum
3576 1633 3720 1687 quos
3749 1632 3779 1669 a
3814 1631 3873 1671 se
3906 1614 4012 1669 ho.

2426 1717 2614 1771 norari
2648 1717 2940 1785 putabant.
2974 1722 3088 1766 tum
3118 1727 3273 1767 suam
3307 1709 3684 1779 insipientiam
3714 1708 4012 1777 divulgan-

2429 1818 2529 1870 tes,
2562 1818 2615 1862 et
2643 1822 2740 1876 per
2764 1808 2992 1858 deorum
3024 1804 3433 1857 multitudinem
3466 1802 3521 1855 in
3556 1799 3647 1855 Dei
3684 1798 4011 1867 abnegatic»

2431 1916 2553 1952 nem
2615 1899 2990 1968 prolabentcs.
3050 1893 3222 1949 Nobis
3268 1903 3450 1947 autem
3507 1906 3648 1946 unus
3699 1900 3784 1945 est
3838 1889 4007 1949 Deus,

2430 1980 2611 2053 Pater,
2667 1989 2861 2051 Filius,
2896 1996 2950 2042 et
2996 1986 3239 2055 Spiritus
3294 1994 3545 2046 sanctus,
3580 1998 3686 2035 non
3733 1980 4012 2050 adaptatis

2430 2086 2521 2139 ιιιιὶ
2559 2098 2805 2153 persona:
2832 2081 3174 2144 nominibus,
3214 2079 3309 2133 sed
3342 2078 3591 2145 personis
3623 2077 3802 2129 tribus
3838 2084 4010 2128 ttattt-

2431 2190 2506 2229 rze
2535 2176 2744 2229 unitate
2772 2172 3109 2239 conjunctis.
3139 2172 3307 2224 Abeat
3340 2172 3391 2224 iit
3419 2170 3615 2222 malam
3648 2181 3867 2222 crucem
3905 2167 4010 2218 litt-

2419 2266 2511 2333 jus
2541 2263 2715 2319 delirii
2746 2273 2957 2323 auctor,
2998 2262 3091 2327 qui
3135 2260 3310 2313 tribus
3352 2258 3810 2328 appellationibus
3838 2270 4006 2308 unam

2427 2356 2679 2407 immutat
2706 2365 3032 2421 personam;
3063 2352 3143 2402 vel
3172 2350 3302 2402 illttd
3328 2348 3580 2417 stupidus
3613 2361 3720 2400 non
3755 2345 4010 2398 animad-

2426 2456 2663 2509 vertens,
2705 2443 2853 2512 quod
2880 2442 3009 2495 dum
3038 2456 3200 2494 uitaui
3233 2454 3527 2509 personam
3571 2439 3845 2491 honorare
3891 2439 4011 2489 vult

2429 2536 2875 2597 hisnominihus,
2920 2548 3029 2587 non
3080 2534 3211 2586 sinit
3255 2547 3321 2586 eo
3361 2531 3580 2584 nomine
3625 2530 3771 2583 illam
3818 2527 4006 2580 vocari

2426 2631 2571 2701 quod
2623 2627 2727 2696 ipsi
2777 2627 3057 2695 imposuit,
3111 2638 3212 2679 nec
3274 2624 3509 2693 positum
3576 2634 3698 2675 esse
3740 2618 4011 2687 permittit

2428 2719 2573 2792 quod
2604 2717 2831 2781 indidit;
2866 2717 2911 2770 si
2944 2730 3069 2769 vere
3099 2713 3275 2784 posita
3327 2722 3478 2775 sunt,
3528 2727 3647 2781 quae
3696 2710 4009 2766 successio-

2432 2828 2552 2867 nem
2592 2824 2701 2863 non
2743 2808 3075 2869 admittunt,
3114 2805 3394 2874 quomodo
3437 2803 3605 2873 igitur
3651 2803 3795 2856 illam
3846 2816 4009 2856 suam

2429 2914 2717 2972 personam
2742 2896 2957 2951 vocabit
2990 2895 3223 2963 Patrem,
3258 2894 3305 2949 si
3346 2894 3459 2948 haec
3503 2892 3792 2960 appellatio
3824 2899 4012 2944 trans-

2429 2994 2471 3046 it
2498 2993 2552 3045 in
2601 2989 2723 3044 Filii
2758 2985 3223 3057 appellationem?
3262 2992 3321 3037 ut
3352 2999 3459 3037 non
3489 2982 3653 3037 modo
3686 2981 3862 3034 dicam
3892 2996 4014 3033 om-

2431 3084 2562 3138 nino
2604 3090 2812 3150 patrem
2854 3078 2965 3132 diei
3002 3090 3109 3129 non
3136 3090 3323 3144 posse,
3358 3075 3461 3128 nisi
3505 3074 3578 3129 sit
3622 3072 3861 3153 alicujus
3908 3086 4012 3138 pa-

736 3165 924 3219 curitis
978 3177 1039 3217 ιιι
1087 3165 1408 3217 muliercula
1468 3173 1726 3232 pascente
1772 3165 2061 3234 potiretur,
2107 3166 2393 3237 jumen-C
2427 3173 2548 3228 ter?
2598 3170 2885 3237 Quomodo
2932 3168 3094 3221 etiam
3143 3167 3359 3221 vocabit
3400 3165 3623 3218 Filium.
3672 3165 3762 3233 qui
3810 3161 3926 3217 abit
3956 3163 4011 3215 in

737 3267 851 3312 tum
907 3260 986 3323 tit,
1039 3266 1092 3311 et
1146 3259 1400 3312 saltando
1461 3258 1683 3309 Dionem
1726 3258 1985 3321 oblectat,
2035 3267 2091 3313 et
2146 3258 2324 3329 fugam

737 3350 979 3411 simulat,
1031 3357 1083 3403 et
1114 3364 1141 3401 a
1174 3357 1432 3402 currente
1490 3350 1668 3417 puella
1715 3351 1952 3418 capitur,
1985 3358 2040 3404 et
2094 3351 2147 3404 in
2202 3350 2333 3403 dor-

737 3455 856 3493 sum
915 3440 1248 3493 insilientem
1310 3439 1516 3506 exeipit
1569 3440 1643 3503 (et
1706 3439 1975 3507 reliquam
2035 3440 2332 3508 turpitudi-

740 3546 862 3584 nem
896 3531 1114 3583 sileutio
1137 3522 1539 3595 transibimus),
1572 3530 1832 3583 nimirum
1866 3531 2112 3585 imitatus
2138 3532 2329 3586 bovem

739 3620 913 3683 lllttm,
964 3621 1222 3685 deorum,
1277 3620 1598 3690 principem,
1631 3621 1789 3687 cujus
1832 3629 1982 3687 tergo
2013 3622 2221 3689 Europa
2257 3623 2326 3676 itt-

740 3714 896 3768 sedit.
939 3713 1133 3768 Annon
1195 3722 1355 3766 erant
1407 3712 1684 3766 finditales
1728 3712 1846 3765 ista:
1903 3712 1955 3766 in
2013 3712 2324 3768 divinitatis

738 3804 1049 3871 opinionem
1085 3801 1395 3865 efferendzc,
1445 3803 1901 3871 sentiendumque
1929 3804 1997 3856 de
2047 3804 2179 3867 illis,
2239 3816 2327 3855 ut~

752 3902 874 3962 pote
899 3895 1028 3959 diis,
1056 3895 1255 3963 quibus
1280 3902 1485 3947 tantam
1514 3895 1908 3963 turpitudincnt
1942 3896 2330 3951 testificantur?

743 3985 942 4040 Verum
980 3986 1094 4039 hcce
1134 3986 1349 4052 quidem
1380 3985 1740 4038 abominanda
1781 3996 1940 4051 sunt;
1973 3996 2166 4041 cetera
2199 3988 2329 4055 qttid

741 4078 955 4130 honesti
991 4076 1214 4129 habent?
1242 4075 1521 4141 Quomodo
1553 4075 1680 4129 illitd
1739 4091 1844 4130 non
1897 4077 2176 4146 dignitatis
2212 4077 2330 4147 ple-

744 4170 899 4221 nunt?
962 4169 1153 4237 Apollo
1188 4170 1394 4221 deflens
1418 4178 1533 4221 tttttt
1587 4168 1729 4237 quod
1782 4169 1982 4237 puella,
2028 4184 2192 4238 quam
2237 4170 2335 4225 dc-

745 4261 977 4325 peribat,
1045 4259 1230 4328 elapsa
1294 4268 1439 4314 esset
1493 4274 1522 4312 e
1554 4259 1830 4321 manibus,
1862 4266 1975 4311 ttnu
2041 4261 2185 4329 quod
2236 4261 2325 4330 ju-

744 4366 932 4402 venem
990 4348 1282 4404 infeliciter
1324 4366 1353 4402 a
1395 4366 1454 4404 se
1496 4359 1735 4403 amatum
1791 4348 1943 4403 disco
1998 4352 2318 4414 occidisset,

744 4443 907 4511 idque
941 4442 1045 4495 sibi
1076 4458 1140 4496 ex
1192 4442 1336 4497 foedo
1372 4443 1713 4511 provenisset.
1772 4457 1976 4507 amore,
2005 4451 2063 4495 ttt
2094 4445 2231 4498 male
2279 4442 2326 4498 is

2435 3264 2743 3336 Spiritum?
2780 3261 2933 3316 Unus
2972 3274 3104 3329 ergo
3132 3268 3219 3313 est
3249 3258 3412 3312 nobis
3444 3257 3585 3310 Dens
3638 3257 3691 3309 iu
3734 3254 4013 3309 Trinitate

2435 3369 2815 3424 personarum,
2864 3353 2937 3405 ita
2974 3360 3032 3405 ut
3070 3365 3248 3419 neque
3294 3349 3364 3403 ob
3398 3350 3699 3403 ternarium
3734 3346 4015 3399 dividatur

2431 3450 2774 3503 diversarum
2805 3450 3128 3496 naturarum
3164 3438 3505 3494 sectionibus
3539 3436 3765 3490 Deitatis
3805 3436 4013 3498 unitas,

2435 3555 2533 3594 nec
2581 3540 2653 3591 ob
2706 3545 2910 3590 naturae
2959 3534 3222 3587 unitatem
3266 3527 3675 3586 confundantur
3728 3540 4015 3597 personae;

2434 3630 2527 3684 sed
2573 3629 2675 3681 tria
2712 3638 2931 3694 semper
2977 3623 3105 3684 sint,
3156 3619 3296 3674 Filio
3349 3633 3691 3688 nequaquam
3720 3632 3789 3674 ex
3839 3618 4016 3670 nihilo

2434 3728 2765 3790 emergente,
2826 3732 2952 3771 nam
2983 3724 3037 3769 et
3058 3713 3221 3768 Pater
3244 3728 3307 3767 ex
3346 3712 3517 3766 nihilo
3539 3719 3880 3780 emergeret;
3911 3724 4014 3764 nec

2432 3814 2596 3868 etiam
2626 3808 2857 3879 Spiritu,
2894 3823 2961 3862 ne
2987 3808 3238 3861 videatur
3266 3802 3621 3872 imperfectus
3646 3808 3807 3854 antea
3845 3799 4013 3864 Deus,

2435 3912 2621 3973 postea
2653 3901 2903 3957 defectus
2927 3898 3237 3967 deponere;
3265 3894 3358 3950 sed
3391 3907 3498 3947 una
3520 3907 3647 3947 eum
3678 3890 4017 3961 productore

2435 3994 2597 4049 Patre
2633 3994 2744 4048 sint
2781 4002 2829 4045 et
2865 4004 2929 4044 ea
2976 4002 3097 4057 quae
3146 3986 3546 4056 producuntur,
3580 3981 3740 4037 Patre
3768 3982 4015 4053 quidem,

2432 4092 2487 4140 et
2522 4082 2730 4153 Spiritu
2779 4096 2876 4135 sua
2926 4078 2981 4132 in
3031 4076 3384 4144 simplicitate
3436 4072 3809 4137 manentibus,
3874 4072 4019 4126 Filio

2436 4188 2619 4230 autem
2697 4178 3012 4226 assumente
3076 4176 3319 4220 nostram
3378 4172 3654 4219 naturam.
3710 4160 4015 4239 Oportebat

2432 4268 2601 4328 enim,
2646 4273 2936 4334 postquam
2995 4259 3104 4314 Deo
3147 4256 3373 4326 placuit,
3420 4270 3514 4322 per
3555 4253 3768 4309 viscera
3798 4252 4021 4306 miseri-

2432 4360 2652 4418 cordite,
2706 4371 2829 4408 cunt
2879 4361 3064 4405 nostra
3114 4349 3310 4407 forma,
3358 4346 3589 4399 rationis
3642 4355 3862 4405 nostrae,
3892 4358 4021 4413 qua:

2430 4447 2754 4506 defluxerat,
2786 4441 3123 4495 nobilitatem
3151 4436 3218 4489 ad
3255 4451 3312 4490 se
3337 4449 3617 4497 revocare,
3652 4431 3849 4487 Filium
3890 4448 4022 4487 esse

742 4536 907 4588 vitam
940 4534 1209 4603 perderet,
1243 4535 1652 4603 ignorassetque
1708 4532 1946 4590 Phoebus
1976 4535 2119 4603 quod
2145 4550 2209 4589 ex
2244 4535 2328 4588 lu-
2365 4525 2405 4577 υ
2434 4540 2526 4607 qui
2561 4539 2663 4591 hoc
2707 4541 3011 4605 prmstaret,
3057 4545 3165 4584 non
3196 4529 3359 4582 modo
3400 4528 3529 4597 quia
3570 4541 3800 4581 manens
3831 4526 3886 4579 in
3925 4540 4015 4588 eo,

742 4627 813 4680 tlo
850 4632 1172 4678 eventurum
1197 4633 1336 4685 erat,
1369 4639 1491 4677 cum
1522 4632 1699 4678 tamen
1732 4624 1944 4678 sederet
1978 4624 2102 4677 aliis
2142 4622 2324 4677 futura

744 4715 1064 4785 pnetlicens.
1101 4714 1235 4768 Illud
1273 4729 1399 4769 vero
1421 4715 1575 4783 plene
1602 4714 1877 4781 quomodo
1908 4730 2014 4767 non
2037 4712 2329 4768 divinum?

744 4807 970 4861 Coclites
1019 4808 1181 4861 simul
1211 4822 1403 4860 omnes
1456 4806 1507 4859 in
1547 4804 1843 4874 {Egyptutn
1891 4805 2100 4874 fugere,
2160 4806 2327 4875 inque

745 4899 1048 4953 belluarutn
1121 4898 1325 4953 formas
1399 4898 1589 4951 mutati
1648 4897 1791 4966 quod
1860 4897 2156 4951 terribilem
2216 4894 2325 4968 Ty-

746 4992 966 5059 plimuni
996 4990 1267 5045 sustinere
1302 5004 1411 5043 non
1462 4999 1703 5060 possent,
1741 4989 1836 5058 qui
1877 5004 2052 5057 nuper
2079 4988 2328 5057 gigantco

743 5083 1012 5151 sanguine
1072 5093 1226 5137 ortus
1279 5082 1503 5135 deorum
1564 5067 1773 5136 turmas
1835 5084 1983 5135 solus
2042 5082 2094 5134 in
2141 5081 2323 5151 fugam

745 5174 1029 5229 vertebat?
1091 5172 1223 5225 lllttd
1286 5188 1452 5243 porro
1510 5172 1739 5227 Veneris
1790 5189 1914 5227 cunt
1958 5171 2128 5226 Marte
2172 5171 2325 5224 adul-

746 5266 967 5330 terium,
1005 5274 1058 5318 et
1098 5279 1293 5318 rursus
1346 5279 1473 5318 cum
1508 5264 1755 5317 Adonide
1790 5263 2140 5326 concubitus,
2167 5279 2326 5332 quem

742 5357 903 5409 etiam
963 5356 1078 5425 apri
1138 5357 1244 5410 ictu
1313 5364 1562 5410 necatum
1613 5340 1896 5409 amatoriis
1960 5355 2101 5408 lavat
2162 5355 2329 5423 lacry-

743 5449 888 5503 niis?
948 5449 1085 5514 Qttid
1148 5449 1507 5503 Junoectelo
1579 5454 1842 5517 pendens,
1904 5462 2063 5517 quam
2116 5446 2329 5515 Jupiter

743 5539 968 5605 coniux,
1041 5539 1169 5607 quia
1223 5547 1442 5607 propter
1501 5536 1787 5592 llerculent
1848 5537 2116 5607 zelotypia
2176 5538 2316 5589 labo-

745 5630 928 5691 rabat,
978 5630 1127 5698 gravi
1182 5638 1375 5683 catena
1427 5628 1756 5698 suspendit?
1808 5628 1913 5683 Sed
1964 5628 2055 5682 tibi
2104 5643 2333 5696 repone-

744 5732 869 5773 ntus
926 5734 1047 5786 eas,
1082 5737 1202 5790 qua:
1253 5736 1379 5775 cum
1412 5720 1549 5776 artis
1603 5721 1801 5775 annulo
1842 5718 2171 5790 Thamyridc
2218 5735 2330 5773 cer-

748 5821 947 5871 tantes.
1008 5818 1286 5882 [incutiunt
1355 5812 1673 5869 certaminis
1723 5826 2060 5881 proposuere
2115 5820 2323 5867 scorta-

2431 4630 2573 4699 quod
2610 4637 2873 4682 mtermtm
2925 4624 3137 4686 habuit,
3170 4623 3375 4676 nullam
3418 4627 3537 4674 erat
3580 4632 3807 4673 suorum
3840 4616 4019 4671 factu-

2431 4736 2524 4776 rus
2550 4720 2857 4789 iacturam;
2902 4714 2995 4771 sed
3026 4716 3153 4784 quia
3181 4715 3343 4769 etiam
3377 4709 3537 4765 Verbi
3571 4717 3694 4765 erat
3731 4722 4020 4763 removere

2432 4830 2460 4866 a
2520 4811 2679 4867 nobis
2726 4826 2819 4879 per
2874 4824 3035 4861 suum
3084 4802 3474 4861 commercium
3526 4809 3731 4855 nostra:
3780 4798 4018 4853 rationis

2430 4904 2780 4959 detrimenta.
2832 4897 3040 4954 Idcirco
3105 4898 3195 4968 qui
3255 4896 3453 4951 sarcula
3509 4891 3780 4954 condidit,
3844 4889 4018 4944 sumit

2431 4995 2650 5049 initium
2681 4992 2991 5047 mternitate
3027 4999 3325 5059 posterius,
3376 4995 3431 5040 et
3458 4982 3813 5039 immaCuIato
3846 4994 4017 5049 puer-

2432 5086 2585 5155 perio
2617 5098 2788 5136 meam
2839 5079 3275 5153 procreationem
3315 5082 3570 5139 honorat;
3613 5081 3669 5127 et
3692 5071 3834 5142 quod
3872 5070 4020 5124 cele-

2431 5178 2657 5231 bramus
2707 5174 2891 5237 hodie,
2944 5188 3112 5226 carne
3148 5170 3375 5225 offertur
3417 5168 3471 5220 in
3500 5164 3723 5233 templo,
3764 5177 3849 5215 me
3888 5176 4021 5214 san-

2431 5266 2680 5321 ctiticans
2708 5264 2774 5318 de
2820 5262 3050 5332 profano
3092 5270 3146 5317 et
3199 5262 3414 5327 impuro
3456 5252 3752 5324 impietatis
3799 5250 4020 5304 vivendi

2433 5358 2706 5411 instituto.
2745 5354 2858 5409 lloe
2887 5364 2992 5415 est,
3048 5353 3194 5421 quod
3234 5350 3516 5417 hodiepcr
3545 5344 4020 5414 dispen'ationem

2430 5448 2613 5512 efficit,
2654 5448 2745 5517 qui
2786 5462 2883 5515 pro
2916 5446 3072 5499 nobis
3120 5444 3298 5497 factus
3344 5449 3430 5495 est
3475 5437 3683 5492 infans.
3717 5435 3829 5489 Hoc
3862 5433 4016 5487 cele-

2434 5540 2683 5604 bramus,
2733 5538 3065 5594 oblationem
3119 5535 3172 5587 in
3221 5533 3425 5603 templo
3465 5530 3717 5589 infantis,
3780 5529 3869 5581 cui
3915 5526 4024 5579 lin-

2434 5645 2664 5700 guarum
2697 5630 2979 5699 igncarum
3006 5626 3235 5681 offertur
3258 5625 3399 5677 lates.
3437 5621 3574 5688 Quis
3609 5636 3719 5675 non
3757 5618 4027 5673 horreat?

2437 5723 2577 5787 Quis
2614 5737 2721 5774 non
2749 5721 3148 5790 Obstupescat?
3174 5718 3309 5782 Quis
3340 5731 3445 5770 non
3477 5724 3602 5785 agat
3638 5712 3885 5783 gratias?
3912 5708 4022 5775 Qui

2448 5814 2630 5868 omnia
2657 5811 2861 5876 perﬁcit
2899 5818 2956 5863 tit
2982 5808 3144 5871 Deus,
3194 5804 3525 5876 imperfectae
3550 5802 3863 5858 mortalium
3891 5807 4027 5855 tcta-
