4224 6444
171 420 235 477 fit
976 414 1265 473 ORATIO
1304 415 1497 473 11-
1530 412 1608 472 IN
1647 410 1953 472 CHRISTI
2003 406 2521 469 NATIVITATEM
2556 404 2672 465 Ill.
3381 398 3450 463 54

172 530 237 581 Iis
290 525 619 582 formatione
676 538 877 594 parvus
905 525 1272 593 conspicitur.
1316 523 1417 587 Qui
1458 536 1753 576 couscssor
1786 528 1828 583 Α
1865 527 1917 573 et
1949 518 2237 580 formatus,
2286 517 2464 584 majus
2507 513 2639 583 quid
2665 518 2748 565 est
2798 517 2852 565 et
2884 507 3287 563 admirabilius.
3338 507 3450 565 lloc

168 626 248 673 est
284 616 463 679 Patri.
516 616 781 671 maternis
821 623 1065 684 gestator
1112 614 1386 666 manibus.
1449 613 1564 675 llle,
1599 613 1757 679 cujus

170 711 336 765 verbo
387 718 580 763 vocata
638 708 843 776 prodiit
887 708 1001 772 lux,
1049 706 1303 780 obtutus
1354 705 1586 773 caligine
1635 704 1761 757 vitae

172 811 374 854 nostr.»
406 799 777 869 progreditur.
818 796 1052 853 Obscuri
1098 798 1340 865 gentium
1387 796 1531 850 oculi
1561 794 1760 848 sedcu-

172 894 307 943 tium
344 890 400 943 in
456 888 745 943 tenebrosa
779 887 971 940 mortis
999 893 1182 945 ItOctc,
1223 884 1634 948 illumiuamini,
1672 884 1760 937 lu-

171 981 358 1036 cidum
418 982 542 1035 vita:
592 981 738 1033 diem
779 980 1221 1049 conspicientes;
1274 977 1508 1031 sublatae
1559 978 1763 1031 etenim

171 1084 304 1128 sunt
356 1074 683 1143 iguoraqtim
734 1073 995 1135 tenebrae,
1044 1072 1249 1139 quibus
1277 1071 1440 1124 divisi
1466 1087 1497 1126 a
1531 1071 1641 1125 Deo
1672 1071 1766 1126 de-

173 1165 534 1219 tinebamur:
582 1165 824 1233 scipsum
883 1165 950 1217 ad
1007 1164 1111 1217 hoc
1166 1172 1520 1231 permovente
1572 1177 1768 1231 magno

173 1258 686 1313 ntisericordiarum
747 1256 931 1317 Patre,
964 1257 1058 1324 qui
1097 1269 1284 1309 verum
1316 1254 1557 1309 ostendit
1587 1254 1768 1307 lumen

176 1350 538 1420 pereuntibus
579 1348 632 1402 in
681 1348 943 1403 tenebris.
977 1346 1126 1400 Abiit
1168 1346 1427 1400 mtestitia
1481 1346 1770 1414 splendore

174 1439 366 1508 gloriae
413 1439 574 1493 nobis
622 1437 934 1507 alfulgente.
984 1436 1220 1492 Videant
1263 1437 1527 1501 salutare,
1577 1438 1667 1504 qui
1704 1435 1773 1489 de

174 1530 387 1598 peccati
423 1528 790 1583 on‘uscatione
839 1532 1159 1582 excutiunt.
1210 1527 1351 1582 Ecce
1396 1528 1543 1582 enim
1595 1527 1771 1591 puella

177 1619 337 1686 puris
400 1618 659 1673 manibus
719 1617 1049 1671 insidentem
1086 1628 1337 1685 portans,
1404 1619 1458 1670 in
1510 1616 1771 1685 templum

180 1711 436 1765 succedit
483 1710 826 1775 umbrarum,
884 1710 1191 1764 sacerdotis
1234 1709 1490 1761 manibus
1534 1706 1773 1761 offerens

1865 613 2113 667 divinius
2143 622 2228 665 est
2267 620 2323 665 et
2352 609 2670 671 sublimius,
2707 605 2847 659 Deus
2881 619 2979 671 pro
3009 619 3096 656 me.
3160 604 3326 657 ubera
3363 621 3458 659 su-

1866 723 2027 777 gens,
2071 712 2126 758 et
2158 710 2408 772 gestatus
2457 698 2751 757 manibus;
2789 696 2915 749 licet
2951 695 3056 751 hoc
3103 696 3458 766 loquentibus

1868 800 2210 867 iniquitatem
2260 796 2314 848 in
2365 794 2583 848 excelso
2643 791 2709 853 ³⁸,
2758 802 2893 842 ansa
2944 790 3035 843 liat
3084 789 3451 843 iultonorandi

1874 889 2144 959 Uuigeniti
2178 905 2189 939 :
2232 885 2388 955 quasi
2442 899 2571 937 vero
2618 883 2689 937 ob
2732 882 3117 952 praesmutiora
3159 895 3322 949 Opera
3361 896 3452 933 re-

1873 1000 1992 1038 rttm
2039 983 2256 1051 penitus
2290 981 2361 1035 sit
2405 979 2823 1046 aspernandus:
2858 985 2953 1031 aut
2988 975 3118 1031 inde
3158 976 3350 1029 conari
3382 975 3462 1030 vi-

1874 1092 1964 1131 res
1994 1076 2305 1143 cujuspiam
2340 1088 2566 1141 negare,
2612 1073 2756 1124 unde
2810 1071 3137 1125 excellentis
3172 1067 3463 1137 provenire

1874 1167 2036 1222 debet
2102 1163 2383 1217 attestatio
2506 1161 2748 1214 roboris.
2799 1159 2942 1223 Quid
3011 1160 3137 1214 ais?
3191 1159 3460 1223 Quoniam

1875 1260 2074 1313 obruto
2122 1254 2219 1307 tibi
2276 1252 2521 1306 tenebris
2554 1251 2763 1304 aliulsit
2800 1251 2917 1313 lux,
2961 1248 3170 1303 idcirco
3209 1256 3465 1303 contem-

1878 1351 1964 1403 nis
1998 1344 2215 1400 lucem?
2252 1344 2316 1396 Et
2342 1342 2468 1407 quia
2501 1342 2612 1394 ltex
2642 1350 2866 1394 tuarum
2893 1353 3267 1393 aerumnarum
3299 1339 3461 1391 ιιιὶειεα

1880 1439 2116 1494 rieordia
2171 1442 2457 1505 permotos
2490 1432 2707 1485 accedit
2742 1433 2808 1485 ad
2848 1440 2923 1494 te,
2981 1444 3080 1484 nec
3116 1428 3275 1483 alteri
3310 1441 3465 1480 eom-

1885 1534 2051 1586 mittit
2084 1534 2208 1592 hoc,
2247 1531 2341 1583 sed
2384 1529 2501 1595 ipse
2532 1540 2635 1580 suo
2677 1523 2989 1579 ministerio
3019 1522 3277 1592 pietatem
3309 1520 3466 1574 exhi-

1882 1628 1995 1691 bet,
2026 1622 2379 1694 parvipcudis
2425 1616 2677 1673 beneﬁcii
2719 1614 2947 1685 gloriam
2994 1620 3217 1682 prOpter
3262 1610 3466 1665 benefi—

1884 1718 1953 1772 cii
1986 1714 2456 1783 tnaguittuliucm?
2485 1708 2882 1764 Celsitutlinem
2904 1705 3025 1773 ejus
3054 1701 3469 1773 deprimendum

180 1805 335 1857 illum
365 1801 562 1871 (1310
593 1802 921 1872 profundam
957 1802 1046 1856 Dei
1095 1802 1161 1853 ad
1198 1818 1296 1854 nos
1327 1802 1716 1856 demissiouetu
1754 1803 1765 1854 l
1810 1863 1846 1879 ﬂ
1886 1818 2067 1879 putas,
2104 1810 2363 1876 quoniam
2402 1818 2462 1857 se
2492 1803 2582 1855 ille
2615 1802 2681 1854 ad
2717 1810 2768 1854 te
2814 1797 3076 1853 demisit?
3108 1797 3267 1850 Certe
3307 1794 3378 1848 ob
3418 1792 3470 1845 id

180 1896 285 1962 Qui
328 1897 395 1951 ad
419 1896 837 1950 ministrantium
873 1895 1160 1963 delegerat
1194 1897 1492 1958 Aarottem,
1527 1904 1580 1949 et
1613 1903 1773 1948 antea

182 1987 393 2043 Moscm
435 1988 711 2042 allocutus
765 1994 903 2051 erat,
947 2002 1110 2055 quem
1149 1986 1312 2039 etiam
1363 1986 1650 2055 praesentia
1681 1986 1776 2040 do-

181 2079 347 2132 cebat
368 2079 657 2148 mysteria.
685 2079 815 2132 dum
856 2078 932 2131 illi
974 2078 1280 2144 posteriora
1308 2078 1625 2133 ostenderet
1661 2079 1774 2148 (fu-

183 2180 366 2225 turam
396 2172 595 2240 quippe
625 2188 748 2225 cum
776 2172 1091 2226 hominibus
1121 2187 1276 2225 suam
1302 2173 1775 2227 conversationem

186 2263 432 2317 obscure
471 2263 639 2318 Deum
699 2273 1154 2333 praemonstrans,
1207 2262 1416 2318 famulo
1475 2267 1779 2334 posteriora

187 2356 485 2424 ostendit),
526 2368 786 2424 tauquam
820 2358 1150 2412 sacerdotali
1206 2357 1587 2413 bcnedictione
1635 2359 1774 2411 indi-

186 2463 347 2515 gens,
404 2449 675 2503 sacerdoti
727 2448 975 2505 olfertur.
1019 2453 1097 2505 Ita
1148 2452 1224 2504 illi
1276 2452 1479 2520 placuit
1534 2468 1778 2508 errorem

188 2540 497 2608 corrigere,
550 2555 714 2609 quem
762 2554 884 2610 ego,
928 2541 982 2594 in
1038 2542 1211 2611 legem
1273 2558 1529 2611 peccans,
1563 2544 1782 2597 admisi.

189 2629 328 2695 Quae
360 2640 506 2685 tanta
543 2632 865 2685 clementia!
917 2632 1048 2696 Qua:
1092 2633 1266 2700 pietas
1294 2634 1618 2686 ineffabilis!
1651 2633 1781 2689 Ser-

192 2738 299 2777 vus
320 2737 454 2793 ergo
491 2723 759 2778 herilibus
792 2724 1094 2794 privilegiis
1118 2732 1367 2786 ornatus,
1400 2734 1455 2777 et
1477 2726 1634 2792 quasi
1675 2728 1785 2779 heri

192 2817 307 2873 vita
340 2817 565 2885 degens.
611 2815 900 2870 cnsmdem
951 2815 1138 2883 gloria:
1179 2831 1311 2869 mea:
1359 2816 1436 2884 (α)
1481 2832 1585 2869 non
1639 2816 1787 2869 refu-

196 2910 274 2975 git
306 2925 335 2960 a
374 2906 712 2961 traducenda
766 2921 890 2960 cum
919 2908 1094 2961 servis
1141 2907 1417 2961 communi
1454 2907 1579 2970 vita,
1612 2907 1682 2961 ob
1710 2907 1788 2960 id-

197 3014 306 3068 que
370 2997 561 3066 positaa
634 2997 812 3051 servis
858 2998 1182 3066 obsequitur
1231 2999 1354 3067 legi.
1413 2999 1687 3063 Quorsum
1737 2999 1785 3050 id

198 3087 365 3144 vero?
393 3088 659 3142 Nimirum
693 3096 753 3141 ttt
790 3103 873 3141 me
896 3088 1158 3153 instruat,
1194 3104 1301 3157 qua
1329 3089 1545 3141 ratione
1580 3088 1788 3141 incom—

1886 1902 2070 1971 potius
2112 1895 2553 1966 utagnilicandus
2604 1901 2723 1947 erat
2756 1890 2866 1945 ille.
2908 1889 2987 1942 Tu
3036 1904 3167 1942 vero
3213 1887 3341 1955 quia
3384 1886 3468 1939 in—

1886 1995 2089 2048 fantem
2141 1989 2323 2051 audis,
2377 1998 2432 2040 et
2464 1986 2687 2049 fascias,
2722 1991 2777 2038 et
2821 1994 3020 2037 manus
3049 1979 3469 2045 amplectentes.

1884 2098 1937 2142 ct
1974 2098 2319 2156 quarcunque
2351 2082 2490 2134 Iiont
2524 2077 2868 2132 oeconomice
2914 2082 3021 2127 tua:
3059 2068 3258 2126 salutis
3280 2082 3473 2131 causa,

1891 2178 2127 2231 Verbum
2161 2174 2498 2243 sempiterna
2531 2185 2627 2225 sua
2670 2168 2843 2238 gloria
2893 2166 3121 2235 privas?
3155 2160 3387 2214 Perinde
3411 2173 3475 2213 ac

1886 2274 1930 2328 si
1949 2284 2127 2337 regem
2146 2281 2364 2338 quoque
2381 2278 2586 2319 corona
2610 2260 2933 2331 privandum
2957 2264 3200 2326 putares,
3215 2251 3474 2321 quoniam

1890 2367 2006 2433 ipse
2038 2360 2311 2415 accedens
2326 2358 2393 2412 ad
2426 2367 2502 2422 te,
2535 2354 2816 2409 laboribus
2851 2348 3249 2415 doloribusque
3266 2344 3475 2399 exime-

1886 2469 1986 2513 ret.
2023 2456 2292 2521 Quoniam
2326 2461 2547 2522 propter
2580 2457 2632 2502 te
2648 2454 2888 2505 creatur,
2925 2442 3055 2494 dum
3086 2438 3144 2493 fit
3173 2436 3365 2491 Matris
3390 2433 3479 2487 Fi-

1886 2547 2226 2611 lios,idcireo
2252 2560 2376 2598 eum
2403 2558 2430 2595 a
2456 2550 2681 2609 paterna
2698 2537 2898 2590 unione
2929 2534 3171 2588 secernis
3192 2567 3209 2593 ,
3239 2536 3294 2583 et
3318 2541 3480 2581 crea-

1890 2640 2031 2694 turis
2062 2647 2415 2694 annomeras,
2441 2646 2565 2685 cum
2605 2644 2674 2683 ne
2696 2626 2925 2682 inferior
2947 2622 3168 2691 quidem
3200 2614 3480 2690 generatio

1890 2734 2056 2801 capia
2090 2727 2326 2784 curiosis
2347 2726 2519 2796 possit
2549 2722 2691 2790 (lt)?
2719 2720 2943 2775 ObteCta
2972 2716 3173 2786 quippe
3191 2720 3276 2801 est
3301 2717 3356 2765 ct
3388 2709 3480 2761 illa

1894 2800 2389 2888 itttpt‘l’tltealtiliuttt
2449 2812 2797 2867 tenebrarum
2851 2804 3178 2861 involucris.
3234 2800 3312 2853 Tu
3349 2814 3480 2853 vero

1896 2916 2043 2973 “MS,
2082 2922 2139 2964 ιιι
2176 2911 2352 2972 aiunt,
2389 2905 2588 2970 oculis,
2620 2919 2731 2973 prre
2770 2898 3134 2969 impudentia,
3196 2909 3318 2963 qua:
3351 2902 3482 2945 sunt

1893 3005 2169 3058 anteriora
2197 3000 2417 3055 saeculis
2451 2992 2903 3065 compreltettdis,
2938 3000 2992 3045 et
3025 2988 3225 3042 statuis
3249 2984 3317 3039 de
3342 2982 3482 3036 Filio

1898 3105 1956 3147 ut
1990 3091 2336 3146 meditationi
2377 3098 2485 3141 tua:
2531 3086 2728 3154 placet,
2772 3093 2831 3136 ttt
2852 3097 2993 3136 caeca
3049 3088 3157 3145 est,
3186 3085 3347 3131 acuta
3377 3088 3481 3129 ῑυιι

199 3181 511 3249 positorum
557 3194 772 3233 tuorum
798 3178 1181 3233 defensionem
1222 3180 1476 3240 habeam,
1509 3189 1562 3234 et
1589 3180 1785 3233 liberer
1816 3193 1855 3246 (ζ
1892 3183 2090 3237 mutuis
2142 3181 2310 3239 acies,
2364 3185 2419 3232 et
2455 3174 2654 3230 stolida
2720 3172 2990 3241 sapientia
3022 3170 3045 3223 ?

201 3270 588 3323 inobetlientite
621 3269 876 3323 crimine.
917 3267 985 3321 Ut
1019 3269 1063 3323 si
1097 3269 1223 3337 quis
1270 3269 1563 3323 liberorum
1594 3285 1784 3321 amau—

199 3363 450 3419 tissimus
498 3370 683 3429 pater,
742 3370 932 3413 natum
989 3360 1181 3413 videns
1231 3360 1528 3413 obnoxium
1577 3360 1789 3413 luendis

201 3454 405 3524 pomis,
468 3452 740 3506 malorum
802 3466 1023 3520 causam
1087 3450 1199 3502 ﬁlio
1255 3452 1409 3503 tollat
1467 3465 1634 3519 opere
1690 3466 1792 3505 suo

201 3545 392 3614 aliquo
421 3544 582 3613 longe
614 3542 1011 3610 prtestantiori.
1052 3540 1337 3604 Quodnam
1370 3541 1474 3595 hoc
1509 3558 1649 3611 opus
1684 3541 1794 3596 fot-

202 3635 484 3697 midabiie,
540 3633 866 3703 eunetisque
942 3633 1302 3687 excellentius
1339 3673 1355 3697 ,
1434 3650 1557 3704 quae
1603 3650 1631 3687 a
1686 3636 1795 3691 Deo

202 3737 334 3784 sunt
367 3726 551 3780 facta?
596 3725 849 3796 “agnum
876 3726 1007 3794 quid
1041 3727 1289 3794 profecto
1331 3736 1412 3780 est
1462 3731 1665 3781 crclttm
1696 3746 1791 3782 cx-

201 3828 447 3881 tensnm,
489 3825 544 3870 et
582 3816 733 3869 nullo
764 3814 1122 3868 fundamento
1169 3817 1405 3870 subnixa
1450 3796 1633 3881 tellus,
1672 3834 1792 3873 ver-

204 3912 391 3979 boque
442 3909 536 3962 lux
587 3908 977 3975 obtemperans
1013 3906 1079 3961 ad
1113 3908 1356 3963 universi
1382 3923 1791 3975 ornamentum,

199 4010 254 4055 rt
285 4012 415 4055 ante
462 3999 604 4054 hanc
652 4013 849 4068 expers
901 4000 1143 4053 materia:
1187 4000 1505 4067 multitudo,
1540 4013 1792 4073 prmupta

200 4094 269 4147 ad
312 4092 708 4148 ministerium.
759 4089 959 4145 Verum
1008 4091 1149 4147 Deus
1192 4093 1242 4146 in
1289 4094 1449 4147 vulva
1483 4105 1794 4166 susceptus,

274 4228 322 4261 ³⁸
350 4226 495 4281 i’sul.
534 4242 706 4289 Lxxu,
738 4224 788 4280 8.

1967 3274 2163 3328 Verum
2207 3270 2433 3323 dimissa
2493 3265 2830 3321 dementiqu
2891 3263 3132 3323 insania,
3197 3258 3481 3313 redeamus

1891 3374 1955 3424 ad
1984 3384 2045 3423 ca
2078 3356 2197 3437 quae
2232 3364 2523 3436 praesentia
2581 3373 2731 3424 sunt,
2768 3359 2971 3427 Deique
3009 3357 3332 3426 mysterium
3385 3367 3475 3406 ve-

1893 3475 2173 3521 neremur,
2209 3457 2361 3510 sanis
2403 3453 2580 3508 oculis
2633 3456 2913 3506 intuentes
2948 3447 3138 3502 mundi
3187 3444 3474 3505 solatium,

1893 3570 2017 3608 eum
2063 3552 2129 3606 ad
2174 3548 2434 3618 templmn
2478 3542 2803 3614 ingreditur.
2837 3540 2957 3595 1am
2996 3552 3175 3608 nuper
3242 3535 3484 3589 versanti

1906 3648 1958 3698 in
2013 3641 2277 3709 spelunca
2332 3636 2465 3706 llegi
2493 3651 2524 3690 e
2553 3634 2820 3689 ccelorom
2854 3631 3003 3700 regia
3033 3628 3355 3684 satellitium
3392 3625 3489 3677 ad-

1905 3735 2187 3795 ventabat,
2243 3742 2497 3799 superna:
2546 3726 2865 3779 accineutes
2917 3731 3133 3776 turmae.
3188 3718 3355 3774 Stella
3386 3717 3488 3769 du-

1901 3842 2017 3882 cem
2053 3839 2111 3879 se
2138 3822 2385 3892 praebens
2444 3816 2691 3885 regibus,
2718 3815 2925 3883 jacenti
2978 3814 3033 3867 iu
3075 3809 3308 3882 pmsepi
3386 3806 3490 3859 Do-

1904 3919 2053 3970 mino
2096 3916 2418 3968 adoratores
2474 3910 2779 3970 adducens,
2825 3916 2879 3959 et
2928 3903 3115 3973 inopia
3179 3902 3490 3969 stipabatur

1904 4024 1932 4059 π
1992 4006 2300 4069 dominatu,
2357 4001 2563 4057 divinis
2633 3999 2835 4068 opibus
2896 3993 3267 4049 imlicantibus
3324 4006 3492 4059 spon-

1909 4110 2121 4153 taueam
2157 4104 2302 4152 tecto
2361 4094 2637 4162 domoque
2699 4090 2940 4145 carentis
2996 4093 3315 4157 egestatem.
3348 4082 3491 4148 Quid

1742 4311 1975 4368 NOT.-E.

274 4413 390 4480 (£3)
426 4410 732 4465 Sacerdotis
778 4407 1275 4480 manibuso/fereus
1310 4408 1484 4480 illum.
1522 4406 1787 4480 _S_acerdo-
1826 4410 1864 4463 D
1898 4422 2106 4460 munem
2152 4405 2380 4480 Fiiium,
2444 4421 2592 4464 tuum
2649 4411 2714 4463 ab
2769 4418 2987 4480 (eterna,
3035 4407 3313 4480 meuut__iu
3362 4417 3492 4461 tent-

207 4476 568 4537 tis'manibus
601 4481 708 4534 Deo
736 4481 934 4534 obtulit
969 4476 1170 4530 Filium
1204 4493 1364 4531 suum
1423 4476 1483 4529 Β.
1525 4476 1688 4546 Virgo
1735 4478 1787 4529 iu

204 4554 294 4607 die
328 4551 754 4620 purilicationis,
787 4563 881 4617 per
916 4548 1060 4620 hanc
1090 4557 1138 4620 e_t
1166 4547 1282 4620 ipsa
1311 4546 1641 4620 oblationem
1675 4550 1792 4620 spi-

210 4614 430 4677 ritttalis
460 4621 720 4674 sacerdos
756 4614 1076 4686 constituta.
1116 4614 1270 4686 [inde
1309 4617 1650 4686 Carthageua
1686 4617 1795 4670 llo-

210 4693 329 4747 ntil.
363 4691 394 4744 ’1
454 4690 522 4745 de
580 4688 752 4744 Purif.
800 4687 861 4742 Β.
911 4685 974 4742 ν.
1027 4695 1082 4741 et
1129 4685 1558 4740 Pt'tesetttatioue
1589 4687 1792 4742 Christi

214 4760 473 4821 Domini,
534 4758 756 4813 Mariam
814 4766 972 4811 vocat
1022 4771 1290 4810 summam
1337 4756 1795 4822 sacerdotissam,

211 4829 548 4886 sacrificium
575 4828 697 4883 Filii
723 4829 807 4883 sui
840 4827 950 4881 Deo
978 4827 1295 4880 offerentem
1328 4825 1380 4878 itt
1414 4836 1561 4880 veste
1586 4830 1798 4895 purita-

214 4904 287 4958 tis
321 4901 574 4955 candida.
608 4901 932 4967 lntegroque
961 4899 1217 4967 discursu
1255 4912 1354 4967 ego
1379 4897 1674 4967 aliquando
1704 4898 1798 4950 de-

216 4972 517 5025 monstravi
565 4964 860 5037 Duipai'aui
881 4965 1158 5035 Virginem
1193 4964 1247 5018 itt
1271 4966 1361 5019 die
1392 4966 1800 5037 Purificatiouis

214 5052 474 5111 tanquam
522 5035 862 5111 Spiritualettt
906 5037 1247 5111 sacerdotem
1281 5036 1675 5111 mtet'tto_Patri
1709 5035 1802 5111 Fi-

212 5104 348 5166 lioui
380 5104 946 5168 suunt'sacrilicasse,
980 5104 1235 5159 adductis
1281 5107 1421 5157 inter
1447 5107 1552 5158 alia
1597 5108 1706 5161 illis
1738 5108 1796 5160 Β.

213 5181 441 5234 ΤΙιοηὶεε
465 5196 494 5231 a
532 5176 811 5231 Villauova
842 5178 1047 5236 verbis.
1078 5176 1130 5227 in
1154 5177 1420 5228 concione
1448 5176 1515 5230 de
1535 5175 1802 5230 Pontica-

213 5252 367 5306 tione
401 5252 572 5303 beatae
608 5246 844 5317 Virginis
868 5247 1107 5300 exaratis
1142 5264 1154 5297 :
1192 5242 1476 5317 (fuitquam
1520 5247 1588 5298 ar!
1632 5251 1804 5301 altare

211 5333 425 5375 rentum
454 5329 553 5376 est.
593 5314 747 5387 γίνθό
772 5333 929 5370 sacra
960 5318 1173 5387 genibus
1199 5314 1351 5381 ﬂexis
1376 5317 1558 5387 divino
1587 5318 1804 5384 iii/Imu-

211 5403 361 5442 mata
405 5388 635 5455 Spiritu,
673 5384 791 5455 plus
823 5384 982 5455 quam
1015 5385 1316 5453 Seraphim,
1350 5384 1521 5451 ﬁlium
1558 5388 1802 5440 omnibus

213 5471 418 5521 tenens,
451 5461 621 5523 ipsum
658 5459 811 5525 o/fert
858 5456 1111 5518 Domino,
1147 5471 1359 5519 munus,
1393 5466 1439 5507 et
1482 5456 1804 5509 oblationem

212 5527 593 5596 acceptabilem
632 5527 765 5588 Deo,
800 5543 855 5579 tn
891 5527 1026 5579 hunc
1068 5525 1281 5578 modum
1316 5542 1476 5578 orans
1513 5542 1531 5577 :
1562 5528 1805 5591 Suscipe,

212 5601 379 5655 Pater
429 5600 782 5665 omnipotens,
822 5597 1028 5663 suscipe
1075 5597 1397 5649 oblationem
1424 5596 1611 5665 ilione,
1645 5613 1803 5664 quam

213 5672 308 5725 tibi
339 5670 509 5738 offero
548 5684 647 5736 pro
682 5677 792 5720 toto
831 5666 975 5732 orbe,
1022 5666 1222 5719 ancilla
1258 5676 1371 5719 tua.
1408 5664 1625 5735 Suscipe
1661 5684 1804 5720 com-

1895 4493 2042 4545 pare,
2073 4487 2182 4532 etc.
2220 4478 2351 4534 Vide
2400 4480 2459 4534 S.
2495 4480 2830 4533 Methodium
2884 4478 3036 4533 Orat.
3092 4480 3144 4531 itt
3200 4476 3490 4547 Hypapau-

1895 4494 2042 4545 pore,
2073 4494 2182 4532 etc.
2224 4494 2351 4534 γωδ
2400 4494 2459 4534 δ.
2495 4494 2830 4533 MelltOdtttttt
2884 4494 3036 4533 urat.
3092 4494 3144 4531 Ill
3200 4494 3239 4530 rt
3270 4494 3490 4547 'papatt-

1895 4558 2023 4609 tem,
2050 4547 2375 4603 Guerrieum
2394 4551 2646 4605 abbatem
2674 4553 2851 4604 Serm.
2879 4550 2912 4602 5
2938 4550 3005 4603 de
3029 4547 3201 4601 Purif.
3226 4494 3285 4599 li.
3318 4547 3492 4615 \’irg.,

1896 4617 1957 4672 S.
1990 4618 2304 4674 Brunonem
2345 4620 2798 4682 Carthusianum,
2830 4620 2911 4673 vel
2948 4620 3130 4687 potius
3173 4619 3494 4686 episcolmut

1896 4689 2183 4757 Signinum
2219 4690 2395 4744 Serm.
2429 4690 2496 4745 de
2523 4691 2737 4750 eadem.
2767 4696 2824 4745 et
2856 4688 2919 4742 D.
2957 4689 3293 4757 Bernardum
3324 4690 3496 4740 abba-

1897 4756 2004 4811 tem
2044 4758 2218 4812 Serm.
2254 4759 2289 4811 2
2342 4768 2394 4812 et
2446 4761 2480 4813 5
2519 4760 2586 4813 de
2621 4758 2813 4813 eadem
2846 4759 3054 4828 pariter
3090 4756 3495 4828 purificatione,

1906 4829 1995 4880 ιιιιί
2032 4829 2098 4880 de
2130 4828 2230 4881 hac
2262 4828 2321 4882 Β.
2366 4829 2605 4899 Virginis
2642 4826 2952 4897 spiritualis
2982 4828 3369 4882 sacerdotissa:
3396 4826 3501 4879 ob-

1909 4899 2132 4957 latione.
2158 4902 2383 4952 omnino
2420 4903 2705 4964 praaclare.

1979 4968 2090 5034 (Hi
2124 4968 2256 5021 Cum
2292 4969 2603 5039 neriuferior
2642 4970 2852 5039 quidem
2880 4969 3150 5038 generatio
3184 4968 3305 5034 capi
3337 4984 3369 5019 a
3401 4984 3497 5018 ru-

1909 5039 2069 5091 riosis
2112 5039 2302 5106 possit.
2350 5036 2489 5095 llioe
2519 5036 2663 5094 dixit
2696 5036 2864 5093 isaias
2884 5036 3157 5108 propheta
3189 5055 3310 5106 cap.
3346 5053 3443 5091 LIII
3481 5054 3494 5090 :

1907 5108 2313 5179 ({euerutioueut
2360 5110 2474 5178 ejus
2538 5115 2652 5179 quis
2707 5108 3230 5175 enarrabitiQuasi
3307 5109 3495 5179 dicat;

1908 5176 2117 5242 Nemo;
2156 5196 2280 5232 rum
2307 5176 2632 5234 sit‘omniuo
2658 5179 3232 5246 incomprehensibilis
3254 5186 3305 5233 et
3357 5176 3498 5232 inef—

1911 5247 2113 5303 fabilis.
2148 5247 2305 5303 Hunc
2335 5253 2477 5305 euiut
2511 5252 2689 5305 locum
2741 5252 3022 5318 accipiunt
3072 5250 3264 5318 Patres
3307 5248 3375 5302 de
3408 5262 3500 5318 ge-

1917 5319 2206 5374 neratione
2257 5318 2498 5384 Christi,
2547 5336 2657 5375 non
2698 5317 2879 5376 solum
2917 5320 3099 5373 divina
3128 5335 3193 5375 ex
3223 5317 3499 5378 Patre,’ut

1919 5387 1974 5441 S.
2007 5388 2241 5444 Basilius
2259 5391 2354 5443 lib.
2376 5399 2599 5445 teontra
2623 5391 2974 5452 Eunomium,
2993 5398 3047 5443 et
3064 5390 3499 5459 Chrysostomus

1917 5459 2013 5513 lib.
2051 5475 2063 5512 I
2101 5460 2169 5515 de
2217 5461 2762 5530 incomprehensibili
2788 5460 2882 5514 Dei
2923 5468 3117 5512 natura
3145 5476 3158 5523 ;
3183 5458 3301 5512 sed
3332 5458 3498 5530 etiam

1919 5532 2155 5583 humana
2176 5547 2240 5585 ex
2258 5528 2449 5589 Matre,
2481 5541 2538 5583 ut
2555 5531 2612 5586 S.
2639 5531 2973 5584 Athanasius
3016 5532 3067 5583 itt
3104 5531 3196 5583 lib.
3228 5531 3293 5582 de
3326 5529 3504 5579 lucar-

1916 5609 2028 5671 ttat.
2052 5597 2237 5660 Verbi,
2278 5597 2529 5655 Justinus
2582 5600 3038 5671 marterQuaL-st.
3064 5599 3129 5652 67
3157 5600 3221 5651 ad
3254 5597 3501 5660 orthod.,

1920 5669 2145 5722 Tertull.
2170 5683 2362 5723 contra
2388 5671 2607 5725 .ledzeos
2641 5668 2760 5739 cap.
2795 5668 2881 5731 15,
2913 5683 2961 5722 et
2995 5671 3084 5721 alii
3113 5672 3319 5738 plures.

274 5780 346 5837 (α)
384 5778 543 5843 Deest
568 5776 773 5839 aliquid.
801 5776 955 5829 1.01:0.
990 5777 1234 5827 custodem
1268 5774 1440 5831 oloriw
1480 5790 1598 5830 mea'
1642 5776 1813 5833 rrimli.
1852 5780 2082 5829 Dominus
2128 5786 2283 5831 autem
2319 5794 2409 5830 nou
2458 5779 2649 5843 refugit.
2704 5786 2795 5829 etc.
2835 5779 2957 5829 Vide
2995 5778 3247 5829 homiliam
3280 5776 3317 5835 i,
3354 5789 3502 5839 supra

212 5844 287 5890 Col
338 5842 443 5891 511
526 5842 629 5889 Epit
