4224 6444
185 419 252 479 57
972 419 1255 479 tliHTlO
1285 421 1381 480 Vl.
1413 447 1474 455 -·
1516 418 1593 478 lN
1623 419 1923 479 CllRlSTl
1973 420 2481 479 N.\Tl\'lT.\'i‘l~I.‘il
2530 420 2639 479 Ill.
3370 427 3436 487 58

184 534 285 583 hoc
311 530 477 583 etiam
516 543 643 597 erga
681 530 931 581 homines
966 531 1192 591 amoris,
1232 545 1339 583 non
1384 530 1545 583 tnodo
1580 532 1753 599 ipsum
1783 534 1833 591 Α
1863 530 2103 583 ferentes
2143 545 2261 597 qua:
2308 545 2536 597 nequam
2602 528 2879 597 Synagoga
2932 532 3179 584 molirtnr
3217 534 3267 584 in
3319 537 3438 601 t'jtts

182 624 442 677 advenire
465 622 701 683 alllictis,
731 630 780 674 el
804 624 1087 689 angustias
1120 622 1452 687 patientibus
1482 622 1759 687 solatium,

183 714 278 768 sed
316 714 687 782 prmnuutiare
717 726 936 780 quoque
984 712 1327 775 beuelieium,
1360 720 1419 765 ιιι
1452 728 1548 781 spe
1597 714 1763 765 botto-

184 820 302 857 rum
334 804 505 856 levior
538 812 683 856 esset
724 803 992 855 malorum
1023 803 1287 870 gravitas;
1321 812 1373 855 et
1410 817 1471 855 ea
1505 813 1758 870 tanquam

183 911 309 950 rore
340 904 654 948 mitesrerct
699 894 920 947 llamma
971 893 1241 947 dolormn.
1292 893 1559 947 Czetcrum
1598 908 1762 947 senex

182 987 402 1055 quidem
422 987 753 1055 decrepitus,
784 998 835 1039 et
857 988 1118 1043 saccrdos
1138 989 1248 1056 (18)
1275 990 1565 1057 antiquiori
1592 1005 1649 1042 se
1678 987 1763 1041 ln-

184 1079 318 1130 fanti
367 1093 564 1131 manus
596 1078 663 1129 ad
695 1078 1078 1148 excipiendum
1133 1080 1329 1133 obtulit
1374 1082 1674 1145 ministras,
1708 1086 1765 1133 ct

185 1168 384 1223 futura:
416 1170 617 1223 salutis
646 1171 936 1223 decantata
974 1173 1174 1241 hymno
1216 1173 1517 1225 mercedem
1542 1174 1762 1243 accipit,

187 1272 241 1312 ιιι
271 1261 564 1314 evinculis
600 1262 882 1329 corporeis
916 1264 1115 1317 avolet.
1149 1262 1287 1327 Quid
1324 1279 1485 1331 porro
1521 1282 1639 1326 nos,
1670 1268 1760 1333 qui

184 1358 518 1403 ve'ustatem
560 1350 917 1418 deposuimus
973 1354 1275 1418 regenerati
1310 1367 1404 1420 per
1454 1355 1760 1419 generatio-

185 1454 307 1493 ncm
337 1478 351 1502 ,
407 1441 501 1509 qui
551 1441 717 1493 oblati
761 1456 951 1495 sumus
997 1441 1143 1495 Patri
1186 1443 1491 1497 ministerio
1525 1445 1763 1497 lnnnano

184 1529 370 1583 dilecti
422 1528 544 1583 Filii
593 1528 748 1595 ejus,
795 1532 939 1599 quod
989 1530 1378 1593 ministcrimn,
1428 1534 1571 1601 quod
1604 1534 1764 1588 obse-

184 1621 299 1689 quii
346 1622 625 1690 specimen
680 1621 1027 1676 olleremus?
1084 1624 1165 1676 An
1213 1633 1361 1679 certe
1398 1626 1763 1695 nosmetipsos

184 1712 502 1775 oﬂ‘eremus,
535 1725 762 1784 propter
791 1730 930 1784 quos
966 1724 1112 1769 tanta
1148 1717 1472 1779 exinanitio.
1506 1727 1765 1788 tantaque

182 1805 605 1870 condescensio,
632 1815 691 1860 ut
719 1810 984 1876 integram
1016 1824 1298 1864 servemus
1322 1812 1637 1879 imaginem,
1665 1825 1763 1865 nec

186 1896 336 1950 vitiis
386 1897 685 1954 obruamus
736 1900 950 1955 colores
1002 1901 1178 1967 vivos,
1234 1904 1435 1970 quibus
1497 1904 1762 1971 picturam

186 2003 344 2042 suam
392 1991 609 2044 ornavit
642 1989 905 2046 Dominus
939 1992 963 2045 ?
1011 1991 1107 2047 Sin
1141 1994 1343 2055 tnintts,
1394 2002 1453 2047 ιιι
1484 2009 1589 2047 non
1621 1995 1764 2049 osci-

186 2088 370 2134 tanter
401 2097 781 2150 rcpurgemus.
812 2084 908 2139 sed
939 2085 1183 2153 pulchris
1213 2086 1406 2139 iterum
1438 2085 1764 2141 decoremus

185 2170 333 2223 illam
369 2172 648 2225 coloribus
677 2174 700 2225 ?
748 2172 970 2229 Fiamus
998 2174 1178 2230 Patris
1209 2176 1463 2231 altissimi
1494 2176 1608 2239 filii,
1642 2192 1767 2243 pro-

184 2270 308 2329 pter
357 2276 481 2315 eum
532 2264 626 2331 qui
656 2280 719 2318 ex
772 2266 958 2319 intimo
999 2268 1334 2321 conditionis
1386 2277 1587 2321 nostra:
1645 2268 1763 2323 loco

184 2349 417 2406 Matrem
461 2355 699 2424 agnovit.
738 2356 959 2413 Fiamus
1008 2358 1099 2414 Dei
1140 2360 1442 2428 templum;
1491 2361 1593 2414 hoc
1618 2361 1760 2415 enim

182 2453 272 2497 est
291 2459 406 2512 quo
437 2453 649 2514 spectat
678 2447 945 2504 adventus
976 2450 1067 2504 Dei
1097 2450 1163 2504 ad
1199 2452 1465 2505 homines.
1492 2451 1763 2507 Ornemus

186 2531 456 2585 virtutum
499 2533 746 2591 donariis
775 2540 1141 2607 nosmetipsos
1164 2579 1178 2604 ,
1212 2547 1264 2592 et
1298 2540 1576 2595 latitantes
1604 2543 1763 2610 quasi

186 2620 255 2675 de
290 2622 535 2677 latibulis
560 2635 870 2695 serpentes,
901 2643 1101 2696 pravos
1136 2629 1361 2685 allectus
1391 2634 1538 2684 omni
1563 2642 1761 2686 conatu

185 2710 495 2777 ejiciamus.
542 2714 871 2781 Aperiamus
913 2732 1110 2771 manus
1144 2722 1433 2775 conservis
1468 2721 1762 2785 beneficus,

186 2800 281 2866 qui
324 2801 466 2854 bona
514 2817 745 2872 qmeque
790 2819 822 2859 a
853 2804 1084 2861 Domino
1137 2811 1462 2879 recepimus.
1533 2802 1763 2865 llumani

189 2889 520 2960 benignique
547 2898 739 2957 simus,
762 2897 854 2966 qui
889 2897 1275 2966 benignitatem
1305 2902 1512 2969 experti
1549 2918 1760 2956 sumus.

188 2981 269 3035 Ad
307 2985 610 3052 spirilualis
642 2987 1041 3041 incrementum
1073 2991 1432 3044 ascendamus
1462 2995 1660 3055 aetatis,
1694 2995 1764 3047 ob

186 3072 309 3139 ejus
330 3074 717 3139 reverentiam,
744 3079 835 3144 qui
862 3079 1039 3131 aetatis
1065 3080 1399 3147 imperfectae
1427 3081 1545 3136 fuit.
1579 3092 1635 3134 ut
1665 3098 1761 3137 nos

1866 622 2285 693 primogenitum
2331 637 2347 684 ;
2398 636 2497 672 nec
2546 620 2725 671 illud:
2771 621 2935 673 Tum"
2982 624 3148 689 ipsius
3203 626 3436 678 animum

1866 713 2204 783 pertransibit
2229 712 2434 780 gladius
2459 713 2604 776 38-“’;
2631 713 2724 765 scd
2760 714 2874 765 laeta
2903 716 3215 778 allcramus.
3239 718 3442 770 beneli-

1869 807 1973 871 cia,
2004 806 2223 875 quibus,
2252 812 2310 855 ιιι
2332 803 2916 873 hmreditatequadam,
2937 807 3087 859 orbis
3109 816 3269 860 terra:
3308 809 3443 861 lines

1873 894 2145 956 fruuntur,
2197 901 2545 945 recensentes
2576 894 2835 960 Virginis,
2865 894 3022 961 cujus
3063 899 3260 964 gaudio
3288 899 3442 952 dilati

1869 1002 2079 1041 sumus.
2114 988 2424 1040 Uenientes
2451 986 2517 1038 ad
2556 988 2959 1039 immaculatam
3018 990 3233 1055 penitus
3276 989 3447 1057 Virgi-

1872 1094 1990 1132 nem
2028 1079 2138 1147 (19)
2173 1092 2306 1133 voce
2357 1094 2465 1131 non
2505 1076 2724 1144 indigna
2756 1097 2769 1132 :
2799 1078 3204 1146 Magttilit-atntls
3235 1089 3305 1139 te,
3354 1097 3447 1148 per

1870 1185 2031 1239 quam
2094 1172 2157 1235 is,
2209 1174 2302 1241 qtti
2342 1186 2429 1225 res
2461 1185 2688 1238 magnas
2726 1168 2908 1233 ellirit,
2956 1188 3178 1226 suorum
3219 1190 3445 1240 operum

1870 1263 2165 1315 maximum
2213 1276 2264 1314 ct
2306 1262 2536 1313 maxime
2574 1263 2899 1328 stupendum
2935 1264 3142 1328 peregit
3178 1280 3193 1325 ;
3228 1279 3350 1331 qum.
3391 1264 3444 1314 in

1870 1352 1988 1403 sinu
2059 1351 2278 1403 tenuisti
2336 1352 2704 1401 continentem
2791 1352 2996 1414 cmlos,
3056 1352 3216 1418 cujus
3285 1354 3451 1406 ubere

1869 1441 2110 1494 nutritus
2141 1450 2223 1493 est
2251 1439 2341 1508 qui
2371 1440 2628 1492 omnibus
2652 1453 2715 1491 ex
2752 1440 2915 1493 hmuo
2950 1442 3208 1493 alimenta
3239 1442 3437 1509 produ-

1868 1532 1966 1591 cit,
2013 1546 2133 1597 qua:
2182 1540 2323 1584 mter
2358 1530 2613 1583 mulieres
2641 1544 2746 1581 una
2789 1530 3070 1583 benedicta
3098 1547 3174 1593 es,
3207 1542 3259 1585 et
3288 1533 3452 1585 liene-

1870 1628 2163 1680 dictioncm
2214 1626 2546 1681 lnereditatis
2595 1626 2715 1679 loco
2763 1625 3002 1680 ell‘mlisti
3039 1627 3091 1678 in
3130 1627 3448 1681 universum

1870 1734 2062 1787 genus,
2107 1733 2202 1788 per
2233 1726 2285 1770 te
2319 1733 2349 1771 e
2375 1718 2533 1771 nobis
2569 1718 2673 1771 rite
2705 1717 2920 1771 sublata
2952 1719 3126 1771 invisa
3162 1726 3447 1785 parentum

1872 1805 2221 1860 haereditate.
2280 1804 2592 1874 Alnigmata
2652 1814 2704 1860 te
2759 1806 2982 1873 antiqua
3050 1807 3451 1877 praesiguabant

1874 1899 2128 1963 Matrem,
2162 1906 2352 1967 partus
2388 1894 2649 1951 felicitate
2692 1896 3049 1965 praecipuam.
3091 1896 3371 1958 Thronus,
3396 1906 3451 1951 et

1872 1986 2131 2058 Forceps,
2152 1998 2205 2043 et
2233 1988 2439 2044 Domus
2467 1988 2639 2056 gloria
2674 1988 2855 2055 plena,
2880 1995 2934 2043 et
2956 2002 3299 2058 quaacunque
3321 1989 3447 2041 alia.

1872 2081 2142 2135 Videbam
2186 2082 2404 2149 quidem
2446 2081 2633 2142 oculi,
2682 2080 2902 2135 interim
2966 2090 3147 2135 tamen
3196 2081 3448 2135 umbram

1870 2171 2143 2233 videntes,
2195 2179 2249 2225 te
2295 2170 2585 2225 relerentia
2639 2174 2939 2225 cernebant
2972 2173 3259 2242 mysteria.
3294 2173 3449 2226 Nunc

1874 2276 2007 2315 vero
2053 2269 2108 2314 tu
2139 2260 2255 2314 hmc
2285 2259 2545 2329 prodiens
2592 2269 2776 2329 aperta
2826 2270 2877 2315 et
2904 2260 3193 2314 manifesta
3246 2260 3448 2325 reddis,

1875 2355 2102 2409 mutatis
2137 2354 2351 2409 mnhris
2380 2354 2433 2407 in
2471 2355 2645 2408 lucem
2686 2354 2893 2423 gratiae.
2938 2353 3095 2409 Nunc
3141 2362 3193 2409 te
3242 2353 3451 2424 liquido

1868 2442 2257 2507 Cherubicum,
2305 2443 2413 2496 imo
2461 2442 2786 2495 nobiliorem
2867 2442 3239 2509 conspicimus
3300 2442 3450 2493 thro-

1870 2551 2021 2588 num.
2066 2532 2224 2588 Nunc
2254 2544 2306 2588 te
2352 2534 2614 2603 forcipem
2649 2534 3001 2602 agnoscimus
3033 2532 3347 2599 igniferam,
3396 2539 3452 2584 et

1870 2628 2088 2695 plenum
2141 2625 2519 2678 sanctimonia:
2575 2625 2858 2693 templum.
2892 2623 2947 2677 In
3001 2632 3056 2677 te
3091 2625 3235 2679 enim
3288 2625 3448 2693 quasi

1872 2721 2073 2771 throno
2113 2715 2383 2785 requievit
2415 2714 2701 2780 Dominus,
2731 2725 2786 2768 et
2819 2723 3079 2782 tanquam
3127 2715 3333 2784 forcipe
3365 2732 3452 2768 ar-

1875 2824 2061 2879 reptus
2092 2819 2198 2872 est,
2222 2824 2383 2878 quem
2420 2808 2555 2860 nihil
2587 2806 2729 2862 l‘erre
2764 2815 2942 2876 potest
2972 2825 2985 2870 ;
3013 2816 3067 2861 et
3097 2809 3254 2877 quasi
3289 2809 3452 2861 domo

1876 2910 2139 2969 exceptus
2174 2909 2281 2962 est,
2313 2899 2405 2967 qui
2437 2898 2554 2965 capi
2597 2913 2866 2965 nusquam
2901 2907 3096 2965 potest.
3142 2898 3302 2951 Beata
3330 2914 3453 2955 vere

1872 3006 1931 3043 es
1962 2991 2075 3043 sola
2117 2990 2259 3041 inter
2306 2987 2594 3046 mulieres.
2623 3003 2744 3055 qua:
2780 3001 2879 3040 nos
2905 2988 3069 3041 etiam
3100 2997 3207 3040 tua:
3243 2989 3450 3042 felicis-

1876 3085 2028 3139 sima:
2054 3084 2332 3137 beatitatis
2371 3082 2548 3137 fecisti
2591 3083 2904 3150 participes.
2950 3083 3081 3143 Sed.
3115 3098 3147 3135 0
3179 3082 3364 3153 Virgo,
3395 3097 3451 3140 et

188 3166 256 3219 ad
328 3172 533 3219 statum
601 3167 898 3235 perlectum
957 3171 1382 3237 perveniremus.
1460 3171 1763 3241 l‘nrgentur
1790 3194 1831 3252 ς
1866 3174 2055 3239 Mater,
2082 3174 2148 3229 de
2177 3174 2337 3241 cujus
2366 3174 2731 3226 immaculatis
2771 3175 3132 3243 sanguiuibus
3168 3175 3455 3230 formatio-

192 3254 316 3324 igne
371 3254 515 3307 labia
561 3264 768 3321 nostra,
821 3257 945 3311 licet
994 3260 1194 3327 quippe
1238 3269 1293 3312 et
1336 3260 1493 3313 nobis
1527 3277 1755 3329 prunam

190 3348 461 3412 attingere
498 3346 884 3415 purgati-iectu.
932 3348 1045 3399 lmo
1079 3364 1209 3401 vero
1239 3365 1360 3402 cum
1404 3367 1469 3404 eo
1501 3352 1604 3404 frui
1648 3353 1757 3420 jam

192 3435 355 3489 nobis
382 3435 471 3489 Dei
498 3435 761 3490 beneflcio
791 3438 1101 3507 contigerit,
1133 3455 1198 3493 ne
1228 3441 1605 3510 purgationem
1633 3457 1765 3495 con-

194 3537 501 3583 temnamus
574 3544 693 3599 quzc
756 3530 878 3583 inde
940 3539 1235 3584 consecuta
1299 3542 1399 3586 est.
1477 3533 1554 3587 lta
1608 3550 1766 3588 acce-

191 3620 387 3676 dentes
434 3624 551 3691 puri
587 3623 653 3676 ad
694 3637 818 3677 emn
855 3622 945 3691 qui
992 3624 1045 3675 in
1080 3624 1283 3692 templo
1314 3623 1473 3680 hodie
1518 3626 1762 3692 otlertnr,

190 3726 317 3766 cum
361 3727 569 3767 annosa
610 3722 663 3767 et
704 3724 855 3767 casta
898 3716 1052 3766 Anna
1094 3717 1449 3770 conliteamur
1489 3717 1716 3771 Domino
1745 3759 1760 3783 ,

193 3821 317 3859 cum
361 3806 645 3861 sacerdote
675 3805 885 3859 dierum
915 3806 1077 3874 pleno
1118 3806 1170 3859 in
1206 3806 1365 3862 ulnas
1396 3808 1756 3877 excipiamus.

190 3897 619 3952 Cousalutemus
646 3896 870 3951 Matrem
895 3912 1109 3967 semper
1145 3898 1429 3968 virginem,
1458 3914 1564 3954 non
1589 3914 1651 3953 ea
1676 3914 1763 3955 re-

297 3988 420 4021 “'“
447 3987 584 4043 Luc.
620 4004 681 4054 ll,
714 3988 805 4044 55.

1866 3283 1934 3319 ne
1989 3265 2148 3326 facta,
2193 3274 2449 3332 tanquam
2497 3264 2549 3316 in
2612 3266 2799 3319 codice
2828 3263 3066 3319 Verbum
3108 3268 3352 3334 legimus,
3398 3277 3454 3320 et

1874 3356 2103 3410 rationis
2163 3357 2504 3408 orbationem
2558 3355 2935 3424 deposuimus.
3004 3356 3122 3426 Ipsa
3173 3355 3311 3409 Filio
3360 3369 3455 3410 tuo

1873 3447 2143 3501 sermonis
2185 3448 2357 3500 nostri
2387 3461 2588 3499 munus
2612 3444 2811 3500 oll‘erto
2842 3446 2979 3515 (20),
3009 3446 3285 3515 indignum
3323 3448 3453 3499 illml

1873 3555 2027 3600 sane,
2063 3554 2091 3591 a
2124 3554 2207 3593 me
2237 3548 2417 3591 tamen
2443 3538 2783 3591 elaboratum
2822 3538 3126 3593 honorante
3173 3540 3317 3609 quod
3362 3541 3453 3593 ille

1868 3632 2029 3685 hodie.
2050 3646 2145 3700 pro
2172 3638 2361 3683 nostra
2385 3629 2564 3683 salute
2595 3629 2787 3699 gessit.
2822 3630 3024 3698 Accipe
3047 3631 3149 3684 hoc
3179 3648 3195 3695 ;
3227 3639 3280 3685 te
3303 3632 3450 3685 enim

1862 3722 2131 3791 adjutrice
2157 3736 2276 3776 mea
2312 3720 2506 3784 fretus,
2552 3720 2769 3788 suscepi
2802 3720 3043 3774 laborem
3082 3737 3097 3785 ;
3145 3737 3266 3790 qua:
3298 3737 3382 3775 me
3413 3738 3445 3776 a

1858 3827 2027 3882 puero
2053 3812 2118 3865 ad
2152 3812 2291 3865 hanc
2312 3818 2529 3863 aetatem
2556 3810 2863 3879 protexisti,
2895 3818 2951 3864 et
2978 3820 3036 3864 ut
3080 3826 3295 3879 semper
3327 3826 3453 3880 pro-

1877 3912 2027 3972 tegas
2080 3918 2198 3957 oro.
2253 3901 2329 3955 Ne
2383 3909 2475 3953 tua
2511 3915 2613 3953 nos
2656 3898 2975 3955 defensione
3009 3900 3300 3965 destituas,
3352 3901 3448 3956 sed

1672 4056 1904 4112 NOTIE.

265 4151 382 4222 (18)
416 4151 585 4205 Senex
611 4151 817 4221 quidem
848 4150 1139 4217 decrepitus
1166 4156 1218 4222 et
1230 4148 1501 4222 sacerdos.
1519 4149 1772 4222 “Symeo-

188 4219 316 4278 nem
353 4219 646 4275 sanctitate
681 4232 735 4276 et
773 4223 925 4274 senio
966 4219 1357 4279 venerabilem,
1384 4220 1768 4284 quiCln-istum

190 4293 495 4346 Dominum
516 4292 569 4343 in
602 4305 699 4344 sua
727 4290 1155 4344 Praisentationc
1188 4290 1239 4341 in
1274 4294 1475 4356 templo
1524 4291 1769 4358 suscepit

188 4364 248 4417 in
315 4362 476 4414 ulnas
520 4376 673 4421 snas,
727 4361 896 4415 fuisse
959 4358 1321 4417 sacerdotem,
1361 4369 1590 4410 censent
1640 4374 1766 4411 eum

189 4431 377 4487 Leone
420 4443 606 4501 neStro
658 4430 904 4501 Lyranus
930 4472 943 4493 ,
992 4428 1296 4501 Dionysi_us_
1326 4426 1760 4501 Carthusianus,

185 4501 507 4569 Caietanns,
542 4496 869 4554 Franciscus
889 4499 1082 4569 Lucas,
1119 4506 1171 4569 et
1202 4496 1423 4569 Toletus
1482 4499 1535 4569 in
1569 4512 1688 4566 cap.
1726 4514 1762 4552 ιι

1880 4153 2244 4226 pensitenms,
2285 4158 2594 4211 invenietur
2640 4166 2791 4211 certe
2831 4156 2897 4210 ad
2935 4170 3150 4209 omnem
3189 4159 3448 4226 temporis

1877 4221 2239 4294 differentiam
2268 4227 2668 4280 extendendam
2710 4227 2845 4281 fore.
2890 4226 3117 4294 Negatio
3150 4221 3444 4286 cnim-illa.

1876 4291 1965 4352 In,
2020 4293 2126 4345 vim
2184 4295 2511 4350 universalis
2568 4297 2769 4359 habet;
2809 4311 2871 4349 ac
2917 4291 3193 4350 si'doceat
3244 4299 3448 4351 nullam

1874 4376 2099 4482 p’rorsus
2132 4366 2397 4418 maculam
2423 4381 2599 4434 neque
2627 4368 2895 4419 actualem
2921 4381 3094 4432 neque
3124 4365 3444 4433 originalem

1921 4432 2160 4482 ciDaram
2199 4434 2481 4482 habuisse-
2529 4434 2804 4482 Secundo-
2836 4436 2987 4482 mtia-
3019 4435 3063 4482 si
3099 4432 3296 4482 femina
3325 4452 3444 4482 enr-

1921 4432 2160 4499 ciparam
2199 4434 2481 4489 habuisse.
2511 4432 2804 4499 'Secundo,
2836 4436 2987 4503 quia,
3019 4435 3063 4486 si
3099 4432 3296 4487 femina
3325 4452 3447 4489 cor-

1870 4511 2031 4569 rupta
2091 4505 2279 4573 semel,
2334 4520 2438 4558 non
2490 4513 2670 4573 potest
2721 4506 3073 4571 imposterum
3126 4507 3445 4573 incorrupta

190 4562 381 4641 Lucae,
417 4584 481 4621 ac
599 4571 931 4641 Athanasius
971 4567 1178 4641 l,.ili.gde
1205 4567 1492 4641 Communi
1525 4562 1762 4641 essentia
1800 4562 1841 4617 D
1874 4562 2215 4641 nuncupari;
2268 4562 2548 4641 quomodo
2609 4574 2707 4629 SS.
2777 4562 2973 4627 femina
3024 4575 3188 4627 Maria
3216 4612 3231 4636 ,
3270 4576 3314 4628 si
3348 4562 3448 4627 ali-

189 4640 396 4700 Patris.
424 4646 477 4693 et
500 4637 617 4693 Filii
642 4680 656 4703 ,
684 4640 739 4693 S.
772 4639 1008 4709 Cyrillus
1054 4636 1583 4709 llicrosoljlnitanus
1610 4636 1763 4709 orat.

188 4712 259 4765 de
285 4712 533 4764 Occursu
581 4703 904 4771 Dominifb‘.
943 4706 1279 4775 Epiphanius
1308 4703 1508 4759 'Tract.
1558 4708 1625 4761 de
1667 4707 1766 4760 Pa-

191 4780 375 4834 !rlbus
416 4776 625 4833 Veteris
679 4777 1014 4833 'l‘estamenti
1042 4818 1055 4839 ,
1099 4785 1148 4830 et
1190 4776 1444 4829 Canisius
1487 4777 1577 4828 lib.
1618 4792 1668 4829 iv
1700 4778 1766 4830 de

190 4850 626 4928 Dei-para,__cap.
682 4850 781 4928 10..
841 4851 1067 4928 ideoque
1120 4854 1176 4898 ut
1218 4846 1558 4928 saecrdotcm
1603 4846 1764 4928 bene:

189 4915 401 4973 dixi-sse
452 4915 635 4970 Maria!
663 4929 715 4972 et
746 4916 969 4986 Joscph,
1018 4915 1149 4968 Luc.
1193 4932 1252 4978 ιι,
1290 4930 1430 4986 vers.
1478 4915 1765 4986 54η1αιςυι

189 5005 319 5044 eum
342 4988 511 5042 fuisse
531 4988 747 5051 laicum,
762 4984 1251 5047 non—sacerdotem,
1272 4984 1565 5053 Opinentur
1584 4984 1761 5039 Theo-

188 5060 506 5130 phylactus,
538 5056 884 5130 Euthymius,
920 5055 1236 5130 Jansenius,
1269 5052 1324 5107 et
1354 5052 1667 5130 Bai-radius,
1701 5070 1764 5108 ac

192 5125 546 5183 benedixisse
582 5125 783 5189 Marte,
816 5143 922 5180 non
956 5132 1012 5177 ut
1049 5128 1410 5184 sacerdotem,
1447 5125 1539 5177 sed
1587 5136 1644 5177 ut
1679 5140 1763 5178 se-

192 5197 520 5319 nem.
548 5196 865 5252 Cornelium
911 5211 940 5250 a
989 5194 1188 5263 Lepide
1230 5194 1284 5245 in
1333 5209 1454 5263 cap.
1502 5208 1536 5248 ιι
1581 5193 1763 5259 Lucae,

192 5283 339 5319 τρι-5.
409 5286 463 5319 ο.

190 5283 339 5323 νει-5.
369 5283 463 5321 ΖΟ.

264 5337 379 5408 (19)
420 5337 505 5389 Ad
533 5335 929 5389 immaculatum
954 5336 1161 5408 penitus
1190 5333 1477 5408 Virginem.
1505 5333 1577 5408 Ut
1602 5345 1764 5398 recte,

192 5404 304 5480 pie,
338 5404 393 5463 et
424 5408 719 5480 prudenter
751 5408 961 5480 beatam
1000 5404 1272 5480 Virginem
1314 5406 1529 5480 penitus
1568 5406 1765 5480 imma-

192 5474 549 5541 culatazﬂmo
577 5476 939 5530 immaculata:
986 5479 1161 5529 solum
1206 5476 1424 5526 nomine
1470 5474 1764 5541 compella-

192 5558 308 5601 tam
347 5562 473 5602 esse
499 5547 767 5611 dicamus,
804 5545 947 5598 l‘acili
976 5544 1300 5599 deductione
1343 5558 1589 5597 asserere
1633 5545 1762 5596 lii-e-

193 5617 277 5672 bit
304 5632 427 5673 eam
461 5618 606 5669 omni
635 5630 859 5685 prorsus
887 5615 1094 5682 peccati
1124 5614 1408 5682 originalis
1438 5613 1648 5685 macula
1678 5627 1769 5685 ca-

190 5688 394 5742 ruisse.
459 5681 651 5739 Primo
672 5681 930 5754 quidem,
966 5688 1091 5754 quia
1127 5681 1293 5753 (utin
1345 5698 1445 5754 suo
1482 5681 1666 5735 Tract.
1698 5682 1765 5735 de

188 5758 461 5825 Concept.
494 5771 615 5822 cap.
652 5753 736 5816 15.
777 5756 949 5825 inquit
991 5753 1222 5819 Lezana)
1269 5755 1313 5806 si
1354 5753 1465 5825 rvim
1520 5755 1763 5821 negatio-

190 5831 303 5891 uis,
335 5823 459 5897 qua:
489 5841 584 5894 per
615 5839 813 5879 nomen
847 5823 1195 5877 Immaculata
1226 5824 1581 5893 significatur.
1621 5832 1762 5876 recte

1879 4640 2099 4712 quando
2127 4640 2443 4710 originalem
2475 4645 2742 4697 maculam
2779 4642 2970 4697 luisset
3006 4658 3282 4711 perpeSsa.
3320 4661 3445 4712 pos-

1880 4720 1961 4764 set
1995 4711 2345 4781 imposlerum
2379 4712 2724 4765 immaculata
2754 4713 2980 4765 vocari?
3011 4717 3141 4765 tium
3171 4729 3299 4780 ergo
3320 4711 3446 4781 pas-

1880 4782 1980 4833 sim
2016 4779 2388 4846 immarulata,
2430 4782 2539 4835 imo
2568 4798 2793 4849 prorsus
2826 4784 3169 4835 immaculata
3205 4779 3250 4833 a7
3275 4779 3443 4835 l’iitri-

1881 4851 1981 4903 bus
2031 4857 2083 4899 et
2122 4852 2369 4905 conciliis
2416 4854 2740 4919 appelletur,
2786 4853 3001 4920 signum
3062 4861 3145 4906 est
3192 4852 3335 4904 illaut
3374 4858 3442 4905 ah

1879 4919 2024 4971 omni
2062 4921 2276 4983 penitus
2306 4922 2557 4988 originali
2593 4922 2804 4974 macula
2848 4919 3015 4975 fuisse
3051 4925 3368 4974 immunem.

1951 4988 2062 5056 (‘20)
2106 4988 2227 5054 Ipsa
2284 4988 2427 5042 Filio
2460 5002 2546 5044 tuo
2595 4992 2851 5044 sermonis
2902 5008 3090 5044 munus
3122 4992 3328 5057 o/ferla.
3378 4990 3443 5044 Ει

1878 5056 2129 5111 Caesareo
2164 5059 2360 5113 Leonis
2392 5062 2664 5128 exemplo,
2704 5070 2757 5115 et
2783 5060 2883 5114 SS.
2907 5062 3121 5113 Patrum
3162 5056 3441 5123 suasione,

1882 5135 1938 5179 ut
1972 5138 2156 5198 nostra
2188 5130 2300 5183 sint
2356 5128 2463 5183 Deo
2504 5146 2727 5182 munera
2760 5134 3019 5198 gratiora,
3063 5129 3243 5183 Maria:
3292 5132 3443 5196 prius

1880 5197 2151 5268 manilius,
2192 5214 2284 5265 per
2316 5199 2413 5268 has
2444 5199 2549 5252 Deo
2589 5197 2884 5261 otl'crenda,
2921 5202 3247 5268 consignare
3282 5202 3445 5252 debu-

1880 5281 2020 5319 mus.
2079 5266 2212 5319 llinc
2259 5267 2315 5321 S.
2367 5267 2671 5322 Bernardus
2716 5269 2770 5321 in
2820 5286 2984 5323 serui.
3039 5266 3105 5323 de
3147 5267 3321 5321 Nativ.
3381 5269 3440 5323 Β.

1881 5334 2026 5403 Virg.
2082 5336 2197 5407 ait:
2247 5336 2513 5389 Modicum
2547 5338 2707 5400 illud,
2753 5339 2890 5407 quod
2932 5340 3118 5406 oﬂ'erre
3148 5338 3439 5403 desideras,

1877 5406 2193 5473 gratissimis
2224 5408 2353 5467 illis,
2389 5418 2437 5460 et
2472 5411 2613 5460 omni
2640 5406 2937 5474 acceptione
2967 5409 3286 5475 dignissimis
3323 5407 3440 5460 Mn-

1878 5478 1974 5528 riw
2038 5477 2275 5530 manibus
2323 5477 2645 5543 o/I'erendmn
2692 5478 2898 5531 trudere
2931 5495 3081 5538 cura.
3131 5481 3175 5530 si
3216 5494 3318 5529 non
3368 5481 3439 5531 nis

1880 5547 2137 5617 sustinere
2188 5549 2472 5617 repulsum.
2533 5547 2810 5617 Consonat
2880 5549 3136 5601 Albertus
3212 5546 3442 5617 Magnes

1880 5630 2042 5668 serm.
2095 5616 2145 5667 in
2197 5614 2473 5685 Dominica
2583 5627 2703 5685 post
2750 5616 2965 5671 Pentec.
3010 5617 3077 5670 de
3126 5618 3185 5669 B.
3220 5614 3442 5685 Virgine

1881 5685 1982 5737 sub
2014 5685 2233 5736 nomine
2280 5682 2551 5739 Naviculze
2585 5682 2647 5739 in
2703 5687 2845 5740 lnmc
2905 5688 3122 5738 modum
3168 5682 3436 5753 loquelis:

1882 5754 2083 5808 Bonum
2121 5764 2215 5811 Bal,
2253 5756 2575 5815 clmrissimi,
2600 5766 2653 5807 ut
2681 5773 2771 5807 nos
2796 5770 3089 5822 peccatores
3128 5761 3439 5809 numuscuia

1882 5836 2083 5877 nostra.
2117 5822 2166 5874 id
2200 5834 2297 5885 est,
2331 5827 2605 5889 orationes,
2646 5828 2932 5893 lacrumas,
2976 5827 3349 5893 clccmosynns,
3378 5844 3440 5881 ac
