4224 6444
765 425 834 488 13
2003 419 2279 480 LEONIS
2322 418 2448 476 l’ill
2463 418 2776 478 LOSOI’fIl
3963 409 4030 470 ii

760 531 886 594 tulit
920 532 976 588 in
1009 530 1340 587 felicitatem.
1389 527 1582 584 Mulier
1617 533 1827 588 sancta,
1872 533 1926 578 et
1965 541 2123 595 pura,
2173 523 2343 594 virgi-
2375 527 2418 582 Α
2451 522 2554 576 fert
2588 521 2824 590 Virginis
2877 531 3085 581 uterus,
3123 519 3502 588 formaturque
3552 519 3620 571 dc.
3666 515 4036 586 sanguinibus

759 624 880 684 tleis
898 638 928 678 e
960 618 1317 692 sanguinibus
1343 617 1540 674 Filium
1566 632 1884 688 procreans,
1905 631 2131 688 egenum
2169 617 2338 667 Adam

761 713 1084 775 sublevavit,
1115 709 1518 781 opulentissimi
1546 708 1678 764 Adae
1717 724 1783 764 ex
1828 725 1892 764 ea
1928 707 2065 772 nati,
2095 721 2217 776 qua:
2243 720 2340 758 cx-

765 807 934 864 terius
961 805 1180 858 videtur
1212 803 1420 872 inopia,
1452 801 1598 872 quod
1621 803 1728 856 vile
1751 810 1834 858 est
1857 801 1962 856 sibi
1995 800 2256 860 ttuietttis,
2289 805 2344 849 et

761 893 878 948 suis
900 893 1099 960 opibus
1145 898 1516 962 paupertatem
1570 892 1852 959 erigentis.
1895 888 2028 943 Nam
2069 888 2196 958 quia
2233 887 2343 942 Deo

766 982 970 1050 placuit
993 991 1175 1037 notam
1221 983 1402 1036 facere
1436 982 1866 1037 misericordiam
1919 995 2100 1044 suam,
2138 979 2346 1033 bonita-

765 1081 872 1126 tem
905 1072 1046 1125 hanc
1076 1069 1264 1124 effudit
1283 1071 1519 1136 abunde,
1553 1079 1610 1126 ut
1635 1087 1692 1126 se
1717 1070 2027 1125 ostenderet
2049 1083 2156 1122 non
2184 1073 2349 1124 modo

764 1163 1030 1214 malorum
1056 1170 1368 1215 nostrorum
1397 1177 1562 1216 sensu
1593 1162 1818 1223 moveri,
1843 1159 1937 1214 sed
1957 1160 2120 1214 etiam
2149 1161 2203 1213 in
2239 1161 2337 1212 ha-

767 1250 886 1304 bitu
919 1251 1232 1320 peccatoris
1270 1252 1592 1314 demissum,
1632 1265 1742 1320 quo
1778 1252 1894 1306 suis
1927 1251 2222 1306 virtutibus
2264 1266 2349 1302 re-

770 1340 1008 1396 medium
1037 1342 1212 1400 errori
1259 1341 1502 1407 aﬂ‘erret,
1555 1349 1609 1395 et
1644 1342 1956 1397 innocentia
2006 1355 2106 1397 sua
2136 1349 2346 1395 reatum

767 1433 940 1500 culpa:
985 1432 1215 1488 deleret.
1257 1433 1486 1502 Propter
1525 1436 1628 1488 hoc
1675 1434 1833 1488 vulva
1871 1434 2016 1501 capit
2057 1447 2203 1496 eum,
2255 1433 2346 1500 qui

769 1522 918 1577 nulla
971 1537 1031 1577 re
1069 1523 1308 1592 capitur,
1339 1534 1394 1578 et
1446 1525 1645 1593 pannis
1691 1524 2006 1588 involvitur,
2059 1524 2152 1592 qui
2201 1534 2347 1578 tactu

765 1613 905 1668 liber
932 1622 1039 1678 est,
1068 1622 1121 1668 ct
1149 1613 1292 1669 labe.
1324 1615 1573 1684 Deosque
1610 1629 1735 1668 cum
1789 1624 2011 1669 errante
2059 1623 2114 1668 et
2161 1615 2348 1668 exsule

767 1701 1110 1758 familiariter
1153 1714 1425 1768 versatur,
1472 1712 1531 1758 ut
1571 1705 1798 1760 reducat
1843 1707 1910 1759 ad
1963 1719 2084 1768 sua,
2129 1719 2351 1760 causam

766 1796 870 1850 rite
897 1804 949 1850 et
983 1797 1198 1866 egregie
1226 1797 1586 1860 transferens,
1623 1813 1744 1866 quze
1795 1813 1880 1853 me
1907 1799 2146 1867 propriis
2195 1799 2342 1854 sedi-

769 1889 872 1942 bus
903 1889 1084 1958 ejecit.
1114 1889 1268 1944 hie-te
1295 1889 1474 1958 jactes
1513 1889 1580 1944 de
1611 1890 1822 1954 fraude,
1847 1889 1940 1960 qui
1977 1903 2074 1958 per
2099 1903 2219 1944 eam
2255 1904 2351 1958 ge.-

769 1996 872 2035 nus
905 1981 1202 2034 humanum
1247 1981 1552 2048 subjecisti,
1595 1980 2010 2050 subjectumque
2054 1981 2208 2034 111ιιιιι
2249 1979 2345 2035 tibi

766 2070 1072 2134 reddidisti,
1103 2072 1196 2140 qui
1224 2071 1290 2128 ad
1327 2073 1663 2143 regnandum
1689 2081 1909 2128 creatus
1949 2080 2089 2127 erat.
2131 2069 2335 2126 Nobis-

763 2176 886 2216 cum
935 2163 1075 2218 Deus
1123 2182 1136 2218 :
1185 2181 1308 2218 cum
1353 2180 1536 2220 rerum
1593 2166 1778 2235 egenis
1825 2165 2136 2224 auxiliatur,
2214 2181 2338 2219 cum

766 2253 1156 2320 impotentibus
1206 2255 1395 2319 furtis,
1449 2272 1573 2308 eum
1625 2257 1864 2310 redactis
1913 2257 1965 2308 in
2028 2256 2344 2310 servitutem

767 2343 1044 2408 liberator,
1081 2360 1360 2412 pet-quem
1392 2348 1556 2400 etiam
1593 2347 1683 2400 fiet
1731 2357 1787 2399 ut
1835 2347 2076 2402 nefarius
2123 2357 2349 2402 vexatur

767 2437 883 2487 loco
915 2435 1210 2489 multarunt
1237 2448 1427 2490 contra
1461 2451 1563 2491 nos
1603 2437 1800 2490 virium
1833 2453 1945 2492 sua:
1972 2452 2190 2507 quoque
2249 2452 2347 2506 po-

767 2525 950 2580 tentiae
983 2525 1147 2579 faciat
1173 2527 1472 2593 jacturam,
1509 2526 1638 2580 dum
1676 2528 1712 2580 ii
1741 2543 1882 2596 quos
1931 2529 2048 2596 ipse
2095 2542 2157 2582 se
2192 2542 2348 2581 eom-

769 2618 1167 2684 prehensuium
1220 2627 1439 2686 potente
1489 2634 1649 2672 manu
1695 2618 1854 2688 quasi
1905 2617 2118 2680 nidum,
2151 2632 2346 2686 super-

767 2709 988 2764 bissime
1010 2710 1328 2776 jactaverat,
1361 2709 1636 2765 Creatoris
1671 2725 1832 2762 manu
1877 2709 2181 2765 liberantur
2207 2749 2222 2774 ,
2254 2710 2348 2780 qui

767 2815 914 2852 nunc
948 2801 1131 2856 infans
1169 2803 1343 2863 visus,
1377 2810 1430 2854 et
1481 2817 1658 2869 pravae
1689 2801 1898 2870 aSpidis
1931 2800 2196 2854 foramina
2225 2815 2352 2868 per--

764 2898 1040 2944 scrutatus
1062 2900 1167 2954 est,
1195 2891 1648 2961 mortiferumque
1685 2897 1927 2948 enecavit
1968 2894 2158 2954 fetum,
2187 2903 2242 2950 et
2267 2895 2350 2948 vi-

769 2991 877 3031 tam
914 2979 1171 3033 universo
1215 2983 1399 3036 attulit
1421 2985 1645 3037 mundo.
1681 2983 1924 3048 Scitote,
1971 2999 2133 3037 omne
2177 2998 2350 3052 genus

770 3070 1072 3133 hominum,
1109 3073 1273 3125 Deum
1314 3075 1586 3126 hominem
1621 3075 1851 3140 factum,
1883 3083 1940 3127 ut
1971 3075 2072 3128 sihi
2107 3089 2203 3128 eos
2237 3076 2350 3125 alli-

768 3177 864 3216 nes
899 3159 1122 3226 faceret,
1152 3162 1242 3229 qui
1279 3161 1348 3215 ab
1396 3162 1516 3231 ejus
1573 3162 1833 3218 afiinitate
1874 3165 2234 3227 deciderant;
2290 3176 2341 3216 ut

769 3258 1006 3307 lmmana
1039 3271 1194 3311 mens
1225 3257 1290 3310 ad
1337 3259 1478 3311 mala
1514 3260 1795 3327 proclivis,
1825 3275 2002 3328 neque
2035 3276 2099 3314 eo
2140 3267 2353 3313 tant-nn

769 3346 913 3398 malo
947 3345 1224 3400 laborans.
1261 3347 1354 3400 sed
1403 3361 1504 3402 nec
1549 3347 1716 3402 etiam
1749 3349 1994 3404 sentiens
2029 3350 2092 3403 ad
2125 3351 2263 3404 mala
2297 3367 2357 3405 se

770 3434 918 3498 ferri,
948 3450 1122 3502 neque
1155 3451 1212 3489 se
1238 3437 1512 3488 dominam
1549 3438 1810 3492 motionis
1837 3448 2105 3502 statuens,
2134 3440 2226 3493 Sed
2263 3441 2353 3494 ha-

773 3527 944 3580 benas
981 3539 1175 3580 omnes
1215 3541 1436 3579 sursum
1487 3527 1790 3591 trahentes,
1843 3531 2149 3584 excutiens.
2187 3531 2356 3584 veluti

767 3631 910 3671 onus
942 3623 996 3670 et
1025 3615 1244 3683 pondus
1294 3618 1554 3678 otiosum,
1600 3616 1982 3672 circumducta
2038 3633 2134 3684 per
2179 3619 2356 3673 malu-

771 3720 891 3756 rum
923 3717 1150 3772 campos
1179 3719 1210 3756 a
1241 3719 1427 3767 carne,
1459 3703 1620 3772 cujus
1652 3703 1768 3774 ipsa
1795 3705 1953 3758 debet
1981 3719 2100 3759 eSse
2125 3707 2313 3776 auriga
2339 3724 2351 3772 ;

771 3795 907 3858 haec,
936 3794 1186 3863 inquam,
1225 3809 1380 3850 mens
1411 3795 1612 3851 divinae
1645 3798 1811 3850 menti
1842 3797 2014 3862 unita,
2044 3806 2102 3851 ut
2127 3801 2354 3854 sentiret

771 3887 828 3938 in
879 3887 966 3938 illa
1003 3901 1125 3955 qua:
1165 3901 1326 3953 passa
1377 3886 1631 3950 fuerit,et
1677 3903 1771 3956 per
1802 3887 1966 3952 hujus
1995 3903 2202 3954 vocem,
2231 3905 2354 3958 quae

771 3981 991 4042 propter
1029 3974 1387 4028 reverentiam
1417 3975 1767 4028 examlirelur
1800 3991 1828 4028 a
1853 3975 2174 4040 Parente,et
2200 3977 2354 4032 auxi-

771 4065 904 4118 lium
937 4063 1138 4118 divinte
1165 4063 1426 4118 bonitatis
1465 4065 1828 4132 experiretur.
1866 4066 1929 4120 Et
1957 4083 2087 4122 sane
2129 4068 2352 4136 quidem

769 4153 890 4208 sine
919 4167 1089 4209 carne
1137 4155 1301 4208 etiam
1331 4153 1496 4209 facile
1521 4165 1640 4208 erat
1670 4158 1972 4210 constituto
2006 4157 2058 4212 in
2093 4159 2354 4229 periculis

771 4255 1034 4311 praestare
1079 4244 1365 4296 auxilium.
1414 4244 1553 4309 Quid
1609 4245 1754 4298 enim
1819 4245 1926 4301 Deo
1979 4235 2198 4304 volente
2243 4265 2352 4306 non

771 4331 864 4386 flat
891 4333 913 4386 ?
939 4333 1075 4398 Quia
1099 4341 1280 4387 tamen
1320 4348 1460 4401 Opus
1487 4341 1606 4386 erat
1634 4349 1758 4387 eum
1793 4336 1886 4403 qui
1935 4349 2271 4403 peccaverat.
2301 4349 2354 4394 et

771 4437 834 4478 se
867 4425 1011 4492 quod
1055 4434 1341 4490 peccasset
1379 4438 1699 4491 agnoscere,
1749 4427 2090 4494 vocibusque
2139 4429 2352 4484 miseri-

769 4513 1017 4572 cordiam
1071 4513 1496 4582 implorantibus
1544 4513 1764 4582 expiare
1824 4523 2152 4582 peccatum,
2207 4519 2350 4586 quod

769 4619 928 4659 mens
955 4605 1195 4656 humana
1237 4620 1344 4657 non
1393 4613 1626 4674 poterat,
1653 4614 1711 4659 ut
1740 4621 1861 4674 qua.-
1893 4607 1944 4659 in
1984 4607 2206 4678 pelagus
2237 4610 2361 4664 vitae

767 4697 984 4749 ratione
1029 4696 1270 4750 carentis
1315 4697 1600 4752 submersa
1645 4709 1804 4752 erat:
1840 4698 2050 4754 idcirco
2089 4707 2200 4754 tota
2240 4703 2360 4771 ipsa

767 4785 952 4841 divina
995 4802 1149 4842 mens
1199 4787 1345 4842 unita
1394 4788 1634 4842 extrahit
1688 4788 1835 4842 illam
1881 4789 1950 4844 de
2001 4791 2242 4846 absurdo
2283 4793 2358 4846 ir-

769 4877 1060 4933 rationalis
1122 4880 1246 4932 vita:
1307 4890 1447 4934 statu
1479 4919 1494 4942 ,
1555 4879 2054 4951 deprecantemque
2105 4899 2205 4952 pro
2263 4885 2355 4940 illa

771 4982 957 5022 vocem
1017 4971 1298 5037 entittens,
1353 4985 1449 5038 per
1509 4973 1591 5025 sui
1657 4973 2016 5027 reverentiam
2063 4973 2230 5039 facit,
2288 4985 2348 5032 ut

771 5059 1040 5113 malorum
1079 5062 1239 5116 nobis
1261 5063 1432 5117 series
1485 5063 1539 5116 in
1585 5079 1751 5133 opera
1789 5065 2178 5120 misericordia:
2204 5069 2349 5124 desi-

771 5159 885 5206 nat.
919 5151 1128 5207 Idcirco
1169 5153 1481 5211 Divinitatis
1513 5157 1684 5224 (reor)
1733 5157 1914 5228 ignem
1950 5157 2354 5218 intolerandum

2449 613 2569 682 ejus
2598 611 2810 682 Opil‘ex.
2834 611 3180 681 Quanquam,
3212 619 3264 663 et
3297 610 3417 663 alia:
3439 624 3560 664 sese
3590 607 4036 670 ofl‘erentcausa’,

2455 703 2656 773 quibus
2688 701 2764 755 rei
2787 699 2952 768 hujus
2977 697 3348 753 consideratio
3385 713 3490 750 non
3521 695 3893 765 perfunctorie
3921 694 4036 744 fiet.

2452 797 2607 851 Nunc
2633 809 2762 848 vero
2790 792 3124 860 cognoscite,
3163 789 3274 842 imo
3309 803 3438 841 vero
3469 799 3868 856 cognoscamus
3899 781 4039 836 Ver-

2452 889 2579 946 butn
2613 888 2664 941 in
2697 884 2924 957 praesepi
2974 883 3290 936 animalium
3323 879 3535 950 jacens,
3575 879 3690 948 qui,
3722 891 3910 930 errore
3943 874 4040 927 ab-

2453 979 2693 1032 ducente
2733 976 2800 1030 de
2848 973 3078 1027 rationis
3119 980 3287 1036 statu,
3327 985 3356 1024 a
3393 967 3484 1023 Dei
3522 967 3838 1039 cognitione
3880 966 4042 1034 longe

2456 1069 2771 1124 aberamus.
2805 1065 2977 1120 Abeat
3021 1079 3196 1128 error,
3236 1062 3328 1132 qui
3379 1061 3649 1115 hactenus
3694 1059 3971 1110 hominem
4009 1071 4040 1108 a

2457 1172 2558 1213 suo
2583 1157 2882 1213 Conditore
2929 1154 3194 1222 sejunxit,
3231 1161 3286 1206 et
3336 1153 3597 1206 honorem
3639 1147 3921 1204 Creatoris
3979 1155 4042 1198 ut

2455 1245 2674 1301 offerret
2704 1253 2969 1300 creatura:
3003 1243 3200 1299 suasit.
3219 1243 3320 1308 Qui
3348 1243 3416 1294 ah
3453 1257 3560 1294 uno
3593 1255 3724 1294 vero
3748 1238 3858 1292 Deo
3887 1252 4044 1291 creao

2459 1347 2638 1391 turam
2674 1336 3022 1399 abstrahens,
3059 1333 3235 1387 turbis
3265 1332 3492 1386 deorum
3543 1329 4042 1398 subjiciebat,cnm

2459 1443 2566 1486 non
2583 1427 2746 1481 modo
2774 1427 2890 1480 alia:
2910 1434 3180 1480 creatura:
3203 1425 3254 1480 in
3281 1423 3521 1478 divinam
3550 1421 3869 1490 dignitatem
3902 1419 4044 1471 male

2463 1519 2530 1570 ab
2562 1518 2876 1572 hominibus
2907 1517 3290 1579 evellerentur,
3323 1514 3417 1569 sed
3453 1513 3528 1568 illi
3565 1511 3668 1568 sibi
3707 1511 3872 1566 etiam
3899 1510 4044 1564 divi-

2463 1609 2690 1662 nitatem
2731 1608 3057 1670 tribuerent,
3091 1615 3146 1660 et
3182 1605 3408 1676 proinde
3445 1612 3734 1658 sexcentos
3761 1601 4047 1670 confinge-

2465 1707 2586 1752 rent
2635 1697 2810 1761 deos,
2861 1707 2913 1750 et
2969 1713 3107 1766 quos
3163 1695 3357 1750 liberet
3403 1694 3687 1750 divinitate
3751 1693 4045 1747 donarent.

2461 1787 2624 1854 Quasi
2659 1795 2932 1857 oporteret
2967 1800 3072 1838 nou
3125 1783 3285 1838 modo
3317 1798 3416 1838 nos
3444 1799 3474 1836 a
3506 1781 3619 1836 Deo
3648 1781 3840 1850 procul
3869 1794 3994 1834 esse
4027 1819 4040 1844 ,

2463 1898 2648 1938 verum
2709 1883 2873 1937 etiam
2938 1879 3223 1950 tyrannica
3287 1875 3457 1932 Deum
3506 1877 3832 1947 opprimere.
3897 1872 4048 1930 Proh

2468 1973 2722 2044 nequitiae
2748 1972 3156 2027 institutorem!
3201 1967 3295 2025 ille
3326 1969 3395 2024 ab
3432 1969 3588 2025 initio
3629 1967 3732 2022 hoc
3763 1967 4052 2036 excogita-

2459 2062 2554 2124 vit,
2583 2069 2642 2116 ιιι
2667 2061 2866 2116 similis
2915 2059 3200 2113 Altissimo
3235 2057 3410 2112 fieret.
3465 2057 3561 2114 Ille
3607 2059 3904 2120 hominem,
3933 2055 4054 2110 cla-

2459 2171 2580 2210 rum
2610 2154 2806 2208 divinae
2833 2153 3071 2208 dextera:
3098 2151 3476 2215 simulacrum,
3495 2166 3604 2205 non
3637 2151 3814 2205 solum
3839 2150 4049 2202 amanti

2455 2245 2735 2306 inimicum
2767 2242 3002 2298 reddidit
3046 2257 3141 2312 per
3196 2241 3686 2311 transgressionem
3735 2237 4042 2308 praecepti,

2457 2338 2552 2394 sed
2577 2337 2654 2390 illi
2689 2337 2852 2390 etiam
2900 2335 3241 2388 consumens
3280 2331 3680 2397 adversarium,
3711 2329 4048 2384 imitatorem

2456 2429 2540 2485 sui
2575 2428 2722 2492 fecit,
2765 2425 3068 2489 suadcho,
3102 2434 3160 2478 ut
3190 2423 3431 2478 divinam
3470 2423 3576 2478 sibi
3604 2423 3924 2493 dignitatem
3953 2435 4048 2473 ar-

2460 2523 2676 2590 riperet.
2715 2519 2778 2572 Et
2808 2519 2896 2572 hic
2925 2518 3143 2588 quidem
3189 2517 3327 2574 deus
3367 2525 3509 2580 erat,
3550 2515 3679 2586 quia
3717 2512 3870 2586 gravi
3910 2526 4048 2566 usus

2463 2627 2649 2674 manu,
2681 2608 2990 2679 tyrannidis
3030 2607 3104 2670 vi,
3149 2607 3274 2661 aliis
3314 2605 3673 2660 excellentior
3705 2604 3902 2659 evasit.
3951 2600 4048 2655 Ille

2459 2718 2586 2756 vero
2635 2708 2794 2763 deus,
2845 2701 2988 2769 quod
3045 2709 3326 2762 cruentus,
3371 2697 3765 2766 hominumque
3805 2693 4050 2750 caadibus

2459 2796 2707 2864 insignis,
2749 2810 2910 2846 manu
2965 2795 3064 2850 sibi
3101 2796 3166 2846 ad
3197 2791 3534 2846 fundendum
3583 2792 3906 2858 sanguinem
3947 2805 4046 2858 pa-

2459 2889 2676 2942 ratiore.
2709 2888 2862 2940 Alius
2889 2899 3108 2953 qquue
3152 2883 3311 2946 deus,
3335 2881 3478 2951 quod
3528 2881 3644 2935 acri
3693 2881 3858 2934 fuerit
3892 2879 4047 2949 inge-

2459 2979 2569 3040 nio,
2603 2984 2656 3031 et
2687 2985 2880 3030 auctor
2923 2975 3158 3040 alicujus
3207 2974 3415 3028 inventi
3455 2971 3878 3026 admirationem
3930 2985 4048 3024 me-

2462 3071 2653 3124 ruerit.
2691 3067 3004 3120 ilnnoretur
3043 3073 3097 3120 et
3145 3064 3486 3128 muliercula,
3525 3063 3668 3132 quod
3716 3063 3896 3116 crines
3921 3071 4050 3130 apte

2373 3163 2420 3225 C
2447 3169 2698 3228 comptos
2723 3169 3107 3228 contorqueat,
3137 3167 3188 3210 et
3237 3157 3365 3218 alia,
3400 3155 3547 3225 quod
3591 3155 3824 3225 eleganti
3861 3154 4050 3224 specie

2448 3253 2682 3307 lascivos
2728 3249 3012 3320 deceperit
3059 3257 3108 3304 ct
3160 3249 3446 3302 attraxerit
3507 3257 3803 3310 amatores,
3843 3253 3899 3300 ct
3945 3261 4050 3314 pro

2450 3343 2699 3397 mercede
2717 3341 3015 3394 meretricii
3055 3341 3405 3408 lasciviaeque
3429 3341 3498 3393 ab
3543 3339 3610 3392 iis
3643 3338 3916 3407 acceperit
3941 3353 4044 3391 nu-

2449 3435 2648 3490 merari
2680 3433 2822 3488 inter
2851 3431 3008 3487 deos.
3041 3433 3194 3486 Alius
3243 3433 3347 3485 alia
3381 3433 3596 3486 ratione
3623 3433 3677 3484 in
3705 3433 3932 3486 deorum
3967 3431 4050 3484 al.

2451 3527 2584 3582 bum
2637 3525 2951 3580 ascriliitur.
3009 3525 3082 3578 Ita
3137 3525 3410 3580 Saturnus
3458 3524 3744 3595 tyrannica
3791 3540 3952 3578 manu
3993 3526 4049 3577 in

2451 3625 2661 3687 patrem
2697 3618 3012 3688 insurgens,
3049 3632 3156 3670 non
3193 3617 3355 3672 modo
3387 3615 3616 3670 nudavit
3661 3617 3914 3685 imperio,
3948 3615 4048 3669 sed

2455 3709 2800 3764 naturalibus
2831 3722 3049 3779 quoque
3083 3708 3319 3770 orbavit,
3355 3723 3418 3762 ea
3441 3706 3768 3776 praecidens,
3793 3721 3888 3775 per
3923 3721 4052 3775 qua:

2449 3800 2508 3852 in
2537 3799 2715 3853 lucem
2747 3809 2832 3854 est
2871 3801 3076 3862 editus,
3111 3805 3166 3852 et
3199 3799 3428 3866 proinde
3459 3813 3490 3852 e
3524 3798 3742 3868 tyranni
3778 3797 4054 3864 dignitate

2449 3895 2510 3949 in
2543 3891 2631 3946 dei
2683 3881 3024 3960 majestatem
3080 3901 3303 3944 evectus
3349 3897 3455 3943 est.
3499 3887 3576 3944 Ita
3625 3900 3927 3958 prognatus
3967 3903 4038 3942 ex

2449 3997 2520 4038 eo
2559 3979 2794 4051 Jupiter,
2837 3984 3050 4050 paterni
3091 3981 3260 4034 animi
3303 3981 3495 4043 lateres,
3533 3979 3697 4035 simili
3745 3980 3909 4035 modo
3957 3980 4048 4035 dei

2455 4089 2654 4128 nomen
2697 4074 2932 4128 sortitus
2969 4082 3071 4128 est.
3105 4073 3170 4126 Et
3211 4071 3352 4125 Mars
3395 4072 3620 4140 pariter,
3645 4070 3789 4140 quod
3835 4079 4046 4124 morta-

2451 4167 2583 4220 l-ium
2615 4167 2814 4232 stragis
2839 4173 3052 4223 auctor,
3087 4163 3142 4217 in
3169 4161 3400 4218 deorum
3445 4162 3694 4218 ordinem
3731 4171 4049 4230 cooptatus.

2449 4255 2517 4309 Et
2555 4255 2882 4316 Mercurius,
2913 4254 3060 4322 quod
3095 4255 3311 4309 caeteris
3339 4253 3560 4310 dicendi
3611 4263 3730 4308 arte
3763 4253 4048 4322 praecelle-

2455 4356 2564 4410 ret,
2595 4349 2711 4415 ipse
2743 4360 2965 4414 quoque
2995 4343 3314 4400 numinibus
3345 4346 3587 4400 insertus
3615 4353 3720 4399 cst.
3751 4343 4053 4414 Dionysius

2458 4451 2677 4506 quoque
2699 4435 2844 4505 quod
2883 4436 3029 4488 roris
3064 4450 3159 4490 cor
3179 4434 3515 4490 emollientis
3546 4433 3628 4504 (ut
3663 4434 3884 4504 gentilis
3917 4435 4051 4504 qni-

2457 4528 2580 4580 dam
2630 4525 2895 4594 sapientia
2925 4527 3110 4578 clarus
3142 4523 3302 4592 dixit)
3342 4525 3595 4579 inventor
3625 4525 3812 4585 fuerit,
3836 4526 4056 4582 divinis

2456 4617 2758 4671 honoribus
2789 4616 2992 4684 dignus
3038 4623 3123 4670 est
3161 4615 3402 4670 habitus.
3443 4615 3588 4670 Sane
3628 4615 3742 4671 haec
3767 4619 4054 4682 allegoriis

2451 4716 2743 4776 contegere
2767 4719 2836 4762 ne
2875 4713 3144 4762 conentur
3177 4703 3440 4774 gentiles,
3475 4703 3774 4760 Saturnum
3806 4705 3860 4758 in
3891 4706 4052 4762 Tem-

2453 4813 2556 4868 pus
2579 4797 2940 4867 excipieutes,
2967 4804 3021 4851 et
3064 4793 3348 4850 fabulosos
3381 4810 3565 4850 rerum
3603 4796 3861 4865 praesides
3883 4797 4052 4850 indu-

2454 4899 2667 4954 centes,
2701 4890 2796 4960 qui
2837 4887 2956 4944 heri
3003 4897 3056 4942 et
3097 4903 3274 4957 nuper
3295 4903 3421 4942 cum
3455 4897 3643 4944 essent
3681 4888 3954 4950 homines,
3989 4889 4048 4942 in

2453 4985 2588 5037 deos
2625 4981 2877 5036 translati
2913 4988 3044 5036 sunt
3081 4999 3092 5034 :
3129 4995 3254 5036 nam
3293 4979 3375 5034 sic
3401 4980 3566 5035 etiam
3607 4979 3843 5034 absurda
3879 4981 4051 5037 Illlltls

2453 5087 2581 5133 sunt
2610 5091 2732 5145 qua:
2761 5075 3088 5129 afferuntur.
3120 5075 3370 5128 Attamen
3395 5073 3463 5128 ad
3498 5075 3611 5129 haec
3645 5075 3744 5138 illi,
3773 5084 3832 5130 ut
3869 5079 4052 5131 ltonc-

2466 5166 2662 5231 stiora,
2701 5179 3044 5235 nequaquam
3087 5165 3428 5235 confugiant,
3459 5167 3554 5222 sed
3583 5169 3702 5222 sine.
3729 5177 4051 5238 lcgutllctttt:

2283 5323 2517 5380 ΝΟΤᾸΕ.

770 5421 827 5458 se
874 5402 1039 5473 origo,
1077 5415 1126 5456 et
1179 5421 1341 5457 causa
1377 5407 1629 5470 causati;
1672 5409 1741 5462 ab
1797 5411 2038 5467 Ecclesia
2077 5414 2260 5469 Crteca
2297 5415 2349 5470 in

772 5473 992 5527 Menaeis
1017 5473 1106 5528 die
1139 5475 1208 5527 9.7
1239 5473 1384 5533 Maii,
1420 5473 1582 5541 Origo
1613 5493 1854 5532 verarum
1889 5483 2076 5535 mundi
2097 5485 2348 5538 hilarita-

774 5555 884 5594 rnm
905 5559 928 5598 :
957 5557 998 5618 a_
1019 5544 1082 5618 S_.
1127 5545 1419 5618 Anastasio
1447 5547 1877 5618 archiepiscopo
1919 5554 2262 5609 Aulim-lieno
2293 5557 2348 5609 in

769 5618 926 5687 tirat‘.
968 5612 1004 5663 2
1043 5612 2000 5687 deﬁnnuutiatione.Origo'prima
2037 5623 2286 5687 fit-time,-
2318 5640 2348 5677 τι

776 5685 828 5733 5.
879 5680 1093 5736 Joanne
1119 5683 1452 5736 Damasceuo
1477 5686 1532 5738 in
1567 5680 1784 5740 Μοιιςιῆς
1823 5680 2134 5744 Graecorum
2167 5680 2350 5748 ι11ιί15

781 5752 893 5805 ian.
960 5751 1118 5818 Origo
1177 5753 1405 5806 muniant
1451 5758 1844 5824 amauitalum.
1902 5763 1966 5819 ab
2027 5762 2346 5818 lnneceutio

2454 5431 2589 5487 papa
2655 5415 2741 5483 Ill,
2803 5433 2971 5488 serm.
3022 5417 3058 5470 2
3105 5417 3172 5472 de
3198 5419 3490 5488 ﬁssutnpt.
3529 5416 3694 5484 Origo
3732 5418 4040 5488 intulisset

2458 5486 2712 5542 virtutum
2737 5503 2756 5550 ,'
2784 5503 2812 5540 a
2859 5487 3064 5542 Jacobn
3088 5489 3154 5542 tle
3197 5486 3463 5554 Voragine
3503 5487 3916 5556 archiepiscopo
3947 5486 4042 5542 Ja-

2459 5559 2656 5611 nuensi
2711 5559 2766 5610 in
2815 5558 3022 5612 Mariali
3058 5557 3118 5611 L.
3165 5558 3236 5611 Μ.
3280 5559 3459 5612 Serm.
3504 5558 3556 5611 2.
3609 5557 3768 5625 Origo
3801 5560 4040 5611 omm‘um

2453 5627 3078 5698 gratiarumpdenique
3129 5643 3157 5681 a
3219 5625 3429 5698 Joanne
3487 5625 3615 5698 Pico
3667 5629 4042 5682 Cartltusiatm

2452 5697 2548 5750 lib.
2595 5713 2608 5749 ι
2673 5698 2726 5750 in
2781 5697 2939 5750 Cant.
2991 5713 3111 5751 can.
3181 5698 3234 5752 2.
3295 5697 3457 5767 Origo
3507 5697 3760 5752 bonorum
3797 5699 4038 5753 omnium

2456 5769 2734 5822 mundiali:
2759 5767 3010 5822 turiferis.
