4224 6444
200 442 271 504 45
1044 447 1324 508 ORATIO
1353 451 1416 510 V.
1447 475 1513 484 -
1557 452 1635 510 ΙΝ
1676 451 1983 510 CHRISTI
2020 451 2532 511 NATIVI’I‘ATEM
2571 455 2647 511 Il.
3401 466 3472 522 4ιὶ

200 550 478 619 allegorize
513 551 655 605 nuda
695 566 817 606 esse
847 554 1161 622 permittant
1197 572 1208 605 :
1243 570 1274 608 a
1306 555 1653 611 Phoenicibus
1688 560 1799 624 pri-
1824 560 1873 618 Α
1900 570 2022 610 nem
2057 571 2439 624 personarum,
2471 556 2755 612 distinctio
2790 575 3008 630 quoque
3039 570 3356 616 naturarum
3382 583 3463 618 se-

202 645 305 694 mis
339 643 398 710 (ii
441 644 585 695 enim
618 641 879 707 Saturno,
923 646 1080 698 uxori
1113 652 1165 698 et
1201 645 1422 713 reliqua:
1448 644 1663 700 familia:
1691 662 1789 700 au-

199 741 390 786 ctores
414 733 584 795 fuere,
638 740 696 784 ut
725 735 797 786 dii
828 734 1258 802 nominarentur)
1279 735 1790 789 veritatemdiscen-

200 830 304 881 tes.
336 823 431 887 qui
464 837 526 876 ex
563 823 877 877 hominibus
915 824 1095 892 primi,
1131 825 1242 876 aris
1283 832 1336 879 et
1365 823 1651 879 sacriﬁciis
1692 825 1790 879 ho—

203 926 466 967 norantes
498 914 621 967 illos
657 916 766 969 vita
799 912 1038 976 functos,
1080 914 1316 982 posteris
1362 915 1667 985 exemplum
1700 932 1809 969 τα·-

209 1001 498 1070 liquerunt
534 1008 743 1058 cultum
789 1005 856 1060 iis
901 1005 1226 1073 insipienter
1255 1005 1556 1059 deferendi.
1588 1005 1786 1061 Eodem

203 1094 369 1160 plane
401 1096 562 1148 modo
583 1107 636 1151 et
669 1095 908 1151 Minerva
928 1098 1177 1153 crinibus
1213 1098 1348 1152 bene
1382 1100 1656 1154 contortis
1694 1101 1790 1154 ha-

201 1186 363 1239 betur
397 1201 497 1255 pro
511 1187 631 1250 dea,
659 1203 972 1258 quanquam
997 1189 1317 1258 parentibus
1345 1203 1450 1242 non
1477 1190 1790 1246 illustribus

200 1289 510 1347 prognata;
555 1281 680 1334 licet
714 1297 833 1335 eam
879 1281 1106 1350 gentiles
1142 1295 1174 1335 e
1199 1295 1414 1336 summo
1455 1282 1659 1335 vertice
1699 1297 1792 1338 oro

201 1381 313 1423 tam
343 1379 613 1425 asserant.
668 1371 730 1424 Et
763 1371 945 1426 Venus
990 1371 1110 1425 loco
1143 1370 1387 1424 muneris
1417 1369 1517 1424 dea
1566 1370 1669 1422 fuit
1699 1386 1790 1424 eo-

199 1476 325 1512 rum
370 1461 651 1530 suti‘ragiis
699 1464 947 1531 quicum
993 1478 1056 1516 ea
1099 1460 1379 1514 libidinem
1410 1460 1741 1514 exercebant
1778 1481 1791 1516 :

197 1559 253 1603 et
292 1561 472 1604 ratum
505 1552 738 1606 habetur
781 1554 1082 1616 decretum,
1126 1550 1254 1620 quia
1305 1549 1532 1605 lascivis
1559 1550 1792 1618 placuit,

200 1643 350 1695 Pana
377 1656 616 1710 quoque,
647 1643 990 1712 cornigerum
1034 1644 1128 1710 qui
1159 1641 1369 1710 primus
1403 1639 1627 1692 ovilium
1673 1639 1782 1692 dux

201 1732 327 1796 fuit,
363 1735 617 1802 legesque
659 1734 946 1803 pastoralis
1002 1747 1150 1786 cura:
1202 1730 1466 1792 ostendit,
1497 1744 1705 1783 necnon
1740 1743 1789 1786 et

199 1823 386 1892 Apim,
405 1834 459 1876 et
491 1823 626 1888 Ibes,
655 1833 708 1877 et
737 1834 964 1878 caeteras
982 1823 1186 1877 bestias
1211 1821 1377 1876 ρωῑιιί
1397 1822 1621 1873 deorum
1653 1820 1792 1874 asci-

1901 648 2111 715 quitur,
2155 648 2259 701 sibi
2293 663 2508 717 quoque
2533 649 2903 714 adinveniant,
2948 653 3078 721 quid
3115 654 3312 723 cuique
3343 654 3470 706 insit

1901 748 2129 800 natum,
2159 748 2216 790 ut
2247 739 2325 792 sic
2349 737 2673 794 Trinitatem
2708 740 2978 808 fugientes
3011 743 3255 797 eamdem
3282 742 3470 796 multi-

1900 830 2122 898 plicent.
2167 828 2322 892 Quod
2366 831 2411 883 si
2452 833 2614 884 etiam
2662 847 2782 900 qua:
2808 833 3037 886 diversa:
3082 843 3207 886 sunt
3236 843 3464 894 naturae.

1908 920 2108 972 habent
2141 918 2298 987 plane
2315 931 2423 986 quo
2440 917 2848 988 distinguantur
2869 937 2896 973 a
2927 937 2984 975 se
3008 922 3260 978 invicem.
3284 937 3467 975 amen-

1899 1009 1990 1061 tia:
2023 1008 2114 1060 Dei
2146 1018 2398 1061 naturam
2433 1007 2684 1064 librantis
2715 1012 2839 1074 erit,
2888 1013 3020 1065 illud
3063 1028 3276 1081 quoque
3315 1015 3467 1078 dare,

1901 1112 2008 1164 quo
2054 1113 2213 1151 unam
2259 1099 2379 1166 ejus
2422 1109 2671 1152 naturam
2709 1102 2762 1153 in
2795 1084 2905 1155 tres
2947 1103 3284 1158 discernunt.
3333 1102 3466 1156 Nam

1899 1188 2196 1255 ingenitum
2238 1199 2291 1239 et
2339 1188 2578 1256 genitum
2629 1204 2735 1242 non
2780 1201 2863 1244 est
2888 1206 2985 1244 cur
3035 1191 3102 1244 ad
3148 1203 3468 1245 naturarum

1898 1276 2306 1330 distinctionem
2375 1286 2684 1345 proponant
2729 1296 2741 1331 :
2787 1280 3228 1348 quandoquidem
3279 1281 3364 1334 vel
3412 1279 3469 1332 in

1901 1370 2034 1436 ipsus
2061 1368 2378 1435 compositis
2404 1407 2419 1432 ,
2449 1378 2503 1422 et
2531 1369 2854 1424 divisionem
2897 1371 3309 1425 admittentibus
3354 1372 3470 1424 haec

1905 1472 2011 1509 non
2052 1466 2181 1510 sunt
2213 1464 2443 1510 naturas
2475 1457 2861 1525 distinguentis
2884 1497 2898 1521 ,
2935 1474 3111 1528 neque
3153 1460 3208 1511 in
3249 1458 3466 1512 diversa

1903 1553 2112 1607 secant,
2147 1547 2291 1613 quod
2321 1560 2487 1600 unum
2520 1557 2621 1600 est.
3528 1545 3530 1548 ’

1977 1630 2174 1687 Verum
2207 1635 2280 1686 illi
2310 1644 2618 1702 nugentur;
2658 1650 2757 1689 nos
2791 1645 2968 1689 autem
3003 1636 3262 1690 adeamus
3305 1635 3468 1688 Beth-

1904 1726 2038 1778 leem
2073 1729 2251 1795 magni
2276 1727 2490 1782 consilii
2519 1727 2696 1781 l’atris
2723 1728 2983 1796 Angelum
3015 1735 3198 1782 nostra
3218 1727 3466 1780 indutum

1906 1815 2078 1868 forma
2120 1817 2506 1884 conspecmri,
2551 1832 2710 1885 quem
2759 1834 2824 1870 ex
2869 1826 3021 1870 utero
3061 1818 3300 1886 genitum
3343 1827 3468 1869 ante

201 1930 394 1978 scunt,
427 1931 730 1982 eorumque
765 1917 1080 1984 religionem
1125 1917 1284 1984 quasi
1316 1915 1543 1970 deorum
1583 1914 1791 1982 magni-

1903 1907 2212 1962 Luciferum
2241 1944 2255 1970 ,
2293 1923 2436 1962 nunc
2477 1908 2736 1961 misertus
2770 1910 2975 1970 nostri,
3019 1910 3084 1962 de
3113 1917 3280 1961 matre
3313 1909 3463 1960 nasci

203 2002 438 2056 faciunt.
469 2001 566 2055 Cui
598 2003 759 2070 signa
799 2003 962 2055 etiam
1007 2003 1155 2063 data,
1200 2017 1365 2056 causa
1401 2003 1470 2056 ob
1504 2016 1666 2071 quam
1695 2003 1792 2055 de-

201 2088 312 2140 lata
357 2097 438 2142 est
476 2088 554 2141 illi
593 2089 854 2157 dignitas,
900 2089 1105 2151 fistula,
1164 2096 1217 2142 et
1281 2102 1477 2150 cornu,
1510 2097 1563 2142 et
1595 2088 1789 2157 pedum

201 2177 559 2246 caprinorum
612 2177 863 2232 mistura.
914 2175 1089 2232 Osiris
1131 2191 1350 2246 quoque
1403 2179 1592 2233 eodem
1636 2177 1791 2231 titulo

204 2266 276 2317 ab
305 2266 374 2317 iis
402 2266 769 2328 renuntiatur,
788 2265 1046 2334 quoniam
1071 2263 1368 2319 calliditate
1388 2281 1521 2319 usus
1537 2280 1667 2319 suos
1688 2265 1791 2319 sibi

205 2352 398 2407 hostes
428 2354 642 2422 subegit
677 2355 822 2417 telis,
849 2370 957 2407 non
981 2361 1040 2407 ut
1066 2361 1244 2418 erant,
1265 2354 1350 2408 sui
1385 2355 1628 2423 speciem
1665 2353 1792 2409 olfe-

207 2444 480 2505 rentibus,
524 2445 617 2499 sed
647 2446 928 2500 veritatem
966 2445 1147 2514 aliqua
1175 2462 1240 2500 ex
1263 2456 1416 2515 parte
1456 2447 1782 2501 celantibus.

207 2534 369 2589 Unde
419 2535 619 2590 factum
675 2544 735 2589 ut
783 2536 940 2590 facile
980 2539 1123 2605 capti
1175 2539 1305 2604 sint,
1340 2539 1536 2607 quibus
1579 2539 1788 2591 insidiae

207 2636 416 2695 paratae
442 2636 598 2680 erant
629 2641 695 2681 eo
741 2627 886 2696 quod
920 2629 1102 2681 dolum
1144 2644 1253 2682 non
1293 2629 1686 2698 cognoverint,
1720 2629 1792 2680 si-

208 2717 375 2786 bique
427 2731 534 2770 non
604 2717 998 2780 consuluerint,
1050 2718 1143 2773 sed
1199 2718 1253 2771 in
1306 2717 1606 2786 periculum
1656 2731 1778 2772 sese

208 2813 428 2860 temere
476 2805 831 2873 conjecerint.
891 2807 1083 2861 Verum
1141 2807 1195 2860 in
1249 2806 1336 2862 his
1377 2806 1589 2876 quidem
1633 2806 1794 2860 homo

208 2895 440 2948 vanitati
477 2896 809 2950 inserviebat
835 2935 850 2958 ,
898 2911 962 2950 ea
995 2897 1240 2951 sentiens
1279 2911 1401 2965 quas
1427 2896 1503 2950 illi
1534 2911 1564 2950 a
1592 2897 1789 2965 quibus

211 2987 266 3040 in
295 2987 614 3041 servitutem
643 2986 898 3041 redactus
933 2994 1070 3040 erat.
1104 2985 1288 3054 Neque
1314 2987 1458 3040 enim
1487 2986 1600 3040 fieri
1634 2994 1786 3055 pote-

214 3089 302 3133 rat
335 3079 470 3147 quin
502 3079 571 3141 is,
595 3077 689 3145 qui
718 3092 906 3132 verum
939 3075 1108 3129 Deum
1146 3077 1510 3145 ignoraverat,
1533 3076 1606 3130 ita
1639 3086 1786 3132 esset

216 3170 473 3231 allectus,
516 3178 574 3220 ut
604 3168 706 3222 sibi
741 3168 880 3222 deos.
903 3175 1138 3231 crearet,
1175 3181 1273 3220 nec
1300 3165 1460 3219 finem
1493 3166 1659 3218 ullum
1689 3167 1784 3220 ha-

216 3262 372 3316 beret
407 3276 515 3328 prae
546 3260 854 3330 ignorantia
875 3301 890 3324 ,
927 3260 1022 3314 sed
1055 3259 1122 3312 ad
1151 3258 1446 3321 deteriora,
1471 3257 1616 3312 velut
1644 3261 1784 3311 unda

213 3352 514 3415 deﬂueret,
563 3349 771 3404 ell‘usus
809 3350 919 3418 jam
966 3365 994 3403 a
1049 3351 1159 3402 veri
1200 3347 1447 3402 Numinis
1491 3349 1787 3416 agnitione.

213 3440 485 3495 Caeterum
562 3439 993 3493 administrantis
1051 3439 1231 3492 omnia
1310 3437 1771 3506 pra‘potentisque

216 3531 312 3584 Dei
366 3545 562 3582 munus
610 3537 772 3592 erat,
807 3527 874 3582 de
930 3528 1105 3582 salute
1153 3527 1237 3581 sui
1281 3526 1481 3595 opiﬁeii
1529 3527 1788 3595 cogitare,

219 3622 436 3690 sibique
464 3621 564 3674 soli
604 3620 1016 3674 convenientem
1057 3619 1286 3688 gloriam
1320 3633 1426 3672 non
1459 3620 1793 3687 permittere,

221 3723 281 3767 ut
309 3714 432 3767 aliis
456 3713 813 3774 tribueretur,
851 3712 944 3766 sed
975 3711 1078 3767 sibi
1105 3710 1322 3780 quidem
1345 3725 1670 3779 recuperare
1697 3711 1794 3764 bo—

219 3821 412 3859 norem
443 3845 457 3868 ,
500 3803 642 3858 ferre
687 3818 816 3856 vero
845 3803 1010 3855 etiam
1048 3816 1204 3870 opem
1247 3801 1454 3869 jacenti
1482 3802 1536 3854 in
1568 3801 1797 3855 summis

219 3893 483 3955 miseriis,
512 3892 604 3960 qui
636 3899 696 3944 ut
728 3891 884 3945 beate
921 3891 1146 3953 viveret,
1178 3897 1395 3943 creatus
1425 3896 1564 3943 erat.

292 3999 570 4064 Quoniam
610 3997 775 4066 igitur
806 3997 878 4050 ita
918 3995 1225 4050 faciendum
1266 4005 1418 4059 erat,
1453 3997 1614 4050 datur
1642 3997 1797 4051 nobis

224 4089 368 4144 Puer
398 4089 709 4142 teternitate
757 4087 1034 4155 antiquior
1057 4126 1070 4148 ,
1103 4092 1157 4138 et
1191 4085 1447 4154 splendor
1476 4087 1662 4156 gloria:
1704 4102 1799 4139 no—

221 4190 368 4234 ctem
398 4181 523 4234 vita:
560 4189 763 4233 nostra:
806 4178 1102 4239 illuminat,
1137 4187 1193 4230 ut
1239 4177 1505 4232 discussis
1544 4192 1640 4248 per
1680 4179 1799 4245 ejus

224 4270 411 4326 radios
441 4271 737 4325 multorum
773 4270 1016 4324 tenebris
1063 4269 1331 4336 deorum,
1367 4284 1533 4322 unum
1576 4268 1800 4327 Deitatis

227 4364 410 4415 lumen
437 4362 490 4414 in
518 4361 697 4423 Patre,
730 4367 784 4414 et
821 4357 983 4420 Filio,
1022 4368 1076 4412 et
1105 4357 1313 4426 Spiritu
1349 4367 1540 4413 sancto
1581 4358 1802 4426 conspi—

227 4465 518 4514 eeremus;
554 4463 655 4504 nec
702 4461 1063 4517 personarum
1110 4446 1462 4501 distinctione
1494 4461 1594 4500 nos
1629 4447 1795 4499 abdu-

1815 3217 1854 3270 C

1896 2001 2106 2061 voluit,
2151 2009 2356 2054 etcum
2398 2001 2584 2070 egenis
2626 2008 2680 2052 et
2717 1999 2913 2053 vilibus
2959 2000 3269 2054 conversari
3298 2039 3312 2063 ,
3355 2015 3468 2052 sure

1899 2089 2122 2157 glorias,
2176 2089 2600 2156 divitiarumque
2663 2090 2952 2144 liaaredem.
3007 2089 3463 2150 Consideremus,

1896 2194 2017 2246 qua:
2075 2179 2143 2231 ibi
2200 2179 2370 2243 tittnt,
2430 2178 2652 2234 Matrem
2716 2194 2852 2232 nova
2903 2189 3089 2248 partus
3143 2180 3260 2249 lege
3309 2193 3465 2233 uter:-

1896 2281 2000 2323 tem
2069 2271 2187 2337 (9),
2265 2251 2530 2323 Infantem
2599 2279 2792 2323 natura
2875 2271 2991 2339 ipsa
3051 2272 3463 2340 antiquiorem,

1901 2362 2067 2414 Deum
2134 2362 2186 2414 in
2259 2363 2444 2415 fasciis
2503 2362 2806 2430 jacentem,
2866 2365 2919 2415 in
2981 2364 3263 2416 brutorum
3326 2377 3464 2431 prae-

1896 2452 2006 2520 sepi
2055 2452 2351 2506 immorans
2400 2451 2668 2516 Verbum,
2720 2462 2775 2505 ut
2819 2468 2918 2524 ego
2963 2443 3081 2507 vale
3137 2453 3325 2508 dicens
3377 2453 3462 2504 in-

1893 2543 2085 2595 stituto
2129 2545 2340 2597 vivendi
2376 2561 2526 2598 more
2543 2546 2850 2610 brutorum,
2881 2546 3114 2600 Verbum
3148 2560 3460 2615 agnoscam,

1892 2641 1946 2686 et
1974 2647 2096 2684 cum
2124 2649 2190 2687 eo
2221 2635 2378 2688 simul
2405 2636 2703 2702 quiescam.
2737 2635 2871 2688 Nam
2905 2635 3034 2705 quia
3063 2636 3290 2690 rationis
3333 2649 3466 2689 mea:

1895 2727 2146 2779 nobilitas
2177 2726 2228 2778 in
2258 2726 2522 2780 vilitatem
2567 2729 2784 2781 redacta
2810 2735 2951 2792 erat,
2981 2727 3220 2782 motibus
3251 2727 3464 2780 ratione

1895 2818 2211 2870 carentibus
2241 2816 2528 2885 subiugata
2556 2834 2568 2878 ;
2604 2818 2816 2886 subque
2847 2820 3150 2888 ponderosa
3192 2834 3358 2874 carne
3378 2817 3465 2889 ja-

1891 2904 2074 2966 cebat,
2121 2917 2241 2971 qua:
2288 2903 2335 2956 ei
2382 2904 2674 2971 conjuncta
2718 2915 2867 2970 erat;
2919 2915 2975 2960 nt
3028 2907 3262 2961 sublime
3310 2906 3458 2960 illam

1892 2994 2140 3046 evelleret
2168 3033 2181 3055 ,
2220 3007 2439 3047 carnem
2490 2995 2593 3047 sibi
2627 2996 2742 3047 unit
2777 2995 3009 3049 Verbum
3040 2997 3294 3060 Creator,
3325 3005 3385 3050 ut
3411 3006 3465 3053 et

1895 3084 2033 3134 ratio
2083 3098 2197 3136 suae
2257 3085 2526 3137 nobilitati
2583 3086 2996 3152 restitueretur,
3057 3097 3114 3140 ut
3177 3103 3307 3142 caro
3357 3105 3463 3141 non

1887 3175 2108 3227 οτιιιιὶηο
2171 3176 2237 3227 ad
2293 3176 2397 3228 ima
2467 3175 2707 3239 feratur,
2771 3179 2967 3231 rationi
3031 3193 3271 3247 parens,
3354 3193 3461 3232 non

1897 3279 2080 3317 secum
2120 3265 2265 3319 illam
2297 3265 2630 3328 detrudens,
2675 3273 2728 3320 et
2773 3283 2895 3320 cum
2929 3268 3019 3321 illa
3056 3279 3270 3338 petente
3309 3283 3465 3339 supe-

1901 3355 2066 3420 riora,
2108 3355 2272 3410 simul
2315 3357 2641 3411 ascendcns.
2674 3357 2788 3410 lluc
2826 3368 3032 3428 spectat
3060 3370 3300 3413 extrema
3340 3375 3464 3428 pau-

1901 3458 2080 3516 pertas
2112 3449 2229 3518 ejus
2256 3451 2348 3520 qui
2387 3460 2588 3504 terram
2624 3449 2895 3511 fundavit,
2925 3464 3024 3504 nec
3066 3458 3246 3503 tamen
3281 3450 3460 3503 locum

1901 3540 2133 3593 habebat
2173 3541 2228 3593 in
2267 3556 2375 3609 quo
2421 3541 2716 3606 habitaret,
2751 3545 3052 3610 'postquam
3090 3542 3145 3594 in
3189 3555 3252 3594 ea
3282 3541 3463 3594 diver—

1900 3633 2008 3682 sari
2041 3630 2234 3694 voluit,
2273 3630 2367 3683 sed
2401 3631 2672 3699 spelunca:
2715 3632 3087 3700 excipiebatur
3113 3631 3348 3699 hospitio
3374 3645 3460 3684 so-

1900 3721 2076 3772 Iamcn
2105 3717 2412 3788 indigentia:
2438 3721 2747 3788 praebentis.
2778 3723 2820 3774 υ
2849 3738 2956 3782 res.
2988 3738 3108 3791 quze
3143 3737 3242 3775 nec
3296 3722 3458 3774 menti

1905 3827 2004 3862 nec
2054 3810 2234 3863 verbis
2268 3811 2625 3879 permittunt,
2676 3821 2736 3864 ut
2782 3828 2880 3866 suo
2926 3811 3222 3880 fungantur
3247 3811 3461 3866 ofﬁcio!

1903 3900 2018 3955 Non
2087 3909 2171 3954 est
2213 3901 2260 3953 ei
2315 3901 2464 3954 locus
2514 3903 2565 3952 in
2627 3908 2770 3954 terra
2835 3902 3125 3964 nascenti,
3181 3901 3272 3969 qui
3321 3901 3463 3954 illam

1903 3990 2066 4042 verbo
2090 4003 2189 4042 suo
2221 3989 2544 4058 progenuit!
2589 3988 3001 4057 Prtescpeillum
3034 4004 3132 4044 suo
3171 3991 3292 4043 sinu
3317 3991 3465 4044 exci-

1907 4082 2001 4148 pit,
2039 4080 2131 4148 qui
2180 4082 2432 4134 ctnlestes
2481 4080 2635 4134 sinus
2679 4079 2957 4148 expandit.
3008 4080 3274 4134 Caeterum
3320 4089 3461 4134 terra

1903 4171 2119 4239 quidem
2158 4169 2454 4238 hospitium
2501 4178 2662 4223 tenue
2705 4170 2832 4230 dat,
2866 4181 2918 4223 at
2952 4185 3080 4224 vero
3126 4174 3324 4224 ctelum
3367 4187 3465 4223 an-

1909 4264 2122 4316 nuntiat
2153 4260 2346 4315 adesse
2388 4260 2701 4326 Dominum,
2746 4261 2958 4315 stellam
2992 4263 3136 4315 tubae
3161 4263 3278 4315 loco
3311 4262 3466 4314 adhi-

1907 4354 2072 4415 bens,
2115 4365 2236 4404 cum
2273 4350 2480 4404 videret
2518 4348 2718 4420 Regem
2750 4352 3122 4405 ministrorum
3154 4352 3331 4405 oliicio
3367 4353 3466 4405 de-

1905 4441 2179 4502 stitutum,
2209 4440 2435 4508 soloque
2479 4439 2672 4500 Matris
2713 4442 2968 4494 satellitio
3015 4441 3327 4510 fulgentem.
3359 4439 3466 4493 Vo—

225 4548 389 4594 cente
416 4539 482 4592 ad
511 4539 741 4593 Deorum
791 4537 1217 4597 multitudinem,
1254 4550 1354 4589 nec
1389 4537 1598 4590 unitate
1631 4537 1790 4588 lumi—
1828 4541 1867 4594 Ι)
1900 4539 1986 4584 cat
2019 4539 2077 4584 ut
2118 4533 2378 4584 honorem
2429 4531 2677 4584 deterant
2739 4535 3177 4601 promptissimos
3225 4534 3290 4584 ad
3340 4532 3465 4585 obe-

229 4631 318 4685 nis
344 4638 570 4700 cogente
619 4637 677 4682 ut
704 4629 1104 4681 eonfundamus
1131 4641 1413 4695 personas.
1439 4623 1624 4693 Neque
1656 4627 1798 4680 enim

233 4735 462 4776 necesse
497 4728 584 4774 est
607 4728 682 4783 ut,
707 4717 860 4785 juxta
893 4731 1082 4770 inanes
1109 4715 1466 4784 quorumdam
1499 4730 1800 4781 sermones,

232 4812 467 4864 alterum
519 4816 780 4873 sequatur
842 4821 904 4858 cx
963 4805 1209 4868 duobus,
1250 4805 1333 4856 vel
1378 4805 1639 4859 unitatem
1678 4820 1801 4858 cum

235 4899 481 4956 ternario
512 4897 883 4966 multiplicari,
913 4898 993 4951 vel
1023 4908 1168 4951 certe
1197 4898 1498 4951 ternarium
1537 4897 1705 4965 redigi
1737 4897 1804 4949 ad

236 4988 526 5041 unitatem.
560 4983 678 5037 Non
710 4984 854 5036 enim
893 4984 1106 5045 unitas,
1155 4985 1248 5037 sed
1288 4998 1535 5051 personre
1565 4984 1802 5047 habent,

238 5085 299 5130 ut
333 5075 744 5130 distinctionem
779 5073 974 5136 ferant,
1004 5089 1098 5142 per
1127 5089 1290 5142 quam
1329 5074 1487 5127 nobis
1523 5073 1805 5126 adoranti-

237 5167 342 5220 bus
367 5165 684 5219 Trinitatem
713 5164 790 5229 fit,
812 5174 868 5217 ut
892 5175 1042 5217 extra
1071 5179 1230 5216 unam
1251 5163 1677 5218 dominationem
1713 5181 1806 5218 ne-

238 5269 517 5325 quaquam
547 5268 839 5322 vagemur;
873 5261 963 5306 aut
998 5261 1145 5307 certe
1176 5254 1370 5322 quibus
1393 5253 1460 5306 ob
1502 5253 1807 5308 distinctio-

1898 4621 2154 4675 diendum
2199 4620 2402 4690 Magos,
2441 4631 2493 4674 et
2533 4621 2596 4674 ad
2652 4625 2752 4674 hoc
2805 4623 2981 4690 ipsum
3030 4624 3326 4676 venientes.
3366 4624 3468 4676 Eos

1902 4715 2064 4783 igitur
2094 4714 2366 4767 clamante
2399 4715 2626 4766 advocat
2671 4717 2864 4780 stella;
2905 4731 3088 4768 verum
3122 4725 3174 4768 et
3226 4723 3468 4784 pastores

1903 4812 2191 4873 properant
2223 4802 2417 4857 Natum
2452 4816 2772 4872 quzerentes,
2823 4807 3056 4875 indeque
3085 4809 3150 4860 de
3180 4822 3247 4860 eo
3285 4808 3469 4860 admo-

1906 4897 2026 4948 niti.
2064 4895 2292 4964 Oportet
2317 4895 2483 4955 enim,
2524 4905 2580 4949 ut
2610 4898 2924 4964 pastoribus
2967 4897 3159 4951 Pastor
3186 4899 3275 4951 ille
3308 4913 3471 4965 appa:

1913 4997 2048 5050 reat,
2086 4988 2176 5056 qui
2204 4987 2370 5049 venit,
2405 4994 2461 5037 ut
2502 4987 2765 5054 perditam
2797 5003 2950 5040 ovem
2990 4989 3230 5041 humeris
3259 4987 3472 5056 imposi-

1914 5085 2019 5128 tam
2054 5076 2358 5136 reduceret,
2389 5091 2552 5143 qnam
2582 5074 2670 5126 ille
2709 5085 2765 5127 ut
2787 5085 3050 5148 quaereret
3084 5092 3226 5128 nunc
3251 5076 3469 5142 quidem

1914 5166 2128 5219 advenit
2156 5180 2185 5219 e
2218 5172 2374 5232 porta
2411 5179 2663 5230 egressus
2693 5163 2974 5229 obsignata
3019 5165 3152 5232 (10).
3191 5163 3472 5217 Perveniet

1917 5271 2045 5310 vero
2073 5257 2233 5309 etiam
2267 5271 2440 5324 usque
2471 5255 2535 5305 ad
2565 5263 2748 5320 portas
2788 5253 3108 5314 inferorum,
3148 5269 3271 5307 cum
3301 5264 3472 5307 morte

1736 5344 1967 5400 NOTAE.

314 5436 391 5504 (9)
420 5434 644 5489 Matrem
684 5452 818 5489 nova
857 5446 1038 5503 partus
1074 5436 1180 5504 lege
1213 5444 1460 5488 utentem.
1497 5433 1568 5487 De
1594 5436 1808 5488 novita-

241 5507 395 5560 tibus
440 5517 627 5575 parlus
663 5504 902 5575 Virginei
947 5507 1461 5575 praeclareomnino
1505 5504 1571 5575 Il:
1618 5505 1810 5557 Petrus

244 5573 495 5628 Damiaiii
546 5573 884 5627 sermone“
949 5573 1000 5626 ct
1032 5574 1122 5636 6|;
1185 5573 1480 5634 Gregorius
1530 5573 1811 5642 Nyssenus

248 5645 480 5698 Honiilia
520 5645 599 5697 l5.
640 5649 693 5696 in
735 5645 893 5697 Cant.
919 5644 983 5696 ad
1015 5643 1150 5697 illud
1185 5660 1198 5696 :
1246 5643 1476 5696 Dilectus
1510 5659 1652 5695 meus
1684 5659 1812 5694 Cttn-

247 5714 430 5776 didm,
462 5723 509 5765 et
529 5714 872 5777 rubicundus,
903 5714 1097 5765 electus
1153 5728 1216 5765 ea:
1245 5712 1514 5775 millibus;
1545 5713 1602 5765 D.
1631 5714 1812 5779 Angu-

251 5783 432 5865 sti'ntts
467 5783 519 5835 in
551 5783 843 5865 psalql‘fllo,
873 5783 1218 5865 supernillud,
1254 5781 1661 5865 §imilislfacttts
1702 5799 1818 5832 sum

255 5851 515 5920 rellicaiio
550 5853 890 5913 solitudinis;
929 5851 983 5905 ὃ.
1027 5851 1218 5906 Petrus
1250 5853 1619 5920 Chrysologns
1649 5867 1814 5906 Serm.

1909 5438 2013 5503 15;
2057 5436 2357 5490 Riccardus
2386 5453 2412 5487 a
2548 5434 2840 5486 Laurentio
2888 5435 2978 5486 lib.
3019 5450 3048 5486 κ
3099 5433 3165 5487 de
3199 5433 3367 5503 Laud.
3414 5434 3471 5487 fl.

1911 5505 2140 5575 Virgin.,
2182 5515 2235 5558 et
2267 5504 2563 5558 Gnerricus
2618 5504 2803 5575 gibbas,
2830 5518 3040 5575 _serni._
3090 5504 3255 5575 l,_de
3297 5502 3472 5575 Νομᾶν.

1913 5570 2161 5636 Domini,
2229 5590 2461 5644 quorum
2519 5573 2960 5644 via-rbauaddncit
3013 5570 3069 5623 P.
3137 5571 3473 5644 leophilus

1913 5641 2656 5715 ltaynaudusin_l)iptyrhis
2691 5641 2966 5706 Marianis,
2999 5650 3149 5709 parte
3186 5641 3236 5703 *l,
3272 5654 3480 5708 puncto

1917 5715 1969 5777 7,
2004 5713 2155 5766 tllllll.
2181 5715 2312 5765 Sil-tt
2341 5713 2428 5763 δι.

1987 5781 2179 5851 (10)ὒὶ
2225 5793 2376 5848 portu
2435 5781 3020 5851 egressusiobsiguata.
3086 5779 3326 5851 Respicit
3374 5779 3480 5831 Lro

1922 5864 2105 5905 noster
2138 5851 2200 5904 ad
2249 5859 2457 5917 portam
2494 5852 2634 5901 illam
2658 5850 2895 5902 clausam
2939 5865 3098 5902 uuam
3122 5852 3219 5900 soli
3249 5850 3477 5905 mini-im
