4224 6444
751 386 817 443 ,7.
1253 354 1256 358 ’
1996 383 2268 442 LEUNIS
2303 384 2360 442 Ρ]

2459 382 2721 442 QUSUPII
2733 381 2755 439 I

754 497 866 546 t‘era
913 489 1006 545 illa
1057 505 1237 544 orntna
1281 489 1578 543 devorante
1619 489 2004 543 dimicaturus.
2055 489 2160 543 Sed
2204 491 2316 542 hmc
2344 491 2393 548 A
2419 507 2550 545 sane
2618 489 3056 559 consanguineus
3135 502 3294 542 nemo
3323 527 3336 548 ,

754 582 1137 652 postea.Nuuc
1171 597 1294 634 vero
1314 580 1629 650 fugiendum
1656 582 1730 636 illi
1762 591 1846 636 est
1884 583 1938 636 in
1969 583 2099 652 ipsis
2133 584 2320 637 fasciis

755 690 969 728 summa
992 674 1108 742 ipsa
1133 673 1525 734 exiuanitioae,
1556 688 1660 724 non
1686 673 1804 727 sine
1827 688 1922 727 sua
1944 672 2321 728 exinanitione

759 772 1026 818 manente.
1059 761 1176 815 Jam
1214 766 1412 831 quippe
1443 762 1681 816 Herodes
1726 763 1911 819 furore
1957 765 2321 834 corripietur,

756 865 808 908 ιιι
827 855 1075 908 victimas
1100 854 1172 908 ob
1191 854 1451 907 infantem
1480 865 1662 906 natum
1691 855 1924 910 infantes
1945 833 2212 910 Bethleem
2247 856 2326 911 fa-

753 946 879 1008 t-ict,
910 959 1159 1012 caesaque
1190 953 1347 998 anan:
1397 945 1531 997 adeo
1561 955 1767 1006 tenera,
1817 961 1884 998 ne
1934 947 2151 1014 quidem
2194 947 2323 1014 quid

755 1042 950 1102 agatur
962 1035 1251 1096 sentiente,
1272 1033 1390 1085 inti:
1414 1043 1500 1103 get
1522 1035 1782 1102 gladium,
1798 1042 1850 1087 et
1869 1049 2091 1102 regnum
2110 1035 2212 1088 erit
2235 1050 2329 1089 oc-

755 1129 994 1179 cisorum
1018 1127 1245 1178 crimen.
1265 1125 1308 1176 0
1330 1135 1585 1187 mentem,
1607 1137 1660 1176 et
1675 1124 1850 1177 ferino
1869 1124 2228 1179 crudeliorem
2250 1126 2328 1178 in-

757 1213 936 1283 genio!
959 1213 1155 1266 Statim
1177 1214 1424 1267 videlicet
1441 1215 1620 1267 infans
1637 1224 1877 1268 assumet
1896 1215 1998 1268 sibi
2019 1216 2326 1285 imperium,

757 1313 810 1356 ct
849 1303 1075 1371 privabil
1117 1303 1324 1371 regno?
1367 1303 1652 1369 Proliterea
1683 1304 1880 1358 timens
1919 1305 2096 1359 effuso
2132 1304 2331 1372 gaudet

759 1395 1046 1460 sanguine.
1100 1395 1178 1444 An
1219 1407 1344 1444 vero
1385 1408 1496 1445 non
1543 1393 1591 1445 id
1627 1394 1867 1462 cogitat,
1911 1395 2005 1449 sed
2044 1403 2100 1447 ut
2148 1394 2331 1449 futura

761 1490 1082 1547 praecaveal,
1111 1481 1471 1548 iugulandum
1499 1485 1777 1537 existimat
1819 1485 2160 1539 in'unaturam
2195 1492 2329 1539 tcta-

760 1583 892 1636 tem,
915 1588 1076 1640 quam
1108 1575 1160 1626 in
1193 1590 1346 1628 suam
1379 1582 1585 1629 metens
1609 1577 1906 1643 perniciem
1936 1592 2044 1631 non
2070 1576 2222 1633 illum
2247 1579 2336 1632 de-

761 1671 925 1717 metet
975 1680 1135 1733 quem
1190 1665 1404 1734 quzcrit.
1445 1663 1580 1717 Cum
1631 1665 1676 1719 si
1712 1675 2077 1736 opportuntnn
2123 1678 2337 1739 tempus

759 1761 1133 1819 exspectasset
1158 1753 1302 1821 quod
1350 1754 1424 1807 illi
1451 1753 1588 1808 forte
1614 1755 1856 1812 dedisset
1877 1765 1933 1812 ut
1971 1761 2339 1828 comprehcn-

761 1841 914 1895 dcret
941 1857 1100 1911 quem
1133 1844 1448 1912 quaerebat,
1483 1854 1614 1901 tunc
1657 1861 1783 1900 cum
1813 1864 1843 1902 c
1874 1849 2056 1903 medio
2091 1852 2349 1906 sustuliso

763 1941 870 1986 set.
903 1931 1060 1986 Nunc
1089 1949 1219 1987 vero
1255 1936 1454 1988 mirmn
1491 1952 1615 1990 cum
1652 1946 1824 2002 esset,
1856 1939 1899 1993 si
1942 1940 2036 2008 qui
2075 1941 2352 2008 quaereba-

764 2032 855 2078 tur
891 2040 998 2078 non
1029 2027 1297 2088 latuisset,
1329 2029 1398 2080 ob
1445 2029 1521 2082 rei
1554 2029 1948 2086 obscuritatem
1987 2033 2348 2088 nihilominus

767 2117 1040 2180 turbatur,
1069 2125 1122 2171 et
1138 2118 1354 2188 planum
1392 2122 1446 2172 lit
1471 2121 1732 2177 omnibus
1751 2123 1905 2176 illum
1923 2123 2181 2189 delirare,
2205 2127 2347 2195 quod

764 2207 1001 2262 infantes
1041 2225 1193 2278 teque
1228 2225 1420 2264 omnes
1457 2210 1659 2265 affatim
1686 2223 2011 2283 persecutus
2037 2217 2130 2278 sit,
2154 2233 2348 2286 quem-

767 2299 1062 2353 admodum
1111 2302 1314 2355 rabiosi
1343 2318 1509 2356 canes
1550 2320 1703 2372 mque
1752 2321 1946 2361 omnes
1979 2308 2172 2363 obvios
2213 2310 2347 2362 ado-

765 2387 1004 2440 riuntur.
1034 2387 1417 2442 Amentissime
1445 2391 1727 2444 hominum
1751 2431 1764 2455 ,
1796 2408 1942 2446 nunc
1973 2401 2028 2448 te
2070 2397 2349 2464 promittis

771 2477 972 2528 iturum
1013 2477 1080 2528 ad
1113 2476 1451 2531 adorandum
1481 2520 1496 2544 ,
1536 2488 1594 2533 et
1623 2497 1769 2535 nunc
1801 2485 2123 2553 sanguinem
2157 2497 2346 2552 potare

769 2566 966 2631 optas!
1012 2563 1116 2618 Sed
1167 2566 1485 2622 omittamus
1530 2569 1683 2623 illum
1729 2571 1782 2624 in
1812 2587 1909 2624 sua
1945 2573 2180 2638 insania,
2216 2585 2343 2629 ante

772 2667 1068 2721 magnum,
1136 2669 1342 2722 proque
1407 2658 1664 2712 universo
1729 2660 1935 2714 mumlo
1997 2664 2343 2716 mactandum

775 2746 1010 2811 Aguum,
1043 2746 1250 2800 hostias
1273 2749 1566 2800 οξιξιΙιιιιΙΟΙΙι
1599 2765 1696 2818 pro
1725 2750 1816 2804 illo
1851 2760 2057 2816 nectas,
2090 2761 2150 2807 ut
2180 2755 2342 2808 etiarn

774 2841 958 2885 tenera
990 2844 1122 2888 mtas
1165 2834 1455 2886 infantium
1489 2851 1596 2888 non
1646 2847 1796 2891 esset
1830 2839 2088 2894 iunnnnis
2117 2840 2185 2893 ab
2214 2841 2343 2894 olfe-

777 2920 948 2973 rendo
985 2937 1227 2986 rnuuere,
1251 2923 1344 2976 sed
1376 2924 1495 2992 ipsa
1536 2940 1754 2994 quoque
1774 2926 1991 2982 oﬂ‘erret
2022 2929 2341 2996 sanguinem

777 3012 889 3064 "Deo
926 3025 954 3063 c
996 3013 1352 3078 virginalibus
1405 3021 1528 3066 orto
1573 3018 1971 3084 sanguinilms,
2010 3029 2178 3088 utque
2222 3036 2347 3090 pue-

3928 369 4004 429 48

3412 486 3516 541 snh
3586 485 3700 552 lege
3775 479 3950 534 consti
3975 509 4005 520 -

2432 589 2624 642 tutus,
2678 578 2812 648 Regi
2892 579 3274 632 universorum
3362 575 3556 628 infanti
3618 585 3841 627 munera
3918 565 4008 622 of-

2433 669 2602 732 fert,
2669 668 2764 723 sed
2850 667 3231 722 adorationem
3288 664 3663 735 prmripientes
3743 657 3906 714 alieni
3979 670 4012 708 a

2433 769 2664 828 cognato
2730 761 2998 830 sanguine
3035 800 3049 823 ,
3116 769 3170 814 et
3259 765 3470 825 gentem
3562 754 3630 806 ab
3708 751 3834 804 aliis
3904 763 4014 802 sco

2436 858 2693 919 gregante
2750 849 2886 919 lege,
2931 847 3066 918 Magi
3118 863 3181 903 ea
3230 847 3382 907 dant.
3427 840 3912 914 praesignificantes
3956 839 4015 890 in

2438 943 2633 1010 seipsis
2679 941 2794 996 fore
2839 949 2896 994 ut
2948 951 3135 1010 gentes
3186 944 3518 1009 praevertam
3563 933 3701 1002 legis
3747 931 4016 995 cultores,

2437 1043 2488 1087 et
2541 1047 2636 1100 per
2685 1033 2830 1084 rivos
2885 1031 3169 1099 sanguinis
3227 1031 3564 1099 propinquos
3614 1026 3910 1090 llebrmos,
3959 1023 4017 1077 in

2443 1124 2791 1195 agnoscendo
2840 1122 3228 1190 adorandoque
3270 1121 3414 1190 Rege
3461 1121 3554 1176 illo
3603 1119 3695 1192 qui
3737 1131 3915 1178 nunc,
3958 1123 4020 1167 ut

2442 1217 2662 1276 dltaret,
2695 1216 2758 1266 ad
2793 1228 3062 1267 summam
3096 1213 3315 1266 devenit
3360 1213 3621 1281 inopiam.
3668 1211 3710 1262 Λ
3733 1208 3936 1278 quibus
3964 1211 4021 1258 et

2444 1306 2567 1362 ﬁdei
2603 1307 2995 1368 sinceritatem,
3029 1312 3085 1359 et
3124 1310 3342 1373 gratum
3368 1304 3582 1373 piorum
3629 1316 3853 1370 operum
3886 1299 4025 1352 odoo

2445 1413 2580 1458 rem,
2620 1404 2675 1450 et
2717 1405 2962 1450 motuum
2999 1395 3186 1449 carnis
3239 1394 3675 1455 restinctioncm,
3721 1391 3889 1446 veluti
3921 1403 4022 1442 au-

2443 1505 2587 1550 rum,
2623 1501 2670 1542 e:
2711 1488 2860 1547 thus,
2885 1493 2940 1539 et
2964 1467 3242 1555 myrrham
3273 1486 3522 1554 accipiet,
3555 1484 3754 1552 quibus
3781 1482 3889 1535 dux
3915 1479 4025 1534 erit

2447 1580 2513 1633 ad
2554 1578 2890 1632 adorandum
2941 1575 3204 1643 aifulgens
3238 1576 3649 1645 praedicationis
3700 1572 4026 1643 splendidus

2447 1670 2662 1730 Oriens,
2699 1684 2795 1735 per
2832 1669 3044 1722 stellam
3084 1667 3360 1736 Magorum
3393 1681 3537 1720 nunc
3572 1665 3769 1718 ducem
3805 1677 4026 1733 praeno-

2451 1768 2615 1813 tatus.
2661 1757 2818 1812 Modo
2840 1759 2986 1810 enim
3021 1758 3190 1825 fugiet
3223 1757 3302 1810 ira
3339 1757 3608 1826 percitum
3649 1753 3948 1815 Herodem,
3976 1759 4031 1804 et

2444 1853 2744 1920 excipietur
2770 1848 3022 1918 (Egypto,
3058 1858 3172 1902 tum
3203 1857 3261 1902 ut
3296 1847 3598 1903 beneficum
3655 1847 3744 1899 illa
3775 1843 4029 1914 recipiat,

2448 1960 2608 2014 quem
2639 1942 2829 1996 habuit
2859 1942 2984 1996 olim
3033 1941 3368 2010 punitorem,
3400 1947 3513 1991 tum
3546 1946 3604 1991 ιιι
3632 1937 3778 1990 aliud
3812 1943 4027 2006 myste-

2447 2031 2588 2085 rium
2643 2031 2742 2083 hae
2797 2029 3084 2097 przesentia
3137 2035 3380 2086 notetur,
3427 2025 3730 2080 visitandus
3769 2022 4027 2077 videlicet

2449 2137 2564 2185 cos,
2598 2121 2689 2190 qui
2727 2119 2958 2188 spiritali
2993 2118 3306 2174 serviebant
3352 2117 3606 2186 Egypto,
3630 2122 3683 2169 et
3719 2114 3850 2168 inde
3887 2113 4029 2167 libe-

2451 2213 2678 2276 randos,
2727 2213 2818 2281 qui
2871 2213 3154 2265 ductorem
3192 2225 3316 2263 cum
3354 2218 3680 2277 sequentur,
3713 2206 3803 2275 qui
3846 2204 4034 2258 infans

2445 2303 2827 2373 conspicitur.
2858 2300 3112 2354 Fortasse
3146 2299 3305 2353 etiam
3343 2299 3467 2369 fuga
3504 2299 3729 2352 infantis
3755 2299 3806 2348 in
3841 2293 4018 2365 Egy-

2449 2407 2619 2465 ptum.
2648 2392 2952 2463 symbolum
2982 2399 3100 2445 erat
3123 2391 3435 2459 migratum:
3465 2387 3530 2444 ad
3565 2396 3751 2456 gentes
3767 2386 4037 2439 doctrinae

2445 2486 2792 2554 evangelicae.
2831 2481 2984 2537 Sicut
3008 2482 3152 2534 enim
3181 2480 3343 2547 iudex
3378 2495 3471 2537 rex
3502 2479 3571 2530 oh
3602 2485 3788 2530 natum
3819 2475 4036 2534 insani:

2445 2593 2694 2648 puerum,
2717 2575 2789 2628 ita
2814 2573 2998 2626 attines
3017 2573 3089 2626 illi
3112 2573 3181 2626 ob
3203 2571 3491 2625 amentiam
3526 2567 3718 2627 Judmi.
3743 2566 4026 2620 exoriente

2444 2685 2538 2739 per
2574 2669 2809 2733 linguam
2842 2664 3234 2732 discipulorum
3267 2659 3653 2729 prtcdicatione
3677 2656 4037 2726 evangelica,

2447 2765 2632 2815 furore
2659 2758 3042 2824 corripientur.
3076 2764 3129 2807 ct
3158 2751 3542 2822 aggredientur
3580 2748 3798 2817 quidem
3823 2760 4032 2799 cruen-

2444 2851 2516 2904 tis
2544 2848 2741 2901 animis
2775 2843 3183 2913 prmdicationis
3226 2855 3448 2896 cursum
3492 2837 3883 2905 comprimere.
3931 2831 4029 2888 sed

2446 2940 2578 2992 nihii
2617 2937 2869 2990 cllicient.
2924 2932 3305 2986 Veru'ntamcn
3345 2933 3396 2982 in
3451 2927 3703 2995 praesenti
3754 2923 4030 2977 nefarium

2448 3029 2714 3083 Herodem
2751 3026 2961 3095 fugiens
2995 3023 3277 3078 contendit
3320 3022 3373 3074 in
3407 3019 3723 3088 1E3yptum.
3759 3013 4027 3069 Postmo-

779 3100 864 3151 rili
899 3103 1130 3153 amentia
1171 3102 1532 3155 laborantium
1575 3107 1680 3160 Deo
1713 3107 2098 3174 inimicorum,
2130 3113 2221 3179 qui
2256 3127 2353 3164 nec

2459 3121 2585 3173 dum
2644 3131 2775 3169 vero
2835 3116 3094 3168 teauunm
3163 3113 3521 3166 scelestarum
3583 3105 3848 3165 audacia,
3897 3105 4048 3156 inter

779 3193 1032 3247 tibiarum
1060 3209 1248 3260 sonos,
1284 3210 1380 3249 nec
1411 3197 1646 3251 lamenta
1678 3201 1942 3264 audiunt,
1988 3209 2046 3255 ut
2098 3203 2364 3272 scriptum

782 3284 982 3351 mquit,
1019 3285 1071 3337 in
1113 3299 1213 3338 suo
1245 3285 1488 3353 ipsorum
1539 3288 1807 3356 sanguine
1851 3290 2208 3359 praesignaret
2245 3307 2365 3360 per-

780 3375 982 3430 nieiem
1006 3417 1020 3438 ,
1057 3391 1222 3442 quam
1253 3388 1450 3446 sponte
1479 3380 1694 3432 obirent
1721 3420 1736 3444 ,
1780 3383 1966 3435 occiso
1998 3397 2093 3451 per
2123 3381 2364 3436 furorem
2399 3431 2402 3434 .

783 3466 1236 3521 debacchantium
1267 3467 1414 3537 Rege
1437 3470 1703 3538 glorianet
1727 3487 1950 3526 suarum
1983 3477 2126 3542 passi
2155 3476 2364 3527 anima-

784 3571 905 3607 rum
930 3556 1200 3623 jacturam
1229 3574 1240 3607 :
1277 3560 1530 3625 quamvis
1562 3575 1668 3614 non
1711 3577 1808 3629 pro
1844 3561 2070 3621 illo,scd
2099 3563 2168 3616 ob
2209 3578 2364 3616 suam

785 3645 887 3709 ipsi
927 3646 1171 3709 rabiem,
1207 3662 1314 3715 qua
1347 3650 1429 3700 nsi
1474 3649 1527 3701 in
1558 3663 1681 3701 eum
1735 3659 1898 3713 sunt,
1927 3662 1982 3704 et
2020 3663 2281 3713 mortem,
2315 3657 2369 3704 et

790 3735 1083 3798 perniciem
1120 3737 1523 3790 sustinuerunt.
1553 3737 1617 3790 Et
1642 3738 1757 3792 hare
1778 3739 1994 3806 quidem
2017 3739 2370 3795 considerare

789 3824 912 3876 licet
947 3823 1015 3878 de
1051 3827 1197 3878 ca-de
1231 3826 1523 3880 infantium
1572 3845 1732 3883 suum
1765 3829 2111 3884 offerentium
2143 3833 2368 3899 sangui-

793 3930 936 3965 nem.
972 3916 1039 3968 At
1065 3933 1194 3970 vero
1238 3917 1378 3971 Medi
1417 3921 1516 3972 rite
1552 3922 1796 3990 agnitum
1833 3922 2104 3977 honorent
2136 3922 2362 3993 Regem,

791 4006 1151 4072 congruentia
1218 4007 1381 4061 rebus
1438 4009 1731 4067 elici-entes
1779 4027 2051 4077 munera,
2107 4022 2367 4082 tanquam

794 4091 926 4161 Regi
961 4105 1012 4148 et
1047 4093 1178 4159 Deo,
1218 4101 1544 4170 mortalique
1576 4101 1641 4155 ad
1692 4102 2026 4156 offerendam
2058 4104 2261 4157 mundo
2293 4103 2370 4157 vi-

795 4191 902 4234 tam
933 4224 946 4244 ,
981 4199 1114 4237 auro
1139 4224 1153 4246 ,
1187 4187 1346 4241 thure
1393 4197 1448 4242 et
1496 4191 1716 4262 myrrha
1762 4190 2024 4246 honorem
2060 4193 2369 4261 implentes.

798 4271 901 4326 Sed
927 4276 992 4326 ad
1028 4274 1160 4335 hare.
1193 4287 1245 4330 et
1276 4279 1436 4332 aliam
1469 4280 1696 4335 subesse
1725 4280 1779 4335 in
1813 4281 2132 4336 muneribus
2177 4291 2372 4338 notan-

795 4363 918 4413 dam
963 4365 1193 4432 inspicio
1240 4370 1713 4433 significationem.
1771 4370 1999 4426 Videtur
2041 4373 2185 4426 enim
2237 4373 2368 4426 mihi

801 4465 992 4520 pra-ter
1031 4457 1106 4524 id,
1153 4460 1297 4526 quod
1323 4476 1385 4513 ea
1415 4477 1537 4529 qua:
1565 4462 1868 4516 oﬂ‘cruntur
1913 4463 2040 4531 quid
2075 4464 2128 4516 in
2163 4463 2371 4517 Infante

801 4555 928 4598 natu
959 4546 1030 4601 sit
1068 4549 1364 4616 denotant,
1416 4554 1720 4620 praenuntia
1764 4570 1977 4623 quoque
2019 4570 2139 4608 esse
2174 4553 2371 4608 futura:

801 4638 1204 4707 quamprimum
1240 4641 1344 4710 ipsi
1391 4642 1720 4698 hau'editatis
1770 4644 2030 4712 gentium.
2079 4644 2370 4714 Propterea

2465 3217 2708 3262 mortuos
2739 3203 3118 3256 numerabitur
3145 3239 3159 3263 ,
3199 3197 3421 3267 quando
3450 3194 3768 3247 Scribarum
3800 3197 3857 3244 et
3896 3189 4046 3241 Pha-

2475 3298 2760 3350 risamrum
2793 3301 3012 3346 caterva
3045 3289 3266 3343 tendent
3301 3287 3352 3339 in
3383 3299 3528 3343 eum,
3557 3282 3648 3351 qtti
3681 3280 3828 3334 venit
3859 3276 3928 3331 ad
3966 3276 4049 3331 fe-

2464 3384 2690 3437 rendam
2735 3381 2989 3442 salutem,
3023 3377 3272 3431 insidias.
3312 3372 3443 3437 Qua:
3491 3379 3549 3423 ut
3596 3371 3648 3423 in
3703 3382 3844 3436 opus
3891 3366 4050 3419 abie-

2463 3477 2595 3534 rint,
2652 3471 2886 3525 eliieieut
2933 3477 2991 3521 ιιι
3033 3465 3328 3520 oblationis
3367 3462 3702 3516 medicorum
3757 3470 4048 3509 numerum

2462 3561 2794 3631 significatio.
2817 3573 2976 3612 suum
3003 3557 3269 3609 sortiatur
3301 3555 3486 3610 linem.
3519 3565 3641 3604 cum
3669 3549 3787 3616 ipse
3814 3546 4045 3614 myrrha

2465 3652 2771 3716 romlietur,
2796 3659 2855 3700 ut
2880 3647 3145 3710 mortalis,
3174 3654 3226 3698 ut
3259 3657 3386 3698 vero
3419 3641 3580 3696 Deus.
3616 3648 3830 3707 gratum
3861 3636 4047 3688 incor-

2465 3744 2734 3811 ruptionis
2780 3740 3002 3794 odorem
3060 3737 3272 3791 mundo
3303 3733 3606 3799 dill‘undet,
3640 3741 3946 3799 gentesque
3994 3735 4054 3790 et

2462 3834 2700 3905 gentium
2736 3831 3043 3886 oblationes
3077 3828 3356 3895 suscipiet.
3396 3823 3594 3876 Verum
3633 3822 3746 3875 lucc
3779 3835 3882 3875 suo
3906 3828 4051 3872 tem-

2465 3940 2594 3994 pore
2628 3922 2776 3975 fient.
2826 3918 2980 3972 Nunc
3020 3927 3201 3970 autem
3249 3931 3371 3984 qua:
3419 3921 3547 3968 sunt
3591 3911 3878 3982 praesentis
3915 3924 4053 3977 aga-

2464 4030 2620 4076 mus,
2680 4020 2733 4066 et
2774 4009 3058 4079 proposita
3108 4007 3268 4061 nobis
3326 4013 3651 4058 tractemus.
3705 3999 4056 4054 Honoremus

2468 4101 2680 4156 Domini
2720 4099 3095 4160 Nativitatem,
3148 4094 3476 4149 festinemus
3523 4092 3590 4144 ad
3641 4088 3939 4147 videndum
3996 4087 4056 4140 in

2465 4194 2725 4264 spelunca
2784 4190 3177 4258 hospitantem.
3251 4187 3632 4254 Agnoscamus
3690 4187 3898 4234 tantam
3955 4177 4057 4237 de-

2466 4282 2804 4352 pressiouem
2836 4281 2958 4347 ejus
2989 4277 3083 4346 qui
3120 4285 3207 4332 est
3239 4274 3391 4329 omni
3419 4269 3712 4327 altitudine
3745 4267 4052 4324 evcclsior.

2474 4370 2775 4425 Noscamus
2815 4367 2977 4434 cujus
3011 4367 3088 4423 rei
3119 4363 3296 4436 gratia
3335 4370 3548 4418 tantum
3596 4359 3919 4429 mysterium
3969 4355 4056 4421 lit,

2401 4437 2444 4490 Ῑ)
2484 4468 2541 4514 ιιι
2589 4458 2679 4526 qui
2714 4472 2905 4512 omnes
2955 4455 3093 4509 ditat
3141 4453 3210 4508 ad
3257 4451 3496 4522 inopiam
3558 4447 3814 4502 redactus
3853 4446 3948 4506 sit,
4002 4455 4062 4499 et

2478 4560 2696 4606 creetur
2744 4549 2972 4602 Creator
3019 4555 3074 4600 et
3115 4547 3258 4599 Heus
3303 4550 3562 4598 nascatur
3607 4547 3670 4610 ut
3710 4537 3896 4597 homo,
3928 4536 4061 4589 licet

2483 4658 2588 4696 non
2670 4655 2821 4694 lllOl'c
2893 4640 3197 4693 hmuano:
3261 4644 3318 4690 ut
3387 4633 3638 4688 videlicet
3711 4627 4062 4686 confractum

2310 4777 2550 4833 ῩὲΟΤᾸΕ.

803 4896 1008 4961 absque
1043 4893 1345 4962 apcr'ioue,
1381 4901 1434 4944 ct
1467 4889 1718 4962 clausura
1764 4891 1936 4951 salva,
1961 4891 2196 4962 perviam
2235 4891 2370 4942 vidit

808 4961 1271 5030 lizechiel.capit.
1304 4977 1426 5014 XLIV
1457 4977 1471 5014 2
1507 4961 1665 5013 Porta
1690 4966 1799 5014 lucc
1817 4962 2002 5012 clausa
2025 4961 2145 5030 erit,
2177 4967 2226 5012 et
2267 4976 2369 5030 non

805 5036 1090 5099 aperietur.
1125 5028 1187 5085 et
1208 5033 1286 5084 rir
1315 5047 1416 5089 non
1451 5031 1694 5082 transibit
1716 5045 1957 5094 peream,
1987 5029 2236 5096 quoniam
2265 5028 2372 5082 Do-

805 5105 978 5154 mimax
1017 5103 1149 5152 Deus
1189 5101 1352 5154 Israel
1393 5101 1657 5166 ingressus
1693 5110 1770 5151 est
1832 5116 1924 5165 per
1954 5100 2127 5160 illaut,
2169 5100 2371 5164 eritque

806 5173 991 5224 aluum
1013 5173 1260 5238 principi.
1290 5169 1414 5222 ιιωο
1447 5172 1590 5222 enim
1623 5168 1942 5237 prophetica
1973 5169 2136 5222 verba
2161 5166 2225 5220 ad
2256 5167 2367 5222 Ma-

809 5244 943 5293 riam
977 5251 1099 5292 ante
1135 5248 1367 5306 pat'llttn,
1407 5239 1459 5290 in
1486 5247 1666 5306 partu,
1709 5246 1763 5288 et
1809 5246 1933 5305 post
1975 5248 2212 5306 partum,
2247 5254 2368 5291 vere

809 5310 1028 5363 Portam
1068 5322 1327 5377 perpetuo
1357 5309 1630 5377 clausam.
1655 5307 1843 5377 sedulo
1888 5307 2376 5377 accommodantur

809 5400 837 5431 a
865 5375 1263 5448 Chrysostomo
1298 5379 1484 5430 homil.
1517 5378 1582 5429 de
1611 5376 1668 5429 S.
1691 5375 1776 5428 Jo.
1823 5377 2086 5445 Baptista,
2108 5375 2372 5448 Hierony—

813 5466 900 5500 mo
926 5445 1128 5514 in'cap.
1166 5465 1288 5500 XLIV
1323 5448 1640 5505 i'lzechielis,
1668 5457 1722 5498 et
1756 5447 1850 5499 lib.
1879 5462 1914 5500 ιι
1953 5455 2143 5498 contra
2166 5445 2372 5510 Pelag.,

810 5519 1103 5574 Ambrosio
1146 5519 1210 5571 de
1257 5517 1606 5570 Institutione
1649 5515 1794 5579 Virg.
1840 5532 1960 5585 cap.
2010 5517 2038 5568 7
2083 5524 2136 5569 ct
2182 5516 2233 5578 8.
2268 5520 2374 5568 Au-

814 5589 1029 5640 ﬁttslitm
1065 5602 1232 5642 serm.
1261 5589 1296 5640 ‘2
1337 5594 1390 5638 et
1424 5586 1486 5639 li
1518 5587 1570 5637 in
1608 5586 1784 5640 Natali
1827 5585 2074 5643 Homini.
2137 5585 2374 5639 Eusebio

817 5658 1100 5710 iuuissent)
1127 5656 1326 5708 llemil.
1364 5657 1380 5707 i
1422 5655 1487 5708 de
1529 5655 1730 5708 Nativit
1782 5655 2012 5719 Domini,
2059 5654 2267 5708 Rullino
2315 5655 2328 5704 ἱ

817 5727 1156 5796 expositione
1205 5728 1459 5796 arm‘nch,
1499 5728 1828 5782 [ianmscetto
1884 5725 1972 5780 lib.
2028 5742 2073 5779 ιι·
2125 5725 2188 5779 dc
2243 5724 2368 5781 l’tdc

2469 4888 2820 4953 Orthodoxa,
2886 4887 3046 4940 Petro
3099 4884 3353 4938 Damiani
3407 4896 3572 4953 serm.
3617 4883 3701 4953 _3_
3741 4881 3830 4953 de_
3867 4877 4058 4953 i_\'_ativ.

2474 4959 2642 5023 Vh‘lL,
2671 4947 2907 5011 Amedeo
2925 4955 3295 5008 Lansanneusi
3321 4953 3519 5023 Homil.
3542 4951 3575 5003 4
3597 4951 3663 5023 de
3682 4947 4058 5023 [sandLVirgn

2476 5015 2751 5083 Germano
2770 5026 3388 5091 (loustantinopolitazio
3411 5020 3566 5075 Orat.
3599 5020 3665 5074 de
3685 5017 3908 5091 _Nat._B.
3930 5015 4064 5091 γει·-

2468 5100 2605 5168 giu.,
2639 5097 2909 5168 Hesychio
2941 5086 3173 5168 "ciuilia
3200 5093 3235 5146 ‘2
3272 5093 3338 5168 de
3384 5092 3636 5168 lieipara,
3663 5087 3879 5168 _l‘roclu
3913 5086 4064 5168 ιξριι-

2470 5155 2968 5232 ἕιειιιίιιιορῖιιίιριηο
3004 5165 3058 5216 in
3083 5162 3261 5215 Serm.
3299 5155 3898 5232 derNativitallomiui,
3925 5155 4064 5232 itu-

2473 5241 2628 5301 perto
2681 5225 2776 5290 lib.
2824 5251 2837 5289 ι
2875 5236 2927 5288 in
2979 5233 3290 5301 Matthzcum
3332 5229 3565 5301 aliisque
3599 5228 3869 5301 pluribus.
3915 5225 4063 5301 _\"r_de

2473 5246 2628 5301 perto
2681 5246 2776 5290 lib.
2824 5251 2837 5289 I
2875 5252 2927 5288 ιιι
2979 5246 3290 5286 Mallhzeum
3332 5246 3455 5283 atus
3499 5246 3565 5283 ne
3600 5246 3869 5296 plUl‘lDilS.
3930 5246 4060 5280 true

2468 5306 2852 5370 {Jolvcnerium
2897 5305 2948 5356 in
3001 5303 3119 5356 Kal.
3148 5299 3410 5370 falariano
3460 5246 3549 5353 Hie
3591 5297 3664 5370 25
3712 5295 4060 5370 Decembris,

2461 5363 2603 5429 'num
2639 5375 2690 5428 4.
2738 5375 2792 5428 5.
2831 5373 2884 5426 6.
2918 5376 2948 5427 7
2977 5382 3028 5427 et
3057 5372 3112 5425 8.
3147 5369 3246 5423 Ubi
3285 5370 3522 5421 adducto
3575 5368 3740 5420 etiam
3792 5363 4061 5432 praedicto

2474 5444 2779 5499 Ezechielis
2807 5443 3146 5503 testimonio,
3172 5439 3268 5492 SS.
3306 5439 3528 5490 l‘atrum
3559 5436 3928 5504 explicatione
3951 5448 4054 5504 Vro-

2473 5516 2688 5573 borato,
2743 5516 2810 5567 de
2854 5521 3007 5581 porta
3041 5513 3440 5581 clattsa,_qnm
3483 5522 3588 5559 non
3631 5503 3894 5581 aperitur,
3949 5503 4062 5581 late

2470 5585 2664 5653 probat
2679 5570 2916 5636 'Maria'm
2947 5578 3229 5653 Virginem
3253 5570 3651 5653 'c_l_a'us‘t_i_ut_ero.
3670 5570 3853 5653 atque
3875 5570 4056 5652 inrioo

2473 5642 2597 5706 iatis
2658 5651 2991 5721 integritatis
3046 5642 3346 5719 signaculis
3402 5645 3682 5700 Christum
3758 5642 4057 5697 Dominum

2473 5722 2767 5796 peperisse.
