4224 6444
202 435 274 498 49
1010 434 1291 495 ORATIO
1330 434 1430 494 VI.
1459 458 1526 470 --
1556 432 1636 492 IN
1663 431 1794 491 (IHl

1879 431 1972 489 i'I‘I
2013 432 2225 492 NATH
2251 433 2529 492 ΙΤΛΤΕΜ
2569 435 2680 497 Ili.
3404 438 3466 497 Η)

203 547 540 596 instauretur
565 583 579 605 ,
634 551 692 593 ut
727 548 872 592 terra
923 540 1180 594 obrutum
1213 550 1560 610 repurgetur,
1597 552 1653 594 ct
1695 540 1778 592 iu-
1804 539 1855 596 Α
1882 539 2078 606 potiori
2107 539 2436 591 dominetur.
2466 537 2544 590 l\'e
2573 539 2894 606 colligamus
2929 544 3350 594 amaritudinem
3389 561 3452 596 ex

206 643 365 687 venta
419 632 680 685 drachma
725 645 826 683 suo
878 639 1178 697 reponatur
1234 631 1288 682 in
1335 631 1597 691 thalamo,
1629 641 1686 682 ιιι
1718 647 1782 683 ne

202 724 444 793 amplius
480 725 532 777 in
567 724 774 776 vilitate
801 721 1086 790 jaceamus
1114 763 1129 786 ,
1168 735 1269 774 nec
1316 722 1546 789 turpiter
1575 721 1780 774 servia—

203 831 329 869 mus
362 854 377 875 .
414 817 506 869 sed
553 813 621 866 ad
656 821 898 866 nostram
940 811 1216 865 intuentes
1252 811 1592 865 nobilitatem
1616 848 1632 872 ,
1667 810 1783 862 vir-

203 917 322 960 tute
382 905 634 960 sublimis
682 903 1102 966 evinanitionis,
1155 902 1418 954 vilitatem
1480 907 1784 955 commute-

203 1015 350 1061 ums,
381 998 502 1050 loco
533 997 814 1050 servitutis
844 995 1016 1049 evecti
1052 997 1105 1048 iu
1136 994 1498 1052 dominatmn,
1538 1009 1634 1058 pro
1667 1009 1788 1061 ege-

200 1099 351 1144 state
398 1089 618 1142 divitias
665 1097 1071 1154 comparantes,
1112 1102 1235 1154 qua:
1279 1096 1404 1137 sunt
1448 1084 1568 1150 ejus
1598 1083 1788 1151 aequi-

203 1188 415 1244 rentes,
449 1180 542 1248 qui
581 1187 766 1233 nostra
804 1179 922 1246 ipse
947 1194 1042 1231 sua
1069 1175 1220 1238 fecit,
1257 1187 1314 1229 ut
1352 1177 1464 1227 lucc
1506 1184 1788 1244 prazstarct

199 1271 450 1325 advenit.
477 1268 574 1325 His
611 1269 914 1323 honoribus
943 1269 1031 1322 ille
1058 1269 1279 1338 gaudet,
1315 1281 1410 1334 per
1447 1267 1559 1319 hac
1591 1265 1789 1317 nativi-

199 1371 372 1415 tatem
409 1365 722 1414 adoremus.
763 1358 1060 1412 lnduamus
1082 1398 1096 1422 ,
1138 1358 1356 1418 fratres,
1391 1371 1610 1409 sensum
1645 1356 1787 1422 ejus,

204 1457 300 1522 qui
342 1469 451 1506 non
481 1452 702 1506 erubuit
738 1461 925 1505 noster
963 1449 1076 1503 fieri
1111 1449 1296 1509 frater.
1326 1466 1431 1502 nun
1465 1458 1788 1517 aspernatus

197 1554 286 1598 est
335 1558 435 1597 nos
483 1543 535 1595 in
587 1542 860 1596 vilissimo
905 1540 1147 1608 jacemes
1193 1541 1488 1604 subsellio,
1545 1556 1608 1592 ne
1659 1555 1790 1594 con-

197 1645 516 1690 temnamus
544 1642 596 1686 et
629 1648 727 1686 nos
764 1631 818 1684 in
845 1631 1009 1685 simili
1037 1630 1256 1684 fortuna
1292 1631 1518 1698 positos.
1553 1632 1653 1695 Qui
1687 1632 1788 1683 hac

199 1728 373 1782 etiam
433 1726 486 1778 in
530 1731 684 1794 parte
735 1723 962 1776 multam
1009 1721 1104 1774 Dei
1151 1721 1537 1790 benignitatem
1586 1725 1792 1789 experi-

201 1834 354 1882 mur,
387 1833 514 1872 cum
556 1817 712 1885 plura
756 1814 1132 1886 possideamus
1163 1829 1328 1882 quam
1362 1813 1394 1866 ii
1426 1829 1657 1881 quorum
1697 1829 1793 1882 par

198 1919 256 1965 et
296 1909 500 1964 similis
531 1908 596 1961 ad
629 1910 797 1962 vitam
829 1907 932 1960 fuit
980 1907 1286 1973 ingressus.
1325 1904 1401 1958 Ne
1436 1908 1532 1958 tibi
1591 1907 1733 1960 subr.
1763 1933 1784 1944 -

202 2007 298 2068 pat
356 2007 414 2053 ut
471 1999 767 2052 cicatrices
816 1999 1070 2052 conservi
1117 1995 1450 2057 ειιιοττθιιε,
1505 2011 1626 2047 cum
1676 1997 1791 2063 ipse

201 2089 616 2144 abominandns
645 2088 949 2148 exstiteris,
984 2103 1091 2139 non
1123 2085 1472 2138 cicatricibus
1503 2085 1673 2136 invito
1711 2085 1793 2136 in-

207 2183 404 2242 flictis,
431 2179 526 2235 sed
561 2195 698 2248 quas
739 2179 837 2230 tibi
873 2187 1069 2245 sponte
1114 2176 1366 2238 intulisti,
1397 2184 1450 2228 et
1483 2174 1678 2244 ltcgem
1711 2183 1793 2229 ta-

204 2288 330 2326 men
377 2269 447 2322 ad
474 2277 528 2323 te
560 2267 916 2322 accedentem
955 2266 1231 2320 habueris.
1259 2264 1332 2318 Ne
1362 2265 1620 2318 humilem
1641 2266 1792 2334 gravi

203 2365 488 2432 Opprimas
519 2377 704 2423 manu,
743 2373 952 2413 memor
983 2358 1286 2412 vexationis
1316 2373 1476 2426 quam
1513 2359 1794 2426 tyrannica

205 2469 514 2524 Oppressus
561 2467 727 2505 manu
781 2449 1132 2510 sustinuisti,
1183 2457 1237 2502 et
1274 2448 1464 2501 auxilii
1509 2449 1652 2516 quod
1693 2449 1793 2500 ha—

216 2549 410 2600 hu'.sti.
453 2545 527 2599 Ne
565 2545 828 2598 habueris
878 2542 1004 2594 odio
1052 2540 1331 2594 Creatoris
1363 2541 1651 2608 imaginem
1679 2580 1693 2602 ,
1729 2555 1796 2594 ne

208 2639 484 2699 invideas,
524 2638 616 2705 qui
653 2645 872 2704 propter
906 2632 1164 2685 invidiam
1193 2631 1330 2682 mala
1363 2649 1422 2683 es
1457 2647 1672 2699 passus,
1711 2634 1795 2684 in-

207 2731 378 2784 fausti
427 2730 724 2792 daamonis,
782 2728 988 2796 quique
1026 2726 1238 2796 primus
1278 2726 1329 2777 in
1374 2724 1462 2775 Dei
1510 2725 1795 2790 imaginem

207 2821 426 2875 invidos
475 2819 664 2874 oculos
723 2818 945 2887 adjecit,
995 2818 1238 2870 animum
1289 2816 1553 2867 imitatus.
1607 2815 1714 2868 Nec
1747 2826 1798 2869 te

209 2913 394 2966 f-st-ias
423 2921 680 2980 tanquam
723 2927 842 2975 vas,
881 2912 934 2963 in
981 2925 1090 2978 quo
1126 2908 1200 2960 sit
1241 2907 1476 2975 positum
1509 2923 1798 2970 venenum,

205 3001 355 3069 4;"od
383 3001 476 3070 qui
512 3000 720 3053 inscius
771 2997 1067 3066 acceperit,
1102 2995 1364 3048 damnum
1395 2993 1687 3045 contrahit.
1723 2992 1800 3046 Ne

206 3092 362 3145 carui
420 3091 836 3160 indulgeamus,
886 3103 986 3141 nec
1037 3085 1271 3140 inferius
1319 3086 1698 3154 permittamus
1744 3093 1800 3136 ut

1899 628 2243 681 demulcente
2269 629 2560 696 voluptate.
2601 631 2655 682 in
2685 645 2896 683 summa
2922 633 3178 699 pelliccas
3203 648 3467 688 exuamns

1901 732 2102 784 vestes,
2137 737 2262 774 nam
2298 725 2440 788 quod
2473 728 2570 776 .tlis
2611 726 2792 774 vnit-ti
2825 725 3047 786 fuimus,
3085 728 3295 779 idcirco
3337 744 3469 794 pan-

1901 814 1985 868 nis
2019 813 2313 866 involvitur
2348 813 2628 869 Dominus.
2667 814 2888 867 Fiamus
2920 832 3106 868 revera
3132 818 3229 880 dii,
3269 833 3331 870 ex
3367 817 3471 868 Deo

1899 918 2030 956 vero
2075 903 2126 956 id
2169 903 2539 971 accipientes,
2584 922 2687 956 non
2731 915 2783 957 ut
2826 906 2894 958 ab
2944 918 3190 973 apustata
3228 913 3469 960 dte-nom:

1896 995 2124 1046 velimus
2145 1009 2244 1048 nos
2271 999 2323 1046 in
2349 1001 2554 1046 tantam
2575 995 2889 1062 dignitatem
2919 995 3216 1048 intrudere.
3253 997 3473 1051 Fiamus

1897 1085 1993 1138 liiii
2034 1087 2312 1139 Altissimi
2347 1097 2564 1154 propter
2615 1102 2762 1147 eum,
2804 1087 2897 1154 qui
2934 1088 3109 1139 factus
3129 1097 3213 1140 est
3239 1088 3472 1141 hominis

1902 1175 2093 1229 Filius.
2127 1175 2205 1227 lta
2248 1176 2508 1228 honorem
2534 1177 2881 1231 conferentes
2917 1188 3190 1241 nostrum,
3229 1179 3469 1232 honore.-

1903 1283 2025 1321 mus
2056 1282 2180 1321 eum
2210 1268 2300 1334 qui
2331 1269 2548 1320 devenit
2576 1269 2641 1322 ad
2668 1271 2914 1324 homines
2945 1280 3003 1322 ut
3028 1271 3284 1324 honorem
3311 1273 3474 1324 homo

1901 1366 2247 1426 asscquatur.
2288 1358 2365 1411 lta
2395 1360 2573 1413 affecti
2607 1376 2729 1414 cum
2768 1364 2974 1431 angelis
3009 1364 3234 1431 gloriam
3267 1365 3474 1417 tribua—

1902 1466 2046 1513 mus,
2086 1460 2141 1503 et
2182 1450 2346 1504 simul
2381 1466 2504 1504 cum
2541 1453 2855 1520 pastoribus
2895 1469 3185 1507 curramus
3212 1496 3226 1519 ,
3271 1465 3323 1509 et
3353 1471 3475 1508 eum

1902 1539 2074 1610 Magis
2122 1544 2586 1609 eXSpeetationein
2639 1547 2876 1610 gentium
2920 1546 3232 1599 adoremus.
3294 1546 3478 1614 Neque

1904 1632 2050 1684 enim
2104 1640 2188 1685 est
2245 1647 2354 1701 quo
2406 1634 2579 1699 magis
2615 1635 2911 1687 honoretur
2952 1653 3116 1705 quam
3175 1638 3381 1690 honore
3424 1648 3478 1690 et

1905 1725 2102 1792 gloria,
2137 1739 2258 1792 quae
2299 1739 2399 1778 nos
2437 1723 2739 1778 deferimus
2769 1741 3000 1793 qthtuut
3053 1736 3310 1795 suscepto
3349 1743 3479 1780 san-

1851 1874 1865 1894 ,
1900 1813 2066 1879 guine
2095 1813 2261 1864 frater
2286 1813 2524 1867 exsistit.
2567 1813 2694 1870 Sed.
2726 1829 2758 1866 ο
2783 1816 2872 1882 qui
2904 1831 2933 1867 e
2954 1817 3277 1870 celsitudine
3295 1819 3479 1885 gloria:

1851 1900 1864 1919 ‘
1898 1911 1915 1952 t
1944 1920 1999 1954 ..ι-
2042 1905 2093 1955 ιιι
2127 1911 2374 1957 nostram
2409 1903 2742 1958 descendisti
2769 1905 3152 1971 humilitatem,
3190 1922 3289 1960 nec
3330 1915 3478 1959 tuam

1897 1995 2104 2061 liquisti
2161 1995 2538 2046 altitudinem!
2594 2010 2627 2048 ο
2669 1995 2913 2050 Salvator
2973 2013 3184 2063 eorum,
3237 2014 3374 2066 quos
3422 2006 3506 2052 ut-

1904 2093 2258 2137 converteres
2307 2085 2444 2136 male
2498 2099 2526 2134 a
2578 2094 2627 2136 te
2677 2086 2993 2140 aberrantes
3039 2087 3351 2142 exinanitus
3380 2091 3476 2142 es!

1899 2193 1932 2229 ο
1981 2190 2177 2228 recens
2208 2175 2401 2237 "emo,
2434 2184 2486 2227 et
2523 2174 2758 2229 Verbum
2793 2180 3153 2230 :etcrnitatem
3185 2192 3478 2245 superans,

1898 2277 2020 2320 esto
2065 2267 2158 2320 tibi
2199 2277 2250 2318 et
2295 2268 2456 2320 nobis
2505 2282 2605 2335 pro
2675 2269 2936 2322 uatalitiis
2997 2269 3321 2324 muneribus
3371 2271 3482 2322 haec

1898 2359 2097 2412 oratio.
2124 2357 2285 2412 Refer
2319 2369 2372 2409 tu
2407 2359 2584 2419 nobis,
2620 2367 2678 2410 ut
2718 2359 2989 2426 gubernes
3029 2369 3080 2411 et
3109 2360 3481 2420 administres,

1910 2465 2014 2502 una
2046 2465 2169 2502 cum
2200 2451 2267 2502 iis
2300 2450 2499 2517 quibus
2539 2449 2904 2515 gubernacula
2955 2449 3252 2514 tradidisti,
3294 2449 3482 2503 mundi

1901 2544 2116 2602 navim,
2164 2551 2223 2594 ut
2270 2545 2372 2595 sub
2430 2549 2482 2593 te
2521 2543 2907 2608 gubernatore,
2960 2544 3272 2610 superiores
3329 2542 3481 2594 otnui

1902 2635 2165 2701 procella,
2196 2632 2598 2700 navigationem
2640 2646 2986 2698 peragamus,
3016 2647 3267 2686 cessante
3308 2633 3480 2684 unda-

1903 2740 2021 2778 rum
2049 2726 2096 2777 vi
2123 2766 2136 2784 ,
2173 2735 2225 2777 et
2258 2725 2311 2777 in
2345 2733 2521 2776 tutum
2565 2723 2922 2777 deveniamus
2953 2735 3168 2792 portum
3199 2742 3211 2776 :
3259 2725 3348 2777 ubi
3389 2739 3486 2791 po-

1902 2816 2065 2879 sitos,
2099 2824 2152 2870 et
2185 2816 2583 2885 tranquillitate
2624 2815 2890 2877 fruentes,
2930 2817 3272 2869 abduxerunt
3314 2817 3486 2884 impe-

1905 2906 2047 2959 tuosi
2107 2914 2161 2958 et
2215 2907 2575 2961 vehementes
2619 2906 2787 2960 venti.
2821 2907 2940 2970 Quo
2972 2922 3071 2960 nos
3121 2905 3354 2959 develtas
3393 2922 3484 2972 ap-

1907 2997 2116 3064 pulsos,
2154 3006 2275 3064 post
2310 2997 2471 3065 hujus
2525 2999 2646 3049 vitm
2685 2998 3081 3063 trajectiunem,
3122 2996 3402 3049 laudantes
3433 3003 3488 3050 et

1907 3087 2280 3156 glorificantes
2315 3099 2363 3141 te
2397 3091 2448 3141 in
2477 3090 2672 3142 srecula
2705 3089 3050 3143 smeulorum.
3082 3090 3276 3144 Amen.

1654 3217 1915 3275 ORATIO
1942 3222 2025 3276 Vl.

283 3319 349 3373 lu
402 3319 600 3375 Christi
626 3319 978 3379 nativitatem,
1001 3305 1211 3386 ᾇῖιαιιάο
1236 3329 1300 3368 ex
1352 3313 1696 3393 immaculata
1731 3318 1861 3393 nube
1897 3327 2236 3393 transuectus
2266 3319 2320 3370 iu
2347 3320 2536 3372 seniles
2567 3335 2777 3383 uiantis,
2825 3319 3130 3371 umbrarum
3163 3321 3412 3391 templum

1401 3386 1669 3452 ingressus
1706 3395 1781 3436 cst
1819 3386 1911 3437 So!
1943 3387 2130 3456 gloria:
2158 3390 2292 3451 (ll).

1358 3495 1379 3512 ν
1436 3495 1725 3567 (Μιιιλεει,
1763 3498 1866 3551 lue.
1903 3501 1998 3554 cit.
2035 3517 2086 3569 p.
2132 3501 2245 3568 72.)

281 3597 488 3671 Christi
549 3611 953 3668 solemnitatem
1009 3609 1344 3664 honoramus
1379 3607 1513 3674 (l2),
1549 3607 1642 3675 qui
1708 3607 1876 3670 riteC
1916 3610 2170 3679 degitquc
2227 3611 2329 3665 sub
2397 3612 2532 3681 lege,
2604 3620 2660 3664 nt
2717 3621 2772 3666 et
2842 3614 3156 3668 constitutis
3214 3617 3316 3669 sub
3366 3622 3484 3684 lege

206 3705 466 3761 omnibus
513 3701 861 3755 tribuemlum
917 3699 1108 3753 statuit
1140 3697 1423 3750 honorem.
1459 3695 1662 3749 Christi
1712 3711 1803 3749 sa~

209 3814 366 3852 eram
392 3796 602 3864 agimus
634 3792 1025 3851 celebritatem,
1057 3803 1155 3858 per
1174 3805 1331 3856 quem
1355 3787 1595 3856 profauze
1617 3803 1803 3841 sacro-

210 3904 335 3941 rum
363 3884 759 3940 celebrationes
789 3880 1074 3934 exstincta:
1095 3885 1244 3941 sunt,
1277 3886 1330 3930 et
1354 3886 1558 3930 sancta
1582 3877 1794 3928 dierum

212 3978 480 4030 festorum
534 3970 950 4026 observationes
1011 3975 1236 4021 exortze.
1291 3965 1411 4030 Quo
1455 3965 1508 4017 in
1541 3966 1798 4032 spelunca

211 4077 362 4131 orto,
404 4073 463 4117 ut
496 4065 638 4126 luce,
675 4069 730 4116 et
765 4076 909 4114 nunc
933 4066 1257 4128 praesentem
1300 4058 1455 4111 nobis
1493 4057 1800 4110 illustrante

211 4157 384 4220 diem,
412 4156 515 4224 ipsi
550 4167 765 4221 quoque
835 4151 1206 4219 splendemus.
1268 4149 1483 4204 llursus
1541 4151 1686 4203 enim
1728 4149 1794 4212 is,

217 4264 320 4317 per
376 4260 540 4314 quem
586 4241 964 4299 exsultationis
1017 4241 1200 4294 lumen
1252 4240 1657 4310 conspeximus,
1707 4240 1801 4309 qui

213 4335 555 4391 intenebris
616 4347 986 4386 :erumnarum
1036 4330 1382 4393 sedebamus,
1439 4329 1649 4397 profert
1713 4345 1798 4382 so.

213 4425 519 4482 lemnitatis
592 4424 977 4477 hilaritatem:
1039 4436 1148 4474 non
1197 4435 1229 4475 e
1293 4421 1551 4490 spelunca
1617 4419 1800 4474 radios

214 4518 558 4580 diffundens,
619 4515 714 4570 sed
775 4515 930 4583 quasi
991 4513 1134 4568 nube
1164 4520 1337 4566 matre
1394 4509 1615 4581 Virgine
1672 4528 1798 4564 vec-

218 4617 342 4669 tus;
373 4618 475 4658 nec
537 4604 590 4656 in
639 4601 862 4672 ρτωερρὶ
915 4599 1123 4666 jacens,
1167 4599 1260 4654 sed
1323 4607 1603 4667 paternam
1665 4599 1797 4654 sub-

218 4699 341 4750 iens
402 4696 644 4750 domum.
719 4692 822 4757 Qui
887 4699 1112 4755 terram,
1183 4690 1424 4743 hominis
1492 4698 1795 4757 parentem,

219 4789 403 4844 Verbo
463 4787 790 4856 procreavit,
850 4785 1073 4838 Matrem
1127 4784 1232 4839 sibi
1297 4783 1502 4851 pridem
1565 4781 1793 4843 faciens,

221 4888 436 4934 naturae
474 4879 620 4947 leges
674 4877 986 4937 innovabat,
1030 4893 1059 4930 e
1087 4876 1247 4929 vulva
1297 4873 1646 4943 progrediens
1679 4875 1798 4928 sine

222 4966 459 5020 semine.
517 4962 674 5018 Nunc
728 4979 858 5017 vero
916 4963 1193 5016 communi
1247 4979 1435 5016 eorum
1484 4963 1598 5032 lege
1662 4979 1800 5031 quo-

220 5070 346 5108 rum
399 5069 431 5109 e
481 5055 691 5108 semine
755 5069 971 5108 carnem
1039 5054 1360 5122 assumpsit,
1416 5054 1508 5122 qui
1559 5069 1676 5107 eam
1745 5055 1798 5106 in

226 5147 359 5198 Sina
425 5144 694 5207 condidit,
753 5144 917 5199 veluti
977 5144 1190 5198 debitor
1231 5143 1485 5197 mandata
1533 5144 1652 5213 ejus
1701 5145 1802 5197 im-

224 5240 354 5306 plet,
380 5234 563 5290 Gloria
593 5235 777 5297 Israel,
808 5237 1045 5305 gentium
1082 5233 1308 5287 Lumen.
1346 5234 1547 5289 Omnes
1593 5243 1804 5304 gentes,

222 5328 468 5384 conferte
525 5327 762 5392 laudem,
799 5341 924 5381 cccc
984 5327 1125 5380 enim
1163 5327 1306 5380 Deus
1338 5323 1512 5380 factus
1545 5333 1629 5381 est
1666 5342 1801 5396 puer

1913 3717 2066 3768 opem
2125 3703 2302 3766 ferat,
2351 3704 2491 3772 quod
2546 3704 2618 3756 illi
2665 3704 2850 3757 deerat
2895 3707 3177 3774 suppletis,
3209 3715 3264 3761 et
3289 3709 3478 3760 viven-

1917 3791 2067 3842 tibus
2107 3790 2228 3844 sine
2289 3791 2404 3860 lege
2449 3792 2702 3859 gentibus
2738 3802 2896 3846 notas
2939 3794 3102 3847 faciat
3157 3810 3270 3848 suae
3332 3795 3489 3848 boni-

1914 3881 2042 3933 tatis
2099 3880 2339 3934 divitias.
2402 3880 2533 3932 Nam
2580 3881 2707 3947 quia
2759 3882 2842 3934 lex
2901 3882 2993 3936 Dei
3051 3884 3223 3951 digito
3275 3887 3481 3952 scripta

1915 3987 2020 4024 non
2088 3971 2302 4024 valebat
2364 3972 2630 4024 rationem
2697 3973 3061 4038 deturbatam,
3111 3975 3230 4040 ejus
3292 3990 3480 4043 opera,

1911 4059 2003 4124 qui
2054 4060 2230 4126 primo
2286 4058 2434 4110 illam
2502 4062 2683 4127 pravis
2732 4059 2965 4112 abduxit
3009 4061 3378 4123 suasionibus,
3420 4063 3488 4117 ad

1911 4149 2119 4218 frugem
2154 4149 2348 4202 bonam
2391 4149 2647 4204 reducere
2696 4165 2792 4203 nec
2827 4151 2971 4205 velut
3027 4167 3290 4221 organum
3366 4153 3492 4206 har-

1913 4239 2094 4292 monia
2155 4239 2500 4306 destitutum,
2576 4257 2673 4295 sua
2736 4243 2968 4311 propriis
3023 4253 3209 4311 aptare
3251 4259 3488 4298 concen-

1909 4331 2077 4395 tibus,
2116 4347 2215 4385 nec
2268 4333 2467 4387 docere
2519 4344 2577 4387 ut
2629 4349 2715 4386 res
2760 4350 2889 4390 suas
2953 4336 3087 4389 bene
3142 4337 3486 4405 disponeret:

1910 4421 2006 4476 sed
2036 4423 2178 4475 mala
2207 4423 2539 4477 deteriorum
2575 4425 2946 4478 additamenlo
2979 4429 3323 4490 crescebant,
3356 4445 3482 4480 cum

1910 4513 2043 4567 satis
2068 4528 2176 4566 non
2212 4521 2358 4568 esset
2407 4516 2566 4568 nobis
2617 4531 2780 4568 ausos
2840 4515 3008 4570 fuisse
3057 4518 3487 4578 contumaciam,

1911 4604 2004 4658 sed
2055 4619 2157 4656 una
2188 4619 2310 4656 cum
2369 4616 2639 4672 pra-cepto
2682 4607 3059 4669 rejecisscmus
3087 4615 3140 4659 et
3171 4608 3484 4672 Dominum,

1911 4702 2106 4756 mente,
2159 4694 2332 4747 instar
2378 4694 2508 4760 pulli
2557 4695 2767 4746 frenum
2834 4696 3154 4759 Inordeutis,
3200 4705 3254 4750 et
3291 4699 3492 4766 praeci-

1913 4783 2076 4851 pitent
2108 4799 2166 4838 se
2191 4785 2424 4852 agentis,
2459 4793 2570 4838 tota
2599 4797 2804 4840 ruente.
2833 4788 3098 4851 Quoniam
3133 4789 3294 4857 igitur
3328 4803 3490 4843 manu

1914 4872 2007 4927 Dei
2038 4875 2241 4944 scripta
2287 4876 2370 4929 lex
2397 4876 2470 4929 ita
2505 4878 2834 4945 prmeipiiem
2872 4879 3130 4932 cohibere
3194 4896 3300 4933 non
3343 4889 3494 4948 pote-

1911 4973 2015 5026 rat,
2072 4966 2300 5034 ipsemet
2350 4967 2486 5036 legis
2519 4969 2773 5036 scriptor,
2850 4970 3306 5036 superesscntiale
3360 4967 3491 5022 Ver-

1912 5056 2062 5117 bum,
2115 5073 2297 5110 rerum
2356 5060 2600 5112 omnimn
2665 5060 2979 5127 productrix
3043 5059 3330 5128 sapientia,
3393 5074 3491 5128 per

1913 5160 2180 5204 ereatura:
2237 5153 2657 5206 crassitudinem
2728 5163 2993 5205 creaturae
3059 5153 3282 5206 unitur:
3364 5167 3492 5206 eva-

1913 5237 2098 5306 ditque
2152 5239 2267 5307 ipse
2329 5242 2430 5303 lex,
2478 5253 2530 5295 et
2586 5243 2894 5310 pra-.ceptio,
2947 5256 3043 5309 per
3109 5242 3350 5309 seipsuin
3410 5241 3492 5293 in-

1910 5342 2236 5400 compositos
2290 5334 2590 5402 corrigens,
2648 5343 2696 5385 et
2763 5332 3098 5402 conspicitur
3157 5331 3472 5386 immutabi-

1751 5442 1984 5498 NOTAE}.

298 5537 412 5601 (ll)
440 5537 584 5590 Hanc
607 5539 767 5590 etiam
792 5536 1098 5590 orationem
1126 5537 1228 5591 sub
1268 5535 1465 5590 Leonis
1499 5536 1793 5605 imperato-

229 5609 304 5659 ris
331 5607 550 5659 nomine
595 5607 854 5660 exhibent
885 5605 1071 5659 Graec
1105 5622 1234 5661 mss.
1269 5607 1488 5660 codices
1529 5605 1796 5667 Vaticani,

226 5688 280 5734 et
319 5678 723 5736 alessanenscs,
765 5691 974 5744 egoque
1003 5677 1147 5728 illam
1174 5691 1238 5730 ex
1272 5673 1538 5729 Vaticano
1578 5677 1791 5739 codice,

231 5762 328 5814 per
376 5745 462 5799 Jo.
497 5746 816 5815 Nauittcttltt
847 5746 1234 5814 CaryOphilum
1280 5744 1640 5802 'leoniensem
1677 5748 1798 5815 cpi-

228 5832 458 5886 scopum
493 5814 782 5871 Latinitate
817 5815 1074 5870 donatam
1107 5815 1336 5870 exhibeo

1979 5543 2093 5611 (12)
2133 5544 2348 5597 lnitimn
2400 5543 2564 5612 hujus
2643 5544 2878 5598 homiliae
2939 5545 3192 5598 convenit
3244 5559 3366 5597 cum
3423 5559 3486 5598 ea

1905 5629 2026 5680 qua:
2081 5616 2167 5666 hic
2219 5621 2411 5680 quarta
2461 5615 2604 5667 edita
2666 5624 2771 5668 est.
2821 5615 2924 5668 Sed
2981 5623 3099 5682 post
3147 5615 3359 5667 initium
3417 5629 3483 5668 ex

1907 5685 2014 5735 alio
2066 5694 2212 5737 textu
2286 5683 2475 5736 Gl'iUCO
2525 5686 2787 5736 translata
2812 5695 2913 5746 est,
2956 5693 3006 5738 ct
3057 5685 3177 5738 ideo
3227 5700 3346 5736 eam
3399 5683 3488 5748 hic

1907 5754 2069 5809 etiam
2119 5753 2383 5808 edendam
2431 5769 2554 5808 esse
2585 5757 2900 5808 censuimus~
2981 5753 3135 5809 Enn.
3170 5751 3339 5806 Ριτιι.
