4224 6444
743 425 808 489 51
1992 431 2185 492 LEON
2199 433 2268 492 IS
2309 432 2766 495 I'HILOSOPHI
3940 430 4010 494 52

740 540 808 596 lis
868 538 1039 608 figura
1119 539 1294 594 l’atris
1359 543 1462 594 sub
1525 541 1905 597 nmtabilitatis
1970 545 2170 612 specie,
2235 544 2306 598 fit-
2342 545 2625 605 Ationem
2662 559 2786 599 cum
2820 559 2942 601 sese
2968 543 3269 600 omnibus?
3324 542 3559 599 Deorum
3602 555 3825 611 quoque
3879 554 4009 608 pro-

739 645 844 698 que
897 628 1044 684 Patri
1092 646 1154 684 ac
1195 631 1350 684 nobis
1383 642 1688 701 sequester,
1718 634 1902 688 soluto
1960 637 2165 705 pariete
2220 635 2306 688 in-

739 723 1022 790 terposito.
1069 721 1144 776 Ne
1187 722 1419 791 dcsipiat
1470 724 1658 778 insana
1715 735 1895 780 mente
1929 724 2170 786 Judaeus.
2207 741 2306 780 nec

737 816 881 868 diem
939 823 1244 876 aversetur,
1288 823 1346 868 ut
1403 816 1705 883 noctivaga:
1759 817 1939 870 solent
1975 818 2306 882 animantes,

739 903 831 956 sed
889 903 1066 956 oculis
1111 903 1281 955 livore
1335 919 1438 955 non
1497 904 1808 970 depravatis
1880 905 2076 957 divina:
2131 905 2310 959 incar-

740 989 976 1042 nationis
1028 989 1292 1056 fulgorem
1339 989 1594 1055 inspiciat
1648 990 1701 1042 iu
1737 991 1802 1042 iis
1834 1007 1955 1058 qua).
1982 999 2110 1046 sunt
2144 1006 2310 1060 penes

736 1079 940 1146 ipsum.
989 1077 1101 1132 Nec
1151 1077 1367 1147 gentilis
1405 1078 1689 1131 veritatem
1746 1078 2012 1142 derideat,
2064 1081 2156 1148 qui
2204 1090 2314 1134 tur-

740 1170 1032 1237 pitudinem
1073 1183 1229 1222 suam
1262 1168 1465 1222 deitate
1513 1167 1702 1232 donat,
1738 1171 1965 1237 risuque
2001 1170 2166 1238 digna
2203 1172 2305 1225 ho-

738 1268 915 1322 norat,
968 1268 1020 1312 et
1065 1259 1319 1324 fabulas;
1383 1260 1475 1328 qui
1534 1261 1636 1314 sibi
1692 1259 1918 1314 deorum
1989 1262 2181 1317 turbas
2241 1280 2304 1317 ex

738 1350 887 1416 pravi
946 1349 1114 1402 animi
1175 1348 1460 1403 affectibus
1516 1349 1740 1402 conficit
1797 1357 1852 1404 et
1903 1349 2136 1404 nefanda
2207 1367 2304 1406 eo-

735 1457 854 1494 rum
913 1453 1064 1511 gesta
1113 1451 1434 1503 veneratur;
1491 1449 1545 1494 et
1599 1441 1841 1496 celebrat
1876 1458 1998 1512 quae
2050 1445 2161 1498 alto
2217 1460 2306 1498 se-

735 1531 981 1599 pelienda
1042 1531 1218 1584 forent
1285 1531 1541 1595 silentio;
1603 1538 1677 1592 et,
1747 1539 1807 1585 ut
1867 1532 2044 1586 verbis
2113 1548 2302 1586 eorum

736 1631 878 1684 utar,
935 1622 1087 1691 galea
1150 1619 1420 1683 Plutonis,
1465 1629 1519 1674 et
1559 1621 1856 1674 inferorum
1888 1622 2126 1674 tenebris
2182 1636 2310 1676 con-

734 1711 1000 1780 tegenda-
1044 1711 1146 1776 Qui
1206 1725 1314 1764 non
1373 1711 1548 1764 solum
1613 1715 1848 1762 humana
1945 1711 2150 1780 specie,
2208 1715 2302 1766 sed

735 1803 896 1855 boum
966 1816 1224 1870 quoque,
1279 1809 1334 1853 et
1417 1801 1722 1862 volucrum,
1781 1809 1835 1854 et
1899 1800 2307 1870 delphinorum,

732 1893 1072 1961 a'iarumque
1122 1891 1423 1946 belluarum
1467 1892 1607 1945 inter
1642 1891 1892 1947 homines
1926 1902 2201 1947 versatum
2234 1909 2322 1946 ar-

731 1986 962 2038 bitratur
992 1983 1182 2045 Deum,
1215 1991 1270 2036 et
1295 1983 1578 2036 amatoriis
1606 1983 1811 2037 aculeis
1854 1984 1905 2035 in
1941 1983 2125 2036 omnia
2178 1983 2311 2038 deos

735 2084 997 2130 mutatos.
1055 2076 1210 2128 Modo
1258 2076 1458 2142 quippe
1505 2073 1812 2142 Neptunus,
1839 2083 1896 2127 ut
1923 2090 2046 2128 cum
2096 2074 2316 2129 adoles-

731 2167 948 2220 centulo
1004 2166 1156 2219 lmlat
1213 2166 1278 2218 ad
1325 2165 1491 2218 maris
1533 2165 1682 2219 littus
1747 2165 2062 2234 delphinum
2121 2165 2314 2228 induit,

731 2271 782 2314 et
836 2274 962 2312 cum
1033 2259 1243 2312 amasio
1304 2266 1477 2320 natat,
1543 2257 1837 2325 sinumque
1894 2256 2048 2324 pueri
2109 2258 2313 2310 sensim

731 2352 1024 2420 ohrcpens,
1094 2351 1424 2416 trahensque
1489 2349 1542 2402 in
1601 2349 1955 2417 profundum,
2002 2349 2203 2417 perdit,
2263 2357 2320 2403 et

735 2445 960 2496 obsceni
1019 2444 1224 2496 amoris
1258 2443 1458 2494 donum
1502 2441 1595 2493 dat
1649 2455 1912 2506 mortem;
1945 2439 2142 2494 deinde
2167 2455 2317 2492 ama-

732 2543 817 2588 tor
879 2549 976 2602 pro
1039 2533 1237 2587 acerbo
1291 2547 1538 2596 munere,
1605 2531 1874 2599 lacrymas
1935 2530 2095 2586 offert
2139 2530 2315 2584 funeri

732 2629 966 2691 amplas,
1040 2625 1331 2679 Nereidum
1388 2625 1608 2694 planctu
1643 2623 1958 2678 defunctmn
2011 2623 2314 2687 honoratis,

731 2728 787 2772 et
841 2717 910 2770 ob
941 2717 1212 2785 ingentem
1269 2716 1435 2768 animi
1496 2730 1811 2778 mterorem,
1871 2717 2039 2769 maris
2091 2717 2321 2770 admini-

734 2804 1059 2857 strationem
1118 2801 1406 2870 abjicicns,
1473 2819 1574 2856 uec
1619 2803 1688 2856 ob
1719 2802 1926 2856 factum
1979 2807 2168 2860 uxoris
2219 2805 2317 2861 Ρο-

734 2894 801 2948 lci
853 2895 1060 2963 pmlore
1103 2897 1388 2956 sulfnsus,
1456 2895 1570 2963 ipse
1625 2895 1989 2950 elfemiuatior
2044 2911 2168 2949 cum
2200 2898 2315 2952 rilla

735 2989 954 3041 modico
1007 2987 1132 3040 ﬂetu
1193 2986 1366 3040 filiuni
1419 2985 1818 3055 deploraverit,
1880 2995 1934 3038 et
1990 2987 2176 3041 dolere
2229 2991 2317 3044 dc-

733 3077 906 3132 sierit.
951 3077 1012 3130 Et
1044 3078 1154 3130 haec
1185 3077 1402 3144 quidem
1439 3073 1740 3144 Neptunus.
1807 3076 1961 3129 Modo
1992 3092 2118 3130 vero
2179 3077 2320 3132 Mer-

2422 635 2654 706 genitor,
2705 650 2735 689 a
2787 652 2899 706 quo
2955 637 3050 690 filii
3109 644 3240 689 sunt
3294 634 3436 689 male
3484 633 3767 694 habiti,ct
3818 632 3913 699 qui
3974 645 4002 681 a

2423 740 2522 780 sua
2561 725 2750 780 sobole
2780 726 2921 780 male
2958 733 3044 781 est
3086 725 3327 790 habitus,
3367 723 3648 794 quomodo
3682 737 3789 776 non
3859 721 4004 790 pati-

2421 818 2562 871 tur?
2601 817 2880 886 quomodo
2944 815 3052 870 Deo
3093 815 3255 885 digna
3296 829 3402 868 non
3447 813 3601 883 agit?
3649 811 3761 866 lloc
3811 821 3996 864 autem

2423 921 2530 976 qua
2591 906 2804 959 ratione
2851 903 2942 957 Dei
2989 903 3336 972 majestatem
3387 914 3498 953 non
3541 897 3765 961 indicet,
3805 906 3857 951 et
3887 911 4003 949 ma-

2421 993 2649 1064 gni‘llcas
2705 1008 2811 1046 non
2867 995 3167 1046 constituat
3215 990 3618 1053 solemnitates,
3679 1001 3801 1055 quae
3858 987 4001 1053 apud

2421 1085 2571 1153 ipsos
2622 1086 2784 1138 talem
2843 1084 3042 1138 habent
3091 1082 3398 1151 originem?
3446 1080 3602 1135 Jovis
3659 1086 3783 1149 post
3841 1077 4002 1130 labo-

2419 1194 2531 1234 rem
2599 1192 2790 1246 pugnze
2857 1191 2984 1229 cum
3031 1175 3348 1246 gigantibus
3425 1173 3495 1227 ad
3548 1179 3756 1241 petram
3824 1167 4004 1221 Vene-

2419 1285 2571 1324 reum
2600 1271 2897 1330 somnium,
2947 1281 3108 1335 quam
3158 1279 3326 1334 prope
3355 1263 3748 1324 obdormierat,
3790 1270 3847 1316 et
3881 1273 4006 1327 qua:

2417 1361 2494 1414 illi
2559 1359 2776 1430 igneum
2844 1361 3132 1430 progenuit
3162 1359 3349 1412 deum.

2490 1448 2597 1505 Sed
2639 1450 2707 1502 de
2757 1449 2920 1504 rebus
2962 1449 3303 1518 turpissimis
3345 1449 3505 1502 satis.
3556 1443 3790 1500 Valeant
3852 1443 4004 1496 enim

2417 1537 2652 1609 gentiles
2686 1543 2928 1591 monstra
2961 1537 3075 1589 haec
3127 1535 3527 1604 contingentes,
3564 1540 3621 1585 et
3667 1530 4004 1602 ignominia-

2427 1643 2550 1682 rum
2586 1627 2818 1690 honore,
2850 1639 2962 1679 tum
2995 1624 3298 1680 foeditatem
3344 1637 3540 1678 eorum
3574 1637 3718 1691 quos
3746 1636 3776 1674 a
3811 1634 3870 1676 se
3903 1617 4008 1673 ho-

2424 1721 2612 1774 norari
2646 1721 2938 1788 putabant.
2971 1725 3086 1770 tum
3115 1730 3271 1770 suam
3305 1713 3680 1783 insipientiam
3711 1711 4008 1782 divulgan-

2425 1821 2528 1874 tes,
2560 1821 2612 1866 et
2641 1825 2739 1880 per
2761 1811 2990 1862 deorum
3021 1807 3430 1860 iniiltitudinem
3463 1806 3519 1859 in
3553 1804 3645 1860 Dei
3680 1801 4007 1872 abnegatic-

2428 1919 2551 1956 nem
2613 1902 2988 1972 prolabentes.
3047 1897 3219 1953 Nobis
3265 1907 3447 1951 autem
3503 1911 3646 1950 unus
3695 1904 3781 1950 est
3835 1893 4004 1954 Deus,

2428 1983 2608 2057 Pater,
2665 1992 2858 2055 Filius,
2893 2000 2948 2046 et
2993 1989 3236 2059 Spiritus
3291 1997 3542 2051 sanctus,
3577 2001 3684 2040 non
3730 1984 4008 2054 adaptatis

2427 2089 2520 2142 uni
2556 2101 2804 2156 persona:
2829 2085 3171 2148 nominibus,
3211 2083 3306 2137 sed
3339 2081 3589 2150 personis
3621 2080 3799 2133 tribus
3836 2087 4007 2132 natu-

2429 2194 2504 2233 ra:
2533 2179 2742 2232 unitate
2769 2175 3106 2243 conjunctis.
3135 2175 3305 2228 Abeat
3337 2175 3389 2227 in
3416 2173 3612 2226 malam
3645 2185 3864 2226 crucem
3902 2171 4007 2222 liii-

2416 2269 2509 2336 jus
2538 2267 2714 2322 delirii
2743 2276 2954 2326 auctor,
2995 2265 3088 2331 qui
3133 2263 3308 2318 tribus
3349 2262 3808 2332 appellationibus
3835 2273 4004 2312 unam

2424 2359 2676 2411 immutat
2703 2369 3030 2425 personam;
3060 2355 3140 2406 vel
3169 2353 3300 2406 illud
3325 2352 3577 2420 stupidus
3610 2365 3717 2404 non
3752 2349 4009 2402 animad-

2423 2458 2660 2512 vertens,
2703 2446 2850 2516 quod
2877 2445 3006 2498 dum
3035 2459 3198 2498 unam
3231 2457 3524 2514 personam
3568 2443 3842 2496 honorare
3887 2443 4010 2493 vult

2426 2539 2872 2600 hisuominilms,
2916 2551 3026 2590 non
3077 2538 3209 2590 sinit
3252 2551 3319 2590 eo
3358 2535 3577 2588 nomine
3622 2534 3768 2586 illam
3815 2531 4006 2584 vorari

2423 2634 2568 2704 quod
2620 2631 2724 2699 ipsi
2774 2630 3054 2699 imposuit,
3109 2641 3210 2682 nec
3271 2627 3506 2696 positutn
3573 2638 3695 2679 esse
3737 2621 4010 2692 permittit

2424 2723 2570 2795 quod
2601 2720 2828 2785 indidit;
2863 2721 2908 2774 si
2941 2733 3066 2773 vere
3097 2717 3273 2788 posita
3324 2725 3476 2778 sunt,
3525 2730 3645 2784 quae
3693 2714 4010 2770 successio-

2428 2830 2550 2870 nem
2589 2827 2698 2867 non
2740 2811 3072 2873 admittunt,
3112 2808 3391 2878 quomodo
3434 2807 3602 2876 igitur
3647 2807 3793 2860 illam
3843 2819 4009 2860 suam

2426 2917 2714 2975 personam
2739 2900 2954 2955 vocabit
2988 2898 3221 2967 Patrem,
3255 2898 3302 2952 si
3343 2897 3457 2952 haec
3499 2896 3789 2964 appellatio
3821 2903 4012 2948 trans-

2426 2997 2468 3050 it
2495 2995 2549 3048 in
2597 2992 2720 3047 Filii
2755 2988 3220 3060 appellationem?
3259 2995 3318 3041 ut
3349 3002 3456 3040 non
3486 2985 3650 3041 modo
3683 2985 3859 3038 dicam
3888 2999 4014 3037 om-

2428 3087 2559 3141 nino
2601 3092 2809 3154 patrem
2851 3081 2962 3136 oliei
2999 3094 3106 3133 non
3133 3093 3320 3148 posse,
3355 3078 3459 3132 nisi
3502 3077 3576 3134 sit
3619 3075 3857 3156 alicujus
3905 3089 4012 3142 pa-

732 3167 922 3221 curiiis
975 3179 1036 3220 ut
1085 3167 1406 3220 muliercula
1465 3176 1722 3236 pascente
1769 3168 2058 3237 potiretur,
2104 3170 2390 3240 jumen-C
2425 3176 2545 3231 ιρι-2
2595 3174 2882 3240 Quomodo
2929 3172 3091 3225 etiam
3140 3169 3356 3224 vocabit
3396 3168 3620 3222 Filium.
3669 3168 3759 3236 ιιιιί
3807 3165 3922 3220 abit
3953 3166 4011 3218 in

735 3269 849 3314 tum
905 3262 984 3325 lit,
1037 3269 1090 3314 et
1143 3261 1398 3315 saltando
1458 3260 1681 3313 Dionem
1722 3261 1982 3323 oblectat,
2032 3270 2088 3315 et
2143 3261 2321 3332 fugam

734 3351 976 3413 simulat,
1028 3359 1081 3405 et
1111 3366 1139 3403 a
1171 3360 1429 3406 currente
1487 3353 1665 3420 puella
1712 3354 1949 3421 capitur,
1982 3361 2037 3406 et
2090 3353 2144 3407 in
2199 3353 2330 3407 dor-

734 3457 854 3495 sum
912 3442 1246 3495 insilientem
1307 3441 1513 3509 exeipit
1566 3443 1640 3507 (et
1703 3442 1972 3510 reliquam
2031 3443 2329 3511 turpitudi-

737 3549 859 3587 ucm
893 3523 1537 3599 silentiotransibimus),
1569 3532 1829 3586 nimirum
1863 3533 2109 3588 imitatus
2134 3535 2326 3590 bovem

736 3622 911 3685 illum,
961 3623 1220 3687 deorum,
1274 3622 1595 3693 principem,
1628 3624 1786 3690 cujus
1829 3632 1979 3690 tergo
2010 3625 2218 3692 Europa
2253 3626 2324 3679 in-

737 3716 893 3770 sedit.
936 3716 1130 3770 Annon
1191 3724 1352 3769 erant
1404 3714 1682 3768 facilitates
1725 3714 1842 3768 istm
1900 3715 1952 3768 in
2009 3714 2322 3771 divinitatis

735 3807 1046 3874 opinionem
1082 3804 1392 3868 efferendae,
1441 3805 1898 3873 sentiendumque
1926 3805 1994 3859 de
2044 3806 2176 3870 illis,
2236 3818 2324 3859 ut-

749 3905 871 3964 pote
895 3897 1026 3962 diis,
1052 3897 1253 3965 quibus
1277 3905 1482 3950 tantam
1510 3897 1904 3965 turpitudinem
1939 3899 2327 3954 testificantur?

740 3987 938 4042 Verum
977 3988 1091 4041 hcce
1130 3987 1346 4053 quidem
1377 3987 1737 4040 abominanda
1778 3999 1937 4054 sunt;
1970 3999 2162 4044 caetera
2196 3991 2326 4058 quid

738 4079 952 4132 honesti
987 4078 1210 4132 habent?
1239 4077 1518 4144 Quomodo
1549 4078 1677 4131 illud
1736 4094 1841 4134 non
1894 4079 2173 4149 dignitatis
2209 4080 2326 4150 ple-

741 4172 896 4224 uttm?
958 4172 1150 4240 Apollo
1184 4172 1390 4224 deflens
1413 4181 1530 4224 tum
1584 4170 1726 4240 quod
1778 4172 1979 4240 puella,
2025 4187 2189 4240 quam
2233 4173 2331 4228 de-

742 4263 974 4328 peribat,
1041 4263 1227 4331 elapsa
1290 4270 1435 4316 esset
1489 4277 1518 4315 e
1551 4262 1826 4324 inanibus,
1858 4269 1972 4314 tum
2038 4263 2181 4332 quod
2232 4264 2322 4333 jo-

740 4368 929 4406 veuem
985 4351 1278 4407 infeliciter
1320 4368 1349 4405 a
1391 4368 1450 4407 se
1492 4361 1732 4406 amatum
1787 4351 1940 4406 disco
1995 4355 2314 4416 occidisset,

741 4445 904 4514 idque
938 4445 1040 4498 sibi
1072 4460 1136 4498 ex
1187 4444 1332 4499 foedo
1367 4445 1710 4514 provenisset
1768 4459 1973 4509 amore,
2002 4453 2059 4498 ut
2090 4447 2228 4500 male
2275 4445 2322 4501 is

2431 3267 2740 3340 Spiritu-ii?
2776 3264 2930 3319 Unus
2969 3277 3101 3333 ergo
3129 3271 3216 3316 est
3245 3261 3409 3316 nobis
3440 3260 3582 3314 Deus
3635 3260 3687 3312 in
3731 3257 4014 3312 Trinitate

2431 3372 2812 3428 personarum,
2860 3356 2934 3408 ita
2971 3363 3030 3408 ut
3067 3368 3245 3423 neque
3291 3352 3362 3406 ob
3395 3354 3696 3406 ternarium
3730 3349 4014 3402 dividatur

2428 3453 2772 3506 diversarum
2801 3452 3125 3500 naturarum
3160 3441 3502 3498 sectionibus
3535 3439 3762 3494 Deitatis
3801 3439 4012 3502 unitas,

2433 3559 2531 3597 nec
2578 3543 2649 3595 ob
2703 3548 2907 3594 natura:
2955 3537 3219 3590 unitatem
3262 3531 3671 3590 confundantur
3725 3543 4012 3600 personae;

2431 3633 2524 3688 sed
2570 3632 2672 3685 tria
2709 3641 2928 3698 semper
2973 3625 3102 3687 sint,
3153 3622 3293 3678 Filio
3345 3636 3688 3692 nequaquam
3717 3635 3786 3678 ex
3835 3621 4013 3674 nihilo

2430 3731 2762 3793 emergente,
2823 3735 2949 3774 nam
2979 3727 3033 3773 et
3055 3716 3218 3770 Pater
3241 3731 3304 3770 ex
3343 3715 3514 3769 nihilo
3536 3723 3876 3783 emergeret;
3907 3727 4012 3767 nec

2429 3817 2593 3870 etiam
2623 3811 2854 3882 Spiritu,
2890 3824 2958 3865 ne
2983 3811 3234 3863 videatur
3263 3805 3617 3876 imperfectus
3643 3811 3803 3858 antea
3842 3803 4010 3868 Deus,

2432 3914 2618 3976 postea
2650 3903 2900 3960 defectus
2923 3900 3234 3970 deponere;
3261 3897 3355 3954 sed
3387 3910 3494 3951 una
3517 3910 3644 3950 cum
3674 3893 4015 3965 productore

2432 3997 2593 4051 Patre
2630 3996 2741 4050 sint
2777 4005 2826 4048 et
2862 4007 2926 4047 ea
2972 4005 3093 4062 quae
3142 3989 3542 4060 producuntur,
3577 3984 3737 4041 Patre
3764 3986 4012 4056 quidem,

2429 4095 2484 4143 et
2518 4085 2728 4156 Spiritu
2776 4099 2874 4138 sua
2923 4081 2978 4134 in
3027 4079 3380 4148 simplicitate
3432 4075 3806 4141 manentibus,
3871 4076 4015 4130 Filio

2432 4190 2615 4233 autem
2694 4180 3009 4228 assumente
3072 4179 3316 4224 nostram
3374 4175 3650 4222 naturam.
3706 4164 4011 4245 Oportebat

2428 4270 2598 4332 enim,
2642 4275 2933 4338 postquam
2992 4262 3101 4318 Deo
3143 4259 3370 4329 placuit,
3417 4273 3511 4327 per
3551 4257 3765 4313 viscera
3795 4255 4019 4310 miseri-

2428 4362 2649 4420 cordiae.
2703 4374 2826 4411 cum
2877 4364 3061 4409 nostra
3110 4351 3307 4412 forma,
3354 4350 3586 4404 rationis
3638 4359 3859 4409 nostris,
3889 4362 4025 4416 qua:

2427 4449 2751 4509 defluxerat,
2782 4444 3120 4499 nobilitatem
3147 4440 3214 4494 ad
3251 4454 3309 4494 se
3334 4453 3613 4501 revocare,
3648 4435 3846 4491 Filium
3886 4451 4019 4491 esse

739 4539 904 4591 vitam
936 4537 1205 4606 perderet,
1239 4537 1649 4606 ignorassetque
1704 4535 1943 4593 Phoebus
1973 4537 2206 4606 quodex
2241 4538 2325 4591 lu-
2362 4528 2402 4580 ι)
2431 4542 2523 4610 qui
2557 4542 2660 4594 hoc
2703 4543 3008 4608 przestaret,
3053 4548 3162 4588 non
3193 4533 3355 4586 modo
3397 4531 3526 4600 quia
3566 4545 3797 4585 manens
3828 4530 3882 4582 in
3922 4544 4013 4592 eo,

739 4629 810 4683 do
847 4634 1168 4681 eventurum
1193 4635 1332 4687 erat,
1365 4641 1488 4681 cum
1518 4635 1696 4680 tamen
1728 4627 1941 4680 sederet
1974 4627 2099 4680 aliis
2138 4625 2320 4680 futura

739 4717 1060 4788 praedicens.
1096 4716 1232 4770 Illud
1268 4732 1395 4772 vero
1417 4718 1572 4786 plene
1598 4716 1873 4784 quomodo
1905 4732 2010 4770 non
2033 4715 2326 4771 divinum?

741 4809 966 4863 leites
1015 4810 1176 4864 simul
1207 4824 1400 4863 omnes
1451 4809 1503 4862 in
1543 4807 1840 4878 Egyptum
1887 4807 2096 4878 fugere,
2157 4809 2324 4878 inque

743 4901 1044 4954 belluarum
1117 4900 1321 4955 formas
1394 4901 1585 4954 mutati
1644 4900 1788 4970 quod
1855 4900 2153 4954 terribilem
2212 4897 2322 4972 Ty-

743 4993 964 5060 phoeum
992 4993 1263 5046 sustinere
1298 5006 1408 5046 non
1457 5001 1699 5062 possent,
1737 4992 1832 5061 qui
1873 5007 2048 5060 nuper
2075 4991 2325 5060 giganteo

739 5085 1009 5152 sanguine
1068 5095 1222 5139 ortus
1275 5083 1500 5138 deorum
1561 5070 1770 5139 turmas
1831 5086 1980 5139 solus
2038 5085 2090 5138 in
2137 5083 2319 5154 fugam

741 5175 1026 5231 Vertebat?
1087 5173 1218 5228 Illud
1282 5191 1448 5245 porro
1505 5175 1735 5230 Veneris
1787 5191 1911 5230 cum
1953 5173 2124 5229 Marte
2168 5174 2322 5227 adul-

743 5268 963 5332 terium,
1001 5277 1055 5320 et
1094 5281 1288 5321 rursus
1342 5282 1469 5321 cum
1503 5267 1751 5320 Adonide
1786 5266 2136 5329 concubitus,
2163 5281 2322 5335 quem

738 5358 900 5412 etiam
959 5358 1074 5426 apri
1133 5359 1240 5413 ictu
1309 5367 1558 5412 necatum
1609 5342 1892 5411 amatoriis
1955 5357 2098 5410 lavat
2157 5357 2326 5426 larry-

740 5451 884 5505 mis?
943 5451 1082 5516 Quid
1143 5451 1503 5506 Junoecuzlo
1575 5457 1838 5520 pendens,
1899 5465 2060 5519 quam
2111 5448 2326 5518 Jupiter

739 5541 964 5607 coniux,
1037 5541 1164 5609 quia
1219 5549 1438 5610 propter
1497 5539 1784 5595 Herculem
1843 5539 2112 5610 zelotypia
2171 5540 2313 5593 labo-

742 5630 924 5694 rabat,
974 5632 1124 5700 gravi
1178 5641 1371 5686 catena
1423 5631 1752 5701 suspendit?
1804 5631 1909 5686 Sed
1959 5630 2051 5685 ubi
2099 5646 2330 5700 repone-

739 5734 865 5775 mus
922 5736 1043 5788 eas,
1078 5739 1198 5792 qua:
1249 5737 1376 5777 cum
1408 5723 1545 5779 artis
1599 5724 1797 5778 remulo
1838 5721 2167 5794 Thamyride
2215 5738 2327 5777 eer-

744 5822 943 5873 tantes.
1004 5819 1282 5884 praemium
1351 5815 1669 5872 certaminis
1719 5829 2056 5884 proposuere
2110 5823 2320 5870 scorta-

2428 4632 2570 4703 quod
2606 4640 2870 4686 aeternum
2922 4627 3134 4690 habuit,
3167 4626 3372 4680 nullam
3414 4630 3534 4677 erat
3576 4636 3804 4676 suorum
3836 4619 4018 4674 factu-

2427 4740 2521 4779 rus
2546 4723 2854 4792 iacturam;
2898 4717 2993 4774 sed
3023 4719 3150 4787 quia
3177 4718 3340 4772 etiam
3372 4712 3534 4768 Verbi
3567 4720 3690 4768 erat
3726 4725 4019 4766 removere

2428 4832 2457 4868 a
2516 4813 2816 4882 nobis‘per
2871 4827 3032 4864 suum
3081 4805 3470 4864 commercium
3521 4811 3727 4858 nostra!
3777 4801 4016 4856 rationis

2427 4907 2777 4961 detrimenta.
2828 4900 3036 4956 Idcirco
3101 4900 3191 4971 qui
3251 4899 3450 4954 saecula
3505 4894 3776 4957 condidit,
3840 4893 4014 4948 sumit

2427 4998 2646 5053 initium
2677 4995 2988 5050 atternitate
3023 5001 3322 5062 posterius,
3373 4997 3427 5044 et
3455 4985 3809 5042 immaculato
3841 4997 4014 5052 puer-

2428 5089 2580 5158 perio
2613 5100 2784 5140 meam
2835 5081 3272 5155 procreationem
3312 5085 3566 5142 honorat;
3609 5084 3665 5130 et
3689 5074 3831 5146 quod
3868 5073 4018 5128 cele-

2427 5180 2653 5234 bramus
2703 5177 2888 5240 hodie,
2941 5190 3108 5228 carne
3145 5173 3372 5228 offertur
3413 5171 3468 5223 in
3497 5167 3720 5236 templo,
3760 5180 3845 5219 me
3883 5179 4020 5218 san-

2427 5269 2676 5324 ctilicans
2703 5267 2771 5322 de
2817 5264 3048 5336 profano
3089 5273 3143 5320 et
3195 5265 3411 5331 impuro
3453 5256 3748 5328 impietatis
3795 5253 4018 5308 vivendi

2429 5360 2702 5414 instituto.
2741 5357 2854 5412 lloe
2883 5366 2988 5419 est,
3045 5356 3191 5424 quod
3229 5353 3513 5421 hodieper
3542 5347 4018 5418 dispenaationem

2426 5451 2609 5516 eﬂicit,
2650 5451 2741 5520 qui
2782 5465 2880 5519 pro
2911 5449 3068 5502 nobis
3117 5446 3294 5500 factus
3340 5452 3427 5498 est
3471 5441 3679 5496 infans.
3712 5439 3824 5494 lloc
3857 5436 4015 5490 cele-

2430 5543 2679 5607 branms,
2729 5541 3061 5597 oblationem
3115 5538 3169 5592 in
3217 5536 3422 5606 templo
3461 5534 3714 5594 infantis,
3776 5532 3865 5585 cui
3910 5529 4022 5584 lin-

2430 5649 2660 5704 guarum
2693 5633 2975 5702 igncarum
3002 5629 3232 5685 offertur
3254 5629 3396 5682 laes.
3433 5625 3571 5692 Quis
3605 5640 3716 5679 non
3752 5622 4026 5677 horreat?

2433 5727 2572 5791 Quis
2610 5739 2718 5778 non
2744 5723 3145 5793 obstupescat?
3171 5721 3306 5786 Quis
3336 5734 3442 5774 non
3474 5727 3598 5789 agat
3634 5716 3881 5787 gratias?
3908 5712 4022 5779 Qui

2444 5817 2626 5871 omnia
2652 5813 2857 5878 perlicit
2895 5821 2952 5866 ut
2978 5812 3140 5875 Deus,
3190 5807 3522 5880 imperfectae
3547 5805 3859 5862 mortalium
3887 5811 4026 5859 mta-
