4224 6444
166 458 233 515 33
977 456 1266 516 ORATIO
1305 458 1406 516 \‘I.
1430 483 1497 493 --
1531 456 1609 516 ΙΝ
1648 454 1954 515 CHRISTI
2004 453 2522 515 NATIVITATEM
2558 453 2673 512 Ill.
3382 450 3451 514 54

167 568 235 620 tis
289 565 620 621 formatione
677 579 878 636 parvus
906 566 1273 635 conspicitur.
1317 567 1417 630 Qui
1458 580 1753 620 conscssor
1787 572 1829 628 Α
1865 572 1919 618 et
1950 564 2238 626 formatus,
2287 564 2464 631 majus
2509 561 2640 630 quid
2665 566 2749 613 est
2799 567 2852 613 et
2885 556 3288 613 admirabilius.
3340 558 3451 616 lloe

163 666 246 711 est
282 656 463 719 Patri,
517 657 783 711 maternis
821 665 1066 725 gestator
1112 656 1387 709 manibus.
1449 656 1565 718 Ille,
1600 657 1758 723 cujus

165 751 334 804 verbo
386 758 580 803 vocata
639 748 843 817 prodiit
888 749 1001 814 lux,
1049 748 1303 822 obttczus
1353 748 1587 815 caligine
1636 748 1761 801 vita!

167 850 373 893 nostra!
406 840 777 909 progreditur.
819 837 1051 895 Obscuri
1098 840 1339 907 gentium
1387 840 1531 893 oculi
1560 838 1760 892 sedcu-

168 941 305 982 ttum
342 930 399 981 in
454 929 745 982 tenebrosa
778 928 971 981 mortis
999 935 1181 988 nocte,
1223 928 1632 993 illumiuamini,
1672 928 1759 981 lu-

166 1020 356 1074 cidum
417 1021 542 1075 vita:
591 1020 738 1073 diem
778 1021 1219 1090 conspicientes;
1273 1020 1508 1075 sublata:
1558 1021 1761 1075 etenim

167 1123 300 1167 sunt
352 1115 683 1183 ignorantim
734 1114 994 1177 tenebras,
1043 1114 1247 1181 quibus
1275 1113 1439 1167 divisi
1465 1131 1495 1169 a
1530 1115 1640 1169 Deo
1671 1115 1765 1169 de-

168 1204 533 1259 tinebamur:
580 1205 822 1273 scipsum
882 1206 950 1257 ad
1006 1206 1109 1258 hoc
1164 1216 1518 1273 permovente
1570 1221 1767 1275 magno

167 1297 684 1352 misericordiarum
746 1296 931 1358 Patre,
963 1299 1056 1365 qui
1095 1312 1282 1351 rerum
1314 1298 1555 1351 ostendit
1585 1297 1766 1351 lumen

170 1389 535 1458 pereuntibus
576 1389 630 1442 iu
679 1389 942 1443 tenebris.
976 1388 1123 1442 Abiit
1166 1389 1424 1443 maestitia
1479 1389 1768 1457 splendore

169 1478 361 1547 gloria!
410 1479 571 1533 nobis
619 1478 931 1547 alfulgeute.
981 1478 1217 1533 Videant
1261 1479 1524 1545 salutare,
1574 1481 1664 1547 qui
1701 1479 1770 1533 de

170 1569 383 1637 peccati
419 1569 787 1624 olfuscatione
836 1574 1156 1624 cmcutiunt.
1207 1569 1348 1625 Ecce
1392 1571 1539 1625 enim
1592 1570 1767 1635 puella

172 1658 332 1725 puris
396 1658 657 1712 manibus
716 1658 1046 1713 insidentem
1083 1670 1334 1727 portans,
1400 1661 1454 1712 in
1507 1660 1767 1729 templum

175 1750 433 1803 succedit
480 1749 823 1815 umbrarum,
880 1751 1187 1805 sacerdotis
1230 1751 1486 1805 manibus
1531 1750 1770 1806 oﬂ‘erens

175 1844 330 1896 illum
360 1841 559 1911 (l5).0
589 1842 917 1912 profundam
954 1843 1043 1897 Dei
1092 1844 1157 1895 ad
1194 1860 1291 1896 uos
1323 1845 1711 1900 deutissiouem
1749 1847 1761 1898 l

173 1935 279 2001 Qui
323 1937 391 1990 ad
414 1937 832 1990 ministrantium
869 1936 1155 2005 delegerat
1190 1939 1488 2001 Aaronem,
1522 1948 1576 1992 et
1608 1947 1769 1993 antea

177 2025 388 2082 Moscm
430 2028 706 2082 allocutus
760 2035 899 2091 erat,
943 2044 1105 2096 quem
1144 2028 1308 2082 etiam
1358 2030 1645 2098 praesentia
1676 2030 1771 2084 do-

174 2118 341 2170 cebat
362 2120 652 2187 mysteria.
680 2119 810 2173 dum
851 2119 927 2171 illi
970 2121 1275 2185 posteriora
1303 2122 1620 2177 ostenderet
1657 2123 1769 2193 (fu-

176 2219 360 2264 turam
390 2212 589 2280 quippe
620 2228 743 2266 cum
770 2213 1086 2268 hominibus
1116 2229 1270 2267 suam
1296 2217 1769 2271 conversationem

178 2301 426 2356 obscure
463 2302 633 2358 Deum
694 2315 1148 2373 prmmonstrans.
1202 2304 1411 2361 famulo
1470 2310 1773 2377 posteriora

180 2395 478 2461 ostendit),
520 2408 780 2464 tauquam
813 2399 1144 2453 sacerdotali
1200 2400 1581 2456 benedictione
1629 2403 1769 2455 iudi-

179 2502 340 2553 gcns,
397 2489 668 2543 sacerdoti
720 2489 968 2545 offertur.
1014 2493 1091 2546 Ita
1143 2494 1218 2546 illi
1269 2494 1473 2562 placuit
1528 2511 1771 2551 errorem

180 2580 489 2647 corrigere,
543 2596 707 2649 quem
755 2595 877 2650 ego,
921 2583 976 2635 in
1031 2583 1204 2653 legem
1266 2600 1521 2654 peccans,
1556 2587 1775 2641 admisi.

182 2667 319 2735 Quae
351 2679 499 2724 tanta
536 2672 857 2726 clementia!
910 2673 1042 2737 Qua:
1084 2675 1259 2741 pietas
1286 2676 1610 2729 ineffabilis!
1644 2676 1774 2733 Ser-

186 2777 290 2815 vus
312 2776 446 2832 ergo
483 2763 751 2819 herilibus
783 2765 1087 2836 privilegiis
1110 2775 1359 2829 ornatus,
1393 2777 1447 2821 et
1470 2770 1627 2835 quasi
1668 2771 1778 2823 lteri

185 2856 297 2911 vita
331 2856 558 2924 degens.
603 2856 892 2911 custodem
942 2857 1130 2924 gloria:
1171 2874 1303 2911 mea!
1351 2860 1428 2927 (α)
1472 2875 1577 2913 non
1631 2860 1778 2913 refu-

188 2948 266 3013 git
296 2963 326 2999 a
365 2946 703 3001 traducenda
758 2962 882 3001 eum
910 2949 1086 3003 servis
1132 2950 1409 3003 communi
1446 2951 1570 3013 vita,
1604 2950 1673 3004 ob
1702 2950 1780 3004 id-

189 3053 297 3106 que
361 3037 553 3105 positze
625 3038 803 3091 servis
850 3039 1174 3107 obsequitur
1222 3042 1345 3110 legi.
1405 3042 1678 3106 Quorsum
1727 3043 1776 3095 id

190 3126 356 3182 vero?
385 3127 650 3181 lNimirum
684 3137 744 3182 ιιι
780 3144 864 3182 me
887 3129 1149 3195 instruat,
1186 3146 1292 3199 qua
1319 3132 1535 3185 ratione
1571 3132 1778 3185 iuecm-

1866 658 2113 712 diviuius
2144 668 2228 712 est
2267 666 2322 712 et
2352 656 2670 719 sublimius,
2707 654 2848 707 Deus
2882 669 2980 719 pro
3010 668 3097 705 me
3161 654 3326 707 ubera
3364 671 3458 710 su-

1866 768 2027 821 gens,
2071 758 2126 803 et
2158 757 2408 818 gestatus
2457 746 2751 805 manibus;
2789 744 2915 798 licet
2952 744 3056 800 hoc
3103 746 3458 816 loquentibus

1868 846 2210 913 iniquitatem
2259 842 2314 894 iu
2365 842 2583 895 excelso
2643 838 2709 901 ³⁸,
2758 850 2892 890 ansa
2944 840 3034 892 Iiat
3084 840 3451 893 iulionorandi

1874 936 2143 1005 Uuigeuiti
2178 952 2187 984 :
2232 932 2387 1001 quasi
2441 946 2571 985 vero
2618 932 2688 985 ob
2732 931 3115 1000 praestantiora
3158 945 3321 999 Opera
3360 947 3451 984 re-

1873 1044 1992 1083 rum
2037 1029 2255 1097 penitus
2289 1027 2360 1081 sit
2404 1027 2822 1093 aspernandus:
2858 1034 2953 1080 aut
2987 1024 3117 1080 inde
3158 1026 3349 1079 conari
3380 1026 3461 1080 vi-

1872 1137 1963 1176 res
1992 1121 2304 1188 cnjttspiam
2340 1135 2579 1188 negare,
2611 1121 2755 1172 unde
2809 1120 3135 1174 excellentis
3171 1119 3461 1187 provenire

1872 1212 2034 1267 debet
2101 1210 2382 1263 attestatio
2505 1208 2747 1261 roboris.
2798 1208 2940 1272 Quid
3010 1209 3135 1263 ais?
3188 1209 3458 1272 Quoniam

1873 1305 2072 1357 obruto
2119 1299 2217 1353 tibi
2274 1299 2519 1352 tenebris
2552 1299 2762 1351 atl‘ulsit
2800 1298 2916 1360 lux,
2958 1298 3168 1352 ideirco
3207 1307 3462 1352 contem-

1877 1395 1962 1447 nis
1995 1390 2213 1445 luecm?
2248 1390 2314 1442 Et
2341 1388 2466 1455 quia
2499 1389 2611 1441 ltex
2640 1398 2863 1442 tuarum
2891 1403 3264 1441 aerumnarum
3297 1390 3459 1442 misc-

1877 1484 2115 1539 ricordia
2169 1489 2455 1551 permotus
2488 1479 2704 1532 accedit
2740 1480 2806 1532 ad
2846 1488 2921 1543 te,
2979 1493 3077 1532 nec
3113 1477 3273 1532 alteri
3307 1492 3462 1530 com-

1882 1579 2047 1631 mittit
2081 1579 2205 1637 hoc,
2244 1577 2338 1629 sed
2381 1576 2499 1641 ipse
2529 1587 2632 1627 suo
2675 1572 2986 1627 ministerio
3016 1571 3274 1641 pietatem
3306 1570 3463 1624 exhi-

1879 1672 1991 1736 bet,
2023 1667 2376 1740 parvipeudis
2421 1664 2673 1719 beneﬁcii
2716 1662 2944 1732 gloriam
2991 1669 3214 1730 propter
3258 1660 3463 1715 betteli-

1880 1763 1949 1817 cii
1982 1760 2413 1829 magnitudinem
2432 1760 2453 1809 ’ἒ
2482 1756 2878 1811 Celsitudiuem
2901 1753 3021 1821 ejus
3051 1752 3465 1822 deprimendum

1882 1864 2063 1925 ptttas,
2100 1856 2360 1922 quoniam
2398 1865 2458 1904 se
2488 1850 2578 1902 ille
2612 1849 2677 1902 ad
2713 1857 2765 1902 te
2810 1845 3072 1901 demisit?
3104 1845 3263 1898 Certe
3303 1844 3374 1898 ob
3415 1843 3466 1894 id

1881 1946 2065 2015 potius
2107 1942 2549 2012 tnagnilieandus
2599 1949 2719 1994 erat
2752 1939 2861 1993 ille.
2903 1937 2983 1991 Tu
3032 1953 3162 1991 vero
3208 1937 3337 2005 quia
3380 1935 3465 1989 in-

1881 2040 2084 2093 fantem
2136 2035 2319 2097 audis,
2373 2044 2427 2088 et
2460 2033 2682 2097 fascias,
2716 2039 2771 2085 et
2816 2043 3015 2084 manus
3044 2028 3465 2095 amplectentes.

1879 2143 1932 2187 ct
1969 2144 2315 2202 quascunque
2345 2129 2485 2181 liunt
2520 2124 2863 2179 (economice
2909 2130 3015 2176 tua:
3054 2118 3253 2174 salutis
3275 2132 3468 2181 causa,

1886 2223 2121 2277 Verbum
2155 2221 2492 2290 sempiterna
2526 2232 2621 2272 sua
2664 2216 2837 2285 gloria
2888 2214 3115 2283 privas?
3150 2209 3382 2263 Perinde
3406 2223 3470 2263 ac

1880 2319 1925 2372 si
1943 2330 2121 2383 regem
2140 2328 2358 2384 quoque
2375 2325 2580 2365 corona
2605 2308 2928 2379 privandum
2951 2313 3195 2374 putares,
3210 2301 3468 2370 quoniam

1883 2412 1999 2479 ipse
2032 2407 2305 2461 accedens
2320 2404 2387 2459 ad
2421 2414 2495 2469 te,
2529 2402 2810 2456 laboribus
2845 2397 3243 2464 doloribusque
3260 2394 3468 2448 exime-

1880 2514 1979 2557 ret.
2017 2502 2286 2567 Quoniam
2319 2508 2541 2568 propter
2573 2504 2625 2549 te
2642 2502 2881 2554 creatur,
2919 2490 3049 2543 dum
3080 2488 3137 2541 lit
3166 2486 3358 2540 Matris
3384 2483 3473 2537 Fi-

1880 2593 2219 2656 lius,idcireo
2245 2606 2369 2644 eum
2396 2605 2423 2641 a
2449 2596 2673 2656 paterna
2692 2585 2892 2638 unione
2922 2583 3165 2637 secernis
3186 2616 3201 2642 ,
3232 2585 3287 2632 et
3312 2591 3473 2630 erea-

1882 2685 2023 2738 turis
2055 2692 2408 2740 anon-ueras,
2434 2693 2559 2732 eum
2598 2691 2667 2731 ne
2689 2674 2919 2729 inferior
2939 2671 3161 2740 quidem
3192 2665 3473 2739 generatio

1883 2778 2049 2846 capia
2083 2773 2318 2829 curiosis
2339 2772 2512 2842 possit
2543 2769 2684 2837 (li)?
2711 2768 2935 2823 ObteCta
2965 2765 3166 2834 quippe
3184 2769 3269 2817 est
3295 2767 3349 2815 et
3380 2758 3473 2811 illa

1887 2862 2382 2932 impcrmeahilium
2442 2860 2789 2913 tenebrarum
2843 2852 3170 2909 involucris.
3226 2850 3304 2902 Tu
3341 2863 3472 2903 vero

1888 2960 2035 3017 lixis,
2074 2966 2131 3009 ut
2168 2956 2344 3017 aiunt,
2381 2952 2580 3017 oculis,
2612 2966 2723 3020 prie
2762 2947 3125 3018 impudentia,
3189 2958 3310 3012 qua:
3343 2951 3474 2995 sunt

1884 3050 2160 3103 anteriora
2188 3046 2408 3102 szeculis
2443 3040 2895 3112 cetuprebeudis,
2929 3049 2984 3093 et
3016 3037 3215 3091 statuis
3240 3034 3309 3089 de
3334 3032 3473 3086 Filio

1888 3150 1947 3192 ut
1980 3136 2327 3191 meditationi
2369 3145 2477 3187 tua:
2523 3134 2720 3201 placet,
2763 3141 2984 3185 utcmca
3040 3136 3147 3195 est,
3178 3136 3338 3181 acuta
3368 3138 3422 3179 tu
3444 3140 3472 3175 ι·

191 3220 503 3287 positorum
548 3234 762 3273 morum
788 3218 1171 3274 defensionem
1214 3223 1466 3283 habeam,
1499 3233 1552 3278 et
1580 3224 1776 3278 liberer
1806 3238 1846 3291 (ζ
1882 3229 2081 3282 metuis
2132 3227 2301 3286 acies,
2355 3231 2409 3279 et
2446 3222 2645 3277 stolida
2712 3220 2980 3288 sapientia
3013 3218 3036 3271 ?

193 3309 579 3362 inobetlictttia:
612 3310 866 3363 crimine.
908 3309 975 3363 Ut
1009 3311 1054 3365 si
1088 3312 1213 3379 quis
1260 3312 1553 3366 liberorum
1584 3329 1774 3365 aman-

190 3401 441 3457 tissimus
489 3410 673 3469 pater,
732 3411 922 3454 natum
979 3402 1170 3455 videns
1221 3403 1518 3457 obnoxium
1567 3404 1779 3457 luendis

191 3493 394 3562 prenis,
458 3492 729 3545 malorum
792 3507 1012 3561 causam
1078 3492 1188 3545 lilio
1244 3494 1399 3547 tollat
1457 3509 1623 3563 opere
1679 3511 1781 3549 suo

190 3584 382 3653 aliquo
410 3583 572 3652 longe
604 3583 1000 3651 prtestantiori.
1041 3582 1327 3646 Quodnaut
1360 3584 1463 3638 hoc
1499 3601 1638 3655 opus
1673 3585 1784 3639 for-

191 3674 474 3737 midabiie,
530 3674 855 3743 cunctisque
932 3676 1291 3730 excellentius
1328 3716 1344 3739 ,
1423 3694 1546 3747 qua:
1592 3694 1620 3731 τι
1674 3680 1783 3735 Deo

191 3776 324 3822 sunt
357 3765 540 3819 facta?
585 3765 838 3836 Ilagnunt
866 3767 996 3835 quid
1030 3770 1278 3835 prot'eeto
1320 3779 1401 3823 est
1450 3774 1653 3825 cmlum
1684 3790 1779 3826 ex-

190 3868 435 3920 tensum,
477 3864 533 3910 et
571 3856 721 3909 nullo
754 3854 1111 3910 fundamento
1158 3860 1393 3912 subnixa
1438 3839 1622 3925 tellus,
1660 3879 1781 3918 ver-

192 3950 380 4018 boque
430 3948 523 4001 lux
576 3948 965 4016 obtemperans
1001 3948 1067 4003 ad
1101 3950 1344 4006 universi
1370 3967 1779 4020 ornamentum,

186 4049 241 4093 ct
274 4051 403 4094 ante
450 4039 591 4093 hanc
640 4054 837 4108 expers
890 4041 1131 4095 materiae
1175 4043 1493 4110 multitudo,
1527 4057 1780 4117 prompta

188 4133 255 4185 ad
301 4131 696 4187 ministerium.
748 4130 947 4185 Verum
995 4132 1137 4189 Deus
1179 4135 1230 4188 in
1276 4137 1436 4190 vulva
1471 4149 1781 4209 susceptus,

261 4267 310 4298 ³⁸
338 4265 483 4319 Psal.
521 4282 694 4329 Lxxtt,
726 4264 775 4321 8.

1957 3319 2153 3374 Verum
2197 3317 2424 3370 dimissa
2484 3313 2821 3368 dementiqu
2882 3312 3122 3372 insania,
3186 3308 3471 3362 redeamus

1880 3419 1945 3469 ad
1974 3430 2035 3469 ca
2068 3402 2187 3483 quae
2222 3410 2513 3482 praesentia
2571 3420 2722 3472 sunt,
2758 3407 2961 3475 Deique
2999 3406 3322 3476 mysterium
3376 3418 3465 3456 ve-

1882 3521 2163 3567 neremur,
2199 3503 2351 3557 sanis
2392 3501 2570 3555 oculis
2622 3502 2902 3554 intuentes
2938 3496 3127 3551 mundi
3176 3494 3464 3555 solatium,

1882 3615 2006 3653 cum
2052 3597 2119 3650 ad
2163 3595 2424 3665 templum
2467 3590 2793 3661 ingreditur.
2827 3588 2946 3643 Jam
2986 3602 3164 3657 nuper
3232 3585 3474 3639 versanti

1895 3693 1947 3742 in
2001 3687 2265 3755 spelunca
2321 3683 2454 3753 liegi
2482 3698 2513 3737 e
2542 3682 2808 3736 ccelorum
2843 3680 2993 3749 regia
3022 3678 3344 3733 satellitium
3381 3676 3478 3727 ad-

1893 3780 2175 3841 ventabat,
2231 3789 2486 3846 superum
2534 3774 2853 3827 accineutes
2906 3779 3122 3826 turmae.
3177 3767 3477 3823 Stclladu-

1888 3887 2005 3927 cem
2041 3884 2100 3925 se
2126 3868 2373 3939 praebens
2432 3864 2680 3933 regibus,
2706 3863 2913 3931 jacenti
2967 3863 3021 3916 iu
3064 3858 3296 3931 pmscpi
3374 3856 3479 3909 Do-

1892 3964 2041 4015 mino
2084 3962 2405 4015 adoratores
2463 3957 2766 4018 adducens,
2813 3964 2868 4007 et
2916 3952 3103 4021 inopia
3167 3952 3479 4019 stipabatur

1891 4070 1920 4104 a
1979 4052 2287 4115 dominatu,
2344 4048 2550 4104 divinis
2621 4046 2822 4115 opibus
2884 4043 3254 4097 iudicantibus
3312 4056 3480 4108 spon-

1896 4155 2108 4197 tatteam
2143 4150 2289 4198 tecto
2348 4140 2624 4209 deumque
2686 4138 2928 4193 carentis
2983 4142 3302 4205 egestatem.
3336 4132 3478 4197 Quid

1728 4357 1961 4413 ΝΟΤιΕ.

260 4452 377 4519 (15)
413 4448 719 4504 Sacerdotis
765 4448 1006 4519 manibus
1042 4449 1262 4516 o/ferens
1296 4450 1469 4503 illum.
1508 4449 1773 4505 Sacerdo-
1812 4455 1850 4508 υ
1884 4469 2091 4505 munem
2137 4452 2366 4519 Filium,
2429 4468 2577 4511 tuum
2635 4458 2700 4510 ab
2755 4466 2972 4518 (eterna,
3021 4473 3193 4510 meum
3245 4457 3299 4509 in
3347 4466 3478 4510 tent-

193 4517 554 4575 tis‘manibus
588 4521 695 4574 Deo
723 4521 921 4575 obtulit
955 4517 1156 4571 Filium
1190 4535 1350 4573 suum
1407 4519 1468 4573 Β.
1510 4519 1673 4589 Virgo
1720 4523 1773 4573 iu

190 4592 280 4646 die
315 4591 741 4659 purilicationis,
774 4604 867 4657 per
902 4589 1045 4643 hanc
1075 4599 1123 4659 e_t
1153 4589 1268 4657 ipsa
1297 4588 1627 4644 oblationem
1661 4594 1777 4659 spi-

194 4656 417 4731 ritualis
446 4661 722 4731 sacerdos
741 4656 1079 4731 constituta.
1103 4656 1256 4731 [inde
1295 4659 1636 4731 Carthageua
1672 4656 1780 4714 llo-

195 4732 315 4786 Ittil.
349 4730 380 4783 'l
440 4729 507 4784 de
565 4728 738 4783 Purif.
786 4728 846 4783 Β.
898 4726 958 4782 V.
1012 4726 1079 4783 et
1115 4726 1543 4783 Prtesetttatione
1574 4730 1777 4785 Christi

199 4799 458 4861 Domini,
518 4798 741 4853 Mariam
799 4807 957 4851 vocat
1007 4813 1275 4851 summam
1323 4799 1779 4866 sacerdotissam,

196 4868 533 4925 sacriﬁcium
560 4868 682 4923 Filii
708 4869 793 4923 sui
826 4868 935 4922 Deo
963 4868 1279 4922 offerentem
1313 4867 1365 4920 in
1399 4878 1546 4923 veste
1571 4873 1782 4939 purita-

198 4942 272 4996 tis
306 4939 559 4993 candida.
593 4941 916 5007 integreque
945 4940 1201 5007 discursu
1240 4954 1339 5005 ego
1364 4940 1658 5007 aliquando
1688 4942 1783 4993 de-

200 5011 502 5064 monstravi
549 5006 843 5077 Deiparaut
866 5006 1142 5075 Virginem
1177 5006 1231 5060 itt
1256 5008 1346 5061 die
1376 5006 1784 5065 Purilicatiouis

196 5090 459 5149 tanquam
506 5080 846 5147 spiritualem
891 5078 1231 5149 sacerdotem
1268 5085 1473 5132 aeterno
1514 5079 1658 5133 Patri
1693 5079 1786 5133 Fi-

196 5146 332 5203 lium
365 5146 930 5209 suumsacrilicasse,
964 5146 1219 5200 adductis
1264 5149 1406 5200 inter
1431 5150 1536 5201 alia
1580 5151 1689 5205 illis
1722 5152 1780 5204 Β.

196 5218 425 5273 Thema:
449 5234 479 5270 a
516 5215 796 5270 Villatiova
826 5218 1030 5277 Verbis,
1061 5217 1114 5269 in
1138 5219 1403 5270 concione
1432 5219 1499 5273 de
1519 5219 1786 5273 Put‘iliea-

196 5290 351 5344 tione
385 5290 557 5341 beatae
580 5286 828 5357 Virginis
852 5288 1090 5340 exaratis
1126 5306 1137 5339 :
1176 5284 1459 5357 Postquam
1503 5290 1571 5341 ad
1616 5294 1787 5345 altare

193 5371 411 5428 rentum
438 5368 537 5416 est,
576 5355 732 5426 Virg—0
756 5374 912 5410 sacra
943 5359 1156 5428 genibus
1182 5356 1334 5423 ﬂexis
1363 5360 1540 5428 divino
1569 5361 1787 5428 iit/Ium-

194 5442 344 5481 mata
388 5427 618 5494 Spiritu,
656 5429 774 5494 plus
807 5444 964 5494 quam
998 5426 1298 5494 Serapltint,
1333 5427 1504 5493 [ilium
1541 5426 1785 5483 manibus

196 5509 400 5558 tenens,
433 5500 605 5562 ipsum
641 5499 795 5565 offert
842 5498 1093 5559 Domino,
1130 5513 1341 5559 munus,
1375 5508 1422 5550 et
1464 5499 1786 5552 oblationem

194 5567 575 5635 acceptabilein
615 5566 748 5628 Deo,
782 5584 837 5619 tn
874 5568 1009 5619 hunc
1050 5568 1263 5619 modum
1298 5584 1458 5621 orans
1496 5585 1512 5621 :
1544 5570 1787 5635 Suscipe,

195 5639 362 5693 Pater
411 5639 765 5704 omnipotens,
805 5638 1009 5708 suscipe
1057 5638 1379 5690 oblationem
1406 5639 1593 5708 ilmnc,
1627 5657 1785 5708 quam

196 5710 291 5761 tibi
322 5709 491 5776 o/fcra
531 5723 628 5775 pro
664 5717 774 5760 toto
813 5706 956 5773 orbe,
1004 5708 1204 5761 ancilla
1240 5718 1353 5762 tua.
1389 5707 1607 5777 Suscipe
1640 5706 1786 5765 com-

1881 4533 2167 4596 pore,_etc.
2205 4524 2337 4580 Vide
2386 4526 2444 4580 S.
2480 4528 2815 4581 Methodium
2869 4526 3022 4581 Orat.
3078 4529 3130 4580 ιιι
3186 4525 3475 4596 Hypapan-

1881 4544 2028 4589 pare,
2058 4544 2167 4577 etc.
2211 4544 2337 4580 vtoe
2386 4544 2444 4580 δ.
2480 4544 2815 4581 ntetuoutum
2869 4544 3022 4581 urat.
3078 4544 3130 4580 III
3186 4544 3225 4579 η
3253 4544 3475 4596 ’papatl-

1881 4603 2008 4666 teut,
2034 4592 2360 4649 Gtterrieum
2380 4598 2632 4651 abbatem
2659 4600 2836 4652 Serm.
2864 4598 2897 4650 5
2922 4598 2991 4651 de
3015 4596 3186 4650 Pttrif.
3212 4544 3270 4649 li.
3303 4596 3478 4666 \’irg.,

1882 4661 1941 4735 ξ,
1975 4664 2289 4719 Brunonem
2329 4667 2782 4730 Carthusiauum,
2815 4668 2896 4721 vel
2932 4669 3115 4735 potius
3158 4661 3479 4735 episeOpu’m

1882 4733 2168 4802 Signinum
2204 4736 2380 4791 Serm.
2413 4736 2480 4791 de
2508 4738 2722 4797 cadent.
2752 4745 2809 4792 et
2840 4736 2903 4790 D.
2934 4733 3279 4791 ‘Bernardum
3309 4733 3481 4790 abba—

1882 4812 1988 4876 tem
2028 4803 2203 4876 Serm.
2239 4805 2273 4876 ἓ
2325 4814 2378 4859 ct
2431 4807 2464 4860 5
2504 4807 2571 4861 de
2606 4806 2797 4860 eadem
2831 4808 3039 4876 pariter
3075 4806 3479 4875 puriﬁcatione,

1890 4874 1980 4946 ubi
2016 4874 2081 4925 de
2114 4873 2214 4927 hac
2247 4874 2305 4928 Β.
2350 4876 2589 4946 Virginis
2626 4873 2935 4944 spiritualis
2967 4873 3353 4932 sacerdotissaa
3380 4878 3485 4930 ob—

1893 4944 2116 5003 latione,
2142 4948 2367 4998 ouiuino
2404 4944 2688 5011 [irate-lare.

1963 5013 2074 5087 (14)
2107 5014 2240 5087 Cum
2276 5015 2586 5087 ne__ittferior
2625 5017 2835 5087 quidem
2863 5018 3133 5086 generatio
3168 5019 3289 5085 capi
3321 5034 3352 5069 a
3385 5035 3481 5069 cu-

1892 5083 2053 5157 riosis
2095 5086 2285 5157 possit.
2332 5083 2472 5142 ilinc
2502 5083 2646 5141 dixit
2678 5084 2848 5141 Isaias
2866 5083 3140 5157 propheta
3172 5083 3294 5156 cap.
3330 5103 3427 5141 LIII
3465 5105 3479 5140 :

1890 5152 2296 5226 generationem
2343 5157 2457 5224 ejus
2521 5163 2635 5226 quis
2690 5152 3009 5211 enarrdbit?
3043 5158 3213 5223 Quasi
3243 5152 3254 5156 ”
3290 5158 3478 5212 dicat:

1892 5221 2100 5294 Nemo;
2132 5241 2263 5294 cum
2290 5221 2615 5280 sit—omnino
2641 5221 3215 5294 incomprehensibilis
3237 5237 3288 5283 et
3340 5227 3481 5282 inef-

1894 5291 2096 5368 fabilis.
2131 5292 2460 5368 lluttceuiut
2494 5299 2671 5352 locum
2724 5291 3004 5366 accipiunt
3055 5298 3247 5368 Patres
3289 5298 3357 5353 de
3390 5312 3483 5368 ge-

1900 5364 2188 5420 neratione
2240 5364 2480 5430 Christi,
2530 5383 2638 5422 non
2680 5364 2862 5423 solum
2899 5368 3081 5422 divina
3110 5384 3175 5423 ex
3206 5364 3483 5427 Patrefut

1901 5431 1957 5509 ξς
1990 5432 2223 5509 Basilius
2242 5437 2336 5489 lib.
2358 5453 2371 5490 ι
2390 5445 2581 5491 contra
2604 5439 2956 5509 Eunomittm,
2976 5447 3029 5491 et
3046 5439 3481 5509 Chrysostomus

1900 5505 1995 5577 lib.
2034 5520 2046 5557 I
2084 5505 2151 5559 de
2199 5508 2743 5577 incomprehensibili
2770 5508 2864 5561 Dei
2905 5517 3099 5561 natura
3127 5505 3284 5571 {sed
3314 5508 3480 5562 etiam

1901 5576 2221 5629 humunaex
2240 5574 2430 5636 Matre,
2462 5588 2520 5630 ιιι
2536 5578 2593 5632 S.
2620 5578 2955 5632 Athanasius
2998 5581 3048 5632 in
3085 5580 3177 5632 lib.
3209 5580 3275 5631 de
3308 5579 3485 5630 lucar-

1899 5655 2010 5718 ttat.
2034 5642 2218 5718 verbi.
2259 5643 2510 5702 Justinus
2563 5659 2793 5718 martyc
2816 5648 3019 5712 Quaest.
3045 5648 3110 5701 67
3138 5649 3202 5700 ad
3236 5647 3484 5711 ortltod.,

1901 5714 2126 5767 Tertttil.
2151 5729 2343 5769 contra
2370 5718 2587 5772 Jtzdmos
2622 5714 2740 5787 cap.
2776 5716 2862 5780 15,
2894 5732 2943 5771 et
2976 5720 3065 5771 alii
3094 5721 3301 5787 plures.

257 5815 755 5890 laluDecstIaiiquid.
784 5816 936 5871 Irae,
972 5819 1216 5869 custodem
1249 5817 1421 5874 qlariw
1460 5833 1580 5872 mea:
1622 5820 1794 5876 rt‘itttli.
1834 5825 2063 5874 Dominus
2109 5832 2264 5877 autem
2300 5840 2390 5877 non
2439 5827 2629 5890 refugit.
2684 5832 2777 5876 etc.
2816 5827 2939 5877 \‘idc
2976 5828 3228 5878 bomiliam
3258 5826 3298 5886 i,
3335 5840 3482 5890 supra

195 5881 270 5927 Col
321 5881 425 5929 Crit
507 5880 611 5928 Επιιι
