4224 6444
2005 454 2280 517 LEONIS
2301 454 2757 514 PHILOSOPIH
3956 451 4030 514 56

754 589 882 626 vero
937 573 1268 642 prmsentia‘!
1325 568 1513 632 Mater,
1564 582 1687 638 qua:
1751 580 1858 620 non
1911 568 2124 637 peperit
2175 581 2330 620 com-
2363 571 2410 627 Α
2443 580 2566 620 mus
2623 567 2690 619 ad
2765 565 3054 635 sapientem
3093 581 3300 629 senem,
3357 567 3540 635 quiin
3598 566 3871 636 profundo
3925 565 4033 620 hu-

759 662 910 716 tuuui
953 669 1191 714 matrum
1241 660 1358 727 lege
1397 658 1630 728 prolem,
1680 665 1740 708 ut
1785 669 1942 709 suam
1998 655 2341 724 primogeni-

756 765 934 808 turam
981 757 1138 806 sistat
1195 749 1324 813 Deo,
1352 747 1596 817 procedit
1638 763 1653 811 ;
1689 745 1950 799 infantem
2005 747 2201 815 pannis
2256 745 2340 797 itt-

757 848 1000 901 volutnm
1051 844 1250 898 vilibus
1307 841 1583 897 sacerdoti
1628 839 1818 902 oll'ert;
1879 839 2110 907 suscipit
2143 850 2330 890 sacer-

757 938 878 991 dos.
953 935 1096 1000 Quid
1157 934 1354 988 deinde
1417 931 1508 985 fit?
1555 929 1712 985 Ulnis
1779 931 1982 998 exeipit
2047 928 2338 993 infantem,

758 1035 927 1096 utque
975 1025 1204 1078 Domino
1265 1025 1528 1092 hymnum
1592 1022 1859 1084 concinit,
1915 1031 1970 1073 ut
2020 1035 2196 1090 nuper
2243 1036 2334 1090 ge-

757 1117 934 1170 nitum
995 1127 1202 1168 natura:
1276 1128 1499 1182 germen
1547 1113 1768 1180 accipit,
1800 1120 1854 1165 et
1906 1128 1934 1163 e
1969 1111 2080 1162 vita
2132 1110 2339 1164 dimitti

758 1218 818 1262 ut
869 1208 1186 1262 Creatorem
1226 1214 1406 1273 rogat.
1475 1206 1616 1271 Quid
1677 1201 1952 1273 loqueris?
2015 1202 2158 1267 Quid
2213 1203 2338 1256 nari

755 1307 862 1356 est,
912 1311 946 1349 ο
1000 1294 1301 1349 sacerdos?
1336 1294 1471 1348 Cum
1540 1295 1607 1347 iis
1645 1308 1766 1362 qme
1832 1292 2111 1357 videntur,
2168 1292 2331 1346 verba

761 1396 850 1440 tua
913 1401 1022 1438 ltuit
1077 1385 1434 1439 conveniunt.
1505 1382 1604 1437 Ubi
1667 1383 2065 1437 dominationis
2123 1383 2342 1438 fastus?

762 1476 862 1532 Ubi
912 1479 1214 1542 majestatis
1247 1486 1352 1530 tua:
1413 1477 1680 1530 satellites
1733 1484 2154 1537 concursantes,
2207 1491 2340 1545 pra:-

757 1569 989 1622 euntes?
1021 1566 1186 1622 Vides
1243 1574 1447 1634 quanta
1511 1581 1692 1620 rerum
1753 1566 1960 1634 inopia,
2043 1575 2097 1618 et
2159 1564 2341 1620 Domi-

757 1671 888 1709 unm
952 1658 1156 1710 vocas?
1199 1653 1468 1709 Infantem
1526 1670 1702 1725 nuper
1734 1655 1789 1708 in
1847 1656 1968 1708 vitae
2015 1655 2193 1710 lucem
2229 1655 2338 1710 edi-

757 1756 871 1801 ttnn
936 1756 1109 1811 tenes,
1149 1757 1202 1800 et
1234 1747 1398 1800 verba
1459 1745 1617 1808 facis,
1672 1745 1832 1815 quasi
1887 1745 1955 1800 ad
1997 1746 2124 1801 vitae
2170 1747 2342 1817 impe-

753 1840 897 1894 rium
947 1840 1328 1894 obtinentem?
1379 1838 1664 1905 Quomodo
1714 1838 1879 1894 rebus
1946 1839 2084 1894 adeo
2155 1841 2336 1908 parvis

2445 658 2693 710 utilitatis
2728 661 3013 727 prospexit
3104 659 3446 713 altitudinem
3506 658 3936 728 magnitudinis,
3973 667 4033 711 et

2445 750 2547 801 sub
2598 757 2842 803 testaceo
2902 759 3111 804 natura:
3169 759 3372 805 nostrae
3423 751 3771 820 operimento
3818 749 4034 817 Marga-

2445 840 2606 892 ritam
2645 839 2874 895 Deitatis
2935 841 3179 903 invenit;
3236 841 3398 907 cujus
3455 841 3868 912 pulchritudine
3907 845 4034 913 plu-

2442 931 2638 984 rimum
2690 932 3012 997 delectatus,
3074 934 3140 987 ad
3191 950 3408 990 sacrum
3467 952 3692 992 carmen
3739 937 4032 991 modulan-

2443 1023 2567 1075 dum
2598 1023 2839 1078 alacrius
2901 1033 3083 1080 movet
3132 1027 3397 1096 linguam.
3443 1029 3481 1080 Α
3542 1044 3655 1097 quo
3703 1043 4032 1084 remunera-

2439 1118 2606 1169 tionis
2655 1118 2896 1180 nomine,
2942 1133 3006 1171 eo
3039 1118 3184 1186 quod
3215 1133 3379 1172 senex
3412 1133 3538 1172 eum
3577 1119 3632 1172 in
3675 1119 3835 1174 ulnas
3876 1134 4034 1174 acceo

2449 1206 2612 1273 perit,
2648 1205 2959 1260 discessum
2993 1205 3152 1258 evita
3205 1207 3526 1274 impetratis,
3581 1204 3714 1260 abiit
3766 1208 3832 1261 ad
3889 1207 4033 1262 infe-

2440 1311 2553 1357 ros,
2599 1297 3032 1350 annuntiaturus
3093 1296 3330 1351 detentis
3392 1298 3523 1350 inihi
3607 1299 3818 1365 egenis.
3886 1312 4031 1366 quas

2438 1387 2577 1441 vidit
2640 1389 2756 1457 ipse
2806 1389 3053 1443 divitias.
3085 1389 3184 1442 Cui
3218 1389 3686 1458 appropinquans,
3720 1395 4031 1458 torporem-

2436 1493 2543 1546 que
2574 1477 2814 1532 flaceidae
2839 1481 3023 1533 carnis
3057 1480 3359 1548 deponens,
3425 1481 3800 1549 rellorensque
3835 1479 4026 1533 sensi-

2444 1569 2564 1630 bus.
2622 1569 2818 1638 spiritu
2886 1571 3002 1622 obit
3066 1569 3314 1638 spiritale
3383 1569 3771 1625 ministerium.
3840 1567 4032 1622 Enim-

2441 1677 2567 1717 vero
2617 1663 2948 1732 propheticis
2993 1663 3126 1717 olim
3178 1661 3354 1717 oculis
3403 1678 3502 1731 per
3579 1664 3826 1732 symbola
3889 1676 4030 1732 pne-

2445 1761 2744 1808 monstrata
2775 1761 2924 1817 sunt,
2966 1769 3084 1823 qua:
3113 1754 3268 1819 fiunt,
3299 1763 3354 1809 et
3389 1756 3442 1808 in
3499 1753 3728 1824 forcipe,
3762 1764 3815 1808 et
3849 1768 4029 1823 pruna

2444 1851 2564 1894 erat
2607 1842 2861 1911 :enigma,
2925 1843 3245 1898 continente
3311 1844 3427 1909 illo,
3475 1845 3579 1900 hac
3634 1841 3897 1913 propheta
3949 1842 4030 1894 la-

752 1947 808 1990 et
862 1935 1141 2000 tenuibus,
1198 1943 1391 2002 magna
1423 1943 1482 1989 et
1535 1934 1856 1988 admiranda
1909 1934 2332 1990 accommodas?
2371 1900 2408 1952 Β
2449 1932 2536 1985 hia
2591 1940 2871 2002 tangente,
2914 1942 2968 1986 et
3029 1934 3402 2002 propheticam
3463 1900 4029 1990 iullauimantemeu-

753 2025 818 2079 Et
869 2027 1097 2093 gloriam
1149 2027 1338 2090 Israel,
1397 2036 1450 2081 et
1495 2026 1677 2080 lumen
1719 2040 1883 2079 vocas
1941 2026 2184 2095 gentium
2245 2029 2334 2082 In-

752 2117 954 2172 fantem
989 2118 1166 2188 inopis
1191 2118 1378 2172 Matris
1413 2116 1567 2186 (l5)?
1601 2115 1706 2172 Sed
1737 2117 1895 2181 adde.
1930 2134 2051 2187 qua:
2099 2127 2332 2185 restant,

751 2207 820 2260 ad
861 2207 1233 2261 laudationem
1297 2211 1439 2275 ejus,
1467 2207 1560 2276 qui
1591 2208 1694 2261 sub
1735 2217 1935 2262 nostra:
1973 2211 2160 2265 carnis
2192 2211 2335 2265 vela-

752 2306 941 2351 mento
996 2299 1087 2351 lux
1130 2299 1280 2353 latet.
1337 2299 1480 2363 Quid
1540 2299 1754 2352 tandem
1818 2300 1974 2369 aget?
2023 2300 2166 2366 Quid
2216 2319 2334 2359 tuo-

752 2389 926 2443 Iitur?
967 2391 1050 2444 An
1097 2392 1236 2445 duas
1288 2391 1378 2444 ille
1427 2407 1514 2446 res
1571 2399 1816 2461 peraget,
1874 2393 2106 2446 aliorum
2148 2409 2335 2450 resur-

750 2484 943 2546 rectio,
975 2482 1206 2536 aliorum
1258 2481 1417 2535 ruina
1466 2481 1712 2546 futurus,
1763 2483 1855 2551 qui
1910 2483 2032 2547 tibi,
2074 2499 2108 2538 0
2141 2500 2331 2552 senex,

750 2575 1094 2644 conspicitur
1147 2589 1176 2626 a
1209 2574 1427 2628 duobus
1478 2585 1767 2639 constans,
1807 2575 2057 2644 delectos
2093 2577 2236 2632 bono
2277 2582 2329 2634 in

750 2675 894 2719 statu
933 2665 1331 2729 collocaturus,
1399 2666 1641 2721 tumidos
1676 2666 2076 2734 depressurus:
2116 2671 2334 2736 quando

748 2766 806 2813 et
847 2757 1018 2812 Mater
1055 2758 1387 2824 virginitatis
1434 2757 1660 2827 integrze
1693 2759 1876 2827 gladio
1902 2758 2112 2815 doloris
2144 2767 2328 2817 trans-

750 2850 954 2905 fossam
1005 2851 1108 2904 sibi
1159 2851 1361 2904 sentiet
1387 2851 1625 2904 animant
1660 2850 1809 2920 (I6)?
1849 2849 2016 2905 Norat
2043 2853 2186 2906 enim
2214 2854 2334 2908 dei-

753 2942 1003 2994 cidarum
1063 2941 1299 3006 facinus,
1338 2951 1392 2997 et
1440 2941 1557 2996 fore
1605 2953 1662 2996 ut
1694 2950 1938 2996 crueutm
1992 2959 2190 3000 manus
2238 2961 2330 3001 ar-

751 3032 1110 3084 marenturin
1146 3047 1292 3093 eum,
1349 3031 1440 3100 qui
1473 3033 1644 3086 sacris
1689 3033 1997 3088 vehebatur
2050 3036 2326 3092 manibus.

749 3119 906 3172 Nunc
935 3135 1066 3173 sane
1111 3120 1261 3172 illum
1301 3121 1351 3174 in
1387 3119 1572 3174 fasciis
1613 3122 1798 3175 furens
1841 3123 2186 3191 persequitur
2219 3123 2326 3177 lle-

2452 2029 2580 2076 tetu.
2630 2022 2816 2092 Itaque
2868 2039 2991 2092 qua:
3040 2040 3186 2078 nunc
3237 2033 3367 2078 sunt
3399 2041 3510 2088 res,
3566 2026 3853 2093 mnigmata
3895 2035 4031 2078 tunc

2445 2121 2640 2168 erant:
2671 2117 2810 2169 lacte
2838 2115 3088 2169 nutriens
3113 2125 3166 2169 et
3186 2113 3348 2184 Virgo
3366 2130 3592 2170 manens
3621 2116 3756 2184 (l7),
3781 2115 4032 2168 inacces-

2450 2205 2630 2260 sibilis
2669 2217 2723 2260 et
2773 2213 3044 2275 portatus,
3096 2205 3281 2260 Puella
3338 2215 3596 2275 tauquam
3637 2204 3854 2274 forceps
3895 2219 4032 2274 pru-

2453 2310 2576 2348 nam
2644 2295 2949 2350 divinitatis
3010 2303 3227 2360 tenens,
3261 2311 3426 2364 quam
3456 2297 3622 2351 etiam
3677 2311 3874 2350 manus
3933 2309 4031 2349 sa-

2451 2387 2689 2442 cerdotis
2754 2395 3041 2454 tangentes
3080 2386 3532 2447 sanctificautur.
3564 2395 3618 2441 et
3663 2401 3728 2440 os
3765 2387 4031 2442 vaticinio

2453 2479 2692 2548 Spiritus
2728 2480 3024 2548 impletur;
3089 2480 3236 2531 ulnae
3292 2491 3574 2547 corporea:
3623 2478 3776 2532 illum
3815 2478 4029 2546 ample.

2450 2580 2684 2633 ctentes,
2734 2585 2894 2639 quem
2957 2568 3156 2621 inti-eri
3216 2583 3322 2622 nou
3381 2567 3585 2622 audent
3635 2565 4032 2620 immateriales

2450 2662 2613 2717 oculi.
2661 2660 2765 2725 Qui
2825 2659 3163 2714 materialem
3232 2665 3477 2712 nostram
3529 2657 3899 2712 substantiam
3941 2671 4034 2710 es-

2451 2754 2640 2808 sentia:
2701 2766 2813 2805 sine
2850 2755 3066 2813 unicus,
3109 2749 3238 2804 facit
3274 2758 3333 2803 ut
3369 2765 3470 2804 sua
3507 2749 3851 2804 intoleranda
3902 2765 4024 2800 ma-

2445 2843 2620 2910 jestas
2655 2843 2706 2895 in
2745 2841 3012 2894 materiali
3048 2847 3245 2893 nOstro
3270 2849 3551 2908 portetur:
3581 2851 3632 2894 et
3684 2838 3871 2894 fasciis
3902 2841 4033 2906 qni-

2449 2932 2571 2987 dem
2631 2932 2889 3000 alligatus
2961 2940 3065 2993 est,
3137 2929 3232 2984 sed
3299 2939 3609 3000 portantem
3684 2929 4029 2984 sacerdotem

2446 3026 2826 3092 eurpOralibns
2887 3023 3052 3077 solvit
3097 3021 3306 3084 fasciis,
3337 3030 3395 3075 ut
3431 3021 3646 3090 rugosis
3708 3021 3799 3074 ille
3849 3022 4034 3074 oculis

2449 3118 2605 3181 vidit,
2642 3115 2786 3186 quod
2823 3129 2998 3184 nuper
3028 3113 3307 3184 apparuit,
3341 3112 3592 3166 Salutare
3628 3112 3812 3166 Israel.
3846 3111 4031 3182 Opor—

750 3211 936 3262 rovles.
987 3209 1053 3263 Et
1113 3207 1388 3276 Egyptus
1441 3211 1677 3279 excipiet
1737 3212 1888 3264 ἱΙΙιιιιι
1945 3229 1975 3265 a
2041 3230 2150 3282 quo
2202 3215 2402 3276 olimC
2437 3209 2584 3264 lebat
2637 3207 2782 3262 enim
2859 3207 3216 3261 subterranea
3287 3202 3658 3258 incolentibus
3715 3203 3834 3258 loca
3886 3219 4032 3258 nuu-

747 3301 1026 3367 vapulavit
1075 3309 1302 3370 propter
1339 3300 1588 3369 hospites
1630 3303 1771 3355 male
1826 3312 2102 3371 acceptos.
2140 3314 2194 3359 et
2238 3305 2326 3358 in-

750 3389 1029 3457 tingentnr
1077 3390 1239 3460 gladii
1277 3391 1331 3444 in
1372 3391 1639 3444 infantum
1689 3393 1856 3456 caade,
1912 3401 1971 3446 ut
2010 3381 2195 3452 Infans
2229 3412 2327 3451 ne-

749 3490 926 3536 cetur.
987 3481 1286 3550 Oportebat
1332 3485 1476 3537 enim
1519 3482 1626 3537 Deo
1658 3484 1712 3538 in
1746 3493 1892 3538 terra
1935 3495 2066 3540 nato
2094 3487 2161 3542 de
2185 3503 2317 3542 sau-

749 3572 1014 3641 gninibus
1058 3571 1317 3641 Virginis,
1360 3573 1602 3641 :equales
1631 3573 1736 3628 sibi
1768 3589 1866 3643 per
1903 3577 2227 3646 sanguinem
2271 3579 2326 3632 iu

748 3665 904 3718 ccelis
938 3666 1128 3728 nasci;
1175 3672 1228 3716 et
1267 3665 1498 3732 primam
1553 3665 1701 3719 illam
1736 3676 1976 3731 tetatetn,
2014 3683 2045 3722 e
2087 3683 2324 3736 przesen-

749 3757 824 3808 tia
873 3753 1085 3808 Domini
1140 3757 1378 3810 fructum
1445 3758 1750 3826 percipere,
1798 3772 1920 3822 qua:
1964 3759 2138 3828 prima
2173 3761 2323 3815 illum

751 3847 806 3900 in
848 3847 966 3901 suis
1016 3847 1243 3902 habuit:
1285 3847 1486 3902 caedem
1537 3849 1630 3901 illo
1693 3851 2002 3906 sustinente
2045 3867 2143 3920 pro
2176 3867 2326 3924 rege-

749 3937 1010 3993 nerandis
1059 3939 1346 4002 omnibus,
1391 3939 1612 4008 quando
1670 3939 1848 3995 Patris
1895 3956 2126 4011 magnus
2183 3947 2330 4013 Apo-

751 4031 952 4096 stolus,
1006 4029 1260 4085 absoluto
1309 4046 1473 4100 opere
1514 4039 1737 4102 propter
1772 4032 1917 4100 quod
1967 4043 2053 4088 est
2097 4035 2325 4101 missus,

748 4120 1006 4175 omnibus
1057 4121 1221 4176 simul
1271 4122 1469 4190 pandet
1523 4122 1678 4176 sinus
1705 4123 1980 4178 emlestes.
2040 4123 2144 4179 Sed
2198 4142 2330 4182 cave

753 4219 811 4263 tu
868 4212 1065 4264 iterum
1129 4214 1200 4264 ob
1254 4213 1596 4278 apostolatus
1622 4227 1845 4275 nomen,
1895 4213 2171 4284 Unigeniti
2223 4217 2330 4271 im-

751 4302 967 4356 minuas
1017 4302 1270 4371 gloriam,
1341 4318 1440 4356 nec
1495 4302 1837 4363 dominatum
1896 4307 1949 4359 in
2009 4309 2325 4362 servitutem

751 4390 1002 4461 redigas;
1069 4391 1307 4445 alienmn
1366 4391 1520 4445 illtnu
1567 4408 1597 4445 a
1645 4401 1876 4460 paterna
1945 4404 2138 4462 natura
2196 4411 2330 4451 con-

751 4483 1007 4536 Stituens.
1073 4480 1178 4536 Sed
1226 4483 1594 4550 apostolatum
1661 4483 1912 4548 audiens,
1956 4485 2325 4553 aequalitatem

749 4569 1062 4626 considera.
1135 4569 1262 4625 llazc
1324 4573 1390 4623 ad
1453 4587 1571 4635 eos,
1626 4573 1718 4638 qui
1775 4571 2061 4629 beneficiis
2114 4573 2322 4639 affecti,

752 4662 953 4730 ingrati
986 4669 1135 4726 sunt,
1159 4669 1210 4714 et
1239 4661 1445 4716 honore
1469 4662 1613 4717 aucti
1647 4677 1710 4716 ac
1739 4665 2018 4719 sublimati
2045 4679 2139 4733 per
2167 4664 2325 4720 Verbi

751 4751 1107 4806 humilitatem
1133 4752 1468 4806 inhonoraut
1499 4756 1883 4820 bonorantem,
1931 4771 2138 4825 proque
2167 4755 2321 4811 fasti-

750 4843 840 4912 gio
885 4842 1187 4896 cacuminis
1243 4843 1476 4898 reddunt
1523 4844 1952 4913 depressioucm.
1979 4843 2083 4899 Sed
2128 4846 2319 4899 redea-

829 4962 874 4993 ³⁷
903 4961 1078 5016 Exod.
1112 4978 1194 5028 tu,
1228 4963 1249 5015 I
1315 4977 1468 5032 seqq.

2442 3302 2565 3356 tiari
2602 3315 2728 3370 quae
2776 3315 2942 3368 supra
3003 3307 3204 3351 terram
3260 3297 3462 3350 fiebant
3509 3295 3883 3361 admirabilia,
3937 3297 4034 3352 do-

2442 3395 2671 3463 cerique
2751 3392 2875 3444 illos
2930 3391 3095 3444 etimn
3153 3389 3444 3444 advenisse
3503 3387 3694 3444 mundi
3765 3389 4029 3454 salutem,

2443 3487 2723 3553 Deumque
2749 3493 2964 3552 gestare
2996 3495 3241 3544 carnem,
3276 3489 3326 3534 et
3366 3494 3597 3550 puerum
3631 3495 3775 3540 esse,
3808 3480 3901 3549 qui
3941 3487 4032 3534 est

2439 3587 2564 3632 ante
2587 3577 2814 3632 secula:
2840 3585 2892 3629 et
2911 3574 3243 3627 nutrimenta
3267 3571 3802 3634 subministrantem,
3821 3571 3906 3626 lac
3932 3587 4034 3626 su-

2437 3685 2563 3740 gere
2585 3689 2590 3694 ι
2615 3670 3086 3734 adventui-umque
3108 3673 3165 3718 ut
3195 3664 3424 3719 alllictos
3447 3665 3517 3718 ab
3538 3663 3799 3718 :erumnis
3826 3663 4031 3717 libera-

2443 3769 2544 3824 ret,
2569 3768 2823 3826 essetque
2848 3757 3064 3809 interim
3101 3754 3211 3808 illic
3241 3754 3587 3808 morantibus
3612 3755 3887 3822 patientia:
3918 3754 4030 3806 lar-

2442 3849 2608 3915 gitor.
2663 3847 2789 3900 Ideo
2841 3843 3098 3916 Symeoni
3141 3857 3464 3912 responsum
3495 3843 3702 3897 dature
3723 3843 3911 3896 carnis
3933 3857 4031 3896 er-

2444 3938 2660 4008 gastulo
2715 3951 2774 3990 se
2827 3949 2935 3989 non
2983 3934 3304 4000 exiturum,
3384 3934 3440 3988 ni
3494 3933 3675 3988 videat
3724 3932 4031 3991 Salvatoris

2443 4028 2736 4083 adventum
2756 4027 2820 4079 ³⁸.
2842 4025 3012 4079 Adam
3041 4039 3205 4079 aures
3237 4037 3472 4079 mmrore
3496 4039 3792 4094 oppressas
3815 4025 4032 4094 aperiet

2450 4120 2655 4175 lmtitia:
2701 4118 2916 4182 ntmtio,
2963 4124 3018 4170 et
3065 4116 3380 4172 Creatorem
3412 4131 3644 4171 narrans
3680 4117 3880 4187 gestari
3912 4133 4033 4172 ma-

2443 4211 2625 4273 nibus,
2662 4208 2922 4264 mrestitia
2955 4206 3156 4277 posita,
3192 4221 3379 4262 senem
3411 4221 3510 4276 spe
3539 4206 3734 4261 ellieiet
3763 4208 4030 4263 alacrem.

2449 4303 2557 4356 Eva
2593 4300 2686 4354 tibi
2719 4298 2976 4353 didicerit
2997 4313 3026 4352 e
3057 4297 3282 4352 muliere
3313 4307 3524 4362 uatum,
3553 4305 3746 4366 partus
3772 4297 4030 4352 dolorum

2446 4393 2886 4449 maledictionem
2917 4405 3024 4444 non
3067 4404 3210 4458 :egre
3257 4389 3412 4445 feret.
3469 4405 3632 4458 quam
3689 4389 4033 4443 ltmreditatis

2447 4486 2668 4539 nomine
2725 4483 2963 4554 posteris
3019 4482 3347 4536 transmisit.
3388 4479 3566 4536 Moses
3613 4481 3682 4536 ab
3731 4495 3796 4534 eo
3850 4479 4032 4551 legem

2438 4577 2652 4646 impleri
2708 4576 2846 4630 sciet
2884 4575 2952 4638 ⁸⁷,
2993 4572 3152 4641 cujus
3181 4570 3367 4641 digitis
3396 4571 3657 4640 scriptam
3693 4570 3940 4638 accepit,
3974 4579 4034 4626 et

2433 4683 2494 4722 ea
2550 4667 2662 4733 jam
2693 4665 2884 4720 ell'ecta
2918 4663 3094 4724 reddi,
3123 4677 3248 4732 quae
3292 4661 3344 4714 in
3387 4661 3508 4730 igne
3538 4671 3592 4714 et
3626 4660 3762 4715 rubo
3791 4659 4028 4714 viderat.

2431 4756 2634 4812 Omnes
2682 4756 2885 4812 detenti
2941 4755 2993 4808 in
3026 4753 3238 4818 inferis,
3270 4763 3324 4808 et
3365 4754 3418 4807 iu
3463 4767 3701 4807 mterore
3751 4753 4026 4820 iacentes,

2433 4863 2734 4918 praeconem
2769 4846 3073 4915 suscipieut
3109 4845 3309 4899 laetum.
3355 4842 3484 4897 Erat
3539 4857 3704 4912 porro
3752 4843 4017 4898 immensi

2276 5031 2512 5088 ΝΟΤᾸΞ.

824 5119 938 5189 (15)
966 5119 1148 5190 Inopia
1177 5120 1395 5176 Matris.
1431 5121 1505 5192 De
1532 5129 1850 5191 paupertate
1883 5122 2053 5192 beata}
2085 5121 2327 5192 Virginis

750 5192 858 5246 late
895 5192 1036 5244 inter
1085 5193 1222 5246 alios
1273 5201 1440 5261 agunt
1493 5191 1802 5245 lliehardus
1853 5207 1880 5242 a
1941 5193 1997 5244 S.
2029 5191 2328 5250 Laurentio

749 5263 960 5335 lib.‘tv__
981 5261 1048 5316 de
1081 5260 1359 5335 Laudibus
1383 5260 1538 5335 Yirg.
1569 5277 1621 5335 Aa
1653 5278 1779 5330 pag.
1809 5261 1936 5320 279.
1970 5263 2327 5335 etAdeinceps,

748 5342 802 5387 et
851 5331 1140 5386 Pelbartus
1180 5333 1230 5384 in
1282 5331 1536 5387 Stellari’o
1569 5331 1664 5386 lib.
1704 5347 1798 5394 νη,
1833 5339 1971 5400 part.
2016 5332 2073 5399 2,
2115 5331 2328 5400 ιιι-εδδ,

750 5417 871 5471 Cap.
902 5402 985 5455 10.
1015 5401 1166 5467 Quos
1205 5412 1257 5454 ttt
1281 5404 1530 5457 consule.

825 5473 935 5539 (I6)
969 5473 1160 5525 Gladio
1196 5472 1395 5525 doloris
1447 5473 1801 5540 transfossam
1848 5471 1949 5525 sibi
1998 5476 2182 5528 sentiet
2221 5474 2331 5528 ani-

753 5558 914 5594 mum.
970 5540 1041 5596 De
1093 5543 1270 5610 gladio
1327 5543 1571 5606 doloris,
1622 5557 1731 5612 quo
1771 5543 1951 5596 anima
1991 5543 2051 5596 Β.
2097 5543 2332 5612 Virginis

753 5612 1060 5666 transfossa
1083 5613 1185 5682 fuit
1212 5613 1281 5666 ob
1313 5614 1624 5681 passionem
1654 5621 1706 5666 et
1740 5621 1970 5666 mortem
2002 5613 2146 5675 Filii,
2175 5617 2332 5682 plura

752 5684 943 5754 babes
982 5697 1046 5734 ex
1246 5683 1464 5736 l‘atrum
1522 5683 1888 5754 monumentis
1941 5683 2135 5738 hausta
2179 5681 2330 5754 apud

749 5751 1044 5817 Georgium
1109 5752 1486 5808 Colrenerium
1555 5754 1606 5806 in
1662 5752 1780 5805 Kal.
1817 5751 2062 5806 Mariano
2121 5751 2330 5808 die'18

755 5822 956 5883 Martii,
987 5819 1262 5876 Justiuum
1297 5823 1748 5877 Mierhoviensem
1783 5833 1928 5873 tomo
1957 5820 1995 5874 lI
2033 5824 2084 5876 iu
2117 5824 2332 5878 litanias

757 5895 1121 5955 l..mret:tn=.ts,
1175 5908 1337 5958 super
1392 5894 1522 5950 illud
1587 5894 1729 5962 Virg.
1781 5893 2016 5963 elogium
2065 5907 2077 5944 :
2131 5893 2329 5965 Regina

2434 5133 2749 5194 martyrum,
2785 5133 2838 5178 et
2867 5122 3226 5194 Theophilum
3260 5122 3617 5194 Raynaudum
3644 5121 3698 5194 in
3739 5117 4028 5192 Diptychis

2432 5191 2694 5248 Marianis
2731 5210 2783 5261 p.
2819 5198 2867 5260 ι,
2903 5191 3105 5262 puncto
3136 5193 3190 5256 9,
3231 5210 3286 5247 n.
3315 5191 3369 5251 6'.
3401 5193 3455 5253 7,
3483 5192 3516 5246 8
3542 5202 3595 5247 et
3635 5191 3687 5246 9.

2506 5263 2618 5333 (I7)
2647 5262 2804 5318 Lacte
2830 5265 3089 5327 nutriens,
3133 5272 3180 5316 et
3226 5267 3366 5331 virgo
3403 5279 3640 5316 manens.
3679 5263 3866 5334 Virgo,
3901 5277 4027 5334 ma-

2433 5331 2570 5391 nens
2599 5335 2748 5404 virgo
2772 5374 2787 5398 ,
2847 5336 2928 5404 lae
2966 5335 3169 5404 habere
3197 5334 3520 5386 naturaliter
3548 5348 3657 5404 non
3696 5331 3896 5400 potest.
3937 5331 4027 5404 Li-

2431 5415 2520 5460 cet
2577 5402 2720 5459 enim
2790 5405 2846 5457 S.
2891 5402 3052 5470 Virgo
3096 5403 3381 5464 I.idurina,
3416 5410 3470 5455 et
3511 5402 3632 5472 aliae
3662 5404 3910 5472 quaedam
3966 5403 4022 5460 itt

2436 5482 2596 5529 nocte
2653 5473 2945 5527 Dominica!
2998 5473 3310 5526 Natirilatis
3359 5475 3496 5525 lacte
3531 5471 3912 5540 redundarint,
3969 5483 4028 5526 ut

2435 5546 2635 5598 habent
2684 5543 2816 5597 Acta
2869 5541 3114 5612 ejusdem
3148 5542 3205 5596 S.
3245 5541 3522 5595 Liduvinze
3569 5541 3666 5596 lib.
3698 5559 3757 5607 II,
3799 5558 3863 5598 ca
3909 5583 3926 5598 .
3969 5543 4024 5606 4,

2435 5625 2617 5666 tamen
2667 5613 2748 5666 ha:
2779 5615 3020 5666 virgines
3049 5611 3135 5665 lac
3168 5627 3277 5665 nou
3318 5611 3633 5664 habuerunt
3665 5559 4022 5666 naturariter.

2435 5625 2617 5669 tamen
2667 5613 2748 5668 ha:
2779 5611 3020 5682 virgines
3049 5611 3135 5665 lac
3168 5627 3277 5665 non
3318 5611 3633 5682 habuerunt
3665 5611 4022 5676 naturaliter,

2437 5686 2530 5739 sed
2568 5700 2732 5750 supra
2768 5681 2978 5738 natura:
3009 5682 3255 5736 debitum
3279 5690 3348 5750 ret
3381 5681 3758 5750 ellicaeitatem
3797 5684 3880 5737 lac
3915 5684 4025 5737 illis

2441 5749 2809 5823 suppeditavit
2846 5749 3330 5823 Deus.Quomodo
3367 5759 3547 5823 autem
3577 5749 3740 5823 fuerit
3780 5751 3865 5805 lac
3903 5750 4024 5806 Vir-

2445 5820 2564 5891 gini
2591 5824 2802 5891 absque
2833 5824 2950 5876 viro
2978 5821 3130 5875 Matri
3167 5823 3372 5890 optime
3402 5821 3654 5874 edisserit
3683 5820 4022 5891 Itaynaudus

2441 5890 2493 5949 in
2524 5890 2801 5962 Diptychis
2832 5892 3089 5949 Marianis
3131 5909 3183 5963 ει.
3221 5908 3267 5957 t,
3297 5906 3346 5961 p.
3391 5891 3444 5957 8,
3485 5906 3634 5946 num.
3669 5890 3721 5945 2.
