4224 6444
743 388 815 452 63
1967 374 2157 435 LEON
2173 375 2243 432 lS
2285 370 2752 434 PHILOSOPHI
3937 366 4004 426 6t

747 494 902 549 lestia
941 507 1006 546 ac
1053 491 1338 544 vexatione
1387 487 1667 540 liberasset
1703 503 1716 538 :
1763 486 1839 538 illi
1895 495 2096 546 autem,
2134 484 2226 552 qui
2264 485 2317 538 in
2349 495 2367 538 ι

2459 485 2522 551 ἧς
2558 481 2831 550 βοηθείας,
2869 478 2964 532 καὶ
3003 480 3068 546 τῇ
3107 475 3300 545 μακρὰ
3350 475 3760 542 κεκακωμένων
3793 479 4014 548 φρουρᾷ

746 587 964 641 inferno
1015 584 1174 652 positi
1226 587 1429 643 essent,
1481 578 1726 647 ejusdem
1782 575 2138 628 nihilominus
2197 577 2318 641 opis

749 677 1074 743 indigerent.
1100 668 1470 734 diuturnoque
1497 679 1717 718 carcere
1747 663 1958 726 afflicti,
1991 661 2318 729 Redempto-

753 784 866 822 rem
901 771 1307 832 exspectarent,
1345 761 1523 828 ipsum
1577 758 1788 824 utique,
1841 756 1932 824 qui
1984 768 2082 822 pro
2135 753 2322 806 mundi

751 859 920 911 totius
971 855 1148 908 salute
1209 867 1272 904 ex
1324 848 1574 902 :etbereis
1625 848 1847 900 sedibus
1905 846 2185 908 venisset;
2229 857 2325 896 eos

749 941 1032 996 exsolvere
1082 939 1331 1001 moliens,
1377 936 1469 1004 qui
1538 934 1750 987 inferne
1792 934 1958 986 vincti
1989 939 2325 996 tenerentur,

757 1046 1097 1098 manumque
1143 1027 1440 1080 beneficam
1497 1027 1562 1078 ad
1605 1041 1700 1079 eos
1739 1039 1958 1092 quoque
1989 1021 2175 1076 volens
2207 1037 2332 1088 pcr-

755 1124 984 1192 tingere,
1031 1120 1121 1189 qui
1157 1123 1208 1172 in
1256 1128 1414 1173 terra:
1447 1118 1645 1172 infimis
1675 1117 1886 1170 sinibus
1931 1122 2175 1183 agerent,
2211 1113 2334 1167 Ilie-

755 1214 1088 1280 rosolymam
1118 1251 1134 1276 ,
1158 1226 1278 1278 quae
1307 1210 1580 1278 justnrum
1609 1209 1850 1262 caedibus
1879 1207 2156 1270 gauderet,
2195 1205 2336 1260 Deus

751 1304 1030 1372 justorum
1080 1301 1258 1362 venit,
1301 1309 1413 1352 tum
1472 1306 1646 1351 inerte
1697 1312 1816 1360 sua,
1864 1305 2090 1350 mortem
2123 1311 2333 1364 perem-

755 1403 969 1463 pturus,
1032 1404 1142 1446 lum
1189 1391 1334 1460 quod
1391 1391 1577 1451 sciret,
1625 1390 1802 1442 nullos
1849 1389 1986 1441 alios
2017 1388 2117 1455 ipsi
2145 1388 2338 1440 mortis

757 1493 1010 1537 auctores
1071 1482 1203 1542 fore,
1260 1489 1453 1548 pra-ter
1482 1495 1577 1534 eos
1611 1495 1748 1547 quos
1781 1479 2064 1546 sanguinis
2105 1477 2237 1543 justi
2273 1492 2338 1530 ac

757 1573 1062 1626 innocentis
1111 1571 1232 1624 sitis
1283 1584 1542 1640 perpetua
1603 1571 1856 1631 haberet;
1889 1570 1981 1636 qui
2023 1577 2078 1620 et
2126 1567 2338 1628 oculos.

757 1679 822 1718 ac
853 1672 1086 1718 mentem
1115 1679 1225 1732 pra:
1278 1663 1480 1716 invidia
1505 1662 1854 1722 clausissent,
1889 1659 2147 1729 omnique
2171 1658 2340 1728 proba

759 1771 825 1811 ac
875 1756 1011 1826 grati
1050 1755 1216 1808 animi
1248 1753 1533 1810 alfectione
1568 1769 1632 1808 ex
1666 1752 1866 1807 stolido
1893 1753 2058 1806 corde
2086 1753 2336 1820 expulsa,

759 1849 1064 1901 deteriores
1112 1861 1328 1915 semper
1378 1844 1660 1900 bencliciis
1685 1843 2082 1906 redderentur;
2113 1842 2342 1896 divina:-

757 1954 866 2008 que
923 1939 1180 2009 congruis
1227 1937 1494 2006 majestati
1543 1935 1838 2005 operibus,
1893 1935 1946 1987 iu
2003 1932 2096 1986 Dei
2155 1949 2342 1988 necem

2426 577 2517 626 τὸν
2575 573 2948 642 ἐλευθερωτὴν
3003 568 3397 638 ἐκδεχομένων,
3437 569 3495 629 ὃς
3546 567 3688 637 ὑπὲρ
3740 569 3865 622 ὅλου
3915 569 4008 621 τοῦ

2428 667 2630 734 κόσμου
2665 665 2767 716 τῶν
2824 662 3091 730 ονἰρανίων
3149 659 3375 730 ἐλήλυθε
3432 659 3637 730 Θρόνιον
3663 675 3678 692 ⁶
3727 659 3828 730 τὴν
3857 659 4016 712 λύσιν

2429 758 2537 811 τῶν
2577 755 2726 809 κάτω
2759 753 2996 822 δεσμίων
3053 750 3603 820 πραγματευόμενος,
3647 752 3740 805 καὶ
3789 750 4016 819 φθάνειν

2439 852 2540 918 τὴν
2567 848 2849 917 εὐεργέτιν
2881 849 3038 915 χεῖρα
3067 847 3172 898 κάν
3222 846 3335 908 τοῖς
3386 844 3471 896 ἐπ’
3505 843 3706 912 ἔσχατα
3740 843 3844 910 γῆς
3898 837 4016 896 οὖσι

2439 937 2892 1009 προαιρούμενος,
2911 937 3004 988 ἐπὶ
3038 935 3416 1005 Ἰερουσαλὴμ,
3445 935 3479 1002 ἣ
3503 935 3622 992 ταῖς
3653 933 3760 985 τῶν
3791 933 4018 986 δικαίων

2439 1030 2648 1098 ἐτρύφα
2685 1029 2940 1094 σφαγαῖς,
2973 1027 3002 1077 ὁ
3030 1024 3140 1076 τῶν
3182 1025 3408 1076 δικαίων
3459 1022 3588 1084 Θεὸς
3643 1021 4014 1092 παραγίνεται

2442 1119 2658 1186 θανάτῳ
2701 1118 2799 1186 μὲν
2825 1116 3012 1184 οἰκείῳ
3036 1115 3127 1166 τὸν
3167 1114 3395 1165 θάνατον
3431 1113 3692 1176 ἐξολέσων
3715 1129 3730 1142 ·
3775 1113 4018 1180 ἐργάτας

2440 1211 2495 1263 δὲ
2518 1209 2610 1263 τοῦ
2629 1209 2858 1261 Θανάτου
2876 1207 3054 1270 εἰδὼς.
3075 1207 3198 1275 οὐχὶ
3221 1207 3442 1275 ἐτέρους
3467 1206 3498 1274 ἢ
3523 1205 3786 1268 ἐκείνους,
3839 1204 3894 1256 οἳ
3933 1205 4020 1256 ἀεὶ

2443 1301 2640 1369 ἐδίψων
2667 1299 2820 1352 ὁσίου
2871 1299 3103 1366 αἵματος
3127 1314 3141 1329 ·
3196 1297 3246 1349 οἳ
3291 1297 3386 1348 καὶ
3433 1294 3766 1363 ὀφθαλμοὺς,
3795 1295 3892 1348 καὶ
3909 1296 4022 1347 διά-

2443 1408 2591 1444 νοιαν
2619 1389 2796 1458 φθόνῳ
2821 1388 3116 1457 μύσαντες,
3149 1389 3242 1440 καὶ
3269 1390 3450 1440 πᾶσαν
3471 1385 3895 1455 εὐγνωμοσύνην
3919 1385 4018 1452 τῆς

2446 1483 2649 1536 ἀτόπου
2672 1481 2898 1551 καρδίας
2919 1478 3278 1540 κενώσαντες,
3307 1479 3526 1548 χείρους
3547 1477 3634 1530 ἀεὶ
3653 1481 3772 1539 ταῖς
3793 1477 4020 1546 εὐεργε-

2447 1575 2588 1638 σίαις
2617 1574 2884 1641 ἐγίνοντο,
2916 1572 3010 1625 καὶ
3041 1573 3150 1634 τοῖς
3173 1570 3503 1640 θεοπρεπέσι
3531 1569 3640 1621 τῶν
3671 1569 3849 1640 ἔργων
3884 1567 4024 1636 πρὸς

2449 1663 2762 1719 θεοκτονίαν
2798 1663 3102 1732 ἠκονῶντο·
3133 1660 3345 1714 ἐκεῖθεν
3379 1661 3459 1721 εἰς
3489 1655 3786 1727 θεομᾳχίαν
3816 1657 4026 1726 προκὸ-

2455 1772 2701 1818 πτοντες,
2727 1753 2851 1807 ὅθεν
2909 1753 3130 1820 εὔλογον
3171 1755 3249 1814 εἰς
3306 1749 3639 1818 θεογνωσίαν
3684 1765 4030 1818 χειραγωγη-

2451 1847 2662 1909 θέντας,
2699 1844 2876 1915 ἄκραν
2905 1841 3038 1896 αίδὼ
3103 1844 3200 1895 καὶ
3247 1841 3544 1909 θεραπείαν
3578 1837 3872 1908 φυλάττειν
3915 1835 4030 1890 τῶν

2455 1939 2774 2008 παραδόξων
2807 1937 2985 2009 ἔργων
3023 1934 3099 2005 τῷ
3135 1938 3356 2005 ποιητῇ.

759 2039 1129 2093 acuerenlur;
1169 2032 1221 2082 in
1255 2029 1345 2083 Dei
1380 2030 1502 2084 inde
1534 2029 1757 2092 bellum,
1789 2037 1952 2097 atque
1983 2015 2166 2081 odium
2207 2043 2620 2097 prouioveutes,
2669 2033 2814 2087 unde
2864 2048 2960 2102 par
3009 2037 3152 2093 erat,
3207 2037 3266 2082 ut
3339 2029 3488 2083 velut
3557 2043 3720 2082 manu
3793 2029 3848 2082 in
3927 2025 4024 2082 Dei

759 2123 1122 2191 cognitionem
1161 2121 1332 2180 ducti.
1358 2103 1570 2175 sumina
1621 2120 1922 2176 reverentia
1949 2133 2013 2174 ac
2057 2120 2402 2175 veneratione
2433 2125 2511 2178 sic
2543 2125 2870 2180 mirabilium
2910 2137 3138 2194 operum
3167 2120 3482 2176 effe-elevem
3539 2131 4024 2190 prosequerentur.

831 2214 909 2266 Ac
968 2213 1096 2266 olim
1134 2213 1351 2281 quidem
1417 2213 1511 2264 irae
1565 2211 1808 2266 fomitem
1873 2211 2367 2274 subministrabatj

2510 2217 2617 2268 Καὶ
2649 2217 2816 2270 πάλαι
2851 2216 2948 2286 μὲν
2983 2211 3050 2285 ἦν
3077 2215 3259 2276 αὐτοῖς
3277 2213 3449 2281 ὀργῆς
3471 2213 3760 2281 προςασις,
3781 2212 3908 2283 ἄρτι
3940 2212 4026 2281 χοῖ

772 2303 936 2356 homo
988 2303 1098 2368 ille,
1133 2304 1222 2372 qui
1259 2304 1372 2354 luto
1401 2303 1628 2365 oblitus,
1659 2317 1722 2355 ac
1759 2312 1922 2371 sputo
1955 2303 2132 2354 visum
2187 2317 2347 2356 recu-

762 2405 1045 2465 peruverat
1094 2395 1164 2459 “,
1198 2411 1307 2462 quo
1361 2395 1605 2462 privatus
1634 2407 1699 2446 ex
1749 2403 1906 2446 utero
1938 2405 2186 2448 materno
2217 2409 2344 2461 pro-

771 2495 1018 2540 cesserat
1074 2503 1088 2539 :
1143 2486 1382 2551 itemque
1447 2485 1558 2547 ille;
1609 2483 1767 2552 cujus
1824 2485 1987 2552 lepra;
2034 2497 2349 2554 squamulas

763 2578 932 2632 verbo
980 2575 1310 2630 absterserat
1364 2575 1442 2640 ul;
1480 2589 1690 2628 necnon
1745 2575 1869 2636 ille,
1910 2589 1938 2626 a
1987 2575 2148 2642 cujus
2185 2591 2346 2626 tnauu

767 2677 1026 2735 tanquam
1072 2681 1237 2735 grave
1269 2681 1409 2719 onus
1439 2666 1670 2719 ariditas
1699 2666 1926 2734 depulsa
1967 2665 2144 2721 fuerat
2197 2667 2267 2727 "°,
2299 2675 2352 2718 et

768 2757 822 2811 id
862 2772 1034 2825 genus
1077 2757 1214 2822 alia;
1247 2765 1300 2807 at
1337 2772 1479 2808 nunc
1520 2756 1718 2809 furoris
1766 2755 1984 2809 flamma
2030 2772 2224 2810 rursus
2254 2771 2350 2810 ex-

769 2849 1092 2909 suscitalur,
1146 2855 1441 2915 postquam
1499 2847 1661 2899 homo
1707 2855 1984 2908 mortuus,
2043 2849 2163 2914 ejus
2211 2863 2348 2916 pra!—

768 2952 928 3006 cepto
955 2938 1106 2990 visus
1137 2945 1224 2990 est
1256 2937 1455 2988 inferni
1483 2951 1548 2988 ac
1581 2937 1779 2988 mortis
1811 2936 2084 3002 sprevisse
2113 2937 2257 3002 jura,
2287 2951 2349 2989 ac

771 3044 896 3083 cum
927 3027 1059 3094 ipsis
1096 3027 1298 3080 institis
1318 3042 1383 3079 ex
1421 3025 1674 3092 sepulcro
1715 3025 1908 3078 resiliit
1957 3027 2035 3078 δῖε
2064 3034 2348 3092 postquam

773 3121 901 3173 item
952 3117 1242 3171 infantium
1297 3116 1478 3185 lingua
1508 3118 1578 3168 ob
1614 3119 1792 3169 {etatis
1822 3116 2042 3184 quidem
2079 3116 2347 3170 defectum

774 3209 1085 3262 balbutiens
1139 3208 1207 3268 ⁵⁸,
1281 3205 1490 3275 Spiritu
1561 3218 1740 3257 autem
1804 3207 2031 3268 diserta,
2089 3205 2348 3258 victorem

773 3299 972 3354 mortis
1004 3297 1326 3365 theologicis
1363 3298 1676 3351 dccanlavit
1712 3297 1940 3350 vocibus
1968 3313 1980 3349 :
2017 3311 2138 3365 quae
2168 3305 2350 3350 autem

776 3390 994 3459 impuro
1045 3405 1140 3441 ore
1198 3403 1411 3456 semper
1467 3387 1762 3440 volvebant
1818 3389 2060 3449 oracula,
2121 3401 2184 3440 ea
2239 3386 2350 3455 jam

777 3478 1028 3533 videntes
1079 3480 1200 3546 ipso
1246 3478 1516 3547 completa
1561 3491 1746 3546 Opere,
1796 3477 1979 3530 videre
2013 3476 2350 3541 noluerunt;

2451 2309 2544 2359 καὶ
2595 2309 2871 2377 πτύσματι
2913 2305 3207 2375 λαμϐάνων
3253 2303 3314 2356 τὸ
3369 2303 3588 2373 βλέπειν
3629 2302 3935 2372 ἄνθρωπος,
3973 2297 4036 2355 οὗ

2451 2399 2623 2464 πένης
2669 2399 2776 2452 τῶν
2819 2397 3102 2469 μητρικῶν
3149 2395 3412 2464 θαλάμων
3468 2395 3551 2456 εἰς
3587 2395 3702 2463 βίον
3745 2393 4034 2463 παρῆλθε·

2451 2492 2548 2545 καὶ
2577 2490 2829 2561 σώματος
2880 2489 3194 2558 λεπρῶντος
3249 2487 3458 2556 φολίδες
3507 2484 3874 2553 ἀποξεὸμεναι
3936 2487 4038 2554 ρή-

2456 2595 2618 2648 ματι·
2659 2581 2755 2632 καὶ
2803 2580 2923 2649 χεὶρ
2961 2578 3036 2640 ώς
3090 2577 3226 2647 βαρῦ
3263 2575 3484 2644 φορτίον
3531 2574 3901 2644 ἀποτιθεμένη
3935 2574 4040 2645 τὴν

2454 2673 2675 2739 ἀργίαν,
2713 2671 2806 2724 καὶ
2834 2671 2904 2722 τὰ
2931 2669 3128 2722 λοιπά·
3163 2667 3283 2718 νυνὶ
3317 2665 3395 2727 δὲ,
3451 2665 3644 2729 ἁναζεῖ
3664 2665 3726 2716 τὸ
3769 2667 3880 2734 πυρ
3929 2665 4038 2730 τῆς

2455 2763 2655 2833 μανίας
2677 2763 2883 2824 αὐτοῖς,
2927 2759 3162 2827 ἐπείπερ
3193 2758 3368 2826 ἐφάνη
3410 2756 3702 2825 προστάξει
3759 2772 4040 2826 καταφρο-

2451 2861 2622 2926 νήσας
2675 2856 2804 2925 ᾇδου
2857 2855 2951 2905 καὶ
2981 2853 3186 2920 φθορᾶς
3237 2851 3524 2916 ἅνθρωπος
3553 2851 3767 2917 νεκρὸς,
3801 2850 3896 2902 καὶ
3921 2867 4040 2900 κει·

2457 2948 2601 3014 ρίαις
2651 2947 2842 3007 αὑταῖς
2895 2943 3252 3011 ἀναπηδήσας
3308 2941 3404 2994 τοῦ
3443 2941 3762 3009 μνήματος·
3815 2939 3912 2991 καὶ
3954 2941 4042 2992 ὅτι

2459 3037 2668 3090 παίδων
2697 3037 2941 3102 γλῶσσα,
2981 3034 3059 3101 τῷ
3103 3033 3200 3100 μὲν
3252 3033 3434 3085 ἀτελεῖ
3475 3033 3572 3098 τῆς
3603 3030 3820 3100 ἡλικίας
3845 3029 4034 3098 ψελλί-

2453 3128 2646 3189 ζουσα,
2695 3124 2967 3192 πνεύματι
3007 3121 3062 3173 δὲ
3118 3120 3482 3188 τρανουμένη,
3517 3119 3790 3182 θεολόγοις
3831 3122 4042 3186 φωναῖς

2455 3213 2766 3282 ἐπευφήμει
2790 3213 2880 3264 τὸν
2898 3211 3125 3282 νικητὴν
3145 3212 3238 3264 τοῦ
3267 3211 3519 3265 θανάτου·
3547 3213 3640 3264 καί
3656 3210 3748 3272 οὓς
3773 3213 4044 3277 διηνεκῶς

2455 3307 2724 3376 ἐμελέτων
2740 3304 3022 3375 χρησμοὺς
3047 3303 3280 3372 στόμασι
3305 3307 3538 3372 μιαροῖς,
3565 3303 3786 3366 τούτους
3814 3305 3907 3355 ἐπὶ
3929 3303 4042 3356 τῶν

2455 3401 2634 3468 ἔργων
2681 3395 3052 3466 ἐκϐεϐηκότας
3112 3395 3372 3462 ὁρῶντες,
3421 3396 3556 3463 ὸρᾷν
3581 3393 3682 3448 οὐκ
3732 3393 4040 3456 ἐϐούλοντο,

2458 3487 2642 3558 ὥσπερ
2677 3487 3003 3558 φοϐούμενοι
3036 3485 3361 3556 σωφρονεῖν·
3406 3487 3527 3538 οὐδὲ
3573 3485 3708 3556 πρὸς
3751 3485 4044 3540 εὐλάϐειαν

778 3565 928 3618 velut
961 3566 1147 3633 utique
1180 3565 1246 3618 ad
1304 3565 1584 3618 meliorem
1617 3573 1850 3618 mentem
1890 3565 2068 3620 redire
2095 3567 2348 3620 reveriti:

2461 3579 2796 3648 καταστῆναι
2841 3578 2938 3630 τοῦ
2989 3577 3306 3646 εὐεργέτου,
3341 3577 3527 3647 ῥᾳδίου
3577 3577 3670 3629 τοῦ
3709 3578 4042 3646 πράγματος

780 3672 845 3712 ac
883 3657 1031 3710 velut
1081 3656 1147 3710 ad
1190 3671 1432 3709 amorem
1474 3671 1540 3709 ac
1587 3656 1990 3710 observantiam
2040 3657 2358 3711 benefacto-

779 3751 859 3804 ris
885 3748 1122 3818 regredi,
1155 3764 1218 3802 ex
1254 3749 1322 3802 iis
1349 3765 1468 3816 qua:
1497 3747 1692 3802 fierent
1723 3747 1864 3802 haud
1901 3749 2144 3818 proclive
2171 3759 2355 3813 esset;

781 3855 952 3895 necve
991 3850 1049 3893 ut
1083 3840 1154 3894 ita
1186 3839 1544 3900 insanientes,
1574 3841 1855 3905 prmsentis
1891 3837 2120 3891 remedii
2153 3853 2217 3891 ac
2253 3852 2354 3891 cu-

782 3931 1015 3986 rationis
1059 3929 1264 3986 donuin
1315 3929 1658 3998 perciperent
1689 3948 1702 3984 :
1735 3930 1830 3984 sed
1862 3945 1986 3983 eum
2023 3945 2052 3982 a
2081 3929 2358 4000 principio

783 4022 842 4078 in
893 4037 1061 4077 unum
1106 4021 1257 4076 illuni
1299 4021 1457 4076 finem
1499 4035 1599 4076 sua
1631 4022 1812 4075 omnia
1849 4021 2084 4076 consilia
2127 4035 2360 4076 conver-

786 4115 1008 4178 tissent,
1044 4125 1104 4169 ut
1139 4116 1188 4170 ei
1220 4131 1406 4170 necem
1448 4116 1734 4178 inferrent,
1771 4116 1864 4186 qui
1901 4116 2145 4184 ipsorum
2177 4115 2363 4171 deme-

785 4217 1002 4264 reretur
1057 4217 1306 4278 gentem;
1359 4224 1469 4261 non
1527 4209 1678 4276 prius
1727 4207 2062 4262 destiterunt
2088 4223 2254 4277 quam
2293 4206 2360 4260 ad

788 4301 1111 4371 sanguinein
1142 4300 1554 4368 prophetarum,
1599 4299 1758 4368 cujus
1791 4298 1900 4367 jam
1937 4300 2010 4352 rei
2047 4307 2228 4362 erant,
2262 4311 2365 4352 cec-

788 4388 911 4444 dem
958 4404 1176 4458 quoque
1225 4386 1440 4442 Domini
1473 4388 1775 4457 adjicereut
1814 4405 1828 4442 :
1870 4389 1996 4442 inde
2031 4389 2364 4459 indignatio-

788 4483 880 4538 nis
929 4481 1228 4536 occasione
1259 4491 1496 4549 sumpta,
1550 4481 1692 4534 unde
1724 4479 1828 4534 eisi
1873 4495 1981 4534 non
2014 4480 2278 4542 vob-ntes,
2310 4489 2365 4532 at

789 4586 937 4632 certe
961 4578 1230 4638 nolentes,
1257 4575 1650 4644 impudentiam
1675 4589 1831 4630 suam
1859 4573 2204 4628 verecundiae
2227 4589 2364 4642 prie-

789 4675 944 4722 textu
991 4675 1204 4720 mutare
1249 4671 1522 4736 poterant.
1571 4663 1841 4718 Caeterum
1901 4663 2106 4718 invidia
2159 4663 2362 4718 nullam

791 4757 1033 4812 admittit
1062 4758 1510 4818 admonitionem,
1545 4771 1608 4810 ac
1640 4756 1784 4826 quod
1818 4757 2112 4827 proverbio
2141 4757 2363 4821 dicitur,

794 4851 1021 4904 auribus
1081 4857 1232 4903 caret
1290 4868 1305 4903 :
1359 4863 1692 4918 omnemque
1765 4847 2016 4903 medendi
2069 4848 2362 4912 rationem,

791 4940 1060 5010 azgritudo
1093 4939 1368 5008 ejusmodi
1420 4951 1691 5008 supcrat:
1745 4953 1853 5007 qua
1905 4939 2203 4992 etiamnum
2261 4936 2368 4992 lie-

795 5033 1065 5086 brzeoruni
1143 5031 1423 5100 principes
1491 5030 1969 5084 irremediabiliter
2037 5031 2368 5094 laborantes,

795 5121 1016 5177 interim
1045 5119 1279 5175 infantes
1303 5121 1505 5174 diserta
1537 5121 1721 5189 lingua
1751 5133 1814 5172 ac
1855 5120 2166 5190 rectiloqua
2205 5119 2370 5173 Deum

711 5246 714 5250 -
797 5211 1188 5279 depraidicant,
1237 5209 1339 5278 ipsi
1393 5211 1676 5262 maledicta
1741 5209 1920 5278 lingua
1955 5211 2374 5264 conviciantur:

798 5315 862 5355 ac
911 5298 1153 5353 infantes
1208 5299 1426 5366 quidem
1477 5299 1627 5352 nullo
1679 5300 1904 5354 doctore
1958 5298 2157 5368 liegem
2207 5315 2376 5372 agno-

799 5399 982 5452 scunt,
1033 5404 1098 5442 ac
1147 5389 1354 5444 honore
1410 5400 1850 5458 prosequuntur;
1887 5392 2130 5446 seniores
2165 5402 2370 5450 autem.

799 5481 1006 5548 quique
1062 5478 1395 5532 meditandis
1437 5480 1826 5548 prophetarum
1874 5481 2116 5534 oraculis
2162 5489 2402 5535 aetatem.

801 5581 970 5624 totam
1008 5571 1454 5641 insumpsisscnt,
1488 5574 1738 5626 eumdem
1771 5572 2046 5641 ignorant,
2081 5587 2142 5626 ac
2183 5573 2377 5628 salutis

804 5666 1015 5722 ant-tori
1055 5667 1332 5719 interitum
1369 5674 1588 5720 struunt
1618 5684 1630 5717 :
1666 5665 1823 5734 quasi
1870 5680 1934 5718 eo
1983 5665 2215 5718 consilio
2243 5663 2378 5718 divi-

873 5783 918 5816 “
955 5779 1113 5836 Joan.
1151 5798 1239 5848 xx,
1267 5785 1310 5838 ί.
1393 5785 1432 5814 δδ
1467 5783 1597 5836 Luc.
1641 5799 1692 5848 γ,
1733 5784 1812 5836 l2.
1901 5783 1936 5812 ’⁵
1967 5782 2097 5837 Luc.
2127 5797 2200 5846 ri,
2232 5783 2285 5836 7.

2359 5783 2400 5810 δ’
2441 5782 2597 5836 .ioan.
2643 5783 2810 5846 tu“.

2459 3675 2524 3724 ἐκ
2557 3670 2666 3724 τῶν
2691 3671 2994 3739 γινομένων
3047 3670 3199 3730 ὄντος
3221 3685 3232 3698 ·
3270 3668 3378 3720 οὐδ’
3431 3670 3547 3738 ἅμα
3577 3669 3676 3738 τῆς
3727 3669 4044 3738 παροινίας,

2461 3761 2742 3831 παρούσης
2769 3761 2873 3830 τῆς
2895 3759 3192 3830 θεραπείας
3219 3759 3405 3812 λαϐεῖν
3423 3774 3437 3789 ·
3468 3758 3584 3811 ἀλλ’
3615 3759 3869 3829 ἀπαρχῆς
3903 3763 4048 3829 προς

2461 3853 2518 3905 ἓν
2559 3853 2719 3923 μόνον
2767 3853 3116 3922 ὡρμηκότες,
3151 3852 3242 3904 τὸν
3297 3853 3456 3920 φόνον
3487 3851 3584 3905 τοῦ
3632 3851 3786 3917 γένος
3817 3852 4048 3920 εὐεργε-

2460 3943 2701 4005 τοῦντος,
2756 3943 2816 3994 οὑ
2855 3945 2986 4010 πρὶν
3037 3941 3268 4010 ἀνῆκαν,
3309 3942 3502 4012 μέχρις
3551 3935 3612 3994 οὗ
3645 3943 3728 4008 ἐφ’
3768 3939 3848 4004 οἷς
3901 3937 4050 4012 ἦσαν

2463 4033 2638 4102 ἔνοχοι
2673 4033 3036 4106 προφητικοῖς
3074 4031 3295 4100 αἵμασι,
3339 4029 3432 4083 τοῦ
3480 4031 3749 4084 Δεσπὸτου
3777 4031 4052 4100 προσέθη-

2465 4141 2566 4178 καν
2587 4125 2685 4193 τὴν
2722 4125 2937 4193 σφαγήν
2965 4139 2977 4151 ·
3016 4124 3134 4174 ἐκεῖ
3186 4122 3627 4190 χαλεπαίνοντες,
3657 4121 3718 4186 ἐξ
3769 4116 3830 4175 οὗ
3860 4117 3952 4192 ἦν,
4000 4125 4052 4175 εί

2465 4219 2557 4270 καὶ⁹
2591 4221 2665 4286 μὴ
2697 4216 2944 4278 ἑκόντας,
2981 4215 3096 4267 ἀλλ’
3145 4215 3376 4276 ἄκοντας
3402 4212 3534 4281 γοῦν
3576 4212 3760 4276 αἰδοῦς
3790 4212 4054 4284 χρώματι

2468 4307 2794 4378 μεταϐαλεῖν
2826 4307 2923 4375 τὴν
2945 4305 3243 4359 ἀναίδειαν.
3279 4305 3420 4356 Ἀλλ’
3440 4305 3814 4372 ἀνουθέτητος,
3839 4305 3933 4358 καὶ
3949 4306 4056 4358 οὐκ

2467 4399 2602 4467 ἔχων
2626 4391 2772 4460 ὦτα,
2814 4397 2972 4449 τοῦτο
3009 4395 3073 4466 δὴ
3137 4396 3198 4447 τὸ
3243 4394 3341 4448 τοῦ
3376 4393 3537 4462 λόγου
3561 4434 3576 4455 ,
3608 4397 3636 4447 ὁ
3679 4394 3892 4463 φθόνος,
3953 4399 4054 4450 καὶ

2467 4489 2758 4558 φαρμάκου
2798 4485 3119 4556 βοηθοῦντος
3141 4487 3384 4554 ἀμείνων
3417 4489 3446 4551 ἡ
3477 4482 3692 4536 ἐκείνου
3725 4485 4013 4556 ἀρρωστία
4035 4501 4052 4514 ·

2465 4571 2508 4642 ᾧ
2549 4577 2642 4628 καὶ
2671 4575 2766 4628 νῦν
2801 4575 3042 4645 Ἑϐραῖοι
3072 4575 3376 4643 κάμνοντες
3409 4575 3780 4644 ἀθεράπευτα,
3833 4575 4056 4644 νηπίων

2467 4661 2844 4734 εὐθυρρήμονι,
2895 4662 3115 4732 γλώσσῃ
3174 4661 3570 4730 θεολογούντων
3607 4703 3622 4728 ,
3677 4663 3834 4716 αὐτοὶ
3879 4663 4058 4718 λοιδο-

2471 4755 2691 4826 ροῦνται
2721 4755 2991 4824 δυσφήμῳ
3017 4752 3268 4823 γλώσσῃ·
3302 4755 3397 4806 καὶ
3429 4754 3604 4822 βρέφη
3648 4755 3746 4824 μὲν
3789 4754 4058 4808 ἀόίδακτα

2469 4845 2728 4914 γνωρίζει
2789 4846 2882 4897 τὸν
2937 4843 3182 4914 βασιλέα,
3227 4845 3320 4896 καὶ
3347 4845 3514 4914 τιμᾷ·
3560 4845 3924 4916 πρεσϐύτεροι
3973 4847 4057 4910 δὲ,

2471 4943 2536 5008 τῇ
2570 4940 2769 5010 μελέτῃ
2805 4939 2911 4992 τῶν
2943 4938 3298 5010 προφητικῶν
3327 4938 3592 5007 χρησμῶν
3637 4941 4046 5008 γεγηρακότες.

2471 5029 2765 5097 ἀγνοοῦσι,
2815 5030 2910 5082 καὶ
2952 5029 3096 5082 κατὰ
3147 5029 3241 5082 τοῦ
3291 5029 3556 5092 σώζοντος
3605 5030 3904 5090 μελετῶσιν
3945 5035 4058 5084 ἀπ-

2471 5120 2686 5173 ώλειαν·
2720 5120 2908 5190 ὥσπερ
2930 5122 3024 5172 ἐπὶ
3051 5119 3212 5173 τοῦτο
3247 5121 3630 5190 μεμαθηκότες
3654 5123 3720 5174 τὰ
3743 5122 3920 5186 λόγια,
3955 5125 4060 5194 οὐχ

2476 5212 2561 5264 ἵνα
2596 5211 2861 5278 ὲπιγνῶσι
2929 5211 3351 5282 παραγεγονότα
3393 5213 3490 5266 τὸν
3539 5213 4058 5284 προφητευόμενον·

2478 5301 2592 5354 ἀλλ’
2629 5301 2715 5353 ἵνα
2767 5303 3138 5370 φονικωτέραν
3181 5301 3296 5365 ἕξιν
3339 5301 3618 5368 λαϐόντες,
3650 5306 3898 5374 ὀξύτεροι
3923 5308 4060 5375 δρα-

2485 5396 2605 5462 μεῖν
2656 5387 2758 5446 ὦσι
2804 5394 2938 5463 πρὸς
2993 5395 3092 5462 τὴν
3146 5395 3474 5463 ἐπιϐουλήν·
3536 5397 3760 5464 Ὄντως
3823 5403 4062 5468 ταχυ-οι

2477 5483 2658 5548 πόδες
2693 5483 2815 5548 τοῖς
2845 5485 3212 5552 παρανόμοις
3239 5488 3327 5550 εἰς
3351 5485 3416 5538 τὸ
3440 5484 3583 5556 αἷμα
3607 5489 3674 5540 ἐκ
3683 5490 3864 5556 χέειν,
3895 5494 4062 5561 ἀργοὶ

2475 5575 2530 5626 δὲ
2562 5575 2652 5628 καὶ
2674 5575 2835 5644 χωλοὶ
2865 5573 3101 5644 βαδίζειν
3131 5577 3268 5628 κατὰ
3317 5577 3542 5648 γνώμην
3589 5579 3682 5632 τοῦ
3724 5582 4058 5652 κρείττονος.

2480 5661 2546 5717 Ὠ
2574 5669 2636 5718 σὺ
2663 5671 2755 5719 καὶ
2793 5667 3128 5736 ὀφθαλμοὺς,
3157 5669 3249 5719 καὶ
3278 5667 3539 5738 λογισμὸν
3577 5673 3882 5742 ἀφῃρηκὼς
3931 5676 4064 5729 ἑαυ-

2890 5786 2935 5815 "
2973 5785 3139 5840 Matth
3193 5805 3252 5851 ιι,
3307 5790 3386 5844 Hi.
