4224 6444
159 443 229 506 65
1051 411 1338 506 ennio
1370 444 1499 506 vn.
1539 472 1608 481 —
1646 444 1728 504 IN

1834 444 2067 506 ESTUM
2100 442 2543 504 PALMARUM.
3342 432 3412 494 6b

158 552 269 610 τὸν,
302 547 356 600 τί
387 547 452 601 τὰ
486 550 686 619 σημεῖα
716 550 1112 619 παρατρέχεις;
1141 554 1237 604 καὶ
1264 554 1332 604 τὰ
1380 553 1560 606 λοιπά.
1617 554 1736 623 Οὐχ¹

1858 570 1955 607 nas
1992 552 2225 606 Litteras
2281 552 2628 611 didicissent,
2677 561 2780 599 non
2831 552 2888 598 ut
2926 556 3071 604 eum,
3116 554 3274 611 quem
3307 543 3412 595 illa;

156 640 501 707 θηλαζόντων
534 640 837 709 στομάτων,
876 641 1034 694 τοῦτο
1092 643 1157 711 δὴ
1192 644 1254 694 τὸ
1281 645 1446 698 πάλαι
1472 662 1736 716 προειρη-

158 730 320 797 μένον
358 730 436 799 τῷ
467 730 686 782 Βασιλεί
715 731 808 783 καὶ
834 732 1114 803 Προφήτῃ,
1150 735 1281 803 ὁρᾷς
1314 735 1404 788 τὸν
1433 733 1582 788 αἶνον
1600 752 1732 788 κατ-

154 824 518 893 αρτιζὸμενον
545 841 560 887 ;
591 825 690 893 οὐχ
728 824 764 876 ἃ
795 824 964 878 πάλαι
1002 825 1219 897 ᾄδοντος
1253 808 1461 880 ἐκείνου
1486 830 1545 880 ἐν
1570 827 1735 881 Πνεύ-

156 934 311 985 ματι,
348 915 654 986 ἐδιδάχθης,
689 916 765 979 ὡς
795 912 934 970 εἷναί
976 935 1058 970 σοι
1098 918 1350 987 καθάπερ
1394 920 1536 971 τισὶν
1575 920 1734 989 ἐνδη-

151 1008 400 1071 ito-citet;
420 1010 668 1079 σημείοις
687 1013 941 1081 γνωριεῖν
963 1013 1262 1065 ἐπιστάντα
1280 1012 1531 1077 Βασιλέα,
1562 1014 1735 1067 ταῦτα

152 1102 299 1171 ἔχεις
332 1102 429 1155 καὶ
460 1102 594 1154 ὠσὶν
639 1104 904 1167 ἀκουστὰ,
964 1108 1057 1155 καὶ
1116 1108 1228 1166 τοῖς
1265 1107 1375 1166 σοῖς
1415 1104 1509 1173 οὐχ
1537 1106 1738 1174 ὁρῶσιν

149 1196 458 1264 ὀφθαλμοῖς
510 1195 890 1267 θεωρούμενα;
924 1196 998 1267 μὴ
1055 1197 1150 1249 καὶ
1200 1197 1370 1250 ταῦτα
1410 1199 1545 1267 προς
1580 1199 1738 1268 χάριν

152 1290 387 1356 γίνεται.
421 1287 453 1357 ἢ
504 1288 834 1357 πλανώμενα
871 1288 940 1340 τὰ
981 1291 1152 1357 νήπια
1202 1291 1469 1358 προσάγει
1501 1290 1600 1358 τὴν
1650 1292 1740 1343 εὐ-

153 1384 405 1449 φημίανς
433 1381 547 1432 ἀλλ’
580 1380 693 1433 οὐθ’
722 1383 749 1433 ὁ
776 1375 924 1444 αἶνος
956 1376 1067 1445 οἷος
1097 1385 1160 1433 ἐκ
1194 1383 1571 1451 πλανωμένης,
1614 1400 1740 1450 γεν-

151 1474 353 1524 νᾶσθαι
386 1474 583 1542 φρενός
607 1486 620 1499 ·
654 1471 767 1524 οὗθ’
794 1476 826 1540 ἠ
859 1473 1041 1541 ἡλικία
1090 1473 1223 1541 πρὸς
1260 1476 1419 1543 χάριν
1469 1475 1735 1544 πράττειν

150 1565 466 1634 ἐπιτηδεία.
496 1566 663 1619 ’Ὅθεν
689 1563 782 1620 οὖν
812 1566 925 1637 ᾅδει
958 1570 1150 1637 σοφίας
1170 1568 1394 1638 ᾄσματα
1443 1568 1596 1637 χειλη
1638 1567 1735 1638 θη-

149 1658 409 1721 λάζοντα,
443 1662 490 1711 εἰ
550 1661 625 1728 μὴ
678 1658 772 1711 τοῦ
808 1660 1121 1730 Πνεύματος
1155 1659 1412 1731 κινούσης
1454 1661 1553 1731 τῆς
1609 1662 1733 1715 ὲπι-

150 1752 349 1812 πνοὶας
379 1753 451 1803 τὰ
476 1754 576 1821 τῆς
602 1753 700 1821 σῆς
732 1752 995 1821 πονηρίας
1016 1752 1298 1819 ἁμέθεκτα
1313 1753 1516 1822 νήπια;

1852 644 2248 716 prtedicebant,
2281 652 2602 712 praesentem
2632 638 2743 707 jam
2795 641 3173 706 agnoscerent,
3227 631 3321 687 sed
3355 643 3415 684 ut

1844 742 2026 793 animo
2060 740 2112 791 in
2143 735 2345 790 cuidem
2382 734 2549 802 magis
2596 733 2843 789 incensa,
2874 728 3109 780 velocius
3162 724 3229 779 ad
3275 723 3413 776 insi-

1842 831 1961 883 dias
2012 827 2311 882 tendendas
2354 830 2731 892 properarent.
2786 816 2927 871 Vere
3000 816 3197 869 veloces
3259 812 3415 883 pedes

1842 921 2038 989 iniquis
2091 919 2158 972 ad
2207 914 2575 987 effundendum
2608 918 2916 982 sanguinem
2947 908 3066 973 WL';
3101 907 3237 961 lardi
3287 920 3417 960 vero

1843 1029 1907 1068 ac
1953 1010 2157 1075 claudi,
2204 1022 2262 1064 ut
2316 1024 2374 1063 se
2404 1022 2468 1061 eo
2499 1005 2800 1066 conferant,
2842 1017 2952 1071 quo
2986 1012 3143 1053 mens
3179 1011 3243 1050 ac
3276 998 3417 1047 ratio

1844 1105 2035 1159 melior
2071 1104 2283 1158 suadet.
2321 1101 2365 1156 O
2402 1108 2454 1154 te
2504 1100 2784 1157 miserum,
2829 1094 2921 1163 qui
2958 1090 3147 1144 oculos
3192 1086 3291 1141 tibi
3355 1100 3418 1137 ac

1842 1199 2108 1252 rationem
2163 1195 2277 1264 ipse
2317 1191 2590 1253 ademisti,
2634 1202 2735 1241 cur
2788 1187 2943 1253 signa
2993 1184 3209 1249 aliaque
3244 1177 3420 1230 admi-

1843 1290 2014 1345 randa
2053 1290 2245 1343 leviter
2272 1286 2408 1339 adeo
2445 1279 2728 1353 praeteris?
2761 1277 2952 1331 Nonne
2995 1288 3061 1327 ex
3099 1269 3417 1324 lactentium

1841 1401 1958 1450 ore,
1983 1384 2127 1453 quod
2166 1380 2295 1436 olim
2340 1378 2472 1447 Regi
2524 1385 2686 1443 atque
2732 1370 3017 1440 Propheta:
3058 1364 3172 1436 (23)
3225 1361 3420 1429 praedi-

1840 1488 1985 1531 ctum
2022 1486 2190 1538 esset,
2226 1473 2438 1526 laudem
2465 1468 2651 1538 perlici
2680 1464 2866 1519 vides?
2891 1460 3104 1519 Nonne,
3133 1469 3254 1523 quae
3285 1453 3415 1507 olim

1838 1567 2030 1623 eodem
2061 1567 2114 1619 in
2145 1563 2343 1635 spiritu
2359 1560 2674 1615 modulante
2700 1556 2928 1609 edoctus
2964 1567 3024 1605 es
3046 1587 3062 1609 ,
3094 1555 3155 1601 ut
3188 1542 3418 1598 manife-

1838 1660 2095 1715 stissimis
2118 1673 2181 1713 ac
2194 1652 2626 1712 evidentissimis
2648 1650 2819 1719 signis
2866 1650 3189 1716 praesentem
3218 1637 3419 1707 Regem

1834 1753 1935 1807 tibi
1959 1766 2255 1822 agnoscere
2286 1750 2506 1811 liceret,
2534 1747 2646 1811 jam
2668 1751 2721 1796 et
2748 1740 2973 1794 auribus
3004 1735 3209 1797 audita,
3232 1730 3421 1785 eiecis-

146 1860 257 1913 que
280 1845 464 1897 oculis
492 1845 601 1898 tuis
626 1843 921 1912 conspicua
944 1857 1007 1895 ac
1034 1842 1150 1897 visa
1178 1843 1387 1899 habes?
1414 1844 1551 1898 Num
1568 1853 1616 1898 et
1637 1844 1753 1899 haec
1773 1844 1839 1898 ad
1863 1845 2090 1915 gratiam
2116 1843 2252 1896 fiunt
2271 1860 2285 1907 ;
2304 1848 2398 1895 aut
2423 1852 2613 1894 errore
2634 1832 2846 1903 decepti
2874 1829 3132 1891 infantes,
3158 1829 3417 1896 hymnum

145 1940 467 1996 texunt?At
501 1952 677 2007 neque
695 1937 1103 2007 laus;ejusmodi
1123 1948 1230 2001 est,
1255 1947 1389 1993 utex
1408 1939 1631 2008 decepta
1660 1949 1839 1995 mente
1872 1939 2145 2010 proficisci
2174 1945 2361 2008 queat;
2387 1948 2561 2003 neque
2583 1929 2877 1991 :etastalis,
2904 1941 3025 1996 qua:
3048 1921 3273 1976 auribus
3299 1931 3419 1971 ser-

144 2035 266 2089 vire
300 2034 476 2086 novit.
500 2032 615 2097 Qua
640 2032 801 2101 igitur
819 2032 1029 2085 ratione
1055 2030 1236 2085 adhuc
1251 2031 1553 2101 pendentes
1573 2034 1642 2088 ab
1666 2033 1831 2087 ubere
1861 2008 2118 2097 infantes,
2143 2032 2299 2101 plena
2329 2028 2542 2098 sapient
2562 2026 2625 2079 i.c
2657 2016 3165 2093 promuntcautica,
3194 2012 3297 2101 nisi
3328 2008 3417 2101 dif

144 2126 377 2179 vinieus
419 2126 657 2194 Spiritus
696 2124 912 2179 afﬂatus
959 2125 1397 2194 instinctusque,
1428 2141 1662 2195 quorum
1697 2129 1844 2181 nulla
1872 2137 1977 2180 tua:
2015 2098 2388 2194 improbitatis
2427 2120 2665 2176 societas
2700 2117 2792 2173 sit,
2828 2121 3009 2166 movet
3036 2124 3099 2161 ac
3139 2098 3418 2160 concitat?

215 2217 293 2273 Ὠ
318 2220 384 2273 σύ
422 2237 485 2288 γε
516 2222 757 2291 ἀρχῆθεν
807 2221 1181 2291 ἐμπαροινῶν,
1222 2221 1290 2274 δι’
1323 2213 1398 2275 ὧν
1423 2217 1504 2285 οἷς
1532 2223 1736 2276 ἐνέπνει

1920 2225 1963 2278 Ο
1999 2232 2049 2278 te
2092 2222 2204 2291 jam
2264 2218 2395 2273 olim
2446 2219 2720 2277 insanum,
2769 2209 2916 2280 quod
2966 2222 3088 2261 cum
3137 2201 3417 2273 prophetis

146 2317 487 2383 προφήταις,
518 2313 614 2376 τὰς
671 2315 987 2383 μιαιφόνους
1037 2315 1303 2377 ὲπέϐαλες
1359 2318 1587 2385 χεῖρας·
1638 2317 1735 2370 νῦν

146 2403 399 2471 ὡσπερεὶ
455 2403 846 2471 σεμνυνόμενος
891 2405 941 2455 εἰ
1007 2404 1404 2476 αὐθαδέστερον
1444 2406 1732 2477 ἐξυδριείς,

151 2492 311 2562 αὐτῷ
340 2510 400 2546 τε
433 2492 754 2561 διαλοιδορῇ,
776 2495 872 2562 τὴν
899 2494 1109 2547 ἐκείνου
1140 2494 1372 2565 δύναμιν
1400 2496 1732 2561 Βεελζεϐοὐλ

154 2584 451 2653 ἀναφέρων
481 2601 493 2615 ·
550 2586 645 2637 καὶ
688 2585 897 2645 τοῦτον,
958 2581 1002 2653 ᾧ
1040 2593 1454 2658 προσμαρτυρεῖ
1496 2590 1585 2642 διὰ
1628 2590 1736 2642 τῶν

155 2677 337 2746 ἔργων
391 2676 468 2738 ῶς
514 2679 768 2743 συγγενεί
814 2676 1138 2747 συμπαρὼν,
1166 2679 1267 2747 τῆς
1325 2680 1426 2748 σῆς
1466 2680 1738 2752 πονηρεύῃ

156 2768 390 2834 φονικῆς
426 2770 793 2839 προαιρέσεως
826 2770 984 2841 ἔργον
1015 2772 1363 2841 ποιήσασθαι.
1398 2774 1468 2826 Σὺ
1505 2775 1601 2843 μὲν
1620 2770 1735 2838 οὖν,

156 2858 311 2922 ἅπαξ
341 2859 412 2911 τὰ
439 2859 535 2912 τοῦ
556 2860 750 2927 φθόνου
788 2861 1065 2915 συλλαϐὼν
1086 2864 1304 2935 ὀλέθρια
1329 2865 1639 2933 σπέρματα,
1674 2870 1735 2920 οὐ

157 2950 349 3024 παύσῃ
403 2954 923 3023 στενοχωρούμενος,
991 2956 1095 3018 ἕως
1139 2957 1205 3009 ἂν
1253 2959 1354 3026 τὴν
1427 2959 1738 3013 ἀπολοῦσαν

160 3042 333 3111 ῥήξῃς
371 3042 556 3097 ὠδῖνα.
594 3044 731 3115 Ἤδη
757 3044 866 3115 γὰρ
891 3046 1084 3115 ἐκείνῳ
1102 3048 1202 3116 τὴν
1232 3048 1435 3119 μιαρὰν
1464 3049 1739 3112 ἐπιϐαλεῖς

160 3134 463 3203 παλάμην,
516 3135 613 3187 καὶ
666 3136 1040 3200 ἐπιϐαλόντος,
1091 3141 1202 3191 πᾶν
1251 3135 1391 3209 αἷμα
1457 3140 1685 3206 δίκαιον,
1711 3143 1740 3194 ὃ

160 3224 410 3294 ἐξέχεας,
443 3227 863 3293 καταδοήσεται.
897 3229 1004 3282 Καί
1036 3246 1094 3282 σε
1127 3229 1406 3299 κολοφῶνα
1434 3235 1556 3296 ταῖς
1591 3251 1740 3301 μιαι-

161 3318 376 3383 φονέαις
406 3315 782 3368 ὲπιτεθεικότα
808 3316 906 3387 τὴν
941 3320 1279 3389 Δεσποτικὴν
1304 3320 1539 3388 σφαγὴν,
1571 3324 1599 3373 ὁ
1628 3323 1738 3375 τῶν

159 3407 353 3459 κακῶν
377 3406 738 3477 περιλήψεται
771 3407 1039 3475 κολοφὼν.
1073 3410 1382 3463 Μεταὸαλεῖ
1414 3412 1511 3479 μὲν
1554 3412 1617 3482 δή
1655 3430 1738 3465 σοι

162 3500 301 3570 πρὸς
324 3500 543 3563 ἀδοξίαν
574 3502 607 3570 ή
638 3499 848 3564 εὐδοξία
868 3516 881 3530 ο
938 3501 1232 3569 μεταϐαλεί
1263 3501 1320 3553 δὲ
1364 3502 1395 3571 ή
1444 3501 1732 3571 εὐκληρία,

1843 2317 2034 2370 divino
2064 2314 2263 2368 afllatis
2293 2311 2503 2382 Spiritu
2539 2307 2837 2372 sacrilegas
2879 2298 3415 2382 injecisses‘manus,

1842 2424 1989 2463 nunc
2022 2406 2179 2476 quasi
2215 2405 2479 2475 glorians,
2516 2410 2575 2454 ut
2612 2398 2838 2467 majoris
2866 2390 3145 2462 quidpiam
3179 2380 3415 2453 injuriae,

1843 2475 2175 2568 niajorisque
2210 2495 2527 2564 petulantia:
2554 2490 2749 2544 feceris
2782 2505 2797 2540 :
2826 2498 2938 2537 tum
2971 2482 3045 2536 illi
3063 2475 3416 2537 conviciaris,

1841 2594 1962 2660 ejus
1997 2599 2316 2660 potestatem
2357 2583 2664 2641 Beelzebud
2701 2582 2983 2635 ascribens
3017 2577 3097 2642 ";
3126 2576 3418 2643 ipsumque

1843 2685 1931 2739 cui
1969 2685 2060 2739 ille
2100 2691 2158 2737 ut
2210 2681 2456 2752 ejusdem
2509 2692 2696 2733 secum
2734 2682 2941 2728 natura:
2998 2686 3064 2726 ac
3097 2668 3418 2725 substantiae

1843 2792 1941 2847 per
1985 2789 2152 2845 opera
2206 2772 2584 2827 testimonium
2617 2767 2816 2828 defert,
2875 2778 3044 2834 pravo
3076 2770 3173 2815 tuo
3216 2759 3415 2812 volun-

1845 2868 1975 2921 tatis
2020 2867 2304 2939 proposito
2341 2866 2459 2919 neci
2493 2862 2706 2917 tradere
2736 2858 2956 2929 quaeris.
2994 2857 3061 2909 At
3106 2869 3161 2908 tu
3195 2852 3415 2923 quidem

1844 2969 2133 3031 postquam
2183 2957 2495 3028 perniciosa
2555 2953 2775 3009 invidia:
2817 2950 3024 3005 semina
3064 2946 3230 3002 semel
3280 2959 3416 2998 con-

1847 3054 2066 3121 cepisti,
2098 3066 2204 3105 non
2238 3051 2458 3106 desines
2485 3046 2683 3101 arctari
2714 3060 2777 3097 ac
2804 3039 3201 3112 coangustiari,
3235 3046 3416 3107 quoad

1845 3144 2167 3215 perniciem,
2220 3156 2385 3211 quam
2445 3140 2712 3209 parturis,
2762 3136 2969 3204 parias.
3005 3133 3125 3188 Jam
3160 3132 3305 3185 enim
3338 3130 3416 3182 illi

1847 3235 2132 3290 scelestam
2170 3247 2391 3287 manum
2440 3231 2675 3299 injicics,
2714 3242 2778 3281 ac
2811 3227 2901 3281 ubi
2936 3225 3208 3295 iujeceris,
3238 3222 3419 3277 omnis

1845 3327 2070 3397 sanguis
2094 3325 2299 3393 justus,
2332 3339 2493 3393 quem
2542 3320 2804 3384 eliudisti,
2842 3329 3035 3373 contra
3068 3327 3122 3370 te
3146 3318 3419 3372 exclama-

1847 3419 1970 3471 bit:
2017 3431 2253 3484 cumque
2317 3413 2628 3469 homicidiis
2682 3428 2747 3466 ac
2794 3410 3104 3481 parricidiis
3168 3408 3417 3478 apposita

1848 3522 1980 3560 nece
2021 3508 2259 3569 Domini,
2300 3505 2461 3575 quasi
2505 3504 2809 3573 col0phona
2847 3503 3194 3571 imposueris,
3253 3501 3417 3553 simul

161 3587 305 3665 ἐφ’ᾖ
339 3592 490 3661 παρά
515 3592 735 3644 πάντων
773 3590 1110 3660 ὲθαυμάζου,
1160 3595 1239 3653 εἰς
1278 3593 1565 3662 ἀσχήμονα
1612 3595 1736 3646 δυσ-

1846 3603 2009 3652 etiam
2040 3607 2092 3653 te
2136 3598 2406 3650 malorum
2433 3596 2676 3649 omnium
2718 3594 2989 3663 colbphon
3022 3592 3416 3662 apprehendei.

162 3683 400 3755 κληρίαν
419 3699 433 3712 ·
465 3685 526 3735 οὐ
562 3682 838 3752 βασιλείας
863 3682 1043 3751 μόνον,
1074 3682 1180 3735 οὐδ’
1215 3684 1515 3754 ἱερωσύνης
1536 3726 1551 3749 ,
1604 3685 1744 3738 ἀλλὰ

162 3776 259 3828 καὶ
289 3775 485 3843 αὐτῆς,
521 3776 588 3845 ἢν
612 3775 810 3843 ἔφυρες
836 3775 1029 3844 αἵματι
1060 3774 1278 3845 δικαίῳ,
1326 3775 1431 3844 γῆς
1466 3776 1742 3847 ἀφαιρού-

166 3882 361 3933 μενοςσ
406 3868 502 3917 καὶ
554 3865 972 3933 σκυθρωπὰσεις
1024 3865 1244 3935 ἀληθῶς
1278 3867 1359 3927 εἰς
1398 3867 1572 3921 αἰῶνα
1622 3871 1743 3931 ταῖς

166 3958 478 4027 ευμφοραῖς
522 3956 842 4025 φροντίζων,
894 3956 1009 4009 ἀνθ’
1040 3951 1114 4008 ὦν
1147 3956 1287 4026 ἔχων
1314 3957 1602 4025 δυσκόλως,
1649 3961 1745 4013 καὶ

166 4052 456 4121 προτιμῶν
486 4044 626 4101 εἶναι
664 4049 856 4112 κακὸς,
887 4049 1005 4101 δέον
1033 4049 1421 4120 φαιδρύνεσθαι
1445 4054 1511 4120 τῇ
1545 4069 1745 4121 παρου-

165 4144 259 4214 σίᾳ.
287 4142 385 4195 τοῦ
414 4142 689 4205 Βασιλέως
714 4158 730 4175 α
763 4144 828 4194 σὺ
866 4142 923 4194 δὲ
953 4142 1044 4195 τὸν
1071 4142 1281 4195 ἐκείνου
1313 4144 1745 4212 πονηρευόμενος

166 4235 425 4298 θάνατον,
462 4233 913 4304 ἐσκυθρώπαζες.
957 4235 1030 4287 Σὺ
1093 4235 1192 4304 μὲν
1222 4231 1350 4301 οὖν,
1404 4236 1640 4301 Ἰουδαῖε,
1667 4240 1747 4301 εἰς

164 4331 223 4383 ὃν
242 4332 449 4401 ἥκιστα
475 4330 640 4400 ἐχρῆν
658 4333 1012 4401 παροινήσας,
1038 4331 1264 4385 τοιαῦτα
1286 4334 1741 4403 κληρονομήσεις,

164 4421 355 4474 οὐκέτι
393 4422 491 4490 μὲν
521 4423 600 4483 εἰς
625 4421 753 4473 λαὸν
779 4463 795 4485 ,
841 4422 1024 4475 ούκέτι
1077 4421 1134 4474 δὲ
1188 4425 1266 4485 εἰς
1293 4423 1409 4477 υἱὸν
1439 4425 1746 4494 τιμώμενος

167 4516 248 4587 τῷ
277 4513 432 4585 Qui)“
490 4514 603 4567 ἀλλ’
647 4515 1067 4584 ἐξελαυνόμενος
1112 4514 1207 4568 τοῦ
1260 4517 1411 4570 οῐκου
1456 4517 1594 4584 μετὰ
1646 4517 1746 4586 τῆς

165 4606 465 4676 δυσγενοῦς
498 4608 592 4660 καὶ
634 4607 845 4677 φαύλης
883 4607 1273 4679 προαιρέσεως.
1314 4610 1557 4676 Λήψεται
1611 4610 1668 4661 δὲ
1718 4611 1748 4661 ὁ

166 4700 484 4767 Μονογενὴς
515 4699 666 4769 παρὰ
697 4698 788 4751 τοῦ
819 4699 1029 4769 Πατρὸς
1056 4700 1257 4770 κλῆρον
1291 4701 1360 4753 τὰ
1392 4701 1519 4771 ἔθνη
1552 4701 1741 4764 αἰτῶν,

168 4790 218 4842 οἳ
259 4793 359 4844 καὶ
387 4790 505 4842 λαοὶ
533 4790 957 4860 χρηματίσουσι,
994 4791 1090 4845 καὶ
1140 4793 1249 4845 τῶν
1293 4792 1396 4863 υἱῷ
1428 4794 1746 4862 πρεπόντων

169 4882 599 4945 ἀπολαύσουσιν,
622 4885 833 4951 εὐγενεῖ
854 4886 996 4954 τόκῳ
1020 4884 1113 4936 καὶ
1134 4884 1404 4954 ἐλευθέρῳ
1428 4885 1744 4953 γεννώμενα

169 4977 248 5046 τῲ
274 4978 481 5048 Πατρί·
516 4977 544 5030 ὃ
574 4978 813 5048 σήμερον
844 4980 876 5046 ἡ
906 4979 1001 5029 ἐπὶ
1034 4975 1111 5046 τῷ
1136 4975 1298 5047 πώλῳ
1345 4978 1581 5049 καθέδρα
1639 4996 1743 5046 μη-

170 5068 314 5131 νύει,
349 5070 458 5123 τῶν
490 5070 629 5132 τέως
662 5070 1012 5140 ἀκαθάρτων,
1042 5069 1137 5123 καὶ
1156 5071 1547 5123 ἁνυποτάκτων
1574 5070 1743 5124 ἐθνῶν

170 5159 293 5229 θεῷ
313 5162 413 5229 τὴν
435 5162 700 5231 ἐσομένην
731 5162 1026 5231 ὑποταγὴν.

1848 3693 2131 3763 gloriaque
2185 3691 2239 3743 in
2312 3689 2605 3759 inglorium
2671 3688 2770 3740 tibi
2832 3688 3033 3740 statum
3084 3685 3241 3739 cedet
3286 3703 3299 3739 :
3354 3700 3418 3737 ac

1847 3801 1968 3839 sors
1998 3785 2087 3837 illa
2122 3783 2268 3846 felix,
2316 3782 2477 3850 cujus
2509 3781 2682 3851 gratia
2714 3780 2970 3834 omnibus
3002 3779 3152 3833 fuisti
3183 3779 3419 3832 admira-

1847 3877 2006 3937 tioni,
2036 3877 2089 3929 in
2132 3874 2447 3945 ignominiaa
2478 3875 2693 3943 plenam
2729 3872 3107 3928 infelicitatem
3142 3882 3415 3938 vertetur;

1846 3978 1908 4023 ut
1954 3970 2154 4022 nedum
2192 3982 2358 4037 regno
2392 3975 2445 4021 et
2481 3965 2814 4030 sacerdotio,
2862 3965 2954 4019 sed
2988 3972 3045 4019 et
3078 3965 3216 4034 ipsa,
3253 3980 3416 4033 quam

1840 4062 1994 4131 justo
2027 4060 2291 4130 sanguine
2343 4057 2579 4122 tinxisti,
2634 4067 2781 4113 terra
2831 4055 3137 4126 spolieris:
3182 4071 3420 4125 vereque

1847 4154 1902 4207 in
1956 4153 2349 4221 sempiternum
2404 4158 2620 4218 tempus
2679 4146 2962 4218 altiigeris,
3015 4146 3419 4201 calamitatibus

1848 4242 2176 4307 confectus;
2214 4256 2278 4295 eo
2321 4240 2469 4310 quod
2511 4249 2563 4293 te
2612 4255 2760 4294 nunc
2817 4239 3064 4309 improbe
3113 4254 3305 4306 gerens
3355 4256 3418 4291 ac

1846 4335 2167 4404 pravitatem
2206 4342 2538 4402 przeoptans,
2570 4347 2694 4387 cum
2729 4330 2891 4401 Regis
2930 4331 3225 4401 praesentia
3256 4340 3309 4385 te
3335 4338 3415 4384 vel

1848 4427 2084 4480 maxime
2131 4425 2422 4479 exhilarari
2469 4432 2772 4493 oporteret.
2823 4432 2880 4477 tu
2940 4438 3194 4493 perversa
3238 4433 3419 4476 mente

1848 4520 1894 4573 ei
1922 4518 2202 4571 interitum
2234 4516 2485 4581 moliens,
2524 4516 2795 4570 morosior
2816 4529 2939 4570 esse
2970 4514 3250 4569 malueris.
3281 4511 3416 4568 Cum

1849 4611 2036 4681 igitur,
2075 4608 2280 4672 Iudaee,
2333 4609 2388 4662 in
2437 4624 2596 4678 quem
2651 4609 2875 4662 minime
2912 4607 3183 4661 debueras
3214 4605 3417 4660 debac-

1854 4702 2051 4755 chatus
2083 4699 2181 4763 sis,
2218 4697 2274 4752 id
2326 4713 2456 4752 vero
2505 4699 2886 4767 consequeris,
2939 4707 2998 4751 ut
3044 4711 3152 4751 non
3181 4696 3417 4764 amplius

1849 4793 1904 4846 in
1963 4791 2129 4846 filium
2165 4790 2437 4860 reputeris
2465 4830 2479 4851 ,
2528 4790 2621 4845 sed
2673 4792 2834 4845 domo
2878 4790 3123 4861 propria,
3168 4804 3292 4843 cum
3325 4788 3418 4843 de-

1849 4899 2050 4951 genere
2096 4898 2159 4936 ac
2233 4882 2482 4951 improbo
2541 4893 2633 4935 tuo
2688 4882 2969 4951 proposito
3014 4878 3413 4933 extermineris.

1850 4977 1918 5030 At
1961 4974 2304 5044 Unigenitus,
2352 4983 2540 5044 gentes
2588 4987 2619 5026 a
2665 4975 2829 5027 Patre
2880 4972 3167 5041 postulans
3198 4971 3253 5023 in
3302 4970 3416 5023 hae-

1850 5071 2133 5125 reditatem
2192 5076 2516 5138 accepturus
2553 5076 2638 5121 est
2670 5067 2737 5133 δθ,
2786 5081 2907 5135 quae
2952 5074 3005 5119 et
3058 5064 3289 5133 populus
3322 5079 3417 5117 vo-

1853 5163 2148 5226 cabuntur,
2206 5174 2271 5212 ac.
2318 5159 2412 5213 lilii
2473 5164 2884 5225 consequentur
2940 5155 3111 5222 jura;
3178 5155 3415 5222 ingenuo

172 5252 458 5321 liberoque
512 5262 667 5321 partu
721 5253 867 5307 Patri
916 5262 1059 5307 natae
1121 5268 1185 5308 ac
1219 5264 1565 5323 comparatae:
1598 5253 1741 5325 quod
1782 5254 1943 5308 hodie
1993 5256 2169 5308 sessio
2200 5253 2292 5305 illa
2340 5267 2503 5321 super
2538 5251 2744 5319 pullum
2820 5246 3047 5309 indicat,
3077 5246 3192 5300 fore
3256 5246 3417 5299 nimi-

175 5360 298 5399 rum
354 5354 415 5399 ut
464 5359 707 5415 eousque
757 5343 1047 5399 immunda:
1090 5355 1277 5415 gentes
1312 5360 1374 5399 ac
1414 5346 1692 5400 indomita!
1734 5344 1843 5400 Deo
1889 5344 2297 5413 sulijicerentur.

245 5487 331 5521 W‘
364 5483 515 5539 Psai.
556 5501 676 5549 vni,
711 5485 765 5540 5.

842 5486 886 5516 δ’
916 5484 1112 5539 Matth.
1140 5501 1239 5549 xu,
1265 5485 1354 5539 24.
1426 5487 1475 5518 ⁸⁰
1506 5486 1650 5540 Psal.
1690 5503 1750 5549 ιι,
1781 5486 1832 5540 8.

1684 5599 1919 5656 ΝΟΤίἘ.

247 5694 360 5763 (25)
400 5692 552 5760 Quod
574 5692 699 5745 olim
722 5693 830 5761 regi
850 5702 1005 5760 atque
1036 5694 1319 5761 prophetae.
1344 5695 1744 5763 Προειρημένον

177 5766 253 5835 τῷ
286 5764 499 5834 βασιλεί
530 5764 625 5815 καὶ
648 5766 949 5835 προφήτῃ,
982 5781 1175 5832 nempe
1231 5765 1419 5818 Davidi
1458 5765 1599 5833 psal.
1626 5781 1743 5835 vni.

179 5834 323 5891 Nini
378 5835 607 5888 clarius.
648 5834 919 5902 lutei-pres
942 5834 1114 5887 levius
1161 5839 1212 5889 in
1237 5836 1514 5889 Christum
1555 5834 1742 5896 refert,

178 5910 265 5963 cui
295 5907 430 5977 Regi
487 5919 549 5957 ac
584 5902 866 5972 Propheta:
894 5906 1213 5972 prmdictum
1248 5919 1315 5960 su
1352 5906 1743 5977 perliciendam

492 6002 761 6061 l‘arnoL.
805 6001 919 6061 Gn.
968 6003 1009 6062 l3
1022 6004 1059 6062 γ
1076 6005 1154 6066 il.

1851 5694 2089 5749 laudem.
2124 5693 2228 5749 Sed
2267 5693 2319 5747 id
2376 5694 2537 5763 longe
2589 5709 2617 5747 a
2652 5693 2817 5763 plano
2852 5707 3019 5747 sensu
3059 5704 3123 5744 ac
3173 5690 3414 5743 auctoris

1853 5777 2051 5820 tuente.
2084 5762 2491 5835 Argumentum
2535 5762 2751 5817 hoc’ad
2793 5762 2997 5817 Christi
3059 5764 3409 5835 astruendam

1853 5832 2195 5892 divinitatem
2228 5844 2424 5906 urgent
2457 5837 2659 5905 pariter
2696 5842 3025 5889 tractatores
3065 5832 3282 5893 reliqui.

2948 5996 2984 6052 3
