4232 6444
813 440 879 501 (Π
2031 429 2222 490 ].EO.\'
2237 429 2304 485 IS
2342 429 2435 485 Pll
2449 429 2465 484 l
2479 425 2757 486 LOSOPH
2776 427 2794 481 ι
3985 430 4052 487 53

888 545 1200 607 Enimvero,
1251 544 1361 595 lucc
1397 542 1614 611 quidem
1658 556 1758 596 suo
1788 548 2047 593 eventura
2104 550 2373 609 tempore,
2408 543 2459 598 Λ

817 650 970 691 muto
1022 637 1280 690 Dominus
1317 636 1500 704 Operis
1531 633 1931 704 pramuntiabat
1965 632 2279 701 przeconio;
2323 638 2379 680 at

820 730 1051 792 Ilebra‘i,
1102 727 1237 781 nihil
1288 727 1340 780 in
1399 728 1639 781 animum
1691 726 1933 779 volentes
1992 723 2272 783 imlucere,
2321 737 2383 773 ac

820 822 1141 888 intelligere,
1178 818 1255 871 vel
1290 827 1348 870 ut
1374 819 1643 887 pra-terila
1676 816 1848 881 dicas,
1880 814 1960 868 vel
1987 824 2044 869 ul
2072 813 2381 883 praesentia,

820 913 911 964 sed
954 911 1004 963 id
1058 918 1271 963 tantum
1322 910 1607 961 molientes
1648 917 1707 961 ut
1756 908 2087 972 impudentia
2122 913 2341 974 agerent
2371 945 2384 966 ,

820 1001 977 1069 quasi
1037 1000 1285 1053 Salvator
1339 999 1436 1052 has
1487 999 1591 1052 sibi
1651 999 1840 1052 laudes
1896 1006 2269 1066 procurasset,
2327 1012 2390 1050 ac

825 1092 1140 1145 laudatores
1176 1099 1588 1159 congregasset,
1643 1091 1817 1158 ipsum
1860 1088 2080 1151 adeunt,
2140 1096 2301 1157 atque
2338 1092 2386 1141 in

826 1198 1071 1236 Inurmur
1119 1190 1579 1250 prorumpentes:
1615 1179 1736 1233 Non
1796 1180 1974 1245 audis,
2020 1181 2217 1250 inquit,
2266 1181 2389 1250 quid

826 1274 916 1325 isti
949 1273 1126 1324 dicant
1154 1272 1235 1325 5'?
1268 1272 1345 1325 Tu
1375 1272 1496 1325 illos
1525 1273 1833 1340 interroga,
1867 1272 2000 1337 Quis
2033 1282 2137 1334 est,
2172 1274 2261 1343 qui
2292 1276 2390 1325 im-

826 1365 995 1432 pulit?
1046 1364 1299 1432 quisnam
1332 1363 1537 1426 docuit,
1578 1362 1796 1430 quando
1826 1365 2143 1417 memoriam
2177 1379 2389 1416 omnem

828 1469 940 1511 tum
995 1458 1340 1511 oraculorum
1380 1458 1715 1517 divinorum,
1777 1467 1889 1508 tum
1945 1470 2169 1524 operum
2214 1464 2389 1507 exter-

831 1548 1069 1608 minasti.
1123 1562 1449 1615 omnemque
1496 1546 1790 1599 humanam
1828 1545 2093 1598 rationein
2141 1558 2206 1598 ac
2245 1545 2393 1612 cogi-

829 1641 1088 1692 tationem
1141 1654 1205 1691 ex
1256 1638 1505 1707 improbo
1567 1647 1659 1691 tuo
1708 1647 1927 1705 pectore
1967 1637 2391 1706 proscripsisti?

828 1736 963 1787 Nam
995 1734 1083 1787 ille
1109 1734 1329 1803 quidem
1368 1735 1552 1787 habitu
1587 1734 1835 1787 modesto
1864 1749 1927 1786 ac
1957 1733 2234 1787 moderato
2272 1749 2387 1802 pro-

829 1827 973 1880 cedit
1005 1844 1019 1879 :
1057 1826 1110 1878 hi
1146 1842 1274 1881 vero
1315 1830 1474 1894 regia!
1503 1827 1763 1894 congruis
1808 1826 2078 1895 majestati
2113 1826 2393 1880 salutatio-

2569 534 2725 587 Ἀλλὰ
2756 531 2928 585 ταῦτα
2965 532 3065 600 μὲν
3089 532 3167 594 εἰς
3188 532 3319 584 ῖδιον
3342 531 3743 601 ἁπαντήσοντα,
3768 536 4053 605 πράγματι

2487 627 2759 680 σιωπῶντι
2802 624 3096 693 προῦλεγεν
3126 625 3485 691 ὀΔεσπότης
3539 624 3784 693 Ἑϐραῖοι
3830 628 3885 678 δὲ
3940 648 4045 697 μη-

2484 720 2569 772 δέν
2599 718 2872 771 συνεῖναι1³
2909 715 3241 785 βουλόμενοι,
3272 717 3332 767 ού
3353 716 3461 767 τῶν
3492 718 3814 785 γεγονότων,
3854 722 3914 772 ού
3953 723 4055 773 τῶν

2495 812 2780 881 παρόντων
2801 826 2815 840 ο
2870 809 3008 861 ἀλλὰ
3034 807 3192 860 τοῦτο
3216 808 3375 875 μόνον
3410 809 3782 879 ἀναισχυντεῖν
3830 812 4056 876 tau-.35;

2490 903 2868 971 πεποιηκότες,
2889 896 2977 953 οἷα
3003 902 3257 971 Σωτῆρος
3287 902 3385 972 τὴν
3414 904 3689 972 εὐφημίαν
3717 905 3894 973 ἐαυτῷ
3928 923 4057 975 προ-

2488 994 2836 1065 διῳκηκότος,
2862 994 2956 1045 καὶ
2975 994 3100 1056 τοὺς
3119 994 3407 1056 ἐπαινέτας
3426 998 3841 1064 συναγαγόντος,
3868 999 4059 1067 ἐκείνῳ

2493 1091 2914 1158 προσέρχονταιο
2951 1090 3070 1139 Οὐκ
3109 1087 3348 1152 ἀκούεις
3372 1087 3429 1139 τί
3450 1088 3741 1155 λέγουσιν
3776 1099 4059 1157 καταγογι

2492 1181 2801 1250 γύζοντες;
2828 1180 3099 1241 Ἐκείνους
3122 1179 3327 1249 ἐρώταο
3356 1180 3449 1243 Τίς
3474 1183 3500 1233 ὁ
3528 1182 3750 1249 κινήσας
3772 1200 3785 1247 ;
3811 1185 3893 1246 τίς
3944 1185 3971 1236 ὁ
3995 1184 4061 1235 διι

2493 1274 2660 1341 δάξας
2683 1289 2697 1303 ·
2726 1275 2913 1345 ἐπειδὴ
2947 1276 3167 1343 μνήμης
3191 1274 3409 1342 ἀπάσης
3438 1274 3530 1326 καὶ
3557 1273 3715 1327 θείων
3742 1277 3940 1342 λογίων
3968 1279 4056 1329 καὶ

2495 1367 2670 1435 ἔργων
2697 1365 2886 1436 ῶσπερ
2910 1366 3198 1433 ἀειφυγίαν
3216 1365 3596 1435 κατεψηφίσω,
3613 1368 3706 1420 καὶ
3723 1370 3899 1421 πάντα
3925 1368 4061 1436 λογι-

2497 1454 2632 1521 σμὸν
2659 1453 2995 1525 ἀνθρώπινον
3012 1455 3110 1524 τῆς
3138 1457 3235 1525 σῆς
3259 1456 3457 1507 ἀτόπου
3481 1457 3703 1528 καρδίας
3730 1457 3957 1521 ἐδίωξας
3974 1476 3987 1522 ;
4006 1462 4060 1509 'U

2501 1547 2597 1615 μὲν
2620 1545 2726 1615 γὰρ
2752 1544 2887 1615 μετά
2910 1547 3130 1616 μετρίου
3162 1546 3255 1602 τοῦ
3295 1548 3571 1616 σχήματος
3597 1549 3842 1618 πρόεισιν
3864 1566 3878 1580 ν
3915 1552 3966 1602 οῖ
4010 1550 4062 1602 δὲ

2497 1642 2616 1702 ταῖς
2646 1639 2857 1709 βασιλεῖ
2881 1640 3219 1710 πρεπούσαις
3246 1640 3541 1707 δεξιοῦνται
3569 1645 3773 1709 φωναῖς
3796 1661 3809 1672 ·
3841 1644 4064 1695 ἐκείνων

2500 1730 2691 1795 πύθου,
2728 1731 2780 1783 τί
2818 1729 3077 1800 μαθόντες
3130 1732 3190 1782 οὐ
3222 1733 3359 1800 πρὸς
3408 1732 3467 1785 τὸ
3498 1734 3823 1802 φαινόμενον
3879 1736 4064 1804 σχῆμα

2502 1822 2790 1891 φρονοῦσι·
2850 1822 3239 1891 μεγαλοπρεπῆ
3264 1823 3307 1873 δ’
3335 1822 3481 1875 οὕτω
3518 1825 3742 1892 φέρουσι
3797 1829 4000 1894 τιμήν·
4034 1828 4065 1895 ἦ

829 1918 992 1971 nibus
1014 1918 1323 1986 excipiunt:
1354 1934 1419 1970 ex
1446 1918 1554 1971 illis
1584 1916 1887 1975 sciscitare.
1911 1916 2173 1985 quidnam
2196 1917 2393 1977 edocti,
2425 1887 2471 1945 Β

2425 1887 2471 1945 Β
2501 1912 2593 1964 καὶ
2622 1911 2741 1964 λίαν
2782 1911 3121 1982 ἀναισθήτως
3179 1913 3272 1964 ἐπὶ
3321 1914 3434 1974 τοῖς
3478 1913 3658 1977 καλοῖς
3705 1913 4065 1983 διακείμενος,

828 2024 939 2061 non
984 2024 1082 2077 pro
1108 2010 1224 2075 ejus
1249 2008 1448 2076 speciei
1491 2008 1731 2062 sentiant
1762 2007 1997 2070 ratione,
2017 2023 2179 2076 quam
2216 2009 2399 2061 vident

828 2102 1004 2155 oculis
1038 2101 1372 2168 subjectam,
1402 2100 1494 2154 sed
1535 2100 1670 2153 adeo
1697 2101 1924 2155 eximios
1975 2101 2212 2156 honores
2247 2102 2395 2154 defe-

831 2198 973 2243 rant.
999 2188 1151 2251 llem,
1179 2204 1304 2242 cum
1341 2189 1595 2259 stupidus
1619 2189 1770 2244 valde
1794 2192 1893 2252 sis,
1928 2206 1990 2245 ac
2016 2192 2203 2246 tardus
2235 2207 2397 2244 SCIIsII

830 2281 894 2333 ad
948 2280 1213 2343 honesta,
1246 2279 1538 2333 admodum
1590 2290 1772 2334 tamen
1808 2282 1964 2334 velox
2008 2298 2073 2335 ac
2117 2284 2402 2350 expeditus

832 2371 1166 2440 arripiendis
1196 2371 1338 2423 male
1383 2372 1573 2438 agendi
1605 2371 1988 2426 occasionibus
2035 2372 2283 2426 exsistis!
2340 2372 2402 2425 Et

830 2465 900 2519 iis
950 2464 1167 2531 quidem
1202 2462 1293 2531 qui
1326 2462 1459 2532 Regi
1488 2462 1750 2516 honorem
1782 2464 2002 2525 habent,
2032 2463 2169 2517 nihil
2201 2463 2399 2518 videris

831 2559 1095 2613 molestia:
1128 2558 1362 2621 inferre;
1416 2560 1561 2613 nosti
1608 2559 1753 2612 enim
1791 2574 1895 2611 non
1945 2560 2013 2613 ab
2048 2559 2155 2612 alio
2178 2574 2338 2628 quam
2372 2575 2401 2610 η

831 2650 1100 2719 superiori
1144 2649 1191 2702 vi
1245 2650 1469 2702 cdoctos
1531 2649 1937 2718 impulsosquc;
1987 2664 2157 2719 quare
2210 2650 2403 2703 abhis

832 2743 1097 2806 abstines,
1148 2756 1254 2793 non
1309 2739 1566 2809 parcendi
1619 2740 1842 2804 studio,
1902 2740 1999 2795 sed
2055 2741 2198 2810 quod
2262 2741 2404 2795 scias

831 2849 938 2891 non
994 2846 1116 2886 esse
1168 2838 1383 2883 tuarum
1449 2831 1669 2892 virium,
1732 2840 1787 2884 ut
1834 2831 1943 2885 vim
1998 2846 2095 2887 eos
2140 2831 2404 2885 divinitus

831 2923 1109 2976 amantem
1155 2921 1416 2975 cohibeas
1456 2939 1469 2975 :
1509 2936 1572 2975 ac
1600 2935 1668 2974 ne
1699 2920 1744 2974 si
1776 2930 1960 2975 vetare
1989 2920 2207 2984 nitaris,
2244 2920 2406 2975 nihil-

832 3029 938 3082 que
984 3012 1267 3065 molitione
1315 3011 1601 3074 conficias,
1639 3021 1695 3065 tu
1750 3012 1866 3081 ipse
1895 3011 2152 3081 deinceps
2192 3012 2275 3067 vel
2322 3014 2407 3066 in-

833 3108 978 3159 vitus
1034 3104 1277 3165 fatearis,
1336 3103 1547 3157 laudem
1598 3103 1745 3156 illam
1804 3102 2072 3157 Salvatori
2121 3118 2151 3156 a
2200 3104 2404 3174 Spiritu

834 3203 1026 3248 sancto
1068 3193 1237 3247 fuisse
1276 3194 1684 3247 concinnatam.
1728 3191 1862 3245 Nam
1893 3195 2086 3249 tenella
2129 3195 2220 3248 illa
2249 3205 2401 3258 retas,

833 3300 997 3353 quam
1022 3284 1256 3353 agrestis
1286 3292 1379 3335 tua
1411 3282 1601 3336 feritas
1633 3281 1857 3336 minime
1878 3292 1993 3335 erat
2017 3282 2403 3349 terrefactura,

839 3392 903 3431 ac
938 3376 1096 3445 cujus
1131 3376 1279 3429 nulla
1323 3375 1537 3428 ratione
1572 3374 1848 3443 inceptum
1888 3383 2007 3428 erat
2046 3373 2405 3445 diremptura,

836 3472 955 3525 hzec
1017 3486 1139 3540 qua:
1184 3469 1329 3534 dixi,
1375 3482 1425 3523 te
1471 3469 1555 3522 vel
1614 3468 1840 3522 invitum
1902 3468 2059 3522 fateri
2117 3470 2346 3539 cogebat
2393 3489 2404 3522 :

843 3563 1009 3630 idque
1056 3574 1111 3615 tu
1169 3562 1365 3615 callide
1411 3560 1705 3614 admodum
1760 3560 2224 3625 animadvertens,
2285 3562 2407 3616 illos

837 3654 1056 3724 quidem
1103 3656 1371 3723 prmteris,
1431 3656 1496 3706 ad
1553 3654 1702 3706 illum
1735 3667 1861 3706 vero
1893 3654 1984 3719 qui
2016 3653 2107 3706 vili
2136 3662 2403 3722 apparatu

841 3748 1249 3809 invehebatur,
1299 3744 1522 3813 Rexque
1596 3743 1951 3800 nihilominus
1991 3760 2022 3798 a
2072 3744 2410 3800 laudantium

840 3842 1007 3894 rectis
1050 3839 1225 3891 oculis
1278 3838 1605 3891 intuentium
1648 3836 1807 3891 turba
1853 3838 2270 3905 agnoscebatur,
2302 3855 2409 3891 non

839 3936 958 3988 sine
997 3948 1275 3986 murmure
1319 3932 1565 3993 accedis,
1607 3931 1980 4001 hymnumque
2021 3932 2071 3986 ei
2108 3932 2163 3986 in
2206 3934 2413 3986 crimen

838 4026 1025 4077 vertis.
1051 4021 1248 4077 Verum
1274 4022 1425 4075 audit
1454 4037 1671 4088 pueros,
1694 4022 1787 4090 qui
1820 4022 1931 4075 haec
1956 4022 2070 4091 ipsa
2093 4023 2413 4092 priusquam

847 4132 880 4168 n
922 4127 1076 4168 utero
1129 4114 1513 4173 formarentur,
1563 4120 1620 4165 ut
1657 4112 1845 4166 fierent
1893 4114 2207 4177 ordinavit;
2240 4114 2414 4176 audit,

846 4216 902 4260 et
950 4216 1006 4259 ut
1057 4205 1288 4274 plurima
1323 4204 1449 4265 alia,
1487 4205 1557 4257 ita
1591 4214 1645 4257 et
1685 4203 1785 4257 hoc
1831 4204 1950 4271 ipso
1994 4213 2188 4257 eventu
2238 4206 2420 4257 consi-

855 4306 1057 4365 gnant.
1115 4294 1159 4350 Ο
1198 4306 1265 4358 ιο,
1292 4295 1385 4363 qui
1415 4294 1495 4348 vel
1533 4292 1751 4348 sm‘dam
1784 4292 2027 4362 aspidem
2068 4294 2294 4349 auribus
2322 4296 2419 4349 0b-

2501 2002 2839 2072 εὑαισθήτως
2866 2002 3013 2071 ἔχεις
3044 2003 3101 2053 ἐν
3135 2005 3254 2064 ταῖς
3274 2002 3383 2055 τῶν
3420 2006 3606 2056 κακῶν
3630 2008 3927 2074 ἀφορμαῖς.
3963 2008 4070 2059 Καὶ

2499 2097 2608 2157 τοῖς
2641 2095 2737 2163 μὲν
2767 2096 3001 2163 τιμῶσιν
3030 2095 3265 2163 ἐνοχλεῖν
3292 2096 3352 2147 οὐ
3377 2096 3550 2159 δοκεῖς
3582 2114 3592 2127 ·
3625 2093 3772 2161 οἶδας
3823 2101 3931 2169 γὰρ
3976 2102 4070 2168 οὐχ

2504 2188 2596 2255 ὑφ’
2625 2187 2814 2257 ἐτέρου
2847 2189 2990 2245 τινος
3027 2187 3059 2257 ἢ
3101 2185 3195 2239 τοῦ
3247 2189 3554 2255 κρείττονος
3596 2190 3690 2241 καὶ
3723 2190 4073 2259 διδαχθέντας

2503 2281 2595 2332 καὶ
2629 2279 2948 2349 κινηθέντας
2975 2296 2988 2309 ⁸
3027 2278 3354 2332 καὶτούτων
3409 2281 3506 2349 μὲν
3556 2281 3756 2352 ἀπέχῃ,
3783 2284 3842 2335 ού
3899 2285 4075 2351 φειῶ-

2507 2387 2699 2438 μενος’
2750 2371 2863 2423 ἀλλ’
2903 2370 3061 2433 εἰδὼς
3114 2372 3370 2425 ἀδύνατον
3427 2373 3485 2424 ὅν
3536 2389 3618 2425 σοι
3667 2374 3944 2443 διακόψειν
3978 2377 4075 2442 τὴν

2503 2460 2708 2514 ἄνωθεν
2737 2462 2919 2524 αὐτοῖς
2976 2462 3381 2514 ἐπιπνεύσασαν
3406 2462 3632 2533 δύναμιν
3661 2478 3674 2493 °
3724 2467 3817 2517 καὶ
3882 2466 3969 2517 ἵνα
4004 2468 4078 2536 μὴ

2505 2554 2735 2607 κωλύειν
2768 2555 3085 2625 ἐπιχειρῶν,
3116 2549 3237 2607 εἶτα
3276 2555 3441 2624 μηδὲν
3490 2555 3751 2617 ἐξανύων,
3807 2560 3955 2610 ἄκων
3988 2560 4079 2611 καὶ

2506 2646 2668 2703 αὐτὸς
2702 2648 3085 2717 μαρτυρήσῃς,
3119 2647 3222 2698 ὑπὸ
3253 2645 3346 2699 τοῦ
3377 2647 3693 2716 Πνεύματος
3720 2649 4074 2719 ἐξειργάσθαι

2504 2735 2584 2805 τῷ
2613 2737 2825 2807 Σωτῆρι
2851 2738 2939 2790 τὸν
2969 2738 3209 2789 ἔπαινον.
3247 2738 3321 2788 Τὸ
3350 2737 3457 2806 γὰρ
3485 2738 3690 2790 ἁπαλὸν
3718 2738 3818 2808 τῆς
3840 2740 4081 2809 ἡλικίας,

2515 2828 2543 2881 ὃ
2575 2830 2836 2897 φοϐήσειν
2874 2830 2905 2898 ἡ
2958 2830 3023 2898 σὴ
3063 2830 3161 2881 οὑκ
3192 2828 3385 2898 ἔμελλε
3435 2830 3716 2901 θηριωδία,
3766 2833 3874 2885 οὐδ’
3921 2834 4082 2885 ἐκκό-

2505 2920 2625 2989 ψειν
2663 2920 2841 2974 αὐτῶν
2866 2924 2965 2991 τὴν
3000 2922 3341 2993 προαίρεσιν,
3383 2924 3537 2976 ταῦθ’
3561 2924 3707 2993 ἆπερ
3727 2920 3879 2976 εἷπον
3909 2927 4084 2993 ἡναγ-

2506 3006 2642 3070 καζε
2694 3008 2790 3060 καὶ
2838 3009 3041 3061 ἄκοντα
3077 3014 3415 3081 μαρτυρεῖν·
3466 3012 3494 3064 ὃ
3541 3014 3605 3065 σὺ
3651 3013 3772 3065 λίαν
3833 3013 4084 3076 ὑπούλως

2508 3098 2662 3163 νοῶν,
2700 3099 2939 3164 ἐκείνους
2966 3101 3066 3170 μὲν
3087 3103 3474 3173 παρατρέχεις,
3496 3104 3573 3175 τῷ
3601 3100 3646 3156 δ’
3668 3106 3955 3176 ὀχουμένῳ
3984 3109 4084 3175 μὲν

2509 3191 2762 3258 εὐτελῶς,
2790 3194 3117 3265 ἐγνωσμένῳ
3145 3195 3201 3248 δὲ
3233 3196 3444 3265 βασιλεῖ
3466 3200 3577 3261 τοῖς
3612 3200 3721 3250 τῶν
3772 3200 4086 3270 εὐφημούν-

2508 3300 2616 3336 των
2639 3283 2776 3355 ὀρθά
2802 3285 3107 3354 βλεπόντων
3132 3286 3455 3356 ὀφθαλμοῖς,
3480 3290 3758 3361 προσέρχῃ
3777 3291 4087 3358 γογγύζων,

2509 3376 2602 3427 καὶ
2638 3373 2727 3427 τὸν
2762 3374 2931 3445 ὕμνον
2968 3378 3266 3441 ἐπικαλεῖς.
3313 3380 3452 3431 Ἀλλ’
3477 3381 3663 3433 ἀκούει
3691 3382 3797 3434 τῶν
3848 3384 4083 3446 παίδων,

2514 3465 2691 3519 ταῦτα
2724 3468 2853 3537 πρὶν
2880 3469 2938 3521 ἐν
2972 3471 3155 3541 μήτρα
3178 3472 3486 3541 πλασθῆναι
3518 3474 3596 3535 εἰς
3651 3475 3719 3527 τὰ
3767 3473 3863 3526 νῦν
3897 3476 4087 3541 γιγνό-

2521 3574 2658 3627 μενα
2688 3558 2854 3624 τάξας
2875 3574 2894 3593 ⁸
2942 3561 3149 3625 ἀκούει,
3182 3564 3276 3615 καὶ
3324 3562 3511 3633 ῶσπερ
3548 3562 3610 3633 δὴ
3664 3564 3870 3617 πλεῖσθ’
3898 3566 4085 3637 ἕτερα.

2508 3648 2652 3702 οὕτω
2682 3652 2773 3702 καὶ
2812 3650 2966 3704 τοῦτο
3005 3654 3294 3723 σφραγίζει
3327 3653 3416 3707 διὰ
3448 3653 3548 3722 τῆς
3574 3656 3873 3716 ἐκϐάσεως.
3916 3658 3982 3707 Ὦ
4018 3657 4083 3707 σὺ

2508 3740 2607 3810 τὴν
2638 3743 2825 3810 κωφὴν
2853 3744 3051 3797 ἀσπίδα
3076 3745 3241 3797 νικῶν
3275 3748 3333 3798 ἐν
3390 3746 3469 3817 τῷ
3514 3747 3666 3816 βύειν
3704 3747 3771 3799 τὰ.
3801 3742 3939 3810 ὦτα,
3995 3751 4091 3799 καὶ

2510 3834 2577 3886 δι’
2612 3834 2668 3887 ἓν
2706 3837 2861 3888 τοῦτο
2892 3837 3130 3901 ἀκούσας
3187 3840 3301 3902 νῦν,
3360 3840 3425 3892 ἵν’
3483 3842 3891 3911 ἀγανακτήσῃς.
3934 3841 4091 3892 Τίθει

2516 3945 2607 3997 μοι
2671 3929 2799 3999 παρ’
2850 3931 3068 4002 ἐκείνην
3121 3934 3220 3998 τὴν
3268 3935 3486 4002 γραφὴν
3524 3935 3592 3986 τὰ
3631 3933 3958 4001 τελούμενα,
4023 3933 4091 4002 ἧς

2514 4020 2851 4090 θηλαζόντων
2886 4026 3169 4094 στομάτων
3214 4025 3416 4096 ἔμαθες
3463 4023 3611 4081 αἶνον
3661 4027 3921 4098 ᾄδεσθαι·
3988 4030 4093 4079 κᾶν

2531 4116 2605 4184 μὴ
2639 4116 2752 4167 κατ’
2792 4116 3009 4185 ἐκείνην
3037 4118 3167 4186 ὁρᾷς
3200 4118 3321 4187 ἔχον
3352 4120 3414 4171 τὸ
3460 4119 3647 4187 σχῆμα
3700 4119 3794 4172 τοῦ
3830 4120 4097 4187 πράγμα-

2526 4221 2638 4267 τος,
2669 4207 2971 4274 ἀγανάκτει
2994 4226 3007 4238 ο
3045 4211 3093 4260 εἰ
3123 4209 3168 4260 δ’
3200 4210 3514 4278 ἁπανταχοῦ
3563 4210 3623 4262 τὸ
3667 4210 3872 4280 ὅμοιον,
3925 4210 4098 4262 κατάο

2530 4297 2619 4358 οες
2651 4297 2875 4368 ἠρεμεῖν
2903 4300 3200 4371 ἐπιτρέψας
3222 4304 3332 4364 τοῖς
3353 4301 3680 4370 γογγύζουσι
3714 4303 3972 4372 χείλεσιν.

854 4391 1103 4444 turamlis
1145 4404 1391 4458 superas,
1442 4395 1495 4442 et
1544 4403 1608 4440 eo
1660 4388 1832 4441 solum
1892 4388 1996 4442 line
2047 4404 2193 4442 nunc
2223 4389 2407 4442 auditu
2448 4404 2507 4443 es
2552 4406 2703 4455 usus,
2739 4400 2796 4445 ut
2830 4396 3223 4449 succenseres!
3286 4396 3413 4449 Mihi
3467 4412 3530 4450 ea
3572 4412 3694 4465 quae
3756 4406 4100 4466 peraguntur

837 4500 962 4537 cum
998 4498 1060 4535 ea
1090 4495 1357 4550 compone
1389 4479 1690 4548 Scriptura,
1722 4494 1843 4549 quae
1872 4495 1939 4533 ex
1967 4493 2062 4533 ore
2095 4479 2386 4533 infantium
2438 4489 2493 4534 et
2538 4481 2854 4537 lactentium
2885 4494 3115 4539 testatur
3148 4486 3191 4517 ³³
3223 4488 3437 4541 laudem
3507 4488 3801 4553 perfectum
3844 4489 3909 4542 iri
3947 4508 3960 4543 :
4037 4504 4101 4542 ac

840 4580 945 4632 nisi
1000 4593 1125 4631 cum
1174 4593 1237 4631 ea
1290 4591 1403 4630 rem
1446 4577 1615 4644 ipsam
1684 4590 1993 4644 congruere
2055 4576 2406 4645 compereris,
2446 4587 2577 4631 tunc.
2620 4595 2951 4637 succenseas
3000 4581 3149 4636 licet.
3193 4583 3265 4636 At
3335 4584 3380 4639 si
3421 4583 3603 4637 omnia
3646 4598 3953 4639 consonare
4018 4586 4102 4636 vi-

838 4672 1016 4734 deris,
1054 4672 1262 4740 impera
1293 4670 1711 4724 mussitantibus
1746 4670 1855 4722 tuis
1891 4668 2058 4723 labris
2104 4669 2400 4724 silentium.

912 4762 1097 4833 Neque
1130 4764 1263 4817 illud
1306 4765 1424 4825 tibi,
1450 4764 1593 4833 quod
1635 4764 1746 4833 jam
1778 4772 1905 4818 ante
1929 4763 2092 4834 pedes
2136 4771 2403 4827 versatur,
2440 4767 2486 4824 ι)

2440 4767 2486 4824 ι)
2584 4759 2705 4814 Οὐδ’
2735 4760 2909 4812 ἐκεῖνο
2942 4756 3051 4828 ἄρα
3087 4776 3166 4811 σοι
3203 4757 3343 4810 κατὰ
3374 4757 3541 4821 πόδας
3593 4758 3885 4828 ἱστάμενον
3932 4759 4100 4830 εὔδη-

841 4856 1048 4923 liquet;
1084 4857 1221 4927 lapis
1252 4857 1543 4919 nimirum,
1592 4858 1685 4927 qui
1730 4856 1907 4925 factus
1940 4868 2016 4911 est
2056 4860 2111 4910 in
2140 4866 2295 4925 caput
2324 4874 2411 4910 au-

841 4949 953 5018 guli
981 4948 1046 5013 ⁸³,
1082 4950 1134 5002 in
1168 4948 1261 5003 illo
1298 4950 1577 5003 insolubili
1616 4964 1679 5003 ac
1712 4964 1993 5017 nunquam
2030 4950 2247 5003 ruituro
2279 4949 2412 5004 tedi-

845 5040 988 5104 fieio,
1019 5056 1179 5109 quem
1218 5041 1447 5109 lapidem
1479 5050 1534 5093 tu
1574 5041 1821 5109 imperite
1850 5040 2179 5109 reprohasti,
2225 5048 2411 5109 aptum

844 5133 995 5186 illum
1028 5146 1089 5184 ac
1118 5132 1266 5184 oumi
1305 5144 1457 5200 parte
1492 5141 1863 5200 comparatum
1918 5131 1986 5185 ob
2017 5131 2216 5187 utentis
2257 5131 2415 5186 calci-

845 5230 1008 5273 tatem
1051 5220 1363 5291 perspicere
1390 5237 1497 5274 non
1528 5221 1734 5284 valens,
1765 5236 1997 5290 eamque
2026 5222 2097 5275 ob
2131 5236 2244 5275 rem
2267 5237 2296 5275 a
2322 5232 2414 5275 tua

844 5313 1023 5382 ipsum
1050 5314 1212 5366 domo
1232 5314 1489 5368 amolitus
1506 5330 1587 5377 es,
1610 5314 1771 5382 cujus
1795 5314 2072 5384 putridum
2097 5313 2420 5368 fundamen-

846 5415 958 5459 tum
995 5405 1237 5474 proxima
1275 5406 1426 5459 ruina
1453 5415 1714 5475 coarguet
1745 5422 1905 5459 :cum
1934 5406 2070 5459 alter
2093 5406 2182 5461 ille
2214 5408 2417 5476 pretio-

844 5512 941 5551 Lus
973 5510 1035 5550 ac
1074 5498 1281 5552 electus
1304 5496 1440 5566 lapis
1465 5498 1531 5551 ad
1552 5498 1941 5555 semaiternam
1980 5497 2143 5551 aliam
2195 5513 2259 5552 ac
2290 5514 2415 5553 vere

915 5654 957 5685 "
994 5652 1182 5707 Matth.
1211 5667 1326 5716 ιιι,
1360 5652 1444 5708 16.
1506 5654 1716 5711 "Psal.
1753 5670 1869 5722 vni,
1897 5663 1952 5715 ὃ.

2019 5653 2066 5686 ε’
2098 5651 2243 5707 Psal.
2273 5668 2439 5716 Clvn,

2518 4862 2629 4918 λον,
2668 4853 2767 4923 ήδη
2809 4850 2955 4920 πρὸς
2986 4850 3261 4919 κεφαλὴν
3287 4852 3503 4921 γωνίας
3518 4851 3618 4921 τῆς
3655 4852 3849 4906 ἀλύτου
3888 4854 4099 4907 οἰκοδο-

2522 4948 2629 5017 μῆς
2662 4938 3084 5014 γιγνομένου,οὗ
3121 4944 3185 4996 σὺ
3225 4943 3372 4997 λίθου
3416 4944 3621 5013 φαύλου
3648 4940 3700 4997 εἷ
3749 4947 4100 5015 ἀποδοκιμα-

2523 5038 2688 5107 στὴς,
2738 5038 2799 5090 τὸ
2850 5036 3185 5105 πανταχόθεν
3261 5036 3426 5090 αὑτοῦ
3515 5036 3685 5103 δεξιὸν
3712 5036 3779 5089 δι’
3828 5037 3993 5105 ἀδλεέ
4016 5040 4101 5092 ίαν

2521 5133 2744 5197 γνώμης
2778 5128 2903 5180 ἰδεῖν
2926 5128 2985 5180 οὐ
3019 5127 3315 5197 δυνάμενος
3347 5142 3364 5158 ⁸
3393 5128 3487 5180 καὶ
3523 5127 3611 5181 διὰ
3640 5128 3798 5180 τοῦτο
3824 5128 4101 5198 ἀδοκιμά-

2523 5220 2632 5284 ζων
2660 5219 2750 5272 τοῦ
2774 5220 2867 5273 σοῦ
2887 5220 3057 5282 οἴκου,
3083 5215 3142 5274 οὗ
3174 5220 3231 5272 τὸ
3259 5225 3455 5292 σαθρὸν
3483 5222 3606 5274 ὅσον
3644 5220 3794 5272 οὔπω
3839 5223 3871 5290 ἡ
3923 5224 4098 5275 κατεὶς

2525 5311 2677 5373 λυσις
2712 5313 3121 5383 παραγινομένη
3145 5312 3355 5380 ἐλέγξει
3383 5330 3397 5343 ·
3428 5314 3509 5377 είς
3530 5312 3745 5366 αἰώνιον
3789 5314 3960 5384 ἄλλην
4006 5316 4102 5368 καὶ

2525 5405 2672 5457 Θείαν
2690 5404 2856 5467 ὅντως
2874 5405 3158 5475 οἰκοδομὴν
3180 5406 3274 5459 τοῦ
3291 5406 3507 5475 ἐντίμου
3525 5406 3617 5459 καὶ
3632 5405 3890 5460 ἐκλεκτοῦ
3914 5424 3990 5459 πα
4002 5424 4101 5478 ρας

2522 5499 2930 5571 λαμὸανομένου
2985 5500 3131 5554 λίθου
3171 5518 3183 5530 ·
3234 5502 3300 5570 ἢν
3352 5501 3449 5555 καὶ
3491 5500 3815 5573 λαμπρύνας
3871 5501 3967 5556 τοῦ
4013 5502 4101 5557 αἶ-

2461 5653 2530 5693 οη

2130 5764 2359 5824 VARle
2406 5767 2809 5826 LECTIONES.

918 5868 944 5906 ιι
976 5862 1239 5918 συνιέναι.
