4232 6444
204 369 273 431 69
1074 367 1354 429 ORATIO
1392 368 1518 428 VII.
1550 396 1616 405 —-
1651 364 1731 427 IN
1768 367 2065 430 FESTUM
2097 369 2537 431 PALMARUM.
3351 373 3421 438 70

203 492 371 544 ματος
405 477 471 545 τῇ
499 475 666 546 βαφῇ,
694 477 772 539 εἰς
794 471 942 529 οἶκον
968 476 1123 545 ἆγιον
1161 478 1347 531 ἀνύσει
1388 477 1466 548 τῷ
1509 476 1627 548 Θεῷ
1670 478 1766 532 καὶ
1791 500 1874 559 At

1747 478 1766 530 ἱ
1791 481 2104 559 Αιιίνίιιοιιι
2142 490 2474 537 structuram
2521 488 2871 543 assmnatur,
2911 493 3074 551 quam
3122 489 3175 537 et
3215 490 3418 554 preprii

203 569 394 638 ίίατρὶ,
423 569 532 620 τῶν
553 570 684 637 πρὶν
711 571 792 631 είς
823 568 973 621 οὐδὲν
1002 569 1309 639 χρησίμων,
1361 570 1459 623 καὶ
1488 570 1765 640 ἀπερριμ-

201 661 382 727 μένων
411 661 806 729 συναχθέντων,
839 660 933 713 καὶ
967 660 1147 723 καλῶς
1171 663 1229 714 ἒν
1256 662 1404 731 αὐτῷ
1430 660 1767 731 ἀρμολογου-

199 752 403 818 μένων,
446 752 538 804 καὶ
581 751 675 803 σοῦ
724 755 823 822 μὲν
864 755 1353 823 ἁπορῤηγνυμένού
1400 756 1495 807 καὶ
1536 753 1768 807 καταπί-

196 862 430 908 πτοντος
452 885 468 908 ,
495 846 604 897 τῶν
632 846 689 899 δὲ
738 848 1114 915 ἀνισταμένων
1156 850 1253 901 καὶ
1284 842 1371 899 οἵα
1424 848 1639 918 νύμφης
1691 847 1770 917 τῷ

194 941 348 1009 καλῴ
410 942 947 1013 προσαρμοζομένων
1007 944 1244 1013 νυμφίῳ.
1320 939 1414 1006 Οἷς
1493 945 1588 996 καὶ
1650 945 1768 998 λίαν

195 1034 567 1102 συμϐαίνοντα
599 1036 837 1105 σήμερον
871 1037 1064 1106 ὁρᾶται
1089 1036 1185 1088 τοῦ
1219 1037 1499 1106 προφήτου
1545 1038 1612 1089 τὰ
1668 1037 1767 1106 ῥή-

195 1142 367 1193 ματα,
392 1126 607 1195 χαίρειν
634 1128 1073 1197 προτρεπομένου
1115 1127 1207 1179 τοῦ
1256 1129 1476 1199 πραέως
1526 1145 1768 1198 παραγι-

192 1219 465 1287 γνομένου
520 1219 817 1282 Βασιλέως,
854 1219 948 1271 καὶ
996 1220 1095 1288 τὴν
1144 1219 1448 1291 παρουσίαν
1496 1221 1661 1288 τιμᾷν
1699 1223 1765 1289 τῇ

194 1311 540 1380 φαιδρότητι.
572 1313 680 1365 Καὶ
718 1312 900 1381 μέντοι
952 1328 1016 1378 γε
1058 1313 1151 1365 καὶ
1202 1313 1414 1364 συνιᾶσι
1456 1310 1549 1363 τοῦ
1601 1312 1769 1380 κήρυ-

194 1424 309 1473 κος,
343 1410 442 1460 καὶ
466 1410 691 1478 ἄσμενοι
719 1411 810 1462 τὸν
839 1411 923 1478 ἐφ’
961 1406 1006 1478 ᾧ
1040 1412 1211 1463 σῶσαι
1233 1412 1646 1480 παραγεγονότα
1678 1412 1767 1464 δε·-

192 1501 440 1568 χόμενοι,
468 1501 759 1573 τέρπονται
786 1502 973 1573 τέρψιν
998 1504 1165 1565 ὄντως
1186 1504 1453 1573 ἡδυτάτην
1482 1520 1541 1555 τε
1570 1503 1662 1556 καὶ
1707 1504 1768 1556 οὐ

192 1589 472 1659 λήγουσαν
508 1610 525 1624 ο
551 1592 780 1664 λαμπρᾷ
806 1595 899 1649 καὶ
926 1595 1146 1669 γλώσσῃ
1175 1597 1265 1649 καὶ
1325 1600 1476 1669 φωνῇ
1519 1597 1765 1667 βοῶντες,

191 1680 361 1744 ἂτοῖς
411 1683 582 1736 πάλαι
621 1684 986 1756 θεορρἡμοσιν
1024 1689 1102 1750 εἰς
1163 1688 1231 1740 τὰ
1273 1688 1519 1759 παρόντα
1568 1707 1770 1760 προαν-

189 1775 450 1843 εφωνήθη
475 1791 492 1806 ·
520 1777 938 1846 Εὐλογημένος
965 1775 1039 1844 εἷ,
1069 1783 1103 1833 ό
1118 1780 1440 1849 ἐρχόμενος
1464 1782 1532 1832 ἐν
1553 1783 1767 1849 ὀνόμα-

1868 574 2150 644 sanguinis
2177 574 2385 643 liquore
2415 575 2674 643 praeclare
2689 573 2935 632 tinctam.
2968 575 3020 627 in
3043 575 3263 628 dommn
3291 591 3421 630 san-

1866 679 2009 721 clam
2033 666 2145 721 Deo
2165 676 2222 720 et
2252 666 2396 719 Patri
2439 666 2679 735 perficiet
2708 683 2722 718 :
2749 665 2850 726 iis,
2897 682 3015 733 quae
3072 679 3231 722 antea
3277 669 3425 738 abje-

1867 771 1952 813 cta
1984 773 2049 813 ac
2092 758 2295 812 nullius
2321 760 2590 812 commodi
2617 768 2793 823 erant,
2825 760 3192 827 congregatis,
3215 776 3277 813 ac
3308 765 3425 829 pul-

1867 851 1997 905 chre
2023 852 2076 903 in
2111 851 2232 921 ipso
2286 852 2704 920 coagmentatis,
2737 858 2792 904 te
2831 852 3048 921 quidem
3086 850 3336 907 diﬂ‘racto
3372 866 3427 907 et

1867 947 1933 1000 ad
1965 947 2073 999 ima
2095 947 2341 1010 detruso,
2381 946 2466 999 his
2480 961 2609 1000 vero
2630 948 2899 1010 excitatis,
2933 962 2997 1000 ac
3022 948 3195 1001 instar
3213 961 3427 1013 sponsa:

1868 1035 2234 1103 pulcherrimo
2269 1051 2471 1106 sponso
2514 1036 2843 1105 conjunctis.
2874 1038 3086 1102 Quibus
3128 1040 3293 1093 etiam
3326 1039 3415 1091 ho-

1866 1127 2057 1180 dierna
2093 1127 2251 1180 valde
2288 1135 2597 1197 congruunt
2622 1128 2899 1196 propheta:
2929 1129 3091 1181 verba
3120 1128 3188 1192 ⁸⁸,
3225 1130 3427 1199 quibus

1868 1219 2136 1273 mansueti
2154 1217 2317 1290 Regis
2346 1220 2574 1274 adventu
2609 1220 2844 1290 gaudere
2861 1230 3065 1285 monet,
3097 1238 3159 1276 ac
3188 1240 3429 1292 praesen-

1868 1310 1997 1362 tiam
2017 1309 2139 1363 laeto
2170 1311 2456 1378 splendore
2479 1312 2767 1367 honorare.
2803 1308 2945 1365 Sane
2963 1326 3089 1366 vero
3113 1314 3275 1367 etiam
3291 1328 3427 1382 pra:-

1868 1402 2022 1456 conis
2062 1416 2249 1456 vocem
2283 1402 2609 1470 intelligunt,
2643 1402 2987 1471 libentesque
3025 1418 3093 1457 eo
3125 1404 3427 1458 adventan-

1871 1505 1976 1547 tem
2010 1492 2115 1547 flne
2142 1494 2506 1562 suscipientes
2548 1502 2603 1546 ut
2624 1494 2857 1547 salutem
2878 1493 3149 1558 conferat,
3183 1496 3419 1568 delecta-

1869 1587 2016 1640 tione
2078 1602 2204 1641 vere
2271 1587 2598 1641 suavissima
2663 1601 2726 1640 ac
2806 1602 3086 1657 nunquam
3142 1597 3427 1646 cessatura

1871 1675 2279 1748 perfunduntur
2315 1695 2328 1729 :
2357 1678 2611 1745 claraque
2645 1688 2758 1730 tum
2807 1677 3011 1746 lingua,
3040 1690 3153 1732 tum
3179 1696 3333 1742 voce,
3363 1698 3427 1735 ea

1868 1769 2107 1822 clamant
2137 1782 2260 1836 qua:
2291 1783 2319 1820 a
2352 1768 2550 1822 divinis
2574 1768 2700 1821 olim
2732 1767 3115 1835 interpretibus
3138 1770 3191 1822 in
3214 1779 3427 1837 tempus

189 1882 245 1918 τι
280 1868 513 1934 Κυρίου
539 1884 554 1899 ·
587 1869 921 1923 ώσαννὰὲν
956 1870 1082 1936 τοῖς
1125 1872 1426 1938 ὑψίστοις.
1460 1872 1767 1940 Εὐλογημέ-
1800 1880 1842 1934 Β

1755 1902 1767 1912 .
1800 1880 1842 1934 Β
1872 1875 2111 1930 praesens
2136 1862 2347 1915 fuerant
2390 1861 2643 1930 praedicta
2679 1876 2693 1912 :
2725 1858 3039 1914 Benedicms
3072 1877 3124 1913 es
3161 1862 3252 1931 qui
3287 1863 3426 1914 venis

188 1975 279 2020 vo;
299 1954 377 2022 εἷ,
400 1962 430 2012 6
449 1961 654 2030 ῥήματι
678 1961 870 2031 σχίσας
888 1962 987 2032 τὴν
1007 1962 1103 2015 τοῦ
1134 1961 1262 2033 ᾅδου
1285 1963 1547 2032 γαστέρα,
1577 1964 1668 2015 καὶ
1689 1981 1771 2016 τε-

186 2051 513 2120 τραήμερον
543 2051 635 2103 τὸν
672 2052 827 2119 φίλον
850 2053 925 2116 ὡς
955 2054 1014 2119 ἐξ
1039 2054 1205 2106 ὕπνου
1234 2053 1473 2122 ἐγείρας.
1531 2054 1771 2126 Εὐλογηο

190 2141 356 2207 μένος
377 2135 450 2203 εἰ,
476 2143 506 2194 6
530 2142 642 2197 ἄνω
686 2145 785 2212 μὲν
835 2143 1155 2215 θεοπρεπῶς
1203 2145 1520 2216 Χερονσικῷ
1564 2146 1768 2217 ἅρματι

186 2233 561 2301 ἐποχούμενος
584 2252 598 2265 ·
630 2239 781 2289 κάτω
797 2236 843 2290 δ’
874 2236 949 2300 ὡς
970 2236 1255 2308 ἄνθρωπος
1278 2239 1369 2290 ἐπὶ
1406 2236 1590 2290 πώλου
1644 2238 1769 2292 ὄνου

188 2326 249 2375 ὲν
270 2325 489 2377 εὐτελεῖ
518 2327 828 2396 καθήμενος
850 2329 1115 2398 σχήματι.
1164 2328 1541 2399 Εὐλογημένος
1593 2326 1664 2395 εἶ,
1704 2323 1767 2383 οὗ

188 2415 326 2487 ᾅδης
362 2419 464 2487 μὲν
482 2417 582 2486 νῦιξ
606 2420 872 2490 ὲτρὸμαξε
918 2420 1018 2490 τὴν
1067 2420 1249 2491 φωνὴν
1284 2420 1525 2485 ἀκούσας
1560 2435 1574 2449 ⁶
1628 2422 1768 2492 μετὰ

192 2510 373 2579 βραχὺ
424 2510 923 2582 δὲηνεκρωθήσεται
964 2512 1359 2581 ὑποδεξάμενος
1411 2514 1488 2576 ώς
1544 2514 1782 2585 νειιρόν.⁴

191 2602 576 2670 Εὐλογημένος
598 2597 673 2663 εἷ,
695 2603 791 2654 τοῦ
823 2603 1054 2657 θανάτου
1074 2605 1385 2674 ἀναιρέτης,
1448 2606 1478 2656 6
1519 2605 1617 2675 τὴν
1664 2604 1767 2669 ζω-

190 2692 261 2760 ὴν
294 2690 687 2759 ἐξαστράπτων
716 2710 731 2723 ·
765 2695 794 2746 6
823 2692 900 2763 τῷ
925 2693 1201 2764 πλάσματι
1248 2694 1378 2747 ίδίου
1403 2695 1654 2763 σταγόσιν
1680 2696 1766 2748 αἴ-

195 2799 369 2849 ματος
427 2780 699 2852 βοηθήσας
734 2800 748 2814 ·
794 2785 824 2834 6
886 2784 1084 2838 πάθεσι
1115 2788 1229 2849 τοῖς
1266 2789 1378 2849 σοῖς
1417 2790 1507 2839 τὸν
1535 2788 1767 2851 ἀνιάτως

193 2875 475 2943 πάσχοντα
502 2873 865 2945 θεραπεύσας.
900 2877 1274 2947 Εὐλογημένος
1304 2874 1374 2937 εἴ,
1408 2880 1435 2931 6
1469 2879 1635 2931 πάλαι
1668 2880 1766 2947 μὲν

192 2966 252 3015 ἐν
280 2964 524 3035 Βηθανίᾳ.
546 2966 652 3019 ὐπὸ
674 2966 784 3018 τῶν
801 2967 1008 3020 παίδων
1034 2968 1391 3038 ὑμνούμενος,
1440 2968 1536 3021 νῦν
1587 2969 1633 3021 δ’
1687 2972 1763 3032 είς

194 3056 375 3109 πάντα
401 3056 470 3109 τὰ
490 3057 703 3127 πέρατα
724 3057 1000 3126 δοξολογού
1010 3075 1170 3129 μενος
1206 3075 1220 3089 ο
1266 3062 1295 3113 6
1345 3062 1444 3130 τὴν
1492 3063 1765 3130 ἡμετέραν

192 3150 483 3219 ἀσχήμονα
510 3152 723 3221 μορφὴν
747 3152 1044 3223 εὐδοκήσας
1059 3151 1440 3217 ἀναλαὸέσθαι,
1465 3154 1550 3207 ἵνα
1564 3155 1651 3207 διὰ
1665 3155 1764 3224 τῆς

1870 1953 1925 2004 in
1957 1952 2167 2003 nomine
2191 1950 2447 2011 Domini;
2477 1952 2714 2001 hosanna
2744 1950 2801 2001 in
2842 1952 3061 2003 excelsis
3083 1951 3148 2002 ³⁸.
3188 1950 3423 2006 Benedi-

1870 2052 1992 2099 ctus
2020 2059 2102 2105 es,
2121 2042 2214 2111 qui
2247 2044 2420 2096 verbo
2451 2042 2651 2095 inferni
2680 2049 2927 2095 ventrem
2958 2043 3273 2107 scidisti,ae
3294 2046 3428 2097 arni—

1868 2150 1990 2190 cum
2025 2134 2448 2204 quatriduanum
2473 2133 2712 2202 quasiex
2737 2147 2930 2187 somno
2963 2133 3427 2190 excitasti.Bene-

1868 2226 2052 2279 dictus
2080 2241 2161 2288 es,
2194 2225 2289 2295 qui
2319 2224 2633 2279 Cherubico
2668 2239 2856 2288 curru,
2885 2232 2944 2279 ut
2969 2223 3136 2279 Deum
3165 2225 3343 2288 decet.
3372 2228 3426 2281 in

1866 2316 2019 2370 caelis
2070 2316 2376 2379 inveheris;
2418 2316 2621 2385 quique
2668 2314 2815 2384 pullo
2856 2314 3023 2379 asini,
3078 2315 3170 2369 vili
3215 2315 3427 2379 habitu,

1869 2409 2116 2463 insidens
2152 2409 2204 2463 in
2238 2418 2379 2463 terra
2421 2408 2776 2476 conSpiceris.
2812 2406 3131 2462 Benedictus
3161 2424 3241 2473 es,
3270 2410 3429 2478 cujus

1869 2518 2013 2556 nunc
2053 2502 2275 2571 quidem
2330 2502 2511 2555 audita
2552 2515 2685 2557 voce
2746 2502 3083 2556 contremuit
3135 2502 3428 2564 infernus;

1868 2591 2008 2646 idem
2056 2593 2170 2660 ipse
2210 2592 2361 2644 brevi
2394 2595 2739 2659 postmodum
2777 2594 3150 2662 perimendus,
3198 2608 3323 2646 cum
3370 2604 3431 2647 ut

1868 2695 2142 2738 mortuum
2178 2694 2229 2739 te
2252 2686 2573 2753 susceperit.
2603 2684 2928 2739 Benedictus
2946 2701 3027 2747 es,
3064 2686 3256 2740 mortis
3282 2690 3431 2741 occi-

1867 2791 1980 2839 sor,
2020 2776 2141 2830 vita:
2173 2776 2463 2844 splendens
2492 2778 2754 2846 fulgores,
2783 2780 2875 2847 qui
2911 2778 3170 2849 ﬁgmento
3201 2782 3276 2833 tui
3311 2789 3433 2849 gut-

1868 2869 1939 2922 tis
1987 2869 2272 2939 sanguinis
2308 2882 2467 2937 0pem
2520 2869 2745 2933 tuleris;
2787 2870 2879 2937 qui
2923 2872 3272 2937 passionibus
3323 2872 3431 2924 tuis

1865 2976 1987 3014 eum
2012 2962 2314 3023 curaveris,
2348 2961 2508 3029 cujus
2537 2972 2684 3015 esset
2726 2963 2954 3017 morbus
2993 2965 3288 3033 passioque
3325 2965 3430 3018 im-

1865 3052 2224 3106 medicabilis.
2251 3051 2577 3107 Benedictus
2604 3068 2684 3117 es,
2718 3054 2809 3122 qui
2840 3055 2967 3107 olim
2995 3056 3216 3124 quidem
3237 3072 3269 3108 a
3294 3072 3432 3125 pue-

1866 3145 1942 3196 ris
1970 3144 2024 3196 in
2056 3142 2313 3197 Bethania
2347 3145 2515 3199 fueris
2544 3146 2853 3199 celebratus
2876 3187 2891 3211 ,
2925 3162 3071 3200 nunc
3100 3156 3230 3201 vero
3253 3148 3431 3201 omni-

193 3242 531 3311 εὐπρεπείας
549 3244 630 3305 είς
666 3243 728 3295 τὸ
748 3243 963 3314 πρῶτον
992 3244 1185 3307 κάλλος
1212 3245 1273 3297 τὺ
1298 3247 1565 3316 ἡμέτερον
1596 3248 1764 3318 ἄσχη-
1788 3224 1830 3281 C

1757 3224 1830 3287 .C
1868 3235 1968 3288 bus
1998 3243 2267 3289 terrarum
2303 3236 2604 3290 ditionibus
2636 3238 2964 3304 decanteris,
3000 3239 3094 3307 qui
3129 3239 3428 3293 deformem

198 3349 301 3400 μον
326 3334 691 3404 μεταποιηθῇ.
739 3334 798 3387 '0
826 3335 919 3388 καὶ
949 3336 1221 3407 ἡμετέραν
1250 3338 1565 3407 προσένεξιν
1598 3340 1761 3406 πώλῳ

195 3422 293 3475 καὶ
319 3424 477 3475 παισὶ
520 3425 872 3494 σχηματίζων
909 3427 1099 3490 πάλαι,
1127 3427 1206 3499 τῷ
1238 3428 1335 3496 μὲν
1371 3429 1510 3501 κάθῃ
1533 3469 1547 3491 ,
1594 3431 1661 3481 τὰ
1705 3431 1761 3483 δὲ

192 3515 506 3584 διοικονομῇ
558 3515 744 3584 φέρειν
802 3533 884 3568 σοι
929 3517 1028 3587 τὴν
1064 3518 1356 3589 εὐφημίαν.
1415 3520 1494 3572 At’
1545 3516 1619 3574 ὧν
1656 3522 1762 3591 γὰρ

195 3603 342 3670 ἡμᾶς
405 3602 629 3670 ἔμελλες
695 3605 1063 3672 προσάγεσθαι
1114 3609 1308 3679 ἀλογίᾳ
1357 3608 1624 3677 βιοῦντας,
1670 3614 1762 3666 καὶ

192 3693 294 3762 τῆς
327 3694 612 3757 εὐσεϐείας
636 3694 855 3766 θρέψειν
887 3698 966 3767 τῷ
1012 3698 1273 3766 γάλακτι,
1312 3700 1518 3764 τούτοις
1567 3704 1627 3755 τὸ
1665 3723 1764 3772 μυ-

194 3787 417 3855 στήριον
472 3787 847 3854 σχηματίζεις.
914 3789 1072 3843 Ἀλλά
1119 3806 1185 3858 γε
1247 3792 1505 3862 παγκάλη
1574 3793 1763 3862 χορεία

192 3882 303 3933 τῶν
329 3881 598 3950 θεολόγων
624 3884 834 3953 νηπίων
858 3887 1182 3955 παραστᾶσα
1214 3887 1291 3955 τῷ
1320 3888 1613 3957 Πνεύματι,
1641 3906 1764 3940 συν-

194 3974 426 4045 εόρταζε
454 3979 550 4031 καὶ
573 3977 907 4046 συνεργάζου
954 3978 1054 4049 τὴν
1091 3979 1387 4049 εὐφημίαν.
1456 3980 1627 4033 Πάλαι
1665 3983 1763 4050 μὲν

195 4070 303 4139 γὰρ
372 4069 484 4121 τῶν
540 4069 828 4137 φονώντων
887 4072 1270 4143 πρεσϐυτέρων
1317 4073 1765 4144 στηλιτευομένης

193 4159 295 4227 τῆς
358 4159 800 4230 φρενοϐλαϐείας,
845 4156 929 4222 οἷς
980 4164 1072 4216 ἐπὶ
1119 4163 1210 4216 τὸν
1233 4163 1412 4217 πῶλον
1453 4164 1544 4216 τὸν
1584 4165 1765 4234 πραῢν

193 4250 491 4319 ὀχούμενον
518 4251 742 4318 ἐτιμᾶτε
767 4252 1023 4313 Βασιλέα,
1072 4253 1273 4324 ἀκονᾷν
1327 4255 1564 4309 ἐδοκεῖτε
1622 4257 1764 4325 πρὸς

196 4341 500 4412 θεομαχίαν
528 4343 655 4406 τοὺς
683 4345 926 4412 σφαγέας
969 4347 1089 4409 ταῖς
1138 4347 1432 4417 ὑμετέραις
1487 4347 1766 4416 γλυκείαις

193 4436 383 4507 ᾠδαῖς,
418 4438 935 4507 στενοχωρουμένων
977 4438 1085 4493 τῶν
1109 4440 1319 4510 πικρῶν
1351 4441 1587 4510 καρδιῶν
1617 4456 1631 4471 ο
1673 4439 1766 4493 νῦν

1866 3337 2109 3382 nostram
2141 3328 2372 3382 formam
2400 3344 2684 3384 assumere
2713 3332 2966 3399 dignatus
2996 3333 3095 3394 sis,
3128 3342 3185 3385 ut
3233 3333 3431 3387 decore

1864 3429 2108 3475 nostram
2139 3422 2540 3476 deformitatem
2564 3422 2676 3491 (24)
2706 3423 2773 3476 ad
2802 3428 3037 3492 priorem
3087 3438 3426 3482 venustatem

1862 3515 2157 3570 reduceres
2208 3536 2221 3570 :

1863 3609 2325 3671 conciliationem,
2375 3608 2510 3677 pulli
2551 3608 2680 3662 olim
2718 3623 2781 3662 ac
2831 3623 3123 3678 puerorum
3167 3611 3428 3679 symbolis

1862 3700 2175 3769 designans,
2208 3702 2362 3755 alteri
2391 3701 2610 3770 quidem
2655 3700 2859 3755 insides
2884 3742 2899 3766 ,
2934 3701 3033 3756 hos
3061 3718 3187 3756 vero
3226 3710 3283 3755 ut
3314 3704 3428 3756 lau-

1862 3793 1958 3847 des
2000 3792 2098 3847 tibi
2141 3794 2456 3857 concinant,
2506 3793 2759 3862 impellis.
2806 3794 2961 3859 Quod
3000 3796 3146 3849 enim
3186 3811 3307 3861 nos,
3369 3798 3426 3851 in

1864 3882 2006 3937 bruti
2034 3898 2239 3937 morem
2284 3884 2452 3936 vitam
2493 3894 2735 3953 agentes,
2771 3885 3162 3940 conciliaturus
3184 3902 3336 3942 esses
3362 3903 3427 3943 ac

1863 3975 2243 4043 pietatislacte
2271 3975 2602 4039 nutriturus,
2638 3974 2789 4030 hisce
2829 3977 3075 4045 utrisque
3106 3980 3425 4048 mysterium

1865 4065 2183 4121 adumbras.
2212 4064 2330 4129 Ast,
2369 4080 2403 4119 ο
2440 4065 2807 4135 pulcherrime
2837 4065 3107 4120 infantum
3148 4069 3424 4138 theologo.

1866 4174 1987 4215 rum
2026 4168 2220 4223 cretus,
2269 4159 2605 4226 chorusque,
2652 4160 2745 4230 qui
2800 4158 3008 4229 Spiritu
3049 4161 3284 4222 assistis.
3316 4177 3425 4215 una

1866 4254 2151 4308 nobiscum
2208 4252 2396 4309 laudes
2445 4253 2658 4307 celebra
2717 4262 2879 4321 atque
2941 4255 3233 4309 concinna.
3286 4254 3424 4308 Nam

1865 4346 1995 4399 olim
2031 4345 2247 4413 quidem
2286 4346 2565 4399 seniorum
2612 4346 2812 4400 caedem
2868 4346 3191 4414 spirantium
3236 4357 3423 4401 notata

1866 4438 2084 4508 publice
2134 4437 2375 4503 vesania,
2419 4438 2565 4508 quod
2613 4439 2762 4507 pullo
2808 4449 3018 4493 vectum
3077 4448 3420 4494 mansuetum

195 4530 254 4583 δὲ
282 4528 592 4600 γογγυστὴς
652 4530 847 4595 οὐδεὶς,
881 4531 990 4584 οὐδ’
1017 4532 1127 4587 ὲπὶι
1165 4535 1274 4595 τοῖς
1334 4532 1521 4602 ῢμνοις
1577 4534 1767 4589 δακνό·
1789 4572 1842 4633 D

1747 4563 1767 4574 -
1789 4572 1842 4633 D
1870 4528 2066 4601 Regem
2097 4530 2304 4585 honore
2350 4531 2623 4595 coleretis,
2652 4530 2906 4584 dulcibus
2936 4531 3166 4587 canticis
3222 4534 3418 4586 vestris

198 4638 393 4693 μενος,
425 4621 546 4674 οὐδὲ
574 4622 823 4693 χρώματι
847 4623 1153 4695 σκυθρωπῷ
1176 4625 1271 4695 τῆς
1318 4627 1508 4697 ἑορτῆς
1532 4627 1593 4680 τὸ
1631 4645 1754 4694 φαι-

196 4714 322 4782 δρὸν
346 4713 643 4784 ἐνυϐρίζων
669 4730 682 4744 ·
714 4713 849 4767 ἀλλὰ
892 4718 1205 4786 πρέπουσαν
1260 4716 1474 4785 ἀληθῶς
1513 4720 1756 4791 Δεσπότῃ

194 4805 535 4868 δεικνύοντες
561 4806 659 4876 τὴν
685 4808 1012 4872 συνέλευσιν,
1046 4808 1141 4862 καὶ
1183 4808 1258 4879 τῷ
1297 4814 1488 4881 νικητῇ
1516 4811 1609 4863 τοῦ
1669 4811 1759 4864 θα-

196 4900 362 4953 νάτου
378 4900 474 4952 καὶ
501 4900 707 4973 διώκτῃ
730 4901 827 4970 τῆς
881 4899 1358 4970 σκυθρωπότητος,
1418 4902 1617 4972 φαιδρᾷ
1665 4904 1760 4955 καὶ

198 4992 398 5063 καρδίᾳ
440 4992 535 5046 καὶ
574 4991 792 5064 γλώσσῃ
842 4992 1266 5064 προστρέχοντες
1303 5010 1318 5025 ο
1380 4995 1762 5063 συγχαίροντες

202 5085 473 5155 μὲν,ἇρτι
511 5084 843 5155 ρίψαντιτὴν
882 5088 945 5138 ὲκ
991 5086 1160 5154 τάφου
1193 5086 1452 5138 δυσωδίαν
1493 5086 1571 5156 τῷ
1624 5086 1761 5156 φίλῳ

199 5178 460 5247 Λαξάρῳ,
495 5178 590 5230 καὶ
606 5178 703 5247 τὴν
739 5177 925 5249 κοινὴν
953 5178 1046 5231 τοῦ
1091 5180 1279 5246 γένους
1308 5179 1612 5248 ἀφθαρσίαν
1659 5196 1761 5246 μυ-

282 5356 330 5387 ⁵⁸
364 5354 537 5409 Zach.
574 5371 648 5421 Ix,
673 5355 728 5410 9.
804 5357 850 5388 ⁸⁵
884 5355 1016 5409 Luc.
1052 5374 1161 5420 xix,
1211 5358 1301 5411 58.

1867 4623 2152 4687 siccarios,
2182 4631 2241 4676 ut
2269 4621 2501 4677 infensis
2533 4624 2588 4677 in
2614 4622 2779 4677 Deum
2811 4624 3011 4677 animis
3043 4634 3229 4677 essent
3272 4640 3419 4678 eum-

1859 4732 1965 4786 que
2000 4727 2395 4787 oppugnarenl,
2422 4716 2525 4769 visi
2544 4718 2677 4770 estis
2699 4716 2960 4780 excitare,
2988 4716 3240 4769 nimirum
3260 4731 3419 4770 coan-

1859 4812 2091 4881 gustatis
2120 4824 2306 4864 amaro
2342 4808 2466 4863 felle
2491 4823 2681 4863 eorum
2709 4809 3018 4877 pectoribus
3045 4824 3058 4870 ;
3095 4822 3241 4861 nunc
3290 4824 3416 4862 vero

1862 4905 2016 4959 abest
2040 4904 2215 4958 omnis
2245 4912 2633 4964 murmurator,
2658 4915 2757 4954 nec
2785 4908 2867 4953 est
2902 4900 2990 4968 qui
3020 4900 3205 4955 laudes
3230 4901 3417 4970 iniquo

1866 4996 2047 5049 animo
2098 4994 2235 5049 ferat
2277 5010 2290 5047 :
2340 5007 2501 5047 nemo
2534 4999 2639 5057 est,
2685 4991 2778 5060 qui
2834 4992 2951 5045 festi
2998 4991 3172 5044 laetam
3219 4989 3412 5044 faciem

1871 5086 2013 5141 tristi
2049 5101 2112 5140 ac
2163 5086 2352 5139 tetrica
2386 5086 2567 5152 specie
2598 5083 2794 5151 injuria
2819 5082 3014 5135 alliciat
3050 5099 3064 5134 :
3099 5081 3193 5135 sed
3224 5096 3414 5136 omnes

1870 5196 1953 5244 ea,
1984 5194 2090 5249 qua
2120 5179 2275 5233 decet
2306 5178 2607 5240 alacritate,
2637 5176 2689 5229 in
2717 5173 2931 5230 Domini
2962 5175 3187 5242 gratiam
3212 5188 3412 5229 conve-

1689 5449 1730 5502 Ν
1738 5448 1916 5503 ΟΤίΕ.

269 5550 386 5619 (Ξιί)
422 5547 677 5604 Nostram
714 5548 1123 5619 deformitatem.
1160 5546 1257 5619 7T6
1289 5545 1556 5619 ἡμέτερον
1586 5542 1757 5611 ἄσχη-

206 5618 321 5691 μον.
355 5620 523 5693 Plane
545 5622 740 5693 animm
765 5658 780 5680 ,
812 5618 1218 5693 non_corporis_
1250 5618 1662 5693 informitatem,
1701 5622 1759 5693 ut

204 5687 343 5743 male
366 5690 545 5745 reddit
565 5692 855 5758 interpres,
877 5689 1155 5755 mirorque
1173 5689 1289 5740 viro
1305 5687 1468 5739 docto
1495 5687 1575 5738 sic
1606 5687 1757 5737 exci-

203 5763 350 5815 disse
391 5774 497 5813 :ac
537 5775 849 5831 quanquam
906 5760 958 5831 in
1015 5758 1235 5811 Christo
1285 5770 1591 5831 corpusne
1629 5769 1759 5806 caro

204 5830 348 5884 haud
404 5846 530 5885 raro
556 5826 570 5831 ’
590 5826 717 5888 ω’οή
744 5840 856 5883 tota
913 5830 1145 5882 humana
1174 5839 1365 5882 natura
1397 5826 1756 5889 accipiuntur,

1867 5543 2003 5595 haud
2031 5553 2206 5596 tamen
2230 5543 2286 5595 in
2321 5542 2561 5601 homine,
2591 5543 2732 5611 quod
2755 5555 2835 5596 est
2857 5544 3053 5596 animae
3076 5541 3230 5595 facile
3256 5542 3411 5597 intel-

1868 5615 2061 5677 ligatur
2095 5616 2315 5666 nomine
2347 5616 2633 5681 corporis;
2670 5629 2765 5666 nec
2790 5629 2950 5679 quam
2990 5616 3041 5665 in
3099 5615 3279 5665 anima
3312 5613 3410 5666 de-

1867 5685 2192 5736 formitatem
2252 5693 2531 5749 peccatum
2587 5684 2737 5746 facit,
2794 5684 3041 5752 corporis
3101 5683 3409 5736 informitas

1866 5754 2122 5822 appellari
2154 5756 2348 5821 possit.

2281 3517 2372 3586 qui
2413 3518 2578 3569 etiam
2638 3526 2885 3571 nostram
2927 3518 3305 3574 reductionem
3364 3536 3429 3572 av.
3528 3534 3533 3539 '
