4232 6444
772 355 835 415 71
1987 355 2132 416 LEl)
2145 356 2188 414 Ν
2199 355 2270 414 IS
2296 355 2426 414 PHI
2439 355 2755 416 LOSOI‘HI
3942 366 4018 425 72

756 469 948 530 niunt,
980 476 1142 536 atque
1181 469 1246 521 ad
1278 468 1535 521 victorem
1568 468 1760 521 mortis
1787 469 2086 536 omnisque
2123 485 2328 523 muero—
2356 477 2402 532 Α
2435 469 2640 542 ρίζοντι
2679 487 2691 500 ·

763 563 840 614 ris
874 562 1242 630 expulsorem,
1293 562 1413 614 laeto
1446 569 1560 614 tum
1605 573 1822 630 pectore
1851 569 1964 613 tum
2015 562 2198 630 lingua
2227 576 2320 614 ac-

755 662 1002 717 currunt,
1045 653 1488 720 congratulantes
1537 653 1713 705 amico
1764 651 1989 716 Lazaro,
2027 653 2119 723 qui
2162 653 2322 705 modo

759 746 977 798 fetorem
995 759 1059 797 ex
1090 745 1344 813 Sepulcro
1376 753 1719 798 contractum
1753 745 2055 815 deponens,
2079 762 2322 800 commu-

755 841 842 892 nis
870 840 1085 904 generis
1122 838 1551 904 incorruptionis
1575 848 1846 907 unguenta
1883 840 2152 908 perspirat
2187 855 2199 891 :
2228 837 2323 891 sed

752 947 801 987 et
831 934 902 984 illi
936 933 1398 1000 congralulantcs,
1432 931 1527 1000 qui
1562 948 1656 1000 per
1688 933 1903 986 viscera
1930 932 2325 987 misericordiae

755 1027 871 1078 suis
901 1027 1016 1093 ipse
1047 1025 1328 1079 laboribus
1365 1026 1646 1078 tristitiam
1678 1026 1962 1093 exstinxit,
2015 1027 2326 1096 mundoque

752 1118 1006 1188 gaudium
1050 1118 1242 1171 insevil
1278 1135 1292 1172 :
1328 1119 1608 1187 multoque
1655 1128 1876 1186 stupore
1934 1133 1998 1174 ac
2061 1120 2326 1174 miraculo

752 1229 814 1267 ea
870 1213 1226 1274 honorantes,
1269 1226 1390 1279 qua:
1437 1211 1845 1280 dispensatione
1895 1219 2164 1282 geruntur
2204 1232 2219 1268 :
2261 1231 2326 1270 ac

752 1303 920 1358 vestri
946 1303 1142 1356 cantici
1169 1303 1359 1355 modos
1386 1301 1700 1355 dulcissimo
1731 1303 2054 1357 haurientes
2100 1303 2291 1357 auditu
2311 1341 2324 1363 ,

755 1410 984 1462 quorum
1026 1393 1157 1447 nihil
1201 1405 1328 1446 tunc
1373 1408 1628 1461 perversa
1680 1392 1966 1463 Synagoga
2017 1395 2327 1450 intellexit:

755 1487 848 1538 sed
877 1501 999 1537 eum
1033 1484 1302 1538 infernum
1332 1490 1568 1536 tremore
1588 1498 1921 1538 concussum
1956 1484 2230 1547 viderent,
2261 1500 2327 1540 ac

759 1577 987 1630 necdum
1039 1575 1264 1644 prolatis
1313 1575 1519 1642 verbis,
1557 1575 1676 1643 ipso
1707 1575 2039 1642 remittente,
2071 1576 2324 1632 eductum

759 1677 1050 1729 mortuum,
1085 1680 1150 1719 eo
1179 1665 1502 1719 audaciores
1536 1680 1658 1718 esse
1685 1665 2107 1720 contendebant.
2132 1666 2210 1721 Ae
2237 1668 2327 1720 ille

757 1760 975 1828 quidem
1010 1773 1134 1811 cum
1161 1757 1564 1826 sepulcralibus
1600 1755 1787 1810 fasciis
1828 1773 1858 1810 e
1897 1759 2153 1826 sepulcro
2182 1758 2324 1811 exsi-

2740 472 3131 540 συγχαίροντες
3151 472 3207 524 δὲ
3238 474 3316 542 τῷ
3351 473 3438 526 διὰ
3491 474 3772 544 σπλάγχνα
3829 479 4018 543 ἐλέους

2430 563 2700 633 καμάτοις
2724 563 2946 626 οἰκείοις
2977 565 3075 635 τὴν
3105 564 3280 635 λύπην
3311 565 3716 633 ἐξαφανίσαντι,
3780 573 3875 622 καὶ
3931 575 4018 643 τῷ

2430 656 2622 724 κόσμῳ
2651 657 3082 726 φυτουργήσαντι
3111 659 3210 728 τὴν
3243 659 3418 728 χαράν
3453 678 3466 691 ·
3492 661 3585 712 καὶ
3623 662 3888 731 τιμῶντες
3916 667 4015 718 ἐκ·-

2429 747 2624 816 πλήξει
2648 751 2741 800 καὶ
2762 747 2997 815 θαύματι
3044 750 3114 802 τὰ
3143 751 3570 821 οἰκονομούμενοι
3603 769 3616 782 ·
3639 754 3740 822 ἡδὺ
3763 754 3819 806 δὲ
3845 755 4020 808 ἄκου-

2433 856 2543 909 σμα
2559 839 2620 892 τὸ
2646 841 2911 912 ὑμέτερον
2943 838 3092 912 ᾆσμα
3134 845 3468 913 ποιούμενοι,
3491 839 3566 898 ὧν
3616 848 3737 899 τότε
3793 849 3948 901 οὐδὲν
3985 852 4018 919 ἡ

2432 934 2642 1002 πονηρὰ
2665 935 2834 987 συνίει
2869 936 3157 1004 συναγωγή
3195 951 3212 967 ο
3245 937 3358 989 ἀλλ’
3405 939 3638 1009 ὁρῶντες
3671 940 3806 1011 ᾅδην
3885 961 4016 1012 τρο-

2436 1026 2702 1097 μάξαντα,
2745 1029 2840 1079 καὶ
2871 1027 2981 1080 τῶν
3012 1028 3320 1081 καλούντων
3344 1032 3603 1100 ῥημάτων
3635 1032 3714 1084 ἐτι
3751 1032 4021 1102 λαλουμέ.

2432 1134 2540 1171 νων
2582 1117 2979 1186 ἁναπέμψαντα
3027 1119 3116 1171 τὸν
3158 1120 3386 1190 νεκρον,
3447 1121 3820 1188 ἐφιλονείκουν
3875 1119 4020 1176 εἶναι

2431 1209 2620 1260 τούτου
2659 1207 2981 1278 θρασύτεροι
3007 1224 3022 1240 °
3050 1211 3144 1262 καὶ
3178 1214 3206 1265 ὁ
3236 1212 3333 1281 μὲν
3366 1213 3607 1282 ἀνεπήδα
3640 1215 3777 1283 μετὰ
3803 1215 3914 1266 τῶν
3937 1216 4022 1266 ἐν-

2433 1299 2642 1365 ταφίων
2672 1299 3000 1366 σπαργάνων
3028 1299 3122 1352 τοῦ
3167 1303 3448 1371 μνήματος
3480 1319 3493 1334 ·
3527 1304 3576 1355 οι
3603 1303 3657 1356 δὲ
3685 1303 3762 1374 τῷ
3804 1305 4018 1373 λυτρο-

2430 1389 2495 1456 τῇ
2524 1388 2580 1438 ἐν
2613 1391 2680 1457 τῇ
2712 1389 2893 1460 ἀλύτῳ
2924 1390 3092 1453 ὅντως
3138 1393 3238 1456 τῆς
3288 1395 3552 1464 πονηρίας
3614 1394 3807 1468 γνώμῃ
3861 1397 4020 1447 ἐπλε-

2431 1496 2526 1531 κον
2546 1480 2615 1532 τὰ
2644 1480 2821 1551 δεσμὰ
2846 1521 2862 1545 ,
2883 1484 2979 1537 καὶ
3023 1487 3228 1554 ῥήμασι
3254 1485 3393 1553 γάλα
3433 1489 3734 1550 σταζόντων
3791 1489 4020 1558 χειλέων

2431 1573 2532 1636 τὰς
2559 1576 2618 1626 ἐν
2647 1575 2817 1644 κακίᾳ
2848 1581 3060 1646 σαπρᾶς
3092 1577 3399 1646 διεπρίοντο
3433 1579 3680 1650 καρδίας.
3719 1580 3890 1650 Δεῦρο
3917 1598 4017 1650 με·

2431 1664 2500 1716 τὰ
2525 1665 2624 1730 τῆς
2647 1664 2980 1733 ὼραιότητος
3033 1667 3266 1735 ὡραΐζου
3293 1669 3391 1736 τῆς
3436 1669 3751 1735 ἐκκλησίας,
3789 1669 3888 1738 τῆς
3919 1672 4018 1724 καὶ

2433 1754 2722 1825 ποθούσης,
2745 1758 2838 1809 καὶ
2867 1758 3233 1827 στεργομένης
3270 1758 3502 1829 ἀμώμου
3557 1759 3776 1831 νύμφης
3798 1778 3813 1791 ο
3877 1765 3943 1832 ἣν
3990 1769 4017 1817 ὁ

758 1851 957 1910 lit-bat,
985 1851 1020 1903 ii
1055 1863 1182 1903 vero
1234 1847 1622 1902 insolubilibus
1668 1847 1914 1914 malignae
1946 1849 2148 1900 mentis
2181 1850 2326 1902 nexi-
2359 1837 2400 1890 Β

2359 1837 2400 1890 Β
2433 1847 2622 1918 Πατὴρ
2651 1848 2729 1916 τῷ
2751 1849 3019 1918 ἀγαπητῷ
3062 1850 3342 1918 ἡρμόσατο
3396 1852 3530 1921 Υἰῷ,
3580 1853 3870 1920 διαζεύξας
3918 1857 4015 1906 τοῦ

759 1945 862 1997 bus
893 1942 1125 2006 astricti,
1148 1940 1428 1994 liberatori
1458 1939 1748 1992 nectebant
1775 1939 2013 2004 Vincula,
2042 1940 2330 2006 verbisque

762 2039 899 2089 lacte
935 2033 1279 2086 manantibus
1323 2031 1482 2085 labiis
1514 2030 1670 2090 fusis,
1698 2047 1894 2098 spurca
1921 2048 2109 2085 eorum
2143 2041 2327 2101 pecto-

760 2145 816 2182 ra
836 2127 1252 2179 dissecabantur
1280 2123 1642 2191 improbitatis
1667 2124 2072 2192 eitsopcrantia.
2094 2125 2320 2186 Adesto,

757 2220 957 2273 decore
999 2231 1062 2270 ac
1112 2214 1403 2284 splendore
1443 2212 1703 2266 Ecclesia:
1757 2215 2015 2282 pr;cclare
2062 2213 2330 2302 induere;

759 2311 1155 2372 desiderantis,
1215 2309 1461 2377 inquam,
1533 2309 1732 2376 pariter
1767 2308 2200 2378 desiderateque
2267 2323 2332 2363 ac

761 2407 1082 2476 prasililectae
1124 2403 1412 2470 inculpata:
1450 2416 1688 2469 sponsae,
1739 2415 1900 2469 quam
1943 2400 2105 2456 Pater
2149 2403 2330 2471 juuxit

760 2499 1086 2553 charissimo
1112 2495 1270 2558 Filio,
1322 2494 1580 2563 abjuneta
1610 2511 1638 2546 a
1685 2495 1979 2548 mitissimo
2012 2511 2216 2563 sponso
2254 2495 2334 2550 fe-

760 2593 875 2644 roci
916 2604 978 2642 ac
1025 2589 1234 2655 ingrata
1281 2588 1566 2656 Synagoga
1617 2586 1808 2654 :quod
1859 2587 2118 2639 nimirum
2171 2595 2334 2641 tanta:

762 2679 1347 2750 iiesponsatiouisjura
1385 2678 1614 2740 violans,
1651 2693 1913 2746 sponsum
1949 2694 2109 2733 suum
2144 2680 2332 2748 despi-

761 2777 904 2830 cauti
947 2771 1216 2835 habuerit,
1252 2787 1374 2824 eum
1415 2785 1750 2840 prosequens
1781 2769 1906 2824 odio
1936 2787 1965 2822 a
1991 2786 2099 2839 quo
2137 2771 2335 2826 dilecta

761 2876 929 2928 esset,
964 2881 1026 2918 ac
1059 2880 1157 2934 pro
1183 2865 1352 2918 nihilo
1379 2863 1588 2916 ducens
1619 2878 1741 2914 eum
1777 2863 1869 2930 qui
1899 2863 2105 2916 honore
2146 2864 2335 2916 auxis-

765 2970 849 3015 s:-t
889 2979 902 3012 :
940 2973 1063 3013 eum
1107 2958 1364 3026 denique,
1413 2957 1571 3022 Cujus
1621 2956 1894 3009 beneficio
1953 2971 2132 3010 rerum
2180 2957 2338 3027 copia

765 3036 1103 3110 abundabat,
1157 3063 1220 3100 ac
1251 3048 1445 3115 agebat
1479 3046 1623 3110 felix,
1650 3046 1944 3099 contrariis
1973 3047 2130 3114 plane
2162 3047 2336 3100 modis

767 3154 1142 3194 remunerans.
1175 3138 1523 3204 Quapropter
1555 3149 1702 3187 nunc
1743 3150 1770 3186 a
1801 3135 1953 3187 vobis
1987 3135 2202 3198 repulsa
2237 3135 2332 3187 de-

769 3240 1044 3298 sertaque,
1076 3242 1139 3281 ac
1169 3230 1382 3281 festiva:
1415 3226 1597 3278 oiunis
1634 3225 1831 3278 laetitiae
1852 3241 2062 3283 exsors.
2103 3226 2329 3278 felicita-

769 3329 840 3379 tis
913 3325 1032 3375 lui-.0
1092 3322 1469 3373 calauntatum
1541 3317 1691 3371 dives
1771 3319 1921 3384 agit;
1985 3318 2331 3372 deformitate

772 3414 994 3476 vestita,
1051 3412 1170 3480 ejus
1220 3411 1336 3464 vice
1369 3408 1690 3471 venustatis,
1731 3408 1890 3473 cujus
1927 3416 2082 3461 antea
2107 3408 2331 3462 ﬂoribus

774 3504 1140 3569 coruscabat;
1177 3502 1444 3569 facesque
1467 3499 1585 3568 ejus
1618 3497 1902 3552 vindemia:
1931 3499 2141 3561 bibens,
2168 3516 2330 3568 quam

773 3599 877 3653 sibi
903 3597 1215 3664 collegerat.
1248 3593 1317 3645 At
1349 3606 1478 3645 vero
1499 3604 1639 3643 nova
1670 3604 1733 3641 ac
1762 3590 2081 3643 charissima
2111 3605 2330 3659 sponsa,

773 3692 845 3744 ob
877 3684 1394 3742 excellentissimam
1414 3682 1894 3750 desponsatiuuem
1916 3684 2128 3750 gaudiis
2157 3685 2334 3736 Ollllli-

774 3786 878 3840 bus
903 3783 1078 3852 plena,
1105 3792 1417 3848 sponsoque
1457 3791 1556 3829 suo
1583 3773 2004 3838 formosissimo,
2027 3775 2335 3828 castissimo

777 3890 962 3929 amore
1008 3871 1363 3941 agglutinata,
1395 3867 1597 3921 fruitur
1627 3867 1848 3936 quidem
1887 3868 2059 3936 ipsius
2103 3867 2333 3930 deliciis,

778 3970 870 4024 sed
897 3976 951 4020 et
983 3964 1264 4032 prteselitis
1294 3961 1400 4015 diei
1430 3961 1765 4028 voluptatem
1801 3961 2054 4029 percipit,
2085 3976 2185 4028 qua
2212 3961 2336 4015 licet

778 4064 891 4124 hic,
938 4067 1152 4113 servata
1181 4056 1272 4109 illa
1306 4055 1507 4109 veteris
1545 4055 1769 4107 honoris
1809 4054 1978 4106 forma
2007 4062 2061 4106 et
2105 4055 2334 4118 ratione,

778 4167 900 4207 cum
937 4149 1101 4202 ramis
1135 4147 1446 4200 Palmarum
1482 4145 1844 4198 laudationem
1872 4144 2158 4209 instituat,
2194 4153 2337 4197 atta-

781 4258 906 4296 men
945 4239 1119 4294 oculis
1156 4241 1210 4292 in
1253 4251 1488 4306 superna
1535 4235 1728 4290 defixis
1769 4235 2014 4289 eumdem
2059 4251 2165 4290 una
2214 4250 2336 4290 cum

781 4335 990 4403 angelis
1013 4331 1298 4402 glorificat,
1333 4341 1589 4398 tanquam
1620 4328 1773 4381 illum
1806 4329 1902 4397 qui
1935 4337 1988 4381 et
2022 4329 2073 4380 in
2099 4330 2238 4382 ctelo
2285 4339 2339 4382 et

782 4426 835 4477 iu
882 4435 1025 4477 terra
1063 4433 1269 4493 regnat.
1311 4419 1445 4474 Nam
1491 4421 1610 4475 loco
1675 4419 1996 4474 obedientize
2055 4435 2225 4488 usque
2270 4419 2339 4474 ad

2433 1941 2610 2008 πράου
2669 1941 2902 2009 νυμφίου
2960 1942 3058 2007 τὴν
3115 1941 3503 2010 ἀγριαίνουσαν
3581 1947 3671 1998 καὶ
3720 1948 4018 2015 ἀχάριστον

2437 2033 2771 2103 Συναγωγήν
2805 2051 2817 2063 ·
2847 2033 2963 2086 ἀνθ’
2991 2028 3066 2088 ὧν
3108 2036 3188 2098 είς
3217 2034 3318 2106 τὴν
3362 2039 3630 2108 τοσαύτην
3680 2039 4018 2110 ἐνυϐρίσασι

2438 2125 2754 2194 μνηστείαν,
2808 2126 2900 2177 τὸν
2945 2127 3399 2196 νυμφευσάμενον
3443 2130 3787 2196 ἐξουδὲνωσε,
3843 2134 4014 2200 μισή-

2435 2231 2573 2267 σασα
2600 2215 2689 2267 τὸν
2719 2217 3041 2287 ἠγαπηκοτα
3083 2235 3097 2248 ’
3154 2221 3463 2288 φαυλίσασα
3507 2222 3598 2275 τὸν
3641 2225 3973 2293 τετιμηκότα
4001 2241 4015 2254 ·

2432 2306 2522 2359 τὸν
2551 2307 2616 2358 δι’
2641 2307 2699 2359 ὃν
2730 2309 2891 2360 πᾶσιν
2916 2310 3136 2379 εύθήνει
3163 2312 3370 2375 καλοῖς,
3393 2314 3558 2366 πᾶσιν
3575 2315 3836 2378 ἐναντίοις
3861 2317 4021 2384 ἀμει-

2434 2397 2669 2468 ψαμένη.
2706 2401 2804 2453 Διὰ
2853 2401 3010 2454 τοῦτο
3061 2403 3156 2456 νύν
3205 2404 3331 2473 ὑμῖν
3366 2405 3688 2475 ἁπωσμένη,
3743 2407 3840 2459 καὶ
3888 2407 4020 2476 ἔρη-

2439 2504 2558 2555 μος,
2585 2488 2679 2540 καὶ
2709 2489 2982 2558 ἀνέορτος,
3019 2491 3117 2544 καὶ
3149 2493 3455 2547 πλουτοῦσα
3477 2497 3574 2558 τὰς
3613 2497 3896 2565 συμφορὰς
3923 2499 4022 2548 ἁν-

2434 2578 2489 2628 τὶ
2523 2578 2619 2647 τῆς
2661 2581 3060 2648 μακαριότητος
3092 2599 3107 2613 ο
3135 2585 3227 2636 καὶ
3251 2585 3485 2638 ἀνθοῦσα
3513 2589 3613 2656 τὴν
3634 2587 4025 2659 ἀσχημοσύνην

2437 2669 2557 2720 ἀντὶ
2576 2673 2674 2739 τῆς
2714 2671 2834 2722 τότε
2873 2673 3134 2742 καλλονῆς
3160 2677 3496 2747 ἐπανθούσης
3515 2679 3650 2749 αὐτῇ
3683 2696 3696 2709 '
3721 2682 3813 2734 καὶ
3834 2681 4024 2734 πίνου-

2439 2775 2506 2810 σα
2537 2759 2634 2830 τὴν
2656 2763 2903 2829 τρυγίαν,
2956 2758 3030 2817 ὧν
3078 2767 3266 2830 κακῶς
3308 2769 3679 2840 ἐγεώργησεν.
3733 2772 3796 2824 'H
3842 2773 3898 2825 δὲ
3929 2775 4025 2827 νέα

2436 2851 2620 2921 νύμφη
2653 2857 2748 2906 καὶ
2778 2854 3014 2925 ἔντιμος,
3036 2858 3126 2910 ἐπὶ
3149 2863 3213 2927 τῇ
3240 2859 3530 2932 ύπερτίμῳ
3561 2864 3824 2933 χαίρουσα
3880 2883 4025 2935 μνη-

2441 2944 2612 3014 στείᾳ,
2642 2947 2736 2996 καὶ
2769 2947 2844 3012 τῷ
2875 2947 3026 3017 καλῷ
3065 2950 3334 3019 μνηστῆρι
3367 2952 3627 3024 πανάγνῳ
3654 2954 3814 3024 ἔρωτι
3857 2974 4023 3028 περιρ

2437 3035 2709 3102 φυομένη,
2753 3036 3016 3090 ἀπολαύει
3079 3038 3178 3106 μὲν
3212 3040 3312 3107 τῆς
3348 3042 3559 3094 ἐκείνου
3605 3047 3974 3115 τερπνὸτητος
4005 3065 4018 3077 ·

2437 3123 2696 3174 ἀπολαύει
2714 3124 2769 3175 δέ
2795 3127 2883 3176 καὶ
2907 3127 3015 3178 τῶν
3044 3128 3141 3196 τῆς
3176 3130 3456 3202 παρούσης
3479 3135 3693 3202 ἡμέρας
3730 3139 3984 3206 τερπνῶν
4003 3155 4018 3170 ο

2387 3223 2400 3241 ⁴
2434 3216 2491 3266 ἐν
2517 3212 2570 3289 ᾖ,
2607 3221 2656 3268 εἰ
2694 3219 2790 3270 καὶ
2834 3219 2984 3272 κάτω
3033 3223 3130 3289 τῆς
3184 3224 3420 3287 παλαιᾶς
3469 3227 3682 3296 ἐκείνης
3725 3231 3894 3299 τιμῆς
3953 3233 4023 3285 τὰ

2437 3309 2680 3378 σύμϐολα
2735 3311 2982 3375 σώζουσα
3030 3315 3168 3380 μετὰ
3227 3315 3392 3384 βαῖων
3429 3318 3578 3388 αὐτῷ
3609 3322 3878 3389 προσάγει
3923 3324 4016 3376 τὸν

2436 3402 2681 3465 ἔπαινον,
2724 3403 2838 3456 ἀλλ’
2863 3406 2975 3458 ἄνω
3014 3409 3240 3474 θεωροῖς
3280 3410 3444 3463 αὑτὸν
3490 3413 3783 3484 ὀφθαλμοῖς
3834 3418 4020 3487 ὁρῶσα

2439 3494 2554 3562 μετ’
2608 3496 2854 3563 ἀγγέλων
2908 3499 3192 3567 δοξολογεί,
3249 3501 3325 3563 ὡς
3367 3503 3476 3555 τῶν
3508 3505 3619 3559 ἄνω
3670 3509 4018 3578 κυριεύοντα,

2437 3588 2660 3639 καὶτῶν
2694 3591 2861 3642 κάτω.
2903 3591 3110 3644 Ἔδωκε
3127 3593 3234 3662 γὰρ
3251 3593 3539 3664 αὐτῷ’ἁντὶ
3569 3599 3669 3669 τῆς
3713 3601 3875 3670 μέχρι
3908 3621 4018 3655 πα-

2440 3677 2544 3728 θῶν
2611 3680 2702 3731 καὶ
2749 3679 2980 3733 θανάτου
3025 3682 3272 3754 ὑπακοῆς
3323 3687 3351 3738 ὁ
3413 3687 3621 3759 Πατὴρ,
3661 3692 3758 3759 τὴν
3796 3694 4019 3746 πάντων

2439 3770 2702 3836 ἐξουσίαν,
2721 3772 2819 3824 ὅσα
2852 3775 2909 3826 ἐν
2943 3775 3176 3846 οὐρανῷ,
3226 3780 3319 3830 καὶ
3352 3780 3454 3832 ὅσα
3483 3782 3541 3832 ἐν
3572 3784 3666 3852 γῇ,
3704 3783 3872 3838 ἔδωκε
3914 3788 4019 3858 τὴν

2439 3862 2683 3928 ἐξουσίαν
2735 3865 2840 3917 ὑπὸ
2894 3868 3018 3930 τοὺς
3079 3869 3244 3929 πόδας
3280 3872 3535 3935 καταθεὶς
3579 3916 3592 3939 ,
3645 3877 3738 3927 καὶ
3781 3878 4020 3944 ἄκοντας

2439 3955 2562 4016 τοὺς
2591 3956 2837 4026 ἐχθροὺς,
2860 3959 2974 4012 ὅσοι
2999 3960 3096 4031 τὴν
3115 3962 3324 4015 ἐκείνου
3348 3965 3687 4037 παρῃτοῦντο
3713 3969 4018 4038 βασιλείαν.

2453 4048 2698 4112 Ἐδόξασε
2733 4051 2841 4121 γὰρ
2883 4051 2975 4103 τὸν
3006 4053 3282 4123 Μονογενῆ
3317 4059 3380 4126 τῇ
3440 4057 3586 4129 δόξῃ,
3732 4057 3845 4131 εἶχε
3884 4066 4020 4134 πρὶν

2439 4140 2530 4193 τὸν
2553 4142 2756 4211 κόσμον
2784 4142 3058 4209 γενέσθαι,
3093 4149 3187 4199 καὶ
3217 4149 3347 4218 πρὶν
3391 4151 3495 4202 ὑπὸ
3543 4153 3734 4221 χρόνου
3783 4156 4019 4227 ὀφθῆναι

2440 4232 2530 4284 τὸν
2555 4233 2781 4302 ποιητὴν
2795 4235 2904 4286 τῶν
2925 4236 3130 4307 χρόνων
3159 4255 3173 4270 ·
3204 4241 3410 4308 χαίρων
3460 4244 3552 4294 ἐπὶ
3575 4244 3656 4314 τῷ
3678 4247 3898 4319 μεγάλῳ
3923 4252 3944 4300 ἕ
3954 4268 4019 4321 ρ-

2440 4340 2522 4394 γῳ
2551 4325 2737 4390 αὑτοῦ,
2767 4329 2832 4397 τῇ
2855 4327 3158 4397 ἀνθρώπων
3189 4331 3472 4403 ἐλευθερίᾳ
3517 4337 3609 4389 καὶ
3653 4341 3968 4408 προσενέξει
3999 4361 4015 4374 ·

2441 4414 2521 4466 ὅτι
2576 4416 2986 4480 καταπαλαίσας
3042 4418 3133 4471 τὸν
3193 4422 3459 4492 ἀήττητον
3508 4420 3648 4478 εἶναι
3711 4432 4018 4497 νομίσαντα

782 4516 1088 4585 paSsionem
1137 4528 1201 4567 ac
1240 4520 1492 4576 mortem,
1528 4510 1685 4579 dedit
1723 4511 1770 4565 ei
1805 4512 1970 4564 Pater
2015 4521 2336 4580 potestatem
2369 4533 2414 4588 υ
2443 4525 2453 4559 :

2369 4533 2414 4588 υ
2443 4508 2538 4560 καὶ
2558 4508 2888 4578 καταλήψειν
2913 4510 2986 4572 ὡς
3005 4513 3250 4566 νεοσσιὰν
3269 4515 3338 4568 τὰ
3370 4516 3602 4586 πέρατα,
3627 4519 3725 4590 τῆς
3745 4523 4013 4593 τυράννου

783 4612 838 4664 in
868 4609 1067 4670 omnia,
1102 4617 1211 4661 tum
1243 4621 1365 4676 qua:
1401 4607 1452 4659 in
1488 4607 1648 4670 ccelo,
1677 4613 1789 4658 tum
1814 4621 1934 4674 qua:
1959 4606 2340 4660 suntinterra.

782 4700 940 4755 Dedit
964 4706 1308 4767 potestatem,
1339 4694 1457 4764 ejus
1491 4696 1792 4764 subjiciens
1823 4695 2049 4766 pedibus
2070 4697 2232 4749 etiam
2263 4695 2346 4748 in-

783 4793 926 4846 vitos
974 4792 1158 4844 hostes
1185 4789 1252 4853 ",
1287 4796 1554 4858 quotquot
1578 4802 1803 4856 regnum
1851 4787 1972 4854 ejus
2001 4797 2340 4856 respuerant.

786 4881 1112 4934 Clarilicavit
1155 4893 1391 4946 namque
1436 4876 1804 4945 Unigenitum,
1839 4891 1901 4931 ea
1940 4877 2132 4945 gloria,
2176 4891 2339 4946 quam

789 4975 980 5027 habuit
1004 4973 1316 5040 priusquam
1352 4969 1588 5023 mundus
1612 4969 1765 5023 fieret
1795 4981 1858 5022 ac
1884 4979 2169 5037 antequam
2206 4978 2339 5022 tem-

784 5081 975 5136 porum
1006 5064 1253 5118 conditor
1273 5062 1498 5131 tempori
1550 5061 1829 5129 subjectus
1863 5069 2144 5128 appareret
2175 5075 2340 5128 :gau-

783 5162 920 5214 (lens
965 5157 1244 5218 nimirum,
1276 5157 1345 5209 ob
1379 5169 1632 5223 magnum
1667 5154 1797 5206 illud
1827 5153 1894 5206 ab
1942 5152 2063 5222 ipso
2089 5153 2341 5220 designa-

783 5263 900 5305 tum
925 5266 1097 5319 opus;
1121 5249 1190 5302 ob
1211 5248 1455 5301 homines
1487 5247 1696 5301 scilicet
1723 5245 1958 5298 libertati
1989 5253 2231 5298 assertos
2276 5259 2338 5298 ac

784 5345 1135 5399 conciliatos:
1156 5342 1320 5412 quod,
1344 5342 1584 5410 inquam,
1611 5341 1880 5394 debellato
1904 5353 1968 5393 eo
1989 5339 2080 5408 qui
2106 5339 2337 5393 invictus

783 5435 1090 5498 videbatur,
1153 5433 1356 5502 quique
1395 5432 1528 5487 lines
1563 5444 1720 5485 terra:
1761 5431 1934 5485 niduli
1976 5430 2147 5485 instar
2181 5444 2332 5484 com-

783 5532 1178 5601 prehensurum
1214 5542 1273 5582 se
1301 5527 1561 5595 jactabat,
1601 5541 1632 5580 e
1683 5526 1898 5596 tyranni
1935 5539 2030 5580 eos
2071 5525 2335 5593 eripuerit

786 5618 1060 5680 manibus,
1092 5617 1306 5688 Deoquc
1344 5633 1406 5672 ac
1425 5615 1568 5673 Patri
1595 5619 1875 5683 obtulerit,
1896 5632 1958 5672 ac
1987 5617 2036 5672 ei
2071 5617 2333 5672 concilia-

859 5796 901 5826 “
930 5793 1083 5848 10m.
1125 5812 1250 5852 ,\\'tl.
1293 5797 1384 5850 ill.

2442 4600 2622 4671 χειρὸς
2655 4601 2990 4674 ἐξαρπάσας,
3019 4607 3334 4675 προσήγαγε
3383 4608 3462 4678 τῷ
3497 4610 3615 4682 Θεῷ
3675 4616 3768 4666 καὶ
3815 4617 4012 4688 Πατρὶ,

2440 4691 2529 4745 διὰ
2556 4693 2654 4762 τῆς
2681 4694 2873 4765 ἐκείνῳ
2903 4697 3216 4768 πρεπούσης
3241 4702 3571 4772 οἰκονομίας.
3629 4707 3873 4776 Ἔπρεπε
3901 4711 4012 4781 γὰρ

2439 4783 2572 4836 Θεοῦ
2596 4784 2660 4838 δι’
2679 4785 2883 4855 ἄφατον
2921 4789 3231 4860 ἀγαθότητα
3272 4792 3418 4845 λύειν
3449 4795 3539 4846 τὸν
3584 4797 3868 4868 ἄνθρωπον
3914 4804 4012 4855 εύ-

2437 4877 2764 4950 δοκήσαντος
2797 4874 2870 4934 ὧν
2894 4882 3074 4952 ἔνοχος
3096 4879 3185 4954 ἦν,
3214 4886 3308 4937 καὶ
3333 4889 3412 4950 είς
3435 4889 3798 4960 κληρονομίαν
3827 4911 4010 4966 παρα-

2438 4970 2962 5040 λαμϐάνοντος,Υίὸν
2981 4971 3117 5029 εἶναι
3146 4981 3237 5028 τὸν
3269 4977 3426 5032 τοῦτο
3459 4985 4008 5054 πραγματευόμενον.

2439 5063 2578 5116 Οὔτε
2616 5068 2723 5135 γὰρ
2759 5067 2934 5135 Πατρὶ
2963 5067 3024 5120 τὸ
3054 5069 3152 5137 τῆς
3182 5071 3318 5139 πρὸς
3351 5074 3497 5141 ἡμᾶς
3518 5074 3732 5144 ὁμιλίας
3766 5078 4009 5148 ἥρμοζεν

2436 5159 2614 5227 ἔργον,
2645 5161 2728 5212 ἵνα
2753 5161 2826 5229 μὴ
2845 5161 2938 5212 τοῦ
2962 5162 3147 5233 Πατὴρ
3169 5160 3308 5217 εἶναι
3329 5165 3658 5232 μετάστασιν
3692 5171 3878 5234 πάθοι,
3909 5178 4008 5227 καὶ

2436 5249 2569 5319 πρὸς
2619 5250 2716 5319 τὴν
2753 5250 2844 5303 τοῦ
2878 5253 3003 5304 Υίοῦ
3043 5255 3212 5321 τάξιν,
3243 5257 3336 5310 καὶ
3387 5260 3640 5327 χρονικὴν
3669 5264 3869 5328 αἰτίαν,
3911 5267 4009 5320 καὶ

2436 5342 2610 5404 αἰτίας
2644 5342 2897 5395 ἐπέκεινα
2928 5345 3308 5416 καταδέξηται.
3351 5348 3510 5402 Ἀλλὰ
3543 5351 3651 5421 γὰρ
3675 5353 3797 5406 οὺδέ
3829 5356 4006 5408 Πνεύ-

2439 5449 2587 5500 ματι.
2615 5432 2750 5485 Ούτε
2775 5434 2881 5503 γὰρ
2907 5435 3096 5505 ἐκείνῳ
3119 5437 3254 5506 πρὸς
3303 5439 3401 5508 τὴν
3456 5439 3584 5493 Υἱοῦ
3633 5447 4008 5516 προσηγορίαν

2436 5521 2524 5573 διὰ
2562 5521 2654 5574 τοῦ
2679 5526 2838 5577 τόκου
2875 5526 3147 5595 προσῆκον
3191 5523 3257 5598 ἦν
3295 5531 3685 5602 μετατετάχθαι
3728 5551 3742 5564 ·
3801 5537 3897 5588 καὶ
3941 5539 4006 5590 τὸ

2438 5611 2566 5663 αὐτὸ
2587 5609 2678 5664 νῦν
2726 5615 2823 5682 μὲν
2855 5616 3094 5686 Πνεῦμα,
3119 5617 3210 5670 νῦν
3225 5619 3280 5670 δὲ
3312 5619 3435 5674 Υιὸν
3466 5617 3602 5676 εἶναι
3634 5639 3648 5655 ο
3685 5624 3778 5679 καὶ
3805 5628 4004 5698 φύρσιν
