4232 6444
142 414 205 469 73
1040 417 1318 478 ORATIO
1355 420 1489 480 VU.
1627 421 1706 481 IN
1746 420 2043 482 FESTUM
2094 424 2531 485 PALMARUM.
3322 431 3391 493 74

144 527 198 575 ἐν
229 526 297 591 τῇ
339 524 629 592 συνεκτικῇ
680 522 859 591 πάσης
891 522 1143 588 εὐταξίας
1183 526 1373 595 Τριάδι
1421 530 1722 595 γεγονέναι.

1847 534 1995 595 terit,
2046 548 2107 586 ea
2167 533 2614 601 dispensatione,
2680 548 2840 600 quam
2916 542 2973 586 ut
3014 544 3225 605 gereret
3275 539 3391 604 ips».

141 614 248 669 Ἦν
269 612 365 669 οὖν
386 618 529 678 εἰκὸς
554 616 681 668 Υἱδν
705 616 1033 685 διῳκηκέναι
1059 618 1119 670 τὸ
1144 618 1241 688 τῆς
1270 619 1590 690 εὐεργεσίας
1621 640 1721 688 μυ-

146 711 399 779 στήριον,
439 710 497 771 ὃς
528 710 628 761 οὐκ
669 706 816 778 εἶχεν
866 709 1110 779 ἀνάγκην
1147 715 1570 781 καινοτομήσειν
1625 715 1722 786 τὴν

145 801 541 870 προσηγορίαν.
565 796 632 873 ἦς
665 801 1020 870 ἐκληρονόμει
1058 841 1071 863 ,
1100 802 1219 855 οὐδὲ
1242 803 1337 856 τοῦ
1389 804 1521 859 ίδίου
1558 824 1725 874 μετα-

148 894 339 962 στῆναι
378 912 390 924 ·
411 892 603 961 ἔμελλε
632 894 709 956 δὲ,
735 893 925 963 ὥσπερ
947 894 1173 959 ἀπαθῶς
1204 899 1267 948 ἐκ
1292 897 1503 963 Πατρδς
1534 917 1730 967 γεννη-

148 986 259 1050 θεὶς
294 984 365 1057 ἦν
389 985 537 1047 Υἱὸς,
571 985 745 1047 οὕτως
770 985 995 1049 ἀπαθῶς
1023 988 1087 1039 ἐκ
1120 987 1323 1058 μητρὸς
1370 992 1729 1062 κυοφορηθεὶς

149 1079 415 1148 ὑπάρξειν
430 1077 546 1141 υἱὸς
572 1080 664 1129 καὶ
692 1077 917 1145 ἀδελφὸς
943 1079 1121 1147 ἡμῶν,
1150 1080 1259 1131 τῶν
1293 1082 1383 1131 ἐπὶ
1403 1081 1603 1152 κλῆρον
1630 1101 1730 1135 κα-

146 1169 731 1239 ).ουμένων,γεγονὼς,
766 1170 835 1223 τά
881 1171 1125 1237 ἀδελφοῖς
1178 1172 1561 1244 ἐπιπρέποντα
1624 1176 1733 1228 τῶν

150 1262 423 1333 πατρῴων
465 1262 941 1332 συγκληρονόμους
967 1262 1321 1331 παραλαϐεῖν.
1384 1265 1457 1317 Οὐ
1488 1265 1594 1337 μὴν
1624 1266 1734 1319 οὐδ’

150 1353 261 1425 εἶχε
295 1356 478 1422 λόγον,
510 1357 601 1409 τὸν
630 1356 793 1421 Νοῦν,
824 1356 940 1428 ἢτδ
974 1358 1195 1427 Πνεῦμα
1216 1362 1282 1428 τῇ
1314 1359 1557 1432 ἡμετέρᾳ
1575 1378 1737 1431 περι-

150 1448 432 1516 γραφῆναι
485 1447 757 1517 παχύτητι
791 1464 807 1477 ·
872 1448 989 1500 ἀλλ’
1040 1444 1109 1519 ἦν
1161 1450 1361 1502 οἰκεῖον
1412 1450 1500 1503 τὸν
1544 1452 1737 1518 Λόγον,

152 1541 341 1609 ὥσπερ
360 1540 451 1593 διὰ
464 1542 631 1610 τόμου
656 1541 755 1609 τῆς
781 1542 1041 1612 σαρκίνης
1069 1542 1398 1612 παχύτητος,
1412 1545 1523 1607 τοῖς
1550 1545 1630 1607 είς
1649 1544 1740 1596 τὸν

153 1631 354 1700 κλῆρον
373 1632 751 1700 εἰσαγομένοις
780 1620 1393 1704 προσομιλῆσαι.⁷Ηκεν
1412 1634 1502 1688 οῦν
1552 1637 1627 1705 μὴ
1664 1635 1743 1687 δι-

152 1722 426 1791 εστηκὼς,
448 1723 569 1776 ὅθεν
598 1723 841 1795 ὥρμητο.
870 1724 1003 1777 Οὐδὲ
1034 1726 1139 1794 γάρ
1155 1726 1435 1789 διάστασις
1457 1727 1626 1798 ὁρίζει
1650 1729 1741 1780 τὸν

152 1813 338 1866 πάντα
366 1813 677 1882 πληροῦντα
698 1814 838 1875 οὐδὲ,
870 1815 961 1865 τοῦ
983 1817 1368 1885 γεγεννηκότος
1397 1817 1507 1870 Νοῦ
1544 1817 1743 1871 ἀποτέ-

1829 639 2131 693 congruum
2166 624 2288 678 fuit.
2313 626 2542 679 Decehat
2564 626 2705 679 enim
2728 635 2806 690 ut,
2832 642 2955 681 cum
2980 626 3394 684 inell'abiliDeus

1832 716 2077 769 bonitate
2107 716 2176 768 ab
2228 716 2294 769 iis
2315 716 2588 770 hominem
2624 717 2903 771 absolvere
2930 720 3225 785 statuisset,
3250 735 3385 789 quo-

1834 823 1953 863 rum
1980 809 2267 864 tenebatur
2296 823 2446 872 reus,
2478 824 2541 863 ae
2576 810 2627 863 in
2658 807 3026 863 haereditatem
3077 811 3380 875 asciscere,

1836 902 1887 955 id
1940 902 2081 955 alius
2144 909 2340 970 praeter
2398 900 2593 954 Filium
2644 917 2750 954 non
2809 908 3108 971 perageret.
3170 899 3387 971 Minime

1837 1010 2074 1064 namque
2099 1002 2551 1063 congruum'erat
2582 1002 2642 1047 ut
2665 993 2825 1047 Pater
2857 994 3000 1047 inter
3025 1008 3126 1048 nos
3147 1008 3394 1047 versare-

1839 1097 1949 1151 tur,
1990 1102 2055 1141 ac
2106 1086 2259 1141 ﬁeret
2293 1087 2476 1149 homo,
2513 1101 2580 1139 ne
2605 1085 2780 1139 Patris
2802 1087 2917 1154 ipse
2946 1087 3213 1139 rationem
3244 1084 3401 1137 amit-

1842 1187 2007 1241 teret,
2067 1192 2128 1230 ac
2172 1177 2224 1229 in
2274 1176 2397 1230 Filii
2462 1174 2709 1229 ordinem
2757 1176 3182 1244 temporalisque
3238 1183 3397 1229 ortus

1846 1268 2173 1336 principium
2188 1267 2547 1337 redigeretur,
2579 1266 2669 1335 qui
2699 1265 2846 1319 omni
2876 1266 3151 1335 principio
3181 1281 3245 1321 ac
3271 1281 3403 1320 cau-

1846 1375 1904 1413 sa
1933 1360 2185 1427 superior
2222 1365 2325 1411 est.
2375 1356 2477 1411 Sed
2516 1373 2692 1427 neque
2743 1356 3004 1426 Spiritum
3034 1366 3281 1411 sanctum
3314 1372 3400 1411 res

1847 1448 2093 1500 decebat.
2122 1446 2254 1499 Nam
2272 1461 2446 1514 neque
2459 1462 2580 1500 eum
2616 1462 2712 1516 par
2733 1455 2850 1500 erat
2874 1447 2928 1500 in
2951 1446 3071 1499 Filii
3098 1447 3402 1516 proprieta-
3456 1449 3461 1456 '

1856 1541 1954 1590 \ettt
1993 1553 2057 1591 ae
2104 1538 2518 1607 appellationem
2545 1538 2595 1589 vi
2625 1537 2989 1606 generationis
3019 1538 3288 1601 transire;
3321 1549 3407 1589 ut.-

1851 1647 1956 1699 que
1998 1631 2139 1685 idem
2176 1632 2341 1683 modo
2381 1628 2624 1697 Spiritus
2658 1638 2824 1688 esset,
2868 1630 3027 1683 modo
3052 1629 3263 1686 Filius:
3296 1630 3405 1682 sic-

1852 1733 1958 1787 que
1985 1718 2039 1771 in
2070 1727 2262 1773 sancta
2293 1716 2586 1777 Trinitate.
2618 1733 2738 1786 qu:e
2766 1732 2982 1773 omnem
3026 1721 3408 1787 complectitur

1854 1810 2120 1873 ordinem,
2166 1809 2415 1864 conlusio
2462 1826 2526 1865 ac
2549 1811 2860 1865 commistio
2890 1812 3149 1866 oriretur.
3196 1813 3405 1867 Conve-

153 1922 366 1975 τμηται
397 1906 426 1957 ὁ
456 1905 646 1973 Λόγος.
673 1905 882 1958 υύκοῦν
914 1907 1021 1959 οὐδ’
1045 1908 1317 1976 ἐζημίωσε
1345 1910 1471 1971 τοὺς
1489 1910 1740 1979 γεννήτο-

1854 1902 2008 1955 niens
2040 1901 2208 1969 igitur
2227 1910 2343 1955 erat
2367 1909 2424 1955 ut
2456 1900 2629 1957 Filius
2678 1903 3052 1957 beneficentia:
3098 1902 3265 1973 hujus
3292 1920 3409 1972 my-

159 2015 257 2066 ρας
281 1997 543 2061 κόλπους,
558 1997 667 2049 οὐδ’
689 1996 848 2060 αὐτὸς
871 1997 1077 2067 ὑπέστη
1101 1996 1305 2067 ζημίαν
1327 2001 1392 2069 τῇ
1409 1999 1656 2062 κενώσει,
1681 1994 1748 2071 ἦς

157 2085 273 2158 εἶχε
307 2089 492 2159 δόξης,
520 2090 610 2142 διά
653 2090 713 2141 τὸ
746 2089 838 2142 τοῦ
868 2089 1305 2161 προσληφθέντος
1334 2091 1542 2155 ἄδοξον.
1591 2091 1732 2144 Ἀλλ’

158 2183 205 2233 εί
234 2182 344 2251 χρὴ
378 2182 567 2248 φάναι,
602 2181 680 2250 τῷ
703 2181 899 2251 πλήρει
969 2180 1286 2250 προσθήκην
1306 2181 1428 2234 τινὰ
1446 2183 1744 2249 γεγονέναι,

162 2272 488 2341 προσθήκην
518 2276 582 2325 ἐκ
604 2274 704 2341 τῆς
723 2276 851 2342 περὶ
868 2274 1015 2342 ἡμᾶς
1035 2274 1345 2343 οἰκονομίας
1365 2274 1519 2343 δόξης
1541 2274 1741 2328 λαϐώψ

162 2364 280 2417 ἀνθ’
314 2358 393 2416 ὧν
424 2360 504 2425 οἷς
529 2366 629 2418 οὐκ
656 2361 723 2432 ἦν
752 2365 927 2427 ἄλλως
945 2364 1003 2417 εὖ
1024 2365 1325 2432 γεγονέναι,
1355 2365 1547 2435 ὥσπερ
1574 2367 1633 2419 ἐν
1656 2366 1741 2418 τό-

168 2470 276 2521 μῳ,
292 2456 360 2523 τῇ
381 2454 603 2506 ἐκείνων
628 2455 897 2524 παχύτητι
918 2456 1524 2525 όραθεὶς,ἐξαγιγελεύς
1548 2473 1611 2509 τε
1630 2456 1751 2524 ἅμα

164 2544 277 2611 τῆς
318 2546 587 2613 μεγάλης
630 2546 871 2613 βουλῆς
914 2546 1105 2614 γέγονε
1144 2549 1238 2600 καὶ
1283 2548 1531 2618 ποιητὴς,
1571 2548 1750 2600 καὶτὸ

167 2638 353 2706 πάσης
380 2640 693 2709 ἐκπλήξεως
718 2640 983 2693 ἐπέκεινα
1006 2639 1166 2709 ἔργον
1190 2640 1403 2711 πληροῖ,
1430 2641 1519 2693 τὸν
1539 2641 1749 2710 ἄνθρω-

170 2746 271 2781 πον
294 2728 585 2793 θεοποιῶν,
611 2731 706 2781 καὶ
749 2731 991 2793 καθίζων
1042 2734 1101 2783 ἐν
1129 2730 1303 2800 θρόνῳ
1354 2731 1432 2801 τῷ
1460 2730 1736 2800 πατρικῷ.

1853 1994 2078 2047 sterium
2122 2002 2437 2061 perageret;
2478 2009 2636 2061 quem
2672 1994 2807 2046 nihil
2846 2009 3070 2049 necesse
3104 2004 3249 2051 esset
3286 2011 3405 2050 eam

1851 2087 2113 2141 innovare
2136 2086 2577 2155 appellationem,
2604 2103 2766 2156 quam
2794 2096 2991 2141 natura
3016 2090 3248 2152 obtinet,
3280 2100 3402 2144 aut-

1848 2194 1914 2233 ve
1948 2194 1976 2232 a
2024 2194 2123 2233 sua
2167 2179 2496 2248 proprietate
2526 2180 2807 2235 excedere.
2848 2180 2965 2245 Qua
3020 2181 3165 2236 enim
3202 2185 3411 2237 ratione

1851 2288 1916 2327 ex
1947 2271 2105 2325 Patre
2147 2272 2292 2325 nulla
2336 2273 2591 2340 passione
2631 2280 2790 2326 natus
2834 2270 3009 2327 Filius
3039 2281 3178 2337 erat,
3221 2274 3300 2327 sic
3356 2282 3411 2327 et

1854 2366 1970 2419 sine
2004 2364 2260 2435 passione
2293 2380 2359 2419 ex
2396 2364 2589 2417 matris
2621 2374 2779 2418 utero
2806 2373 3099 2434 susceptus
3144 2374 3412 2434 partuque

1852 2458 2052 2520 editus,
2090 2456 2263 2511 Filius
2287 2466 2404 2512 erat
2438 2457 2659 2512 futurus
2686 2500 2700 2524 ,
2740 2470 3035 2528 nosterque
3057 2457 3282 2515 eﬂ‘ectus
3302 2458 3410 2512 l‘ra-

1853 2557 1953 2607 ter,
1985 2547 2078 2615 qui
2105 2546 2171 2599 ad
2204 2546 2572 2599 hzereditatem
2609 2562 2891 2612 vocamur,
2928 2558 3279 2618 paternorum
3314 2565 3413 2603 nos

1852 2640 2120 2692 bonorum
2176 2638 2487 2694 colueredes
2509 2648 2918 2709 assumpturus,
2948 2641 3091 2711 quod
3132 2643 3272 2697 inter
3305 2642 3415 2696 fra-

1851 2738 1965 2785 tres
1988 2731 2125 2783 solet
2166 2731 2307 2794 ﬁeri,
2343 2744 2405 2783 ac
2434 2729 2632 2784 fratres
2667 2732 2844 2786 decet.
2872 2734 2940 2785 At
2966 2747 3144 2802 neque
3186 2733 3414 2788 decebat

170 2830 231 2874 nt
280 2821 435 2877 Mens
475 2822 610 2891 (25),
647 2833 738 2878 aut
780 2821 1041 2891 Spiritus,
1088 2826 1266 2878 nostri
1308 2825 1557 2892 corporis
1599 2825 1741 2878 mole
1778 2824 2362 2879 circumscriberentur
2396 2842 2409 2876 :
2442 2824 2536 2879 sed
2592 2824 2749 2893 plane
2825 2834 2940 2878 erat
2988 2841 3288 2895 congruum
3357 2834 3417 2878 ut

172 2915 438 2979 Verbum,
466 2919 614 2971 velut
644 2933 738 2987 per
766 2926 971 2971 tomum
1001 2933 1064 2970 ac
1089 2918 1210 2972 libri
1236 2933 1458 2987 corpus,
1490 2934 1584 2985 per
1601 2928 1802 2972 nostra:
1825 2919 2008 2972 carnis
2043 2919 2263 2978 molem,
2334 2918 2401 2971 iis
2436 2926 2821 2971 consuesceret
2889 2918 2980 2987 qui
3046 2917 3111 2971 ad
3179 2918 3413 2973 haeredi-

173 3017 341 3063 tatem
366 3008 750 3064 introdueendi
778 3017 985 3063 essent.
1017 3008 1178 3063 Venit
1207 2999 1389 3078 itaque
1430 3025 1536 3063 non
1567 3009 1828 3064 derelicto
1855 3011 1995 3071 loco,
2025 3026 2093 3064 ex
2119 3024 2228 3078 quo
2262 3009 2541 3078 profectus
2607 3018 2743 3064 erat.
2805 3008 2992 3079 Neque
3054 3010 3201 3064 enim
3262 3025 3412 3072 eum,

173 3106 267 3169 qui
304 3108 487 3157 omnia
539 3106 750 3173 implet,
793 3106 901 3159 ulla
946 3105 1208 3161 distantia
1255 3116 1506 3177 segregat
1548 3126 1562 3159 :
1606 3122 1783 3177 neque
1858 3106 2094 3161 Verbum
2142 3106 2210 3161 ab
2257 3106 2533 3161 intellectu
2593 3119 2885 3175 generante
2942 3108 3193 3163 recessit.
3250 3106 3418 3176 Igitur

174 3212 354 3264 neque
383 3195 617 3250 Paterno
650 3198 857 3266 gremio
885 3200 1051 3251 ullum
1096 3199 1354 3253 damnum
1386 3201 1608 3266 attulit,
1640 3217 1815 3271 neque
1841 3202 2013 3271 ipsum
2067 3201 2384 3255 detrimenti
2430 3202 2638 3269 aliquid
2702 3202 2873 3257 subiit
2927 3218 3033 3272 qua
3100 3218 3159 3257 se
3230 3203 3417 3256 exina-

176 3290 317 3341 nivit
366 3289 485 3355 ejus
532 3306 694 3357 quam
758 3292 945 3346 habuit
983 3293 1189 3362 gloriae,
1227 3300 1450 3361 propter
1493 3294 1745 3348 humanae
1780 3303 1988 3348 natura:
2046 3294 2336 3363 ingloriam
2365 3302 2705 3363 assumptam
2768 3294 3166 3349 conditionem.
3249 3292 3419 3359 Quin-

178 3382 312 3444 imo,
347 3381 391 3433 si
429 3384 500 3433 ita
525 3382 608 3436 fas
632 3384 834 3448 dicere,
865 3390 1234 3438 accessionem
1262 3386 1499 3454 aliquam
1528 3387 1577 3440 ei
1623 3387 1767 3455 quod
1820 3396 1904 3441 est
1962 3388 2181 3455 plenum
2220 3387 2417 3442 factam
2447 3403 2586 3451 esse,
2612 3388 2928 3442 accessione
2953 3388 3090 3442 facta
3120 3388 3303 3457 gloria:
3352 3404 3417 3442 ex

178 3472 403 3533 humani
437 3476 652 3542 generis
681 3474 996 3543 dispensata
1022 3477 1241 3541 salute;
1277 3477 1423 3546 quod
1465 3493 1554 3532 res
1586 3479 1742 3532 aliter
1783 3493 2025 3545 congrue
2055 3479 2257 3533 habere
2283 3494 2388 3532 non
2436 3487 2638 3547 posset,
2686 3480 2740 3532 in
2812 3487 2999 3532 nostra
3055 3479 3222 3541 mole,
3295 3489 3419 3531 tan-

175 3576 342 3626 quam
375 3566 427 3617 iu
453 3575 623 3630 tonio,
655 3570 1004 3639 perspicuum
1034 3586 1093 3624 se
1143 3585 1207 3624 ac
1234 3572 1408 3625 oculis
1436 3572 1741 3640 subjectum
1779 3572 2032 3634 reddens,
2072 3580 2186 3623 tum
2232 3571 2409 3641 magni
2438 3571 2650 3625 consilii
2697 3576 2911 3641 angelus
2942 3572 2987 3602 "
3017 3610 3034 3637 ,
3090 3578 3202 3623 tum
3265 3583 3421 3622 exse-

178 3668 339 3709 rutor
365 3657 593 3715 eﬂ‘ectus
618 3673 741 3726 est,
770 3677 1018 3731 opusque
1051 3662 1211 3728 illud,
1238 3664 1383 3732 quod
1419 3680 1634 3719 omnem
1658 3664 2075 3719 admirationem
2130 3672 2375 3733 superat,
2409 3663 2628 3733 implet;
2692 3672 2751 3716 ut
2820 3662 3077 3716 nimirum
3146 3660 3418 3716 hominem

178 3754 388 3805 deitate
421 3751 608 3812 donet,
642 3766 705 3806 ac
731 3754 784 3812 in
819 3762 1049 3821 paterno
1084 3755 1222 3810 solio
1245 3756 1497 3809 collocet.

265 3845 407 3899 Ἀλλ’
438 3839 484 3897 ὦ
522 3846 684 3912 Λόγε,
717 3846 807 3898 διὰ
836 3847 935 3915 τὴν
962 3847 1190 3917 ἄχρονον
1228 3850 1291 3901 ἐκ
1325 3849 1538 3918 Πατρδς
1564 3848 1740 3916 γέννη-

1931 3844 2035 3897 Sed
2065 3858 2097 3897 o
2123 3842 2385 3907 Verbum,
2422 3842 2492 3897 ob
2524 3842 2669 3897 illam
2702 3858 2769 3898 ex
2792 3842 2954 3897 Patre
2990 3850 3246 3897 aeternam
3279 3842 3421 3897 nati-

182 3955 303 4002 σιν,
332 3936 430 3989 καὶ
465 3935 739 4004 ἄνθρωπε,
775 3931 984 4007 διὰ’τὴν
1018 3940 1075 3991 ἐν
1107 3938 1282 4009 χρόνῳ
1310 3941 1375 3992 ἐκ
1396 3939 1598 4009 μητρὸς
1622 3939 1756 3991 ἁπό-

180 4028 373 4091 τεξινί
415 4022 487 4077 Ὠ
544 4027 704 4095 σοφία
750 4028 845 4080 καὶ
882 4029 1222 4097 ἀπαύγασμα
1274 4031 1369 4083 καὶ
1411 4029 1543 4099 ζωὴ,
1576 4029 1664 4097 ὑφ’
1693 4024 1761 4100 ἧς

182 4118 565 4171 καταπέποται
601 4117 868 4180 θάνατοςῑ
911 4120 975 4171 Ὠ
1001 4119 1068 4171 δι’
1112 4114 1174 4173 οὗ
1197 4121 1386 4190 Πατὴρ
1421 4120 1758 4191 ἐφανερώθη,

183 4210 281 4263 καί
307 4210 450 4262 Πνεύ
461 4226 629 4277 ματος
656 4210 892 4279 ποταμοὶ
915 4213 971 4263 ἐν
999 4211 1305 4281 ἀνθρώποις
1338 4213 1616 4283 ἐρρύησαν
1646 4215 1659 4266 !
1693 4208 1762 4264 Ὦ

186 4301 366 4370 Τριὰς
387 4302 521 4368 ἁγία
559 4301 749 4355 ἐνὼσει
775 4304 1153 4374 διαιρουμένη,
1181 4306 1277 4358 καὶ
1311 4305 1577 4377 διαιρέσει
1638 4322 1766 4357 συν-

188 4396 497 4463 απτομένη.
521 4395 578 4446 ἐν
607 4398 756 4464 τρισὶ
787 4396 1101 4468 προσώποις
1134 4392 1215 4461 εἷς
1243 4397 1375 4462 Θεὸς
1436 4398 1717 4469 ὁμοούσιος
1752 4400 1764 4451 !

190 4485 501 4555 Εἶργασταί
524 4504 607 4539 σοι
638 4486 747 4540 τῶν
774 4489 1057 4558 ἡμετέρων
1079 4489 1252 4558 λόγων
1278 4488 1436 4543 τοῦτο
1490 4490 1769 4560 ἀνάθημα,

192 4574 605 4643 προθυμηθέντι
634 4576 733 4645 μὲν
752 4580 831 4640 είς
862 4579 960 4646 σὴν
988 4579 1154 4649 τιμὴν
1172 4580 1234 4632 τδ
1250 4578 1410 4650 ἔργον
1455 4580 1769 4647 διενεγκεῖν,

192 4666 255 4715 οὐ
311 4667 750 4735 συγχωρουμένῳ
792 4668 848 4720 δὲ
887 4670 967 4731 εἰς
990 4668 1114 4722 ὅσον
1157 4669 1400 4741 καθῆκεν
1435 4670 1639 4741 ἀκριϐῆ
1673 4671 1769 4742 τὴν

196 4755 463 4825 ἐργασίαν
491 4759 663 4809 ποιεῖν
692 4758 797 4810 ὑπὸ
846 4759 943 4828 τῆς
989 4761 1264 4830 προνοίας,
1382 4761 1612 4832 κρίμασι
1660 4765 1772 4825 τοῖς

200 4850 316 4908 σοῖς
362 4848 706 4917 ἐνδεδέμεθα.
754 4850 897 4919 Ἤδη
942 4851 1049 4923 γὰρ
1084 4854 1179 4905 καὶ
1207 4852 1301 4906 νῦν
1325 4853 1514 4924 ὥσπερ
1543 4854 1769 4917 ἑαυτοὺς

196 4937 513 5006 ἡρπακότες
551 4940 649 5009 τῆς
680 4940 789 4996 τῶν
810 4944 1153 5012 πραγμάτων
1176 4945 1455 5016 ἀσχολίας,
1486 4944 1627 5001 κατὰ
1668 4946 1768 5015 τὴν

272 5075 320 5108 ⁸⁷
362 5073 469 5131 lsa.
509 5091 586 5142 Ix,
618 5074 673 5131 6.

1862 3938 2106 3999 vitalem,
2145 3949 2207 3988 ac
2240 3936 2403 3988 homo
2428 3936 2497 3989 ob
2531 3935 2884 4004 temporalem
2899 3941 3080 3988 ortum
3106 3950 3172 3989 ex
3203 3945 3374 3989 matre
3402 3936 3414 3987 l

1862 4027 1905 4082 Ο
1952 4030 2240 4097 sapientia,
2281 4026 2648 4096 splendorque
2702 4037 2756 4080 et
2806 4026 2953 4089 vita,
3017 4026 3177 4094 cujus
3212 4027 3421 4081 viribus

1864 4136 2011 4174 mors
2043 4121 2143 4173 fuit
2166 4119 2458 4187 absorpta!
2498 4116 2541 4171 Ο
2574 4133 2668 4187 per
2704 4133 2864 4187 quem
2892 4116 3053 4172 Pater
3104 4117 3424 4172 manifesta—

1865 4222 1953 4266 tns
1986 4222 2089 4275 est,
2127 4226 2189 4264 ac
2218 4211 2461 4280 Spiritus
2501 4208 2725 4263 ﬂumina
2760 4210 2901 4263 inter
2946 4210 3197 4266 homines
3230 4208 3426 4264 decur-

1867 4305 2094 4358 rerunt!
2132 4304 2174 4355 Ο
2209 4309 2398 4357 sancta
2430 4300 2698 4364 Trinitas,
2745 4299 2953 4354 unitate
2990 4298 3187 4364 divisa,
3231 4314 3295 4353 ac
3340 4299 3425 4354 di-

1866 4396 2077 4448 visione
2108 4380 2281 4456 unita,
2309 4392 2363 4445 in
2384 4391 2561 4446 tribus
2586 4390 2840 4459 personis
2858 4404 3000 4443 unus
3018 4387 3163 4443 Deus
3184 4388 3425 4443 consub-

1867 4485 2140 4541 stantialis
2172 4485 2185 4538 l
2221 4482 2398 4538 Hocce
2425 4480 2523 4535 tibi
2566 4491 2767 4535 nostrae
2794 4480 3057 4535 orationis
3082 4480 3423 4534 elaboratum

1868 4585 1949 4631 est
1996 4590 2233 4639 munus;
2290 4588 2415 4625 eum
2468 4572 2585 4641 ipse
2627 4570 2874 4639 quidem,
2910 4578 2969 4623 ut
3018 4571 3071 4624 in
3106 4579 3257 4624 tuum
3289 4586 3428 4638 opus

1873 4669 2131 4723 honorem
2157 4665 2391 4730 cederet,
2427 4677 2816 4732 pereuperem;
2868 4678 3054 4717 verum
3109 4663 3211 4717 sint
3244 4661 3429 4731 prohi-

1878 4762 2046 4826 bitus,
2095 4758 2390 4829 quominus
2438 4770 2540 4821 ea,
2578 4771 2683 4825 qua
2732 4769 2829 4824 par
2883 4761 3001 4807 erat
3039 4753 3318 4823 diligentia
3364 4766 3428 4805 ac

1876 4853 2057 4909 studio
2097 4852 2435 4906 absolverem
2472 4856 2676 4916 :atque
2716 4847 2770 4901 id
2800 4846 2970 4911 curis,
3001 4846 3220 4916 quibus,
3265 4851 3318 4898 te
3350 4844 3422 4896 ita

1872 4947 2106 5011 volente,
2148 4943 2497 4999 distinemur.
2556 4939 2689 4994 Nam
2730 4949 2785 4995 et
2825 4954 2973 4995 nunc
3004 4952 3219 5009 quoque
3263 4933 3431 5007 quasi

1700 5172 1933 5229 ΝΟΤᾸΞ.

274 5264 1105 5349 (9.5)”UtMensLautSpiritus.
1148 5263 1291 5349 Νοῦς
1336 5264 1647 5349 δίη-Πνεῦμα2
1670 5266 1770 5320 Pa-

202 5347 287 5389 ter
307 5340 526 5390 Se'illt'el
548 5338 641 5406 qui
662 5337 812 5393 Mens
835 5335 1183 5406 intelligitur,
1210 5338 1352 5389 velut
1375 5335 1597 5391 deitatis
1625 5336 1765 5399 fons,

204 5424 271 5461 ex
312 5422 426 5472 quo
461 5405 723 5470 Verbum,
745 5415 800 5461 et
831 5409 1028 5469 Amor;
1053 5405 1227 5461 Filius
1259 5408 1496 5470 scilicet,
1546 5422 1609 5461 ac
1639 5407 1766 5475 Spi-

206 5478 347 5530 ritus
370 5487 620 5533 sanctus.
659 5476 736 5532 Et
768 5476 964 5530 Mentis
988 5492 1119 5547 ergo
1164 5484 1218 5530 et
1271 5475 1511 5547 Spiritus
1555 5478 1767 5532 ratione

208 5556 357 5601 recte
377 5548 584 5617 colligit
615 5564 723 5601 non
753 5547 924 5601 fuisse
956 5546 1289 5601 conveniens
1320 5547 1403 5601 vel
1431 5546 1767 5617 Patremﬂin-

207 5620 447 5678 carnari,
479 5616 562 5671 vel
603 5618 869 5686 Spiritum
893 5628 1141 5671 sauctnm
1179 5634 1194 5671 :
1228 5618 1365 5673 bene
1413 5626 1592 5671 autem
1636 5616 1770 5671 Ver-

208 5687 364 5750 bum,
396 5688 558 5755 cujus
585 5690 659 5742 sit
682 5690 735 5742 in
767 5686 961 5751 Tomo,
986 5703 1079 5742 seu
1108 5686 1269 5743 Libro
1300 5689 1499 5742 sensile
1535 5688 1672 5753 lieri,
1707 5702 1770 5741 ac

216 5759 615 5814 :ircumserihi.
667 5759 849 5812 Grets.
879 5758 1025 5811 nulla
1062 5758 1280 5821 Mentis,
1310 5768 1402 5811 aut
1422 5758 1577 5811 Tomi
1620 5775 1772 5811 men-

211 5828 379 5896 .ione,
416 5829 552 5883 nihil
605 5829 859 5885 subtilem
903 5830 1144 5884 auctoris
1196 5844 1419 5885 sensum
1472 5829 1767 5899 exprimit;

1874 5265 2016 5335 apud
2055 5278 2231 5335 quem
2274 5262 2441 5335 etiam
2478 5274 2759 5335 perperam
2806 5257 2873 5310 δι’
2910 5255 3423 5335 ἀτόμου-ευτίριιιιῐι

1871 5327 1978 5400 est,
2010 5327 2129 5406 pro,
2161 5330 2451 5406 6t.’:_'i‘6pou
2474 5327 2592 5406 'luti
2620 5330 2783 5406 paulo
2810 5340 2930 5398 post
2958 5327 3171 5406 repetit.
3191 5335 3383 5406 auctor
3408 5341 3423 5378 :

1871 5394 2084 5475 Ὠσπερ
2119 5394 2179 5455 ἐν
2227 5394 2408 5475 Τόμῲ,
2449 5404 2514 5469 τῇ
2546 5394 2777 5475 ,ἐκείνων
2810 5394 3100 5475 ’παχύτητι
3152 5394 3424 5464 ὁρασθείς,

1870 5478 1963 5531 ubi
2000 5468 2162 5530 etiam
2218 5468 2785 5540 Gretserodisplicet
2810 5468 2974 5522 Tomi
3034 5481 3256 5528 nomen,
3309 5480 3421 5540 seu

1876 5546 2059 5610 Libri;
2093 5543 2236 5611 quod
2264 5559 2357 5595 rex
2397 5536 2682 5607 theologus
2713 5555 2777 5593 ex
2810 5536 3430 5611 prophetaevangelista

1874 5603 2085 5684 accepit
2113 5603 2127 5665 Ξ
2154 5615 2297 5666 Λάϐε
2336 5612 2543 5682 σεαυτῷ
2573 5603 2751 5684 Τόμον
2781 5603 2929 5661 νέου’
2955 5606 3190 5678 μεγάλου
3208 5603 3431 5684 {Sume

1877 5688 1967 5739 tibi
2003 5677 2221 5740 Tantum
2269 5684 2387 5736 novi
2436 5677 2631 5751 magni,
2654 5677 2780 5736 'lsa.
2814 5677 2965 5745 vni;
2992 5693 3167 5749 eoque
3201 5677 3426 5732 charum

1878 5759 2039 5813 toties
2076 5755 2291 5825 repetit.
