4232 6444
189 429 251 487 ’ῖἸ
808 424 1086 486 ORATIO
1121 427 1282 488 VIII.
1314 450 1383 461 --
1409 425 1492 485 ΙΝ
1530 420 2083 485 DEPOSITIONEM
2118 423 2485 483 CORPORIS
2521 424 2843 485 CHRISTI.
3333 425 3403 485 78

192 539 443 597 Θάνατος.
483 536 597 589 Νῦν
656 534 714 587 δὲ
765 535 855 588 τὸν
901 537 1196 609 εὐεργέτην
1246 535 1652 597 θανατώσαντες
1687 532 1749 586 οὐ
1780 539 1863 597 λι

1731 532 1749 583 5
1780 539 1827 597 Α
1856 543 2073 587 mortuo
2120 535 2452 599 irascuntur,
2502 537 2713 589 tametsi
2759 548 2904 587 mors
2940 534 2992 587 iu
3020 534 3167 603 ipsos
3188 550 3402 604 quoque

191 628 497 698 πραΰνουσι
532 630 655 685 τοὺς
683 628 907 698 θυμούς.

262 721 438 775 Πάλαι
477 722 574 790 μὲν
603 721 695 775 οὖν
729 724 758 774 ό
787 721 1112 790 δημαγωγὸς
1152 720 1365 792 Ἰσραὴλ
1423 719 1693 790 Μωῦσῆς”,
1725 718 1757 770 ὁ

189 813 280 865 τὸν
308 813 581 884 ἡμέτερον
618 856 632 879 ,
666 815 862 883 μᾶλλον
927 814 1018 879 δὲ,
1058 816 1312 868 κάκείνου
1349 816 1624 885 Δεσπότην
1678 817 1755 868 εἰ-

193 903 445 967 κονίζων,
487 899 566 968 οἷς
610 904 786 974 ῥάϐδῳ
808 904 903 973 τὴν
927 904 1200 957 θάλασσαν
1226 903 1337 973 λαῷ
1384 905 1757 974 ταλαιπωρου-

193 996 344 1065 μένῳ
372 996 582 1049 ἐδείκνυ
619 997 811 1067 βατὴν,
836 998 930 1050 καὶ
985 1000 1113 1061 τοὺς
1152 981 1449 1060 διώκοντας
1488 998 1756 1067 ἔκρυπτεν

190 1089 249 1137 ὲν
285 1087 426 1157 αὐτῇ
455 1103 469 1116 ·
506 1090 585 1150 είς
622 1090 690 1141 τὰ
721 1089 816 1141 νῦν
854 1088 1152 1158 τελούμενα
1201 1088 1469 1160 βλέμματι
1528 1089 1758 1159 Θεωρίας

190 1179 544 1243 ἀποσκοπῶν,
603 1180 781 1242 ἄλλοις
816 1198 875 1233 τε
908 1180 1145 1245 πολλοῖς,
1193 1180 1293 1250 τῆς
1343 1181 1433 1233 ἐπὶ
1462 1181 1758 1251 θεομαχίαν

188 1272 370 1340 ὁρμῆς
395 1272 742 1326 ἀναστέλλειν
768 1275 964 1337 αὐτοὺς
1003 1276 1259 1346 ἐπειρᾶτο
1288 1292 1302 1306 ο
1351 1276 1447 1345 οὐχ
1486 1270 1649 1346 ἦττον
1701 1275 1758 1328 δὲ

192 1363 489 1416 κάντεῦθεν
517 1365 710 1432 λέγων,
775 1368 851 1430 ὡς
883 1368 1042 1421 ῖδοιεν
1075 1370 1170 1420 ἐπὶ
1210 1367 1367 1433 ξύλου
1407 1368 1759 1438 κρεμαμένην

190 1453 373 1504 αὐτῶν
430 1456 532 1524 τὴν
585 1456 770 1525 ζωὴν,
823 1453 935 1509 οἷον
998 1458 1166 1512 είκὸνι
1222 1459 1449 1529 γράφων
1521 1460 1580 1511 ὲν
1636 1460 1757 1528 ὕφει

189 1541 381 1610 χαλκῷ
403 1542 498 1595 τοῦ
535 1544 853 1614 πράγματος
878 1546 976 1616 τὴν
1012 1546 1288 1616 ἀλήθειαν.
1330 1547 1471 1600 Ἀλλ’
1521 1543 1589 1618 ἦν
1650 1549 1759 1617 ἄρα

189 1635 286 1687 τοῦ
326 1636 616 1691 Ἰουδαῖκοῦ
657 1639 1041 1709 καλύμματος,
1081 1643 1154 1712 μὴ
1199 1643 1358 1712 μόνον
1398 1645 1496 1715 τὴν
1552 1644 1755 1709 είκόνα,

189 1727 329 1779 ἀλλὰ
367 1729 489 1798 μηδ’
520 1730 687 1800 αὐτὴν
712 1733 842 1802 όρᾷν
867 1732 961 1785 τοῦ
996 1734 1316 1804 πράγματος
1339 1735 1438 1805 τὴν
1462 1736 1756 1807 ἐνέργειαν.

189 1821 353 1874 Πᾶσα
382 1822 491 1889 γὰρ
523 1822 696 1885 κτίσις
722 1823 797 1892 τῷ
825 1824 1136 1895 Δεσποτικῷ
1175 1825 1524 1896 θαμϐουμένη
1574 1827 1755 1895 πάθει,

1853 629 2039 683 hostes
2066 627 2300 682 leniores
2325 626 2537 682 eﬂiciat.
2586 630 2651 680 At
2680 627 2771 680 isti
2826 642 2893 679 ne
2921 626 3263 682 benefactore
3278 629 3403 698 qui-

1853 720 1975 775 dem
2006 717 2294 773 interl‘ecto
2324 720 2539 774 animos
2560 719 2769 771 leniunt
2808 735 2872 772 ac
2897 718 3028 773 iras.

1920 810 2041 866 .lam
2075 813 2201 865 olim
2244 811 2424 880 populi
2456 810 2741 865 Israelitic'.
2792 812 2992 864 ductor
3025 810 3259 881 Moyses,
3298 825 3401 864 no-

1856 914 2050 968 strum,
2085 907 2218 973 quin
2248 910 2305 957 et
2356 918 2513 957 suum
2548 904 2696 956 illius
2727 902 3015 957 Dominum
3045 900 3401 966 adumbratis,

1856 1000 2053 1069 quibus
2094 1015 2190 1069 per
2240 998 2445 1068 virgam
2497 1002 2693 1069 populo
2738 998 2935 1052 afflicto
2969 1013 3119 1052 mare
3159 998 3403 1066 pervium

1858 1090 2008 1157 fecit,
2033 1105 2096 1144 ac
2131 1098 2522 1159 persequentes
2552 1091 2605 1143 in
2638 1106 2703 1143 eo
2735 1090 3076 1155 submersit;
3110 1091 3164 1143 in
3196 1103 3258 1141 ea
3287 1103 3408 1157 qua:

1856 1196 2001 1235 nunc
2036 1189 2375 1248 peraguntur
2420 1181 2683 1248 spiritalis
2712 1181 3083 1249 intelligentiae
3124 1181 3284 1235 oculo
3320 1179 3407 1232 in-

1858 1279 2061 1331 tentus,
2102 1271 2333 1339 aliisque
2380 1271 2654 1340 plurimis,
2687 1271 2752 1325 ah
2799 1285 2865 1324 eo
2898 1270 3098 1339 impetu
3149 1285 3259 1339 quo
3297 1269 3410 1323 Deo

1857 1364 2215 1427 resistebant,
2268 1363 2539 1418 abducere
2599 1364 2902 1418 conabatur
2940 1381 2958 1419 :
3002 1373 3131 1417 tunc
3177 1364 3411 1417 maxime

1856 1471 1981 1509 cum
2007 1456 2082 1509 ait
2114 1455 2230 1511 fore
2259 1465 2319 1511 ut
2346 1457 2594 1511 viderent
2624 1457 2791 1509 vitam
2824 1471 2976 1509 suam
3012 1455 3333 1525 pendentem
3356 1456 3411 1507 in

1857 1546 2003 1615 ligno
2033 1547 2101 1614 ⁸⁸,
2131 1562 2388 1616 expressa
2424 1554 2683 1614 tanquam
2719 1548 2771 1600 in
2803 1546 3040 1615 imagine
3076 1546 3157 1600 rei
3184 1547 3413 1600 veritate

1859 1637 1913 1690 in
1943 1652 2091 1690 aeneo
2113 1646 2362 1706 serpente
2388 1639 2453 1691 ".
2478 1637 2750 1691 Caeterum
2772 1637 2873 1691 hoc
2902 1634 3217 1691 Judaeorum
3243 1637 3410 1691 caeci-

1857 1729 1954 1782 tati
1991 1729 2321 1783 conveniens
2344 1738 2479 1793 erat,
2514 1737 2574 1781 ut
2607 1742 2714 1780 non
2764 1727 2924 1781 modo
2971 1728 3261 1797 imaginem
3302 1742 3413 1781 non

1859 1829 2250 1890 agnoscerent,
2279 1820 2374 1875 sed
2402 1834 2472 1873 ne
2495 1818 2563 1873 ad
2600 1820 2768 1887 ipsam
2800 1834 2936 1881 rem,
2961 1835 3086 1873 cum
3126 1834 3413 1889 peragere-

190 1914 284 1964 κα“ι
316 1915 480 1982 μόνον
518 1916 639 1984 οὐχὶ
668 1916 849 1987 φωνὴν
893 1892 1135 1987 ἀφιεῖσα,
1183 1892 1275 1973 καί
1311 1892 1419 1974 τῶν
1472 1892 1765 1991 μιαιφόνων
1792 1892 1838 1952 Β

1743 1892 1838 1975 s3
1867 1921 1990 1977 tur,
2043 1913 2285 1967 animum
2330 1911 2697 1966 adverterent.
2743 1908 3004 1975 Quamvis
3045 1911 3190 1964 enim
3234 1919 3414 1965 creata

190 2005 583 2073 στηλιτεύουσα
616 2009 713 2077 τὴν
738 2010 941 2079 τόλμαν
970 2027 984 2041 ο
1021 2010 1127 2079 γῆς
1187 2011 1412 2079 θεμέλια
1447 2013 1716 2083 τρέμοντα
1745 2031 1760 2046 ο

189 2098 393 2166 πέτραι
417 2098 750 2169 ρηγνύμεναι
787 2119 799 2132 ·
830 2102 1114 2173 φωστῆρες
1157 2106 1237 2167 είς
1269 2104 1430 2173 ζόφον
1482 2107 1581 2173 τὴν
1626 2105 1765 2178 λάμ-

202 2190 299 2253 div
379 2190 699 2259 ἀμείϐοντες
752 2209 766 2224 ·
858 2195 966 2247 οὐδ’
1026 2195 1200 2259 οὕτως
1275 2197 1355 2260 είς
1428 2197 1768 2268 συναίσθησιν

187 2275 341 2335 εἷλκε
400 2287 466 2353 τῇ
531 2285 670 2356 μέθῃ
740 2286 839 2357 τῆς
921 2290 1115 2353 μανίας
1203 2290 1619 2361 κεκαρωμένους
1662 2292 1764 2344 αύ-

188 2375 320 2435 τούς
348 2389 362 2404 ο
424 2376 557 2428 ἀλλὰ
603 2378 799 2446 μανίαν
848 2378 1014 2450 ἀλλην
1071 2382 1163 2434 ἐπὶ
1224 2382 1389 2454 μανίᾳ
1451 2384 1755 2454 μαίνονται.

207 2470 368 2521 Ἐπεὶ
390 2472 502 2540 γὰρ
528 2472 634 2525 ὑπὸ
683 2473 879 2544 Ἰωσὴφ
909 2475 985 2545 τῷ
1015 2475 1196 2547 χωρίῳ
1232 2478 1329 2546 τῆς
1353 2478 1658 2549 ἀφθαρσίας
1705 2480 1766 2534 τὺ

194 2560 341 2613 θεῖον
399 2562 561 2633 ἐτέθη
616 2565 792 2633 σῶμα,
826 2566 878 2620 τί
924 2585 1056 2634 φασι
1094 2568 1162 2622 τά
1220 2568 1370 2639 χείλη
1408 2569 1475 2623 τὰ
1518 2571 1761 2639 μάταια;

196 2650 619 2720 Ἐμνήσθημεν
675 2654 766 2708 ὅτι
813 2656 1044 2723 ἐκεῖνος
1089 2660 1124 2711 ὁ
1174 2658 1406 2725 πλάνος
1431 2655 1649 2731 [simu],
1679 2661 1767 2715 ἔτι

197 2740 346 2799 ζτὶινο
387 2743 548 2797 Μετὰ
574 2744 732 2812 τρεῖς
771 2744 993 2815 ἡμέρας
1037 2749 1350 2818 ἐγείρομαι.
1400 2750 1463 2801 Ὢ
1513 2749 1766 2821 πώρωσις

198 2832 562 2901 καρδίαςευῖη
608 2834 828 2905 ἀψύχων
875 2838 1355 2909 ἀναισθητοτέρας.
1390 2840 1628 2910 Οὐρανὸς
1675 2841 1767 2894 καί¹

196 2925 272 2991 γῆ
306 2925 630 2995 συνῄσθοπο
654 2927 749 2996 τὴν
774 2929 1096 3000 δεσποτικὴν
1148 2929 1325 3000 ὓϐριν.
1372 2933 1467 2984 καὶ¹
1495 2932 1719 3003 ἔφριξαν
1747 2949 1763 2965 ⁸

198 3020 297 3070 καὶ
322 3018 448 3080 λαὸς
482 3018 751 3088 Ἐϐραίων
780 3021 873 3074 ἐπὶ
909 3022 1096 3075 πλεῖον
1128 3025 1191 3092 τῇ
1238 3023 1464 3094 ἀπονοίᾳ
1512 3024 1767 3095 βακχεύε-

199 3128 309 3166 ται,
340 3111 454 3163 Οὐκ
473 3106 647 3175 εἶπεν,
671 3111 911 3176 Ἰουδαῖε,
940 3115 1070 3184 πρὶν
1089 3114 1358 3180 γενέσθαι,
1376 3115 1458 3167 ὅτι
1492 3115 1766 3185 μαστιγώ-

1863 2004 2117 2059 universa
2142 2002 2354 2058 Domini
2386 2002 2643 2073 passione
2674 2000 3076 2063 cohorruerint,
3094 2008 3417 2069 tantumque

1864 2110 1973 2149 non
2001 2095 2271 2150 ediderint
2287 2109 2500 2161 vocem,
2526 2108 2589 2148 ac
2614 2093 3003 2163 sacrilegorum
3023 2093 3415 2162 parricidarum

1866 2189 2149 2243 audaciam
2217 2187 2597 2257 coarguerint:
2656 2200 2780 2239 nam
2846 2184 3194 2240 fundamenta
3260 2193 3419 2240 terra:

1863 2286 2337 2343 contremuerunt,
2376 2285 2543 2347 petra:
2570 2277 2757 2332 scissae
2779 2284 2929 2341 sunt,
2962 2275 3084 2329 coeli
3113 2276 3316 2329 lumina
3344 2274 3421 2328 lu-

1865 2386 1983 2425 cem
2016 2370 2069 2424 in
2102 2370 2391 2440 caliginem
2432 2377 2714 2424 verterunt
2748 2385 2762 2422 :
2799 2374 3036 2421 attamen
3073 2381 3140 2420 ne
3168 2366 3249 2422 sic
3292 2367 3419 2436 qui-

1866 2462 1987 2517 dem
2022 2461 2191 2517 .ludaei
2239 2461 2428 2518 furore
2453 2469 2509 2518 et
2535 2460 2753 2517 vesania
2799 2459 2935 2514 ebrii
2962 2458 3289 2529 sepultique,
3334 2456 3420 2511 sui

1868 2555 2090 2612 sceleris
2130 2554 2520 2609 immanitatem
2567 2560 2991 2623 persenserunt,
3035 2548 3133 2606 sed
3180 2550 3422 2604 furorem

1869 2648 2040 2701 furori
2075 2646 2449 2700 accumulant.
2472 2644 2766 2712 Postquam
2806 2643 2949 2697 enim
2993 2640 3185 2711 Ioseph
3229 2642 3283 2694 in
3319 2642 3422 2693 im-

1868 2734 2219 2789 mortalitatis
2250 2736 2383 2789 ‘loco
2423 2734 2517 2788 illo
2544 2732 2787 2787 divinum
2823 2747 3023 2800 corpus
3063 2730 3384 2784 condiderat
3408 2770 3421 2795 ,

1866 2827 1999 2898 quid
2046 2825 2329 2881 vanissimi
2383 2826 2663 2879 hominum
2710 2821 3101 2878 deblaterant?
3147 2820 3426 2877 Recordati

1866 2935 2070 2980 sumus,
2104 2914 2353 2987 quoniam
2398 2916 2645 2971 seductor
2692 2916 2782 2969 ille
2819 2916 2955 2969 dixit
3000 2913 3172 2968 adhuc
3204 2915 3374 2969 vivens
3405 2956 3420 2971 .

1868 3012 1998 3066 Post
2024 3021 2130 3065 tres
2177 3011 2287 3064 dies
2324 3025 2600 3080 resurgam
2638 3009 2705 3062 “.
2761 3009 2805 3063 Ο
2837 3009 3022 3062 cordis
3070 3008 3422 3061 stoliditatem

1868 3118 1933 3156 ac
1965 3112 2270 3171 stuporem,
2295 3103 2513 3168 qualem
2547 3102 2600 3153 in
2636 3100 2798 3153 rebus
2827 3097 3088 3152 inanimis
3118 3112 3223 3150 non
3266 3110 3427 3164 repe-

202 3219 335 3265 σεις,
380 3204 475 3255 καὶ
504 3205 739 3273 ραπιεῖς,
773 3206 864 3257 καὶ
908 3206 1004 3257 ἐπὶ
1052 3204 1208 3269 ξύλου
1245 3207 1546 3277 κρεμάσεις
1574 3227 1589 3275 ;
1652 3208 1769 3272 πῶς
1795 3227 1839 3286 C
1872 3210 1873 3213 “

1755 3226 1839 3286 ςο
1872 3195 2011 3247 rias!
2051 3192 2262 3247 Caelum
2296 3198 2352 3247 et
2370 3201 2517 3244 terra
2559 3190 2817 3258 injuriam
2862 3187 3092 3241 Domino
3133 3187 3426 3257 irrogatam

200 3297 298 3363 τὴν
332 3295 556 3348 ἑκϐασιν
581 3296 689 3348 τῶν
732 3298 1143 3367 προειρημένων
1180 3300 1296 3351 ἐκεῖ
1354 3300 1451 3353 οὐκ
1506 3299 1773 3371 ἐνεθυμή-

202 3386 302 3453 θης
331 3427 348 3453 ,
401 3387 516 3439 ἀλλ’
566 3388 793 3457 ἔδρασας
848 3389 1061 3443 ἅπαντα
1110 3391 1275 3459 μηδὲν
1320 3391 1418 3460 τὴν
1470 3394 1773 3463 πρόρρησιν

203 3478 663 3547 ὑπολογισάμενος
696 3497 711 3545 ;
753 3480 817 3531 Τί
847 3477 939 3532 οὖν
964 3481 1196 3533 ἐνταῦθά
1222 3498 1281 3534 σε
1321 3484 1349 3535 ό
1400 3483 1498 3551 τῆς
1543 3484 1774 3538 ἀναστά-

202 3587 341 3632 σεως
373 3570 594 3640 θορυϐεῖ
625 3572 810 3639 λόγος;
860 3573 972 3625 Οὐκ
1002 3573 1124 3625 ἔθου
1167 3573 1418 3642 φροντίδα
1441 3573 1550 3626 τῶν
1574 3574 1772 3628 ὲκϐάνυ

200 3682 309 3716 των
343 3664 505 3733 μέχρι
531 3665 626 3717 τοῦ
654 3665 886 3734 σταυροῦ
916 3684 929 3698 ·
965 3666 1097 3735 μηδὲ
1124 3666 1281 3718 τοῦτό
1330 3683 1412 3718 σοι
1466 3668 1771 3737 πράγματα

204 3757 515 3825 παρεχέτω.
561 3756 698 3809 Ἀλλ’
735 3760 793 3810 ὲν
819 3754 900 3820 οἷς
922 3758 1020 3826 μὲν
1044 3757 1270 3825 ὲφλέγου
1318 3758 1484 3827 διψῶν
1524 3759 1616 3811 τοῦ
1675 3761 1768 3811 Δε-

203 3846 465 3900 σποτικοῦ
498 3848 745 3917 αἵματος,
768 3849 890 3901 οὐδὲ
908 3849 1001 3900 ἐπὶ
1027 3849 1265 3903 διάνοιαν
1289 3849 1503 3913 ὲϐάλου,
1535 3842 1609 3903 ὧν
1639 3867 1773 3919 προ-

202 3941 325 3990 εῖπε
358 3938 458 4005 μὲν
483 3939 710 4001 ἐκεῖνος,
741 3938 1011 4008 ὲπλήρους
1047 3940 1104 3991 δὲ
1132 3939 1216 3993 σύ.
1245 3939 1376 3991 Οὐδὲ
1400 3939 1508 4007 γὰρ
1540 3941 1775 4010 συνεχῶ-

204 4048 287 4099 ρει
319 4030 421 4098 τῆς
453 4030 764 4098 μιαιφονίας
785 4032 819 4099 ἡ
851 4030 1021 4082 λύσσα
1051 4030 1358 4098 λογίζεσθαι
1379 4031 1469 4082 τὸν
1495 4032 1772 4100 λογισμόν.

213 4122 370 4174 Ἐπεὶ
384 4122 427 4174 δ’
459 4121 647 4191 ὥσπερ
669 4122 730 4175 τὸ
749 4122 898 4189 δίψος
921 4122 1014 4175 τοῦ
1038 4122 1361 4175 Δεσποτικοῦ
1396 4124 1775 4195 φόνου,μικρὸν

199 4212 482 4281 ὑπανῆκεν
508 4251 523 4274 ,
558 4213 637 4274 είς
656 4212 891 4282 μνήμην,
919 4204 992 4264 ὧν
1019 4229 1078 4265 τε
1111 4216 1357 4282 προεῖπε,
1400 4216 1492 4265 καὶ
1517 4207 1589 4265 ὧν
1617 4214 1774 4283 ἐδρα-

202 4319 308 4364 σας
355 4302 547 4364 ἐλθὼν,
576 4297 691 4353 οἷον
726 4300 1150 4371 προκύπτουσαν
1190 4302 1332 4372 όρῶν
1377 4303 1473 4372 τὴν
1493 4304 1770 4373 ἀλήθειαν,

200 4395 327 4446 ὅσον
347 4391 499 4445 οὔπω
529 4392 773 4455 δέδοικας
800 4392 928 4462 ὅλην
956 4393 1128 4461 αὐτῆς
1154 4394 1251 4459 τὴν
1282 4394 1586 4461 φανέρωσιν
1622 4410 1639 4427 ·
1677 4397 1772 4449 καὶ

198 4486 315 4546 τοῖς
372 4488 499 4554 περὶ
561 4486 662 4554 τῆς
693 4485 1035 4546 ἀναστάσεως
1087 4483 1263 4551 λόγοις
1307 4486 1433 4547 τοὺς
1481 4487 1770 4557 λογισμοὺς

1874 3292 2185 3347 senserunt,
2223 3284 2696 3351 horrueruntque;
2727 3296 2790 3335 ac
2816 3280 3166 3334 Hebrazorum
3199 3278 3430 3348 populus

1871 3390 1938 3429 eo
1976 3376 2147 3444 magis
2181 3374 2469 3444 desperata
2509 3373 2729 3427 vesania
2774 3371 2930 3425 furit.
2975 3370 3058 3424 An
3094 3384 3227 3433 non,
3263 3384 3295 3422 ο
3324 3366 3424 3421 Ju-

1870 3463 2005 3526 dsee,
2039 3462 2291 3531 pr:edisit
2321 3462 2437 3516 fore
2466 3471 2527 3515 ut
2564 3477 2595 3514 a
2626 3470 2678 3515 te
2710 3462 3095 3529 llagellaretur,
3130 3459 3303 3529 alapis
3327 3473 3429 3513 cae-

1872 3555 2123 3615 deretur,
2178 3562 2234 3606 et
2286 3552 2343 3605 in
2394 3552 2540 3622 ligno
2605 3550 3077 3621 suspenderetur?
3146 3549 3430 3615 Quomodo

1871 3652 2122 3699 eventum
2169 3642 2584 3711 praedictionum
2615 3642 2670 3696 in
2707 3642 3023 3696 memoriam
3053 3649 3182 3696 tunc
3206 3655 3313 3694 non
3342 3656 3430 3695 re-

1873 3736 2099 3796 vocasti,
2127 3733 2222 3789 sed
2257 3734 2584 3803 perpetrasti
2615 3734 2823 3798 omnia,
2870 3733 3018 3786 nulla
3062 3732 3430 3801 praedictionis

1873 3828 2055 3882 habita
2085 3825 2338 3880 ratione?
2361 3825 2469 3879 Cur
2494 3825 2661 3893 igitur
2706 3823 2818 3891 jam
2853 3823 3056 3877 mentio
3085 3823 3153 3876 de
3182 3835 3430 3876 resurre-

1875 3920 2058 3973 ctione
2081 3926 2133 3971 te
2155 3915 2483 3986 perturbat?
2507 3914 2643 3969 Cum
2675 3923 2904 3967 eventus
2926 3929 3098 3980 usque
3118 3912 3183 3966 ad
3209 3926 3427 3967 crucem

1872 4006 2293 4078 ﬂoccipenderis
2315 4048 2330 4071 ,
2367 4020 2437 4061 ne
2460 4004 2609 4061 istud
2643 4019 2862 4075 quoque
2894 4006 3169 4074 negotium
3198 4004 3295 4057 tibi
3346 4005 3433 4057 fa-

1874 4117 1999 4157 cere
2026 4100 2295 4155 debuerit.
2328 4097 2526 4153 Verum
2545 4096 2689 4159 sitis,
2705 4111 2811 4166 qua
2839 4095 3178 4148 Dominicum
3211 4096 3432 4165 sangui-

1874 4207 1996 4245 nem
2052 4190 2433 4244 ardentissime
2470 4186 2716 4251 sitiebas,
2741 4200 2849 4239 non
2893 4185 3121 4247 sinebat,
3149 4194 3210 4239 ut
3254 4194 3433 4239 mente

1874 4282 2178 4335 revolveres
2219 4278 2271 4332 id
2310 4280 2456 4347 quod
2490 4277 2607 4347 ipse
2634 4276 2995 4345 pradixerat;
3036 4283 3097 4328 tu
3121 4290 3249 4330 vero
3269 4290 3432 4344 opere

1872 4372 2177 4442 complesti.
2219 4370 2405 4439 Neque
2435 4368 2582 4424 enim
2622 4367 2825 4432 rabies,
2870 4383 2979 4436 qua
3018 4368 3085 4421 ad
3122 4367 3430 4422 innocentis

1872 4463 2292 4535 perpetrandum
2323 4462 2525 4516 caedem
2548 4458 2833 4524 ferebaris,
2866 4473 3054 4512 sanam
3088 4460 3250 4512 ullam
3281 4458 3431 4529 cogi—

200 4549 509 4635 κατασείέις
544 4549 1049 4644 ’.Ἴ-Ἐμνήσθημεν
1076 4549 1169 4628 ὅτι.
1194 4576 1419 4642 ἐκεῖνος
1455 4579 1487 4630 ό
1538 4549 1769 4645 πλάνος
1797 4569 1842 4624 Ῑ)

1763 4600 1769 4615 .
1797 4569 1842 4624 ι)
1873 4559 2136 4611 tationem
2160 4554 2503 4609 admittebat.
2530 4553 2599 4605 At
2632 4559 2923 4621 postquam
2954 4550 3075 4605 sitis
3109 4549 3197 4602 illa
3250 4549 3434 4601 Domi-

199 4664 372 4719 εἶπεν
406 4665 494 4719 ἔτι
522 4664 652 4726 ζῶν.
686 4666 750 4718 Τί
774 4668 948 4734 λέγεις
974 4684 989 4732 ;
1013 4667 1134 4730 Πῶς
1155 4668 1221 4720 δι’
1255 4664 1330 4721 ὧν
1356 4668 1654 4739 ἐμνήσθης,
1684 4672 1765 4724 ὅτι

202 4760 463 4827 προεῖπεν
495 4758 911 4828 ἀναστήσεσθαι,
947 4758 1147 4813 πλάνον
1186 4760 1383 4827 καλῶν,
1423 4763 1523 4814 οὐκ
1575 4762 1770 4832 ἀναμι-

205 4850 451 4918 μνήσκῃ,
483 4849 626 4918 ἆπερ
680 4850 932 4911 ὲτέλεσας
962 4850 1039 4912 είς
1062 4850 1243 4913 αὑτὸν,
1274 4852 1353 4904 ὅτι
1379 4852 1662 4905 καὶταῦτα
1694 4848 1774 4905 εἷ-

202 4956 323 5000 πεν,
346 4938 521 4991 καὶτὸ
545 4939 733 5009 μιαρὸν
756 4941 1038 5011 ἑμφράττῃ
1067 4942 1080 4989 i
1126 4941 1296 5011 στόμα
1320 4958 1336 5007 ;
1374 4942 1530 4996 Ἀλλὰ
1555 4943 1772 5007 πλάνος.

200 5030 314 5083 Καὶ
333 5028 385 5080 τί
418 5028 674 5082 τοσοῦτον
700 5029 1001 5099 φροντίζεις
1033 5029 1234 5094 autcf»;
1292 5031 1365 5083 Τὸ
1404 5031 1771 5101 σπουδαζόμε-

200 5138 291 5172 νον
317 5120 567 5190 Ηήνυσας.
610 5120 845 5183 Ἐλυσας
901 5121 978 5191 τῷ
1027 5122 1242 5191 θανάτῳ
1278 5122 1375 5192 τὴν
1405 5124 1654 5193 ἀφορμὴν
1670 5124 1771 5190 τῆς

201 5209 431 5280 πλάνης.
465 5210 579 5263 Οὐκ
607 5210 795 5263 ἀκούει
819 5210 1037 5280 χειλέων
1072 5213 1281 5265 ἐκείνου
1314 5212 1462 5275 λαὸς,
1491 5213 1548 5265 ὃν
1571 5213 1647 5277 ὡς
1675 5211 1768 5265 εὖ·

202 5301 358 5353 ιολον
391 5302 472 5365 εἰς
516 5301 731 5371 ἀπάτην
759 5302 864 5355 ὑπὸ
916 5305 1155 5374 κατάραν
1192 5303 1405 5367 ἐτίθεις.
1444 5305 1554 5375 Ούχ
1605 5304 1774 5376 ὁρῶσι

200 5392 266 5444 τὰ
297 5391 576 5460 παράδοξα
597 5391 706 5445 τῶν
727 5394 1041 5463 τεραστίων.

1872 4650 1979 4705 ιιἰοί
2011 4648 2291 4716 sanguinis
2324 4645 2577 4701 nonnihil
2636 4643 2867 4707 remisit,
2893 4641 3137 4696 animum
3171 4640 3430 4704 subeunt,

1874 4752 1986 4796 tam
2019 4756 2139 4811 quae
2169 4740 2287 4811 ipse
2308 4738 2575 4809 praedixit,
2599 4751 2760 4806 quam
2788 4748 2911 4805 quae
2950 4742 3006 4787 tu
3065 4734 3387 4803 perpetraSti
3414 4748 3430 4797 ;

1877 4848 1940 4887 ac
1962 4834 2245 4887 veritatem
2295 4830 2452 4899 quasi
2488 4835 2926 4897 prospectantem
2951 4823 3162 4885 videns,
3203 4838 3431 4892 magno-

1874 4940 2003 4994 pere
2026 4932 2194 4977 totam
2226 4922 2346 4989 ejus
2375 4918 2868 4973 manifestationem
2900 4914 3120 4977 metuis,
3146 4913 3433 4982 verbisque

1874 5020 1941 5071 de
2011 5014 2411 5070 resurrectione
2475 5012 2658 5063 animo
2720 5006 3103 5062 commoveris.
3149 5002 3431 5057 Recordati

1872 5124 2073 5171 sumus,
2114 5106 2237 5175 quia
2265 5104 2511 5158 seductor
2536 5101 2646 5165 ille,
2677 5099 2813 5152 dixit
2858 5096 3029 5149 adhuc
3065 5096 3254 5149 vivens.
3294 5093 3430 5159 Quid

1874 5203 2005 5256 ais?
2038 5198 2322 5265 Quomodo
2358 5195 2699 5252 seductorem
2748 5205 2973 5254 vocans,
3019 5189 3161 5258 quod
3202 5188 3431 5257 praedic-

1877 5304 1988 5347 tam
2014 5294 2080 5347 ab
2105 5307 2169 5346 eo
2202 5289 2657 5345 resurrectionem
2694 5282 3018 5343 recorderis,
3055 5296 3163 5333 non
3199 5278 3433 5334 simulin

1880 5396 2112 5440 mentem
2142 5396 2365 5436 revocas
2389 5395 2587 5449 eaquae
2614 5378 2669 5430 in
2688 5377 2866 5446 ipsum
2892 5371 3187 5436 admisisti,
3221 5382 3346 5423 cum
3377 5376 3433 5421 et

1880 5479 1926 5533 is
1954 5479 2045 5531 illa
2079 5474 2408 5545 prtedixerit,
2449 5485 2514 5526 ac
2539 5468 2862 5525 sceleratum
2886 5480 2949 5520 os
2966 5474 3116 5519 tuum
3143 5461 3432 5517 obstruxe-

272 5638 318 5669 ⁸⁸
343 5638 501 5693 Deut.
551 5652 738 5703 sxvnt,
785 5639 873 5694 66.
950 5640 995 5671 ⁸⁹
1034 5637 1195 5693 Num.
1237 5654 1350 5704 xxx,
1380 5638 1433 5691 9.
1512 5636 1557 5667 ‘°
1580 5634 1768 5690 Matth.
1798 5649 1965 5697 xxvu,
1994 5632 2080 5684 63.

1462 5754 1690 5808 VARle
1733 5748 2122 5806 LECTIONES.

316 5860 334 5887 ι
381 5848 666 5917 κατασείῃ.
748 5861 760 5897 t
800 5849 1119 5920 ἐμφράττει.
